4160 6444
365 245 506 303 1049

1241 245 1331 303 DE
1364 244 1520 302 FIDE
1556 245 1920 304 ADVERSUS
1959 245 2368 303 SABELLI‘UM.
2409 276 2478 287 -
2512 242 2642 300 LIB.
2681 243 2724 299 Ι.

3457 218 3605 299 toso

363 367 630 439 Apparuit
657 374 839 421 autem
870 381 970 438 per
999 380 1194 437 corpus
1221 367 1268 422 is
1291 367 1382 436 qui
1406 377 1527 422 erat
1549 376 1753 422 natura:
1793 367 1931 421 invi-
1956 385 2004 440 Α
2036 376 2144 420 tur.
2186 365 2408 420 Audebo
2443 377 2574 419 sane
2601 363 2782 419 dicere
2812 375 2938 417 vera
2973 380 2992 416 τ
3023 361 3146 431 quia
3177 375 3280 416 non
3305 362 3479 417 solum
3514 364 3603 418 ni-

363 460 535 517 sibilis
557 459 1068 531 (67)..Congaudens
1097 459 1261 531 igitur
1285 460 1439 515 nobis
1462 459 1698 516 Joannes
1721 471 1776 516 et
1799 461 1923 528 sibi,

361 569 551 610 omnes
575 554 718 609 enim
751 553 1064 625 indigebant
1101 553 1326 609 salutem
1368 569 1486 624 quae
1529 569 1560 608 a
1591 553 1820 609 Domino
1843 564 1928 608 est

363 645 500 718 (68),
545 645 944 715 evangelizans,
991 655 1048 700 et
1094 646 1437 716 semetipsum
1487 654 1541 700 et
1590 659 1712 710 nos,
1731 645 1928 717 gaudio

363 738 602 809 gaudens
629 737 698 793 ob
729 738 1074 808 praesentiam
1107 740 1318 814 sponsi,
1345 739 1505 802 Ecce,
1543 739 1737 807 inquit,
1783 738 1926 807 quod

362 831 802 897 exspectabatur,
848 845 976 885 ecce
1025 845 1173 901 spes,
1219 845 1347 886 ecce
1384 831 1552 886 salus.
1605 830 1741 900 Spes
1783 831 1924 885 bona

363 919 673 974 hominibus
705 929 1040 990 assumptum
1089 930 1330 974 nostrum
1374 931 1458 975 est
1506 935 1728 991 corpus,
1763 935 1929 976 vene-

365 1025 492 1064 num
528 1009 854 1064 exstinctum
891 1019 972 1065 est
1029 1010 1252 1074 diaboli,
1291 1011 1641 1067 inortificatus
1683 1019 1768 1066 est
1811 1026 1922 1066 ser-

365 1115 498 1168 pens
528 1117 542 1153 :
571 1100 724 1155 fortis
767 1100 914 1154 enim
961 1109 1049 1154 est
1090 1100 1180 1170 qui
1230 1102 1541 1170 assumpsit.
1585 1101 1725 1157 Ecce
1779 1099 1926 1170 quod

363 1190 800 1260 exspectabatur,
840 1206 966 1246 ecce
990 1191 1131 1260 quod
1156 1193 1498 1261 sperabatur,
1534 1207 1660 1248 ecce
1696 1192 1928 1246 admira-

365 1285 439 1338 tio
471 1303 485 1338 :
514 1283 740 1338 solvitur
761 1283 873 1353 jam
911 1291 1212 1349 peccatum,
1255 1283 1578 1338 interficitur
1606 1299 1774 1348 mors,
1813 1285 1926 1350 pel-

364 1377 496 1430 litur
519 1378 827 1446 corruptela
859 1391 874 1430 :
907 1375 1040 1430 Ecce
1082 1393 1246 1448 agnus
1275 1377 1400 1441 Dei,
1429 1379 1517 1447 qui
1545 1379 1680 1432 tollit
1714 1391 1924 1447 peccata

361 1467 640 1521 mundi".
688 1466 826 1534 Quid
876 1467 1084 1536 inquit.
1129 1482 1228 1537 ego
1289 1468 1474 1522 laboro
1516 1469 1574 1522 in
1611 1469 1922 1538 poenitentia

363 1552 684 1623 baptizansl
712 1553 866 1624 quid,
893 1554 1110 1608 insudo?
1135 1555 1455 1623 baptismum
1483 1557 1624 1610 enim
1658 1559 1798 1627 quod
1828 1572 1926 1626 per

363 1641 624 1699 Joannem
653 1645 904 1711 dabatur,
949 1660 1052 1700 non
1086 1657 1203 1701 erat
1249 1647 1503 1702 idoneum
1532 1649 1599 1702 ad
1644 1649 1921 1718 purgatio-

365 1751 528 1801 nem;
579 1736 702 1805 quia
745 1751 850 1792 non
909 1739 1273 1793 remissionem
1318 1747 1661 1806 peccatorum
1711 1723 1993 1809 poteratB

361 1827 595 1884 Joannes
624 1830 773 1896 dare,
804 1833 899 1886 sed
930 1831 1248 1886 hortabatur
1276 1833 1342 1886 ad
1367 1830 1755 1902 pmnitentiain.
1793 1834 1923 1889 Ser-

360 1938 461 1979 vus
503 1926 648 1979 enim
679 1933 833 1992 erat,
877 1935 932 1980 et
980 1943 1085 1981 non
1118 1936 1330 1997 poterat
1369 1929 1610 1983 donare:
1646 1928 1746 1983 soli
1777 1929 1924 1984 enim

361 2013 590 2070 Domino
620 2015 744 2071 licet
781 2033 876 2072 sua
904 2017 1128 2072 donare.
1153 2019 1317 2085 Quid,
1344 2019 1541 2087 inquit,
1569 2019 1784 2089 baptizo
1809 2019 1920 2086 jam

361 2121 462 2174 ego
488 2106 554 2160 ad
587 2108 956 2175 paenitentiam
979 2109 1006 2162 ?
1032 2109 1170 2164 Ecce
1199 2111 1290 2179 qui
1324 2112 1497 2179 tollit,
1523 2126 1648 2166 ecce
1674 2112 1763 2180 qui
1794 2126 1926 2165 exu-

364 2199 456 2261 rit,
484 2199 578 2266 qui
613 2200 872 2265 eradicat,
911 2201 1001 2270 qui
1037 2202 1248 2270 penitus
1270 2201 1452 2256 evellit
1483 2212 1785 2271 peccatum,
1819 2219 1924 2256 non

363 2289 523 2343 unius
573 2299 666 2343 aut
717 2291 952 2360 quinque
997 2300 1092 2345 aut
1137 2307 1231 2346 sex
1287 2292 1564 2350 hominum
1615 2293 1704 2363 qui
1750 2309 1779 2346 a
1841 2308 1926 2349 me

366 2381 738 2452 baptizantur,
772 2387 866 2438 sed
905 2384 1088 2450 totius,
1117 2384 1310 2455 inquit,
1343 2385 1548 2440 mundi.
1582 2384 1754 2439 Homo
1780 2386 1925 2439 enim

364 2489 470 2527 non
500 2484 713 2542 poterat
738 2475 901 2531 totius
927 2476 1109 2531 mundi
1146 2488 1364 2545 peccata
1409 2476 1613 2540 tollere,
1654 2477 1779 2544 quia
1806 2492 1926 2530 om-

364 2580 462 2620 nes
503 2566 750 2621 homines
788 2583 855 2622 ex
882 2567 1074 2632 Adam,
1110 2576 1165 2624 et
1211 2583 1318 2622 non
1351 2583 1417 2624 ex
1453 2568 1585 2625 Deo.
1655 2567 1770 2622 Non
1800 2568 1927 2638 quia

361 2665 443 2710 est
483 2657 680 2726 aliquis
711 2657 801 2726 qui
855 2674 959 2711 non
992 2668 1074 2712 est
1121 2674 1151 2713 a
1185 2658 1294 2713 Deo
1326 2669 1540 2715 creatus
1583 2675 1678 2730 per
1705 2659 1924 2727 Filium,

363 2748 459 2802 sed
491 2749 667 2804 omnis
696 2749 859 2804 homo
886 2750 1086 2820 quique
1117 2752 1400 2822 progenies
1428 2753 1554 2806 Adae
1586 2761 1700 2815 est,
1732 2762 1782 2808 et
1819 2767 1926 2808 non

360 2842 660 2896 nativitatis
689 2843 926 2913 peccatis
954 2843 1216 2913 subjacet.
1248 2844 1356 2900 Nos
1385 2845 1526 2900 enim
1560 2847 1610 2899 in
1649 2845 1757 2900 ictu
1789 2854 1844 2900 et
1872 2847 1924 2900 in

359 2933 550 3001 exigua
594 2933 696 2988 hac
727 2934 833 2987 vita
881 2936 1158 2990 constituti
1205 2951 1492 3005 peccamus
1550 2947 1603 2992 et
1653 2937 1830 3008 lingua
1872 2945 1932 2991 et

361 3025 593 3079 actibus;
642 3025 743 3092 Qui
786 3036 964 3081 autem
995 3037 1272 3098 peccatum
1310 3044 1414 3083 non
1451 3029 1596 3094 fecit,
1629 3043 1806 3099 neque
1831 3029 1926 3084 do-

362 3115 472 3169 lum
505 3118 696 3172 habuit
736 3120 786 3174 in
816 3135 912 3175 ore
944 3137 1061 3186 suo,
1098 3132 1154 3176 ut
1194 3137 1370 3190 neque
1398 3139 1561 3193 opere
1600 3139 1774 3194 neque
1806 3139 1924 3180 ser-

362 3220 524 3261 mone
558 3217 828 3276 peccaret,
875 3209 990 3278 ipsa
1033 3211 1239 3280 iustitia
1275 3222 1377 3268 est.
1428 3212 1526 3280 Qui
1561 3228 1691 3284 ergo
1716 3214 1924 3283 justitia

363 3296 586 3364 propria
615 3313 720 3352 non
753 3299 987 3354 habebat
1011 3312 1254 3370 peccata,
1282 3306 1454 3373 potuit
1488 3305 1672 3358 mundi
1706 3315 1926 3374 peccata

362 3396 579 3454 portare
613 3404 626 3441 :
659 3388 749 3457 qui
783 3401 1010 3459 κει-σιω
1048 3393 1190 3446 enim
1223 3394 1389 3448 alium
1443 3409 1640 3450 sanare
1683 3411 1788 3449 non
1828 3411 1924 3466 po-

359 3485 499 3532 test:
525 3487 581 3532 et
607 3481 697 3549 qui
728 3482 965 3552 peccatis
992 3482 1254 3553 subiacet,
1281 3484 1456 3539 aliena
1489 3495 1706 3554 portare
1733 3487 1927 3542 delicta

359 3583 466 3622 non
514 3579 714 3640 potest.
761 3571 862 3640 Qui
903 3585 1084 3629 autem
1135 3591 1240 3631 non
1295 3579 1556 3646 peccavit,
1600 3594 1775 3649 neque
1824 3581 1928 3636 scit

358 3673 638 3732 peccatum
664 3705 678 3730 ,
719 3666 819 3720 iste
853 3681 949 3721 sua
982 3666 1187 3722 virtute
1225 3668 1448 3722 aliorum
1478 3671 1707 3726 assumit
1734 3682 1788 3726 et
1821 3672 1926 3727 tol-

359 3753 423 3807 lit
469 3766 769 3824 peccatum.
807 3758 1064 3813 Dominus
1107 3760 1251 3815 enim
1290 3761 1596 3830 baptizatur
1635 3779 1664 3816 a
1697 3760 1923 3828 Joanne,

358 3856 414 3902 et
443 3848 672 3902 assumit
701 3848 928 3904 aliorum
958 3851 1152 3906 delicta
1188 3868 1202 3906 :
1241 3865 1518 3905 assumens
1558 3853 1928 3908 autemaufert

358 3955 420 3995 ea
449 3955 568 4010 qua:
589 3943 844 4010 suscepit.
877 3941 1112 3999 Intueris
1145 3945 1306 3999 istum
1340 3944 1605 4001 visibilem
1638 3945 1803 4000 solem
1831 3946 1921 4015 qui

358 4037 457 4101 per
485 4031 654 4086 Deum
698 4032 877 4090 factus
914 4035 1037 4090 est?
1070 4036 1170 4091 iste
1204 4035 1287 4090 sol
1320 4036 1552 4092 visibilis
1597 4047 1743 4092 certe
1787 4053 1926 4092 unus

358 4131 445 4178 est
466 4138 530 4178 ex
562 4125 814 4181 omnibus
848 4143 968 4196 qua:
998 4143 1096 4196 per
1124 4127 1319 4183 Filium
1350 4127 1490 4184 facta
1514 4141 1660 4185 sunt.
1706 4130 1810 4183 Iste
1835 4145 1926 4183 or-

361 4226 446 4270 tus
475 4217 664 4273 sordes
692 4219 976 4290 contingit,
1018 4229 1073 4276 et
1123 4220 1322 4278 fetores
1368 4230 1422 4278 et
1455 4236 1686 4279 cmnum.
1736 4220 1804 4277 Et
1833 4222 1926 4277 illa

358 4307 572 4376 quidem
597 4325 714 4380 qua:
739 4310 938 4366 habent
983 4311 1206 4367 fetorem
1238 4313 1487 4368 liberata
1549 4313 1759 4377 fetore;
1809 4313 1924 4381 ipse

356 4408 534 4456 autem
559 4415 618 4457 se
641 4417 743 4456 non
772 4403 1086 4474 coinquinat
1109 4405 1178 4460 ab
1207 4405 1292 4460 his
1321 4420 1441 4476 quae
1465 4406 1713 4478 detergit.
1740 4406 1796 4461 Si
1824 4406 1922 4475 igi-
1953 4418 1998 4473 Ι)
2026 4421 2081 4466 et
2104 4411 2458 4466 contradicis.
2489 4411 2614 4466 Erat
2651 4411 2704 4466 in
2735 4410 2996 4481 principio
3019 4418 3146 4462 ante
3173 4420 3397 4462 omnes:
3425 4405 3608 4458 bonus
3687 4429 3697 4440 ·

360 4501 448 4546 ιιιι·
489 4491 592 4547 iste
637 4494 718 4548 sol
757 4493 985 4550 visibilis
1023 4497 1114 4566 qui
1148 4496 1321 4552 oritur
1351 4507 1406 4552 et
1439 4498 1660 4562 occidit,
1691 4497 1782 4568 qui
1816 4514 1920 4553 non

357 4585 411 4640 in
437 4587 702 4657 principio
746 4587 868 4654 fuit,
895 4589 988 4644 sed
1019 4599 1214 4660 quarto
1258 4591 1344 4644 die
1393 4607 1489 4660 per
1513 4589 1707 4647 Filium
1748 4591 1923 4646 factus

354 4688 470 4744 est;
511 4679 559 4735 si
593 4680 697 4736 iste
730 4680 812 4736 sol
847 4698 950 4736 non
984 4682 1219 4752 repletur
1251 4683 1319 4739 ab
1361 4682 1447 4738 bis
1491 4699 1609 4754 qua:
1633 4683 1918 4751 contingit,

354 4773 524 4827 multo
551 4774 722 4844 magis
752 4773 1014 4830 Dominus
1035 4775 1257 4845 iustitia:
1301 4777 1394 4846 qui
1430 4786 1622 4846 purgat
1653 4784 1706 4831 et
1731 4790 1922 4830 emun-

355 4865 469 4930 dat,
504 4864 765 4920 clarificat
796 4876 850 4921 et
896 4866 1184 4935 illuminat,
1232 4884 1342 4922 non
1370 4868 1824 4922 contaminabitur
1852 4870 1919 4923 ab

354 4954 440 5010 his
487 4970 609 5024 quae
652 4959 936 5029 contingit.
992 4957 1110 5015 Non
1164 4968 1340 5030 potest
1377 4963 1519 5015 enim
1573 4959 1689 5029 ejus
1726 4971 1917 5014 natura

355 5048 738 5103 contaminari.
801 5049 951 5105 Nihil
1007 5053 1060 5107 in
1115 5067 1236 5108 eum
1304 5052 1608 5124 ingreditur
1663 5053 1918 5108 alienum.

353 5137 508 5203 Quod
551 5140 696 5192 enim
751 5151 905 5196 natus
947 5157 1029 5198 est
1081 5145 1266 5209 semel,
1309 5145 1410 5200 hoc
1445 5154 1498 5199 et
1532 5154 1730 5200 manet.
1776 5142 1921 5200 Nibil

354 5224 528 5281 defuit
578 5237 636 5281 ιιι
665 5228 1116 5295 introduceretur,
1149 5233 1279 5287 nihil
1307 5234 1484 5288 minus
1507 5244 1591 5290 est
1628 5245 1686 5288 ut
1714 5235 1922 5307 replea-

425 5343 473 5379 ⁸⁵
499 5341 656 5400 Joan.
690 5361 729 5414 ι,
759 5345 850 5402 29.
944 5347 990 5378 ⁵⁸
1021 5346 1148 5402 ibid.
1177 5349 1234 5402 2.

426 5497 540 5569 ((57)
576 5499 672 5554 Ms.
705 5499 809 5564 Qui
842 5511 954 5554 erat
983 5513 1176 5555 natura
1204 5504 1496 5560 inviu‘bih’s.

450 5567 539 5642 ϋξ)
700 5570 1010 5642 ndigebaut
1035 5572 1225 5635 salute,
1255 5591 1371 5640 qua:
1405 5593 1435 5626 a
1476 5577 1696 5642 Domino
1723 5587 1820 5632 est.

450 5581 539 5636 ϋδ)
572 5581 665 5624 Ms.
700 5581 1010 5640 lndrgebaut
1035 5581 1225 5635 salute,
1255 5591 1371 5640 qua:
1405 5593 1435 5626 a
1476 5581 1696 5642 Domino
1723 5595 1754 5632 e.

422 5581 535 5734 ista
567 5639 1488 5734 εεέε[ῖετιεςιιεεξιςειίτέξςρνοςεηεεε
1513 5652 1754 5734 perrem-

424 5709 537 5781 (70)
564 5709 892 5782 Anticipum.
911 5710 1224 5784 Προλαὸών.

2031 455 2105 510 hil
2147 455 2270 508 mali
2322 455 2388 508 ad
2419 454 2848 509 additamentum
2884 452 3109 521 suscipit
3140 452 3226 506 illa
3263 462 3476 520 natura,
3504 455 3598 508 sed

2029 560 2132 601 nec
2162 546 2312 600 boni.
2359 545 2414 600 Si
2440 559 2570 616 ergo
2600 543 2799 598 malum
2827 557 2931 597 non
2959 544 3220 614 suscepit,
3251 545 3376 614 quia
3406 545 3599 601 lumini

2028 638 2264 693 tenebrat
2291 650 2396 690 non
2430 637 2826 706 permiscentur
2859 653 2874 688 :
2913 638 3109 689 bonum
3160 645 3338 690 autem
3391 637 3603 690 addita-

2027 739 2267 784 mentum
2317 743 2422 782 non
2459 727 2704 797 indiget,
2736 727 2860 796 quia
2897 725 3195 795 perfectum
3244 728 3428 796 genuit
3473 743 3601 796 per-

2026 821 2239 875 fectus:
2274 835 2377 873 non
2419 828 2504 874 est
2549 819 2821 888 promotio
2843 818 3097 872 derelicta
3137 818 3266 872 filio.
3316 816 3430 871 Non
3459 833 3602 873 nunc

2025 914 2166 977 dico,
2201 914 2293 967 sed
2333 927 2430 967 nec
2466 921 2623 966 antea
2664 929 2678 966 :
2715 909 2993 980 perfectus
3031 910 3176 964 enim
3223 920 3304 963 est
3333 919 3519 973 natus,
3548 916 3606 963 et

2026 1007 2148 1062 ideo
2185 1005 2319 1061 nihil
2358 1004 2710 1060 additamenti
2741 1003 2952 1073 accipit,
2989 1003 3119 1056 nihil
3160 1001 3435 1070 acquirit:
3481 1015 3605 1070 pera

2028 1098 2205 1154 fectus
2238 1099 2382 1152 enim
2431 1106 2519 1151 est
2580 1097 2863 1166 progenies
2911 1096 3136 1166 perfecti
3170 1093 3306 1166 (69),
3350 1093 3606 1148 omnibus

2033 1194 2248 1261 quidem
2280 1192 2550 1247 sufﬁciens
2579 1194 2800 1254 donare,
2835 1191 2950 1260 ipse
2982 1199 3162 1243 autem
3193 1202 3300 1242 non
3332 1186 3603 1256 indigens,

2027 1284 2158 1338 nihil
2189 1287 2256 1339 ab
2286 1285 2371 1339 bis
2413 1299 2532 1354 quas
2583 1282 2711 1336 fecit
2740 1282 2908 1337 Filius
2947 1281 3154 1349 accepit
3188 1282 3355 1350 :quia
3405 1278 3606 1334 antici-

2025 1374 2297 1445 pans(7u)
2319 1375 2497 1430 omnia
2537 1373 2698 1429 habet
2744 1373 2844 1428 sibi
2872 1371 2992 1426 data
3024 1387 3054 1425 a
3088 1371 3264 1425 Patre.
3329 1369 3444 1425 Non
3481 1384 3602 1425 cum

2024 1469 2288 1535 apparuit,
2328 1477 2454 1522 tunc
2487 1477 2541 1522 et
2591 1465 2798 1530 Filius;
2849 1479 2954 1519 non
2979 1479 3102 1519 cum
3140 1463 3604 1526 nobiscum,.tunc

2023 1569 2078 1614 et
2120 1563 2256 1629 apud
2312 1562 2478 1616 Deum
2523 1579 2541 1615 ε·
2568 1563 2661 1615 sed
2708 1558 3158 1628 quemadmodum
3218 1559 3272 1611 in
3335 1555 3602 1627 principio

2023 1661 2139 1703 erat
2177 1650 2430 1715 Verbum,
2492 1651 2544 1704 in
2611 1649 2876 1719 principio
2936 1657 3081 1714 erat,
3153 1661 3256 1701 non
3313 1646 3605 1700 tamenin

2022 1743 2328 1797 novissimis
2374 1743 2745 1812 temporibus:
2792 1743 2844 1796 in
2907 1739 3196 1812 principio,
3259 1753 3362 1792 non
3425 1748 3601 1792 tamen

2023 1847 2145 1905 post
2179 1838 2372 1893 saecula
2423 1854 2543 1908 quae
2591 1853 2686 1908 per
2717 1839 2890 1907 ipsum
2939 1836 3079 1890 facta
3130 1842 3276 1891 sunt.
3335 1833 3388 1886 ln
3448 1831 3603 1902 prin-

2022 1929 2162 1999 cipio
2200 1941 2324 1984 ante
2380 1945 2566 1984 omnes
2611 1933 2750 1998 apud
2803 1932 2964 1984 Deum
3000 1970 3014 1993 ,
3063 1938 3186 1982 ante
3233 1925 3442 1982 caelos:
3495 1939 3606 1978 non

2022 2025 2166 2078 enim
2220 2025 2550 2080 necessarios
2616 2024 2846 2078 habebat
2891 2024 3059 2078 caelos
3099 2021 3165 2075 ad
3215 2017 3604 2084 habitandum;

2024 2117 2286 2186 siquidem
2346 2131 2446 2172 nec
2499 2127 2624 2170 tunc
2679 2129 2801 2170 cum
2860 2114 3060 2168 factum
3114 2122 3199 2166 est
3261 2107 3483 2173 caelum,
3534 2105 3605 2160 ad

2025 2225 2179 2264 usum
2217 2209 2413 2264 factum
2439 2219 2522 2264 est
2545 2207 2662 2273 Dei,
2692 2208 2783 2262 sed
2809 2207 2872 2260 ad
2901 2206 3218 2260 beneficium
3248 2202 3418 2272 ipsius
3440 2197 3593 2264 cmli,

2025 2311 2080 2355 et
2109 2315 2294 2354 eorum
2320 2301 2408 2368 qui
2436 2300 2536 2354 sub
2565 2298 2712 2354 cualo.
2741 2307 2864 2353 sunt
2890 2305 3129 2352 creatum
3158 2304 3241 2350 est
3266 2293 3484 2349 ccelum.
3532 2289 3602 2344 In

2029 2394 2284 2463 principio
2321 2404 2433 2446 erat
2463 2407 2482 2446 :
2529 2407 2681 2446 serva
2717 2393 2860 2462 quod
2887 2401 3002 2445 erat
3028 2389 3160 2460 (7|).
3199 2387 3254 2442 Si
3280 2387 3423 2440 enim
3457 2393 3510 2439 et
3544 2391 3602 2437 tu

2027 2500 2134 2540 non
2172 2485 2398 2548 dixeris,
2426 2484 2579 2549 Erat,
2615 2483 2704 2539 ille
2729 2485 2944 2553 quidem
2988 2494 3170 2536 manet
3195 2478 3335 2550 quod
3363 2486 3504 2544 erat,
3549 2487 3609 2533 ιιι

2027 2589 2206 2632 autem
2251 2576 2597 2632 fraudaveris
2646 2585 2705 2629 ut
2751 2577 2853 2631 sis.
2911 2575 3025 2629 Non
3077 2572 3224 2627 enim
3259 2586 3325 2625 ex
3363 2569 3446 2624 bis
3489 2581 3608 2637 quae

2029 2671 2259 2726 dicimus
2297 2668 2603 2725 efﬁciuntur
2647 2668 2864 2738 negotia
2911 2682 3090 2720 rerum
3123 2684 3136 2720 ε
3172 2665 3263 2719 sed
3302 2662 3344 2716 si
3373 2659 3610 2717 confessi

2029 2758 2290 2815 fuerimus
2332 2770 2390 2813 ιιι
2417 2772 2475 2814 se
2505 2773 2595 2814 res
2632 2760 2834 2814 habere
2856 2757 3126 2821 videntur,
3163 2754 3510 2809 salvabimnr.
3547 2751 3608 2806 Si

2031 2861 2214 2906 autem
2247 2850 2537 2905 delirantes
2581 2865 2686 2903 non
2738 2856 2796 2902 ιιι
2846 2861 2904 2901 se
2938 2846 3101 2900 habet
3139 2845 3410 2915 negotium
3446 2842 3610 2897 locuti

2031 2942 2328 3007 fuerimus;
2361 2940 2492 3011 ipsae
2534 2939 2752 3008 quidem
2795 2955 2880 2994 res
2909 2947 3143 2998 manent.
3185 2952 3284 2991 nos
3309 2944 3487 2989 autem
3521 2933 3609 3003 ju-

2031 3034 2350 3090 dicabimur.
2401 3033 2553 3098 Erat,
2587 3042 2641 3087 et
2671 3040 2812 3095 erat,
2842 3044 2897 3086 et
2929 3039 3068 3085 erat.
3106 3027 3179 3083 1η
3212 3027 3469 3098 principio
3494 3033 3608 3078 erat

1997 3126 2002 3130 ’
2041 3125 2261 3179 Verbum
2297 3139 2316 3179 :
2356 3140 2482 3180 ecce
2519 3125 2682 3178 semel
2732 3133 2893 3179 erat:
2932 3134 2979 3177 et
3027 3122 3253 3176 Verbum
3305 3129 3418 3173 erat
3463 3116 3606 3186 apud

2031 3215 2194 3269 Deum
2210 3217 2278 3279 ⁸⁸,
2317 3224 2371 3270 et
2400 3215 2591 3269 iterum
2625 3215 2737 3285 (Ἱῖ)
2793 3224 2948 3269 erat:
2983 3223 3031 3268 et
3055 3213 3192 3266 Deus
3208 3222 3320 3266 erat
3346 3210 3606 3264 Verbum:

2027 3321 2155 3364 ecce
2189 3309 2346 3362 tertio
2377 3317 2516 3361 erat.
2559 3305 2661 3360 Hic
2694 3317 2806 3360 erat
2846 3308 2900 3360 in
2947 3306 3204 3375 principia
3237 3305 3377 3372 apud
3418 3303 3604 3356 Deum.

2027 3397 2155 3452 Post
2186 3405 2418 3467 quatuor
2462 3399 2558 3451 bas
2599 3413 2761 3452 voces
2806 3398 2984 3452 adhuc
3019 3397 3236 3450 dubitas
3269 3395 3409 3464 quod
3448 3391 3611 3447 erat?-

2027 3499 2081 3543 et
2117 3489 2333 3555 iterum,
2360 3486 2483 3542 Vita
2519 3498 2656 3552 erat,
2688 3497 2744 3544 et
2770 3489 2884 3542 vita
2922 3497 3040 3543 erat
3073 3486 3162 3540 lux
3198 3486 3494 3540 hominum.
3544 3481 3608 3536 Si

2027 3581 2158 3636 dicit
2189 3580 2538 3651 evangelista,
2584 3580 2676 3648 qui
2720 3597 2784 3636 ex
2827 3590 3045 3650 pectore
3081 3579 3290 3634 Domini
3341 3576 3601 3641 baurivit,

2028 3670 2182 3739 Erat,
2236 3680 2291 3726 et
2343 3672 2446 3726 hoc
2495 3670 2852 3742 frequenter:
2885 3685 2950 3725 cx
2998 3671 3082 3726 bis
3127 3684 3246 3739 qua:
3288 3683 3429 3736 saepe
3464 3669 3608 3722 dicta

2026 3770 2153 3818 sunt
2205 3777 2274 3816 ne
2317 3761 2533 3832 quidem
2565 3778 2729 3816 unum
2769 3773 2961 3818 tenes:
2999 3771 3052 3817 et
3089 3775 3246 3831 quem
3293 3760 3484 3815 laedis?
3514 3759 3607 3815 Ille

2026 3856 2169 3910 enim
2196 3855 2286 3923 qui
2314 3864 2452 3921 erat,
2480 3865 2587 3920 est,
2613 3863 2667 3909 et
2696 3869 2799 3908 non
2834 3853 3068 3909 cessavit
3094 3861 3152 3907 ut
3177 3853 3269 3908 sit.
3315 3851 3393 3906 Tu
3423 3863 3609 3905 autem

2028 3964 2134 4003 non
2169 3948 2276 4002 eris
2318 3946 2474 4017 ejus,
2527 3948 2628 4002 nisi
2676 3946 2843 4003 fueris
2884 3944 3164 4001 confessus
3207 3946 3333 4014 quia
3363 3952 3518 4008 erat,
3549 3949 3604 3996 et

2026 4051 2186 4098 estet
2212 4043 2316 4096 erit
2350 4059 2364 4096 :
2401 4051 2453 4096 et
2487 4056 2761 4110 nunquam
2791 4041 3022 4096 cessavit
3048 4048 3105 4093 ut
3139 4054 3244 4093 non
3275 4037 3366 4093 sit.
3390 4036 3608 4092 Princi-

2027 4136 2174 4205 pium
2206 4134 2466 4203 evangelii
2502 4135 2651 4200 dicit,
2686 4132 2865 4188 Erat:
2907 4142 2962 4186 et
3003 4140 3059 4186 tu
3109 4129 3293 4186 statim
3349 4128 3601 4184 dubitas:

2026 4226 2252 4282 necdum
2280 4225 2492 4297 c'xpisti
2525 4228 2725 4298 legere,
2762 4237 2816 4282 et
2843 4224 3135 4282 offendisti.
3171 4221 3508 4294 Evangelista
3535 4220 3614 4275 ab.

2028 4319 2160 4378 Erat
2190 4322 2374 4390 carpit,
2405 4330 2457 4376 et
2489 4330 2540 4374 tu
2575 4319 2706 4374 Erat
2755 4318 3022 4374 interimis
3043 4317 3070 4371 ?
3115 4314 3354 4370 Necdum
3399 4311 3602 4381 legisti,

2025 4501 2166 4557 enim
2195 4512 2277 4555 est
2301 4501 2491 4564 Pater,
2520 4512 2577 4557 et
2606 4517 2708 4556 non
2735 4509 2819 4556 est
2847 4500 3051 4555 divisus
3086 4511 3350 4570 generans
3373 4495 3608 4552 Filium:

2025 4603 2216 4662 potens
2245 4603 2349 4656 est,
2384 4603 2435 4648 et
2465 4609 2567 4650 non
2599 4602 2718 4646 erat
2744 4592 2793 4647 ei
2838 4588 3172 4660 impossibile
3203 4587 3410 4658 impleri
3442 4600 3597 4640 suam

2027 4686 2344 4742 bonitatem.
2387 4687 2656 4756 Tempora
2680 4686 2823 4742 enim
2854 4694 2908 4740 et
2939 4683 3131 4739 saacula
3160 4692 3214 4738 et
3243 4680 3414 4751 spatia
3441 4682 3604 4735 deor-

2025 4793 2141 4833 sum
2175 4789 2321 4835 sunt.
2365 4777 2481 4833 Noli
2508 4786 2823 4849 computare
2853 4776 3139 4848 unigenitze
3161 4773 3232 4829 illi
3268 4781 3474 4828 natura:
3499 4772 3600 4826 ali-

2027 4875 2156 4945 quid
2188 4893 2202 4930 :
2235 4875 2366 4930 nihil
2393 4890 2460 4929 ex
2497 4875 2582 4930 bis
2612 4889 2732 4944 qua:
2761 4872 2906 4927 facta
2954 4885 3052 4942 per
3097 4869 3271 4939 ipsum
3310 4877 3478 4924 sunt:
3508 4864 3609 4921 sed

2027 4966 2287 5022 conﬁtere
2314 4965 2528 5021 Patrem
2565 4981 2670 5020 non
2718 4971 2904 5020 natum
2928 5001 2944 5028 ,
2988 4969 3041 5016 et
3084 4960 3248 5014 alium
3279 4973 3384 5013 non
3414 4966 3600 5011 natum

2026 5072 2270 5129 quaerere
2300 5055 2438 5124 noli;
2461 5058 2585 5128 quia
2613 5071 2714 5112 nec
2745 5055 3006 5111 invenies.
3041 5053 3314 5109 Confitere
3339 5061 3392 5106 et
3407 5049 3608 5106 Filium

2026 5146 2359 5217 unigenitum
2409 5155 2592 5201 natum
2637 5162 2665 5201 a
2709 5145 2922 5201 Patre:
2972 5151 3029 5200 et
3082 5142 3248 5198 alium
3292 5141 3484 5198 Filium
3534 5158 3610 5197 ne

2026 5252 2265 5309 quaeras,
2287 5241 2381 5296 sed
2424 5254 2548 5295 eum
2577 5239 2668 5310 qui
2716 5247 2802 5295 est
2840 5251 2980 5293 unus
3015 5234 3345 5308 unigenitus,
3397 5233 3487 5306 qui
3534 5231 3610 5287 ab

2095 5506 2207 5580 (7|)
2239 5506 2421 5564 Serva.
2448 5507 2636 5580 Τήρει,
2661 5507 2909 5563 observa.
2947 5503 3039 5562 Sic
3063 5503 3201 5561 intra
3233 5501 3329 5561 lib.
3351 5513 3418 5568 ιι,
3450 5498 3599 5556 circa

2022 5581 2216 5722 ωίῗέιὲ)
2245 5647 2314 5706 Et
2339 5649 2544 5705 iterum.
2577 5647 2735 5706 Forte
2763 5664 2826 5704 en
2851 5647 2973 5702 iter.

3629 5363 3640 5393 Ι
