4098 6398
569 308 704 367 £051

565 523 774 591 aequale
811 531 896 576 est
933 523 1240 590 unigenito,
1286 524 1421 578 nihil
1467 524 1644 580 simile
1682 525 1820 579 Filio
1845 564 1859 588 ,
1907 524 2037 579 nihil
2085 525 2134 580 ei

567 619 935 681 comparatur,
969 611 1103 666 nihil
1131 622 1396 682 aequatur.
1430 613 1622 669 Omnia
1651 628 1772 668 eum
1799 612 2047 679 adorant,
2070 614 2139 668 ob

569 704 832 758 honorem
870 712 926 757 ut
962 712 1087 773 pote
1115 705 1232 777 ejus
1257 707 1346 776 qui
1377 707 1564 776 genuit
1595 727 1607 762 :
1651 720 1756 761 non
1787 714 1870 760 est
1906 721 2046 760 unus
2073 720 2139 760 ex

568 794 658 849 his
678 809 800 863 quae
837 810 936 864 per
974 796 1147 864 ipsum
1177 809 1350 852 sunt:
1395 813 1499 852 non
1530 779 1710 854 est'ex
1757 798 1862 854 hoc
1909 799 2135 863 mundo,

569 883 664 938 sed
707 892 763 938 et
801 885 1030 940 mundus
1060 901 1156 956 per
1201 888 1396 954 ipsum.
1447 886 1562 942 Non
1608 887 1803 943 cmlum
1833 903 1955 942 cum
1984 887 2141 953 Filio,

569 974 666 1028 sed
709 983 766 1029 et
809 976 1003 1032 coelum
1048 993 1144 1048 per
1175 977 1392 1033 Filium.
1438 978 1578 1046 Quid
1620 994 1756 1050 opus
1787 989 1872 1034 est
1904 979 2144 1048 partibus

571 1067 837 1123 exhibere
880 1071 1130 1124 natura}?
1180 1069 1371 1124 Omnia
1405 1087 1498 1140 per
1535 1073 1704 1139 ipsum
1742 1081 1886 1135 sunt,
1928 1081 1974 1126 et
2015 1071 2146 1126 nihil

571 1158 686 1213 sine
723 1159 832 1227 ipso
858 1175 878 1213 :
904 1169 959 1216 et
1009 1161 1166 1216 tertio
1203 1179 1218 1216 :
1251 1161 1402 1228 Quod
1438 1162 1638 1216 factum
1672 1173 1757 1217 est
1800 1178 1896 1232 per
1947 1163 2142 1232 ipsum.

573 1246 694 1304 Noli
716 1249 896 1306 dicere
925 1251 1220 1315 hominem,
1250 1267 1317 1307 ne
1346 1253 1612 1307 irascatur
1637 1251 1726 1322 qui
1748 1254 1952 1318 genuit.
1985 1252 2154 1307 Joan-~

574 1354 674 1395 nes
701 1341 1071 1414 evangelista,
1104 1343 1150 1397 si
1205 1351 1384 1397 tamen
1416 1341 1679 1407 Joannes,
1713 1354 1769 1398 et
1799 1359 1906 1398 non
1937 1344 2026 1412 qui
2053 1360 2149 1413 per

575 1428 862 1500 Joannem,
911 1435 1129 1505 scripsit
1175 1435 1243 1492 de
1283 1436 1442 1502 Filio,
1471 1437 1690 1506 scripsit
1730 1447 1786 1492 et
1834 1439 1899 1493 de
1941 1437 2148 1493 Joanne

576 1522 840 1607 Baptista.
871 1525 1258 1598 Subinterroga
1289 1527 1456 1599 igitur
1477 1517 1927 1598 quemadmodum
1950 1529 2018 1583 de
2041 1530 2149 1584 Deo

578 1615 821 1686 loquitur
851 1618 1210 1689 evangelista,
1243 1629 1298 1674 et
1325 1619 1780 1690 quemadmodum
1809 1621 1874 1676 de
1903 1619 2147 1676 homine:

579 1703 650 1760 In
702 1707 982 1776 principio,
1040 1709 1254 1780 inquit,
1311 1720 1422 1764 erat
1461 1709 1727 1766 Verbum:
1759 1711 1861 1765 hoc
1923 1713 1990 1766 de
2043 1711 2151 1765 Deo

1239 313 1504 370 EUSEBII
1544 313 2022 370 casamsusns
2057 313 2209 370 opp.
2248 314 2430 370 rans
2463 314 2551 371 iv.
2587 289 2659 358 θ
2693 307 3112 370 DOGMATICA.

567 446 676 486 uno
704 438 785 484 est
805 429 1034 496 Patre,a
1067 431 1182 488 solo
1209 433 1377 497 solus,
1417 433 1485 488 ab
1514 447 1619 488 uno
1638 447 1797 486 unus.
1823 431 1965 487 Nihil
1990 433 2134 487 enim
2168 441 2213 496 Α
2242 436 2313 488 tia

3665 308 3802 367 ωδε

2365 452 2380 490 :
2429 443 2484 488 et
2535 433 2898 488 adorabantur
2948 431 3161 495 omnia;
3211 437 3266 485 et
3315 430 3456 501 quia
3497 429 3800 490 adorandus

2241 526 2604 594 ignorabatur,
2619 523 2940 578 oﬁ‘ensiones
2953 533 3106 577 erant
3120 521 3272 578 nobis
3285 523 3486 578 omnia.
3503 522 3636 578 Nam
3652 534 3707 581 et
3720 526 3801 581 sol

2239 631 2344 670 non
2367 614 2721 678 illuminabat,
2745 615 2837 668 sed
2861 623 2916 668 et
2938 614 3050 682 ipse
3071 613 3223 668 nobis
3240 623 3357 668 erat
3375 612 3620 669 oﬂ'ensio.
3644 614 3809 671 Venit

2239 714 2418 759 autem
2443 719 2537 774 per
2552 719 2710 774 quem
2729 703 3083 758 suntomnia:
3105 717 3207 757 non
3227 702 3394 757 solum
3412 718 3510 758 nos
3531 703 3808 769 liberavit,

2241 795 2333 851 sed
2351 805 2406 851 et
2427 796 2597 865 ipsum
2615 793 2781 848 solem
2799 795 2866 848 ab
2885 793 3105 862 ignobili
3130 794 3233 848 isto
3255 793 3460 849 honore
3476 793 3698 848 liberum
3726 795 3808 848 le-

2243 889 2334 942 cit.
2371 886 2645 942 Liberavit
2681 901 2812 941 sane
2843 886 3021 940 lunam
3058 900 3088 938 a
3131 884 3450 952 calumniis,
3494 895 3550 939 et
3595 900 3799 954 purga-

2243 979 2321 1032 vit
2345 977 2532 1032 stellas
2555 986 2614 1032 ut
2652 992 2758 1032 non
2797 979 3172 1032 adorarentur.
3198 976 3255 1032 Si
3283 990 3462 1033 autem
3490 979 3710 1048 quidam
3733 978 3803 1032 ad

2247 1070 2364 1126 haec
2385 1071 2405 1089 ⁶
2439 1084 2608 1140 usque
2638 1071 2988 1135 contendunt,
3010 1069 3245 1140 reliquis,
3263 1069 3528 1125 malorum
3561 1085 3802 1125 comme-

2245 1162 2574 1216 morantium
2614 1161 2954 1216 beneﬁcium.
3015 1160 3166 1215 Nunc
3203 1155 3368 1230 igitur
3405 1170 3466 1217 et
3495 1177 3682 1215 aurum
3721 1172 3805 1217 est

2246 1252 2524 1306 nnmdum.
2557 1251 2711 1306 Nune
2731 1261 2786 1307 et
2820 1260 3100 1320 argentum
3119 1251 3185 1304 ad
3214 1250 3266 1305 id
3297 1251 3437 1320 quod
3455 1263 3694 1307 creatum
3720 1264 3808 1307 est

2248 1345 2396 1401 utile.
2437 1343 2588 1400 Nunc
2615 1353 2964 1399 atramentum
2990 1354 3337 1399 aeramentum
3369 1353 3457 1400 est
3477 1385 3492 1410 ,
3519 1354 3574 1399 et
3599 1343 3804 1400 ferrum

2250 1437 2452 1491 ferrum
2477 1477 2494 1501 ,
2528 1446 2582 1490 ει
2620 1436 2754 1506 lapis
2792 1436 2957 1506 lapis,
3008 1444 3064 1490 et
3111 1436 3311 1505 lignum
3361 1435 3560 1505 lignum
3603 1445 3720 1500 est,
3752 1444 3818 1491 et

2249 1528 2392 1584 Deus
2428 1527 2586 1584 Deus.
2610 1526 2763 1582 Nunc
2801 1528 3136 1582 dmmonibus
3185 1526 3495 1594 increpatur
3526 1537 3596 1582 ut-
3616 1527 3808 1593 decet,

2250 1632 2304 1678 et
2347 1638 2450 1677 non
2493 1622 2785 1677 adorantur
2813 1631 2870 1676 ut
2897 1635 3002 1676 non
3041 1621 3217 1674 decet.
3264 1619 3420 1674 Venit
3450 1620 3594 1674 enim
3627 1635 3718 1675 rex
3753 1619 3810 1675 et

2251 1713 2509 1768 exstinxit
2541 1723 2825 1784 tyrannum
2869 1731 2882 1767 :
2917 1720 2972 1766 et
3009 1711 3228 1781 agnovit
3267 1711 3384 1766 ovis
3426 1720 3726 1780 pastorem,
3756 1720 3813 1765 ct

579 1793 726 1852 Filio
763 1798 920 1853 dixit.
973 1800 1114 1855 Dicit
1157 1812 1212 1856 et
1265 1801 1332 1856 de
1361 1799 1594 1868 Joanne,
1635 1800 1834 1856 Factus
1861 1813 1936 1856 est
1975 1803 2148 1855 homo.
2181 1814 2224 1870 Β
2255 1803 2420 1874 fugati
2457 1813 2583 1856 sunt
2605 1802 2736 1870 lupi.
2780 1801 2912 1867 Quis
2928 1815 3057 1856 sane
3077 1799 3262 1854 venit?
3287 1799 3469 1870 utique
3500 1800 3544 1854 is
3572 1799 3660 1868 qui
3691 1809 3815 1853 erat

580 1885 724 1959 Lege
764 1889 874 1953 illa,
903 1891 1124 1961 sublege
1153 1900 1210 1947 et
1248 1893 1346 1947 ista
1379 1910 1394 1946 :
1423 1899 1475 1946 et
1516 1892 1758 1947 invenies
1787 1893 2054 1963 quomodo
2087 1892 2153 1946 de

582 1984 694 2038 Deo
724 1982 862 2039 Filio
901 1984 1138 2055 loquitur
1169 2004 1183 2039 :
1213 1997 1268 2041 et
1321 1985 1594 2040 hominem
1640 1995 1871 2055 exponet
1899 1985 2150 2041 Joannes.

581 2076 653 2130 In
697 2076 956 2144 principio
1004 2088 1116 2132 erat
1157 2077 1379 2132 Verbum
1437 2078 1502 2131 de
1547 2075 1684 2131 Filio
1722 2078 1852 2132 dicit
1902 2095 1916 2132 :
1960 2077 2155 2132 Factus

584 2166 750 2221 homo
775 2167 840 2221 de
861 2167 1069 2224 Joanne
1099 2171 1268 2238 ponit.
1307 2167 1375 2222 Et
1399 2167 1624 2223 Verbum
1653 2179 1764 2223 erat
1796 2171 1937 2238 apud
1969 2169 2152 2235 Deum,

582 2264 639 2310 et
667 2257 803 2311 Deus
837 2269 948 2312 erat
994 2258 1215 2314 Verbum
1237 2299 1251 2324 ,
1283 2262 1349 2314 de
1375 2259 1509 2315 Filio
1549 2260 1805 2329 loquitur.
1846 2260 1920 2314 De
1950 2260 2156 2317 Joanne

584 2355 764 2401 autem
797 2364 810 2402 :
847 2346 972 2403 Non
996 2360 1107 2404 eral
1136 2351 1224 2404 ille
1259 2349 1432 2404 lumen
1459 2351 1530 2416 ⁸⁷,
1556 2359 1606 2404 ει
1639 2352 1834 2404 iterum
1873 2352 1938 2404 dc
1973 2354 2158 2421 unige-

498 2437 504 2443 ’
585 2439 697 2494 nito
719 2441 816 2505 ait,
851 2440 956 2494 llic
985 2452 1096 2496 erat
1123 2443 1177 2496 in
1209 2444 1462 2510 principio
1485 2444 1625 2513 apud
1648 2443 1832 2497 Deum.
1859 2443 1932 2497 De
1951 2442 2158 2499 Joanne

585 2542 789 2599 autem,
824 2533 926 2588 llic
968 2537 1105 2589 venit
1137 2536 1207 2590 ad
1243 2536 1596 2589 testimonium
1620 2536 1686 2590 ⁸⁸.
1739 2533 1936 2605 Iojuria
1963 2537 2160 2604 quippe

586 2634 688 2688 est,
724 2634 779 2680 et
826 2642 1138 2695 praeponere
1183 2629 1514 2696 unigenitum
1557 2630 1727 2683 servis
1759 2631 1890 2684 suis.
1931 2627 2063 2682 Nam
2105 2639 2160 2684 et

587 2718 728 2785 quod
779 2717 1002 2783 dicitur,
1048 2720 1182 2773 nihil
1229 2721 1276 2775 ei
1332 2731 1676 2791 comparatur
1721 2732 1813 2775 aut
1873 2733 2156 2792 aequatur:

587 2823 698 2862 non
741 2820 825 2866 est
874 2827 1172 2881 magnum:
1228 2814 1324 2868 sed
1376 2815 1561 2883 egenis
1607 2815 1770 2868 etiam
1829 2830 1992 2882 parva
2038 2823 2163 2869 sunt

589 2917 803 2972 magna.
837 2903 950 2958 Non
981 2914 1062 2958 est
1097 2905 1240 2960 enim
1274 2922 1414 2961 unus
1459 2921 1525 2960 ex
1568 2905 1842 2976 prophetis
1869 2905 2031 2969 ﬁlius,
2066 2909 2160 2960 sed

589 3010 684 3063 per
724 3011 884 3064 quem
920 3012 1108 3051 omnes
1139 3000 1417 3068 propheta:
1452 3017 1466 3053 :
1510 3013 1615 3053 non
1652 3013 1790 3052 unus
1817 3013 1885 3051 ex
1924 2999 2159 3068 regibus,

589 3095 682 3142 sed
718 3103 812 3157 per
849 3090 1008 3159 quem
1041 3106 1230 3145 omnes
1271 3106 1430 3160 reges
1469 3109 1486 3145 :
1533 3107 1638 3146 non
1675 3106 1814 3144 unus
1858 3106 1925 3145 ex
1975 3091 2158 3158 justis,

590 3179 685 3232 sed
726 3179 837 3248 ipse
861 3180 1074 3248 justitia
1113 3202 1124 3236 :
1162 3199 1270 3236 non
1312 3198 1451 3238 unus
1481 3197 1548 3237 ex
1577 3183 1773 3247 servis,
1825 3183 1920 3237 sed
1946 3181 2157 3238 Filius:

589 3286 698 3324 non
723 3287 885 3326 unum
931 3287 996 3327 ex
1035 3275 1330 3341 omnibus,
1360 3277 1457 3330 sed
1490 3291 1588 3346 per
1612 3291 1770 3345 quem
1801 3285 1926 3329 sunt
1951 3277 2160 3330 omnia:

592 3379 698 3419 non
727 3380 793 3418 ex
832 3366 914 3419 his
941 3367 1032 3436 qui
1067 3368 1328 3423 assistunt
1357 3379 1412 3424 et
1438 3369 1784 3434 ministrant,
1820 3370 1912 3424 sed
1955 3370 2043 3438 qui
2078 3385 2166 3424 se-

591 3455 680 3509 det
707 3457 774 3511 ad
801 3457 1077 3513 dexteram
1100 3458 1314 3515 Patris:
1354 3477 1459 3516 non
1498 3477 1567 3516 ex
1591 3460 1673 3515 his
1695 3462 1785 3531 qui
1831 3460 2165 3532 iudicantur,

591 3547 686 3602 sed
733 3548 826 3618 qui
881 3550 1122 3620 suscepit
1165 3565 1326 3606 omne
1381 3552 1642 3621 judicium
1693 3553 1995 3625 judicaudi.
2049 3551 2165 3606 Non

591 3640 805 3708 quando
833 3641 972 3710 apud
1016 3657 1136 3707 nos,
1166 3652 1292 3698 tunc
1315 3653 1368 3698 et
1401 3645 1540 3715 apud
1571 3645 1810 3700 Patrem.
1847 3645 1997 3700 Tunc
2023 3644 2166 3698 enim

594 3731 698 3787 hoc
741 3731 943 3787 dictum
995 3733 1367 3789 intercidatur.
1419 3736 1500 3790 Ad
1532 3752 1631 3791 nos
1675 3737 1819 3790 enim
1847 3737 2168 3805 dispensans

591 3824 779 3880 venit:
816 3833 944 3879 tunc
980 3826 1195 3893 quando
1230 3836 1290 3880 ut
1335 3829 1473 3893 ovis,
1509 3830 1726 3898 quando
1759 3839 1814 3883 ut
1841 3829 2025 3898 Agnus
2053 3829 2172 3886 Dei.‘

591 3914 651 3970 In
692 3917 965 3986 principio
1009 3927 1187 3972 autem
1224 3928 1340 3973 erat
1367 3919 1505 3974 Deus
1535 3919 1672 3990 apud
1701 3921 1864 3974 Deum
1897 3938 1912 3976 :
1944 3936 2066 3974 nam
2113 3929 2168 3974 et

591 4023 717 4062 cum
769 4009 912 4078 apud
968 4025 1089 4075 nos,
1151 4011 1290 4064 Deus
1337 4011 1613 4066 nobiscum
1649 4012 2011 4067 Emmanuel:
2063 4028 2166 4067 nou

594 4099 734 4155 alius
769 4102 908 4171 apud
948 4099 1191 4166 Patrem,
1224 4103 1361 4157 alius
1393 4113 1572 4158 autem
1605 4104 1885 4159 nobiscum
1928 4113 1984 4158 et
2035 4103 2171 4158 alius

593 4201 752 4245 erat:
783 4207 1010 4246 manens
1050 4193 1311 4262 siquidem
1357 4195 1410 4248 in
1464 4195 1633 4265 ﬁgura
1677 4193 1772 4250 Dei
1817 4196 2168 4260 constitutus,

594 4282 756 4338 istam
784 4295 1026 4338 nostram
1072 4285 1296 4354 ﬁguram
1334 4287 1476 4340 servi
1531 4287 1787 4356 accepit:
1841 4301 1945 4340 non
1988 4286 2055 4340 ab
2082 4285 2170 4339 illa

593 4373 852 4427 recedens
884 4374 1044 4427 istam
1077 4374 1365 4429 honoravit
1396 4389 1410 4428 :
1456 4389 1560 4429 non
1595 4378 1663 4430 ab
1697 4374 1783 4428 illa
1823 4374 2040 4439 exiens,
2075 4390 2171 4428 nos

593 4553 1056 4621 Quemadmodum
1089 4557 1231 4610 enim
1261 4555 1352 4625 qui
1383 4571 1489 4610 non
1523 4567 1704 4610 manet
1731 4556 1872 4626 quod
1907 4566 2048 4617 erat,
2082 4570 2169 4622 μου

596 4654 738 4700 terat
763 4647 1008 4715 accipere
1035 4649 1177 4716 quod
1209 4648 1448 4719 accepit?
1481 4647 1597 4704 Non
1628 4656 1745 4702 erat
1774 4646 2023 4716 possibile
2060 4645 2171 4699 sal-

591 4753 722 4792 vare
750 4738 994 4793 homines
1015 4739 1282 4807 homines,
1315 4741 1440 4810 quia
1475 4741 1718 4796 homines
1746 4739 2085 4808 subjacemus
2113 4747 2168 4791 et

592 4829 826 4899 pr0priis
871 4831 1107 4900 peccatis
1153 4841 1208 4887 et
1257 4832 1409 4889 clade
1435 4833 1587 4905 (75):
1627 4831 1844 4887 tenebat
1878 4844 2010 4884 sane
2053 4843 2169 4882 ma-

592 4919 848 4975 ledictum
883 4935 1029 4976 mors
1061 4932 1116 4976 et
1137 4922 1464 4992 corruptela,
1501 4931 1556 4975 et
1583 4930 1640 4974 ut
1680 4929 1941 4990 tyrannus
1975 4932 2166 4986 regna-

593 5012 686 5066 bat
709 5013 955 5091 diabolus
987 5023 1037 5069 et
1066 5016 1472 5072 bacchabantur
1502 5017 1793 5069 dminones.
1823 5009 2168 5067 Consuetudo

594 5115 772 5160 autem
807 5108 975 5176 magis
1007 5120 1191 5164 nostra
1232 5107 1442 5162 vincula
1477 5105 1901 5174 constringebat.
1931 5102 2170 5157 Baccha-

593 5199 755 5253 batur
775 5201 917 5254 enim
946 5203 998 5256 in
1028 5204 1184 5258 nobis
1205 5211 1259 5257 et
1277 5201 1445 5257 libido
1467 5211 1522 5257 et
1549 5201 1761 5256 tenebat
1785 5199 2173 5270 concupisceno

703 5381 748 5414 ⁸⁷
773 5380 932 5438 Joan.
967 5399 1006 5448 ι,
1036 5384 1089 5439 8.
1163 5381 1212 5416 ⁸⁸
1239 5382 1372 5438 ibid.
1449 5384 1494 5415 ⁵⁹
1534 5381 1712 5439 Joan.7
1743 5397 1890 5448 xvu,
1944 5382 1996 5436 l.

668 5535 782 5604 (7'5)
817 5537 996 5590 Clade.
1025 5535 1185 5591 Forte
1217 5536 1375 5594 cladi.

675 5607 791 5675 (75)
814 5604 1110 5660 Venientem
1140 5608 1195 5659 in
1224 5609 1384 5664 hunc.
1418 5607 1744 5662 Verlendum
1775 5607 1870 5661 fuit
1904 5621 1967 5660 ex
2000 5605 2163 5659 Euse-

605 5678 678 5750 bii
703 5679 920 5744 quidem
958 5687 1137 5750 inelite
1178 5679 1386 5750 veniens
1418 5694 1448 5750 A:
1496 5695 1617 5731 nam
1661 5678 1954 5750 ἐρχόμενον
1980 5676 2162 5750 retulit

592 5747 676 5824 ad
711 5761 893 5801 vocem
934 5745 1069 5814 φῶς,
1107 5763 1211 5802 non
1243 5749 1307 5801 ad
1342 5747 1626 5819 ἄνθρωπον
1659 5745 1861 5817 {quod
1901 5747 2032 5801 satis
2072 5762 2162 5800 os-

2255 1892 2306 1946 in
2349 1892 2565 1944 mundo.
2596 1890 2663 1944 In
2692 1891 2884 1944 mundo
2909 1929 2925 1954 ,
2971 1889 3181 1959 inquit,
3214 1881 3327 1944 erat
3358 1906 3379 1942 :
3409 1887 3678 1959 siquidem
3721 1889 3809 1942 ni-

2255 1985 2329 2039 hil
2355 1999 2582 2038 vacuum
2618 1984 2686 2038 ab
2717 1984 2834 2052 ipso
2857 1983 3020 2036 etiam
3060 1992 3186 2036 ante
3208 1983 3497 2036 adventura
3533 1980 3650 2049 ejus
3671 1991 3813 2036 erat.

2256 2070 2388 2142 Quia
2424 2089 2529 2128 non
2553 2075 2695 2129 enim
2740 2089 2865 2126 cum
2915 2072 3198 2141 apparuit,
3236 2081 3364 2127 tunc
3402 2080 3456 2126 et
3485 2071 3632 2125 venit
3670 2088 3684 2123 :
3718 2072 3813 2125 sed

2256 2175 2373 2220 erat
2402 2166 2575 2219 latens
2594 2203 2608 2225 ,
2637 2163 2882 2234 apparuit
2919 2163 3010 2231 qui
3045 2171 3162 2216 erat
3187 2163 3380 2217 latens.
3419 2160 3532 2216 Non
3560 2172 3684 2216 sunt
3711 2162 3816 2216 ista

2257 2269 2410 2318 mea,
2448 2253 2926 2322 sedevangelisue.
2983 2253 3074 2306 Ait
3117 2253 3298 2318 enim,
3329 2249 3392 2304 In
3440 2252 3636 2304 munda
3681 2261 3812 2304 erat.

2259 2348 2362 2402 Sed
2389 2363 2574 2415 parum
2601 2347 2774 2402 visum
2797 2355 2876 2400 est
2903 2345 2952 2398 ei
2975 2345 3063 2414 qui
3098 2344 3265 2409 dixit,
3312 2343 3370 2398 ln
3415 2343 3614 2397 mundo
3644 2351 3762 2398 erat
3798 2359 3813 2396 :

2257 2457 2311 2501 et
2363 2447 2484 2500 ideo
2545 2443 2738 2512 repetit
2774 2455 3082 2506 sermonem
3137 2439 3428 2510 religiose,
3482 2449 3534 2492 et
3572 2438 3736 2501 dicit,
3769 2449 3814 2490 et

2256 2539 2484 2592 mundus
2512 2553 2603 2605 per
2628 2537 2796 2604 ipsum
2830 2533 3001 2602 factus
3029 2545 3124 2586 est.
3179 2530 3244 2586 Ut
3296 2539 3474 2584 autem
3521 2544 3626 2582 non
3675 2538 3821 2582 esset

2259 2640 2628 2699 contemptus,
2662 2630 2753 2700 qui
2786 2630 2899 2693 ait,
2945 2627 3014 2682 In
3057 2628 3251 2682 mundo
3277 2637 3421 2692 erat,
3472 2625 3605 2679 dixit
3652 2625 3816 2679 etiam

2261 2721 2386 2791 quia
2418 2732 2539 2776 ante
2563 2721 2818 2775 mundum
2845 2729 2964 2773 erat
2997 2738 3009 2773 :
3042 2729 3096 2773 et
3119 2720 3224 2779 ait,
3260 2718 3328 2771 Et
3354 2718 3574 2771 mundus
3611 2733 3702 2784 per
3740 2718 3823 2784 ip-

2261 2832 2375 2870 sum
2397 2815 2570 2882 [actus
2596 2824 2691 2870 eu.
2747 2812 2860 2866 Hoc
2898 2811 3166 2882 signiﬁcat
3201 2811 3342 2879 quod
3388 2820 3512 2864 ante
3565 2808 3822 2862 mundum

2261 2916 2397 2960 erat.
2429 2904 2497 2958 In
2527 2906 2719 2959 mundo
2744 2943 2759 2968 ,
2793 2904 3001 2972 inquit,
3037 2912 3169 2958 erat.
3207 2902 3486 2967 Quomodo
3525 2899 3576 2952 in
3623 2898 3823 2951 mundo

2262 2998 2417 3052 erat?
2440 2995 2593 3062 Erat,
2624 2996 2721 3060 ait,
2758 2994 2933 3048 lumen
2962 3009 3158 3056 verum,
3187 2991 3278 3060 qui
3322 2989 3584 3042 illuminat
3621 3003 3824 3039 omnem

2265 3092 2522 3144 hominem
2551 3089 2835 3143 venientem
2861 3088 2916 3140 in
2939 3085 3075 3139 hunc
3096 3085 3369 3137 mundum.
3407 3079 3474 3135 Ut
3516 3089 3692 3134 autem
3719 3095 3825 3132 non

2202 3172 2230 3261 ξ’
2265 3180 2804 3243 diceret,venientem
2835 3177 2972 3247 (74),
2997 3177 3070 3230 ita
3099 3175 3254 3245 quasi
3289 3189 3391 3227 non
3425 3172 3637 3226 essetin
3669 3186 3831 3223 ιιιιιιι-

2265 3272 2364 3335 do,
2388 3279 2441 3323 et
2477 3280 2693 3338 putares
2719 3268 2842 3334 quia
2871 3268 3019 3320 venit
3056 3263 3390 3334 quidemqui
3441 3278 3546 3316 non
3591 3261 3774 3315 aderat
3810 3277 3827 3314 :

2267 3363 2388 3416 ideo
2419 3371 2598 3414 tntans
2623 3360 2735 3430 ('75)
2760 3360 2918 3413 istam
2951 3357 3307 3426 suspicionem
3327 3354 3506 3414 addit,
3531 3351 3598 3405 In
3633 3353 3831 3406 mundo

2265 3462 2400 3508 erat.
2425 3452 2492 3506 Et
2513 3467 2579 3506 ne
2604 3451 2806 3505 iterum
2840 3459 3056 3519 putares
3089 3446 3212 3516 quia
3251 3461 3372 3500 cum
3415 3443 3610 3497 mundo
3649 3443 3832 3498 lactus

2267 3552 2423 3608 erat,
2455 3543 2649 3613 repetit
2677 3550 2731 3596 et
2759 3540 2918 3605 dicit,
2949 3537 3017 3593 Et
3048 3540 3275 3592 mundus
3313 3553 3405 3606 per
3444 3536 3615 3605 ipsum
3653 3534 3832 3603 [actus

2267 3643 2364 3689 est.
2407 3634 2462 3688 Si
2491 3635 2655 3702 igitur
2685 3648 2780 3701 per
2825 3633 3001 3701 ipsum
3035 3630 3210 3686 lactus
3267 3637 3350 3684 est
3388 3627 3656 3690 mundus,
3710 3635 3834 3680 erat

2270 3727 2455 3796 utiquc
2473 3726 2646 3782 Filius
2672 3735 2960 3794 antequam
2994 3723 3148 3778 ﬁeret
3175 3719 3404 3776 mundus
3437 3735 3453 3772 :
3480 3718 3690 3788 quiaab
3716 3719 3836 3787 ipso

2271 3819 2440 3872 lactus
2460 3826 2543 3872 est
2564 3816 2811 3870 mundus.
2841 3814 3075 3882 Denique
3097 3811 3256 3865 etiam
3287 3811 3354 3866 ab
3375 3810 3491 3879 ipso
3510 3808 3642 3864 Filio
3669 3808 3792 3863 audi
3816 3825 3834 3862 :

2274 3907 2353 3962 Da
2387 3908 2548 3974 mihi,
2582 3906 2792 3974 inquit,
2829 3903 3020 3967 Pater,
3047 3901 3303 3972 gloriam,
3327 3916 3484 3969 quam
3500 3897 3655 3952 habui
3689 3897 3836 3966 apud

2272 4013 2320 4054 te
2344 4009 2622 4069 antequam
2671 4001 2895 4050 mundus
2930 3994 3078 4064 ﬁeret
3107 3994 3174 4049 ⁸⁸.
3207 3991 3484 4060 Quomodo
3527 4005 3656 4060 ergo
3678 4030 3694 4053 ,
3749 3989 3841 4043 in-

2273 4093 2426 4162 quit,
2453 4099 2572 4144 erat
2599 4090 2651 4143 in
2685 4089 2883 4141 mundo
2906 4085 2929 4138 ἲ
2955 4083 3012 4138 In
3049 4084 3247 4139 mundo
3278 4091 3433 4147 erat,
3482 4093 3534 4136 et
3565 4085 3630 4135 ad
3672 4095 3840 4134 mun-

2275 4187 2400 4240 dum
2441 4185 2609 4238 venit.
2641 4178 3102 4248 Quemadmodum
3131 4183 3309 4230 autem
3335 4175 3496 4230 etiam
3529 4173 3657 4228 illud
3690 4173 3844 4226 acci-

2272 4275 2358 4345 pis
2395 4274 2598 4330 dictum
2633 4291 2646 4326 :
2687 4271 2938 4325 Dominus
2964 4270 3195 4337 regnavit
3226 4267 3270 4298 ⁸ο
3290 4267 3312 4318 ?
3333 4265 3446 4320 Rex
3473 4265 3613 4319 enim
3642 4273 3724 4317 est
3753 4263 3845 4316 in-

2275 4367 2534 4423 deliciens
2565 4382 2579 4418 :
2612 4380 2717 4419 non
2747 4378 2889 4418 nunc
2911 4361 3126 4432 quidem
3167 4375 3260 4413 rex
3284 4397 3300 4422 ,
3341 4355 3625 4427 aliquando
3653 4363 3844 4408 autem

494 4517 501 4524 ,
593 4465 822 4519 salvavit
857 4485 872 4520 :
908 4482 1012 4520 non
1052 4466 1268 4536 reliquit
1301 4476 1573 4534 pastorem
1597 4508 1613 4533 ,
1662 4476 1716 4520 et
1745 4467 1953 4534 accepit
1991 4481 2164 4520 ovem.
2202 4487 2246 4541 ι)
2278 4473 2380 4512 non
2405 4498 2420 4523 .
2455 4472 2552 4511 nec
2585 4463 2769 4524 ῐιοεῐειι
2811 4470 2935 4510 ιιοιι.
2964 4450 3425 4541 Ουθιιιτιίῆιυοάυιη
3463 4447 3846 4541 ,ςτκοῃιιῖοιιιηι

2273 4557 2357 4602 est
2379 4587 2394 4610 ,
2419 4546 2672 4599 Dominus
2697 4545 2962 4613 regnavit,
2995 4548 3153 4609 prout
3177 4537 3380 4592 diceret
3405 4575 3420 4602 ,
3462 4535 3718 4589 llomines
3749 4547 3848 4587 re-

2273 4638 2420 4708 gnati
2461 4644 2623 4700 sunt,
2663 4644 2756 4689 aut
2787 4638 3165 4702 regnaverunt.
3195 4629 3312 4683 Non
3337 4627 3478 4683 enim
3520 4627 3605 4679 ille
3625 4625 3850 4694 accepit

2270 4729 2410 4799 quod
2435 4743 2539 4783 non
2568 4727 2800 4781 habebat
2827 4742 2842 4779 :
2872 4724 2964 4779 sed
2996 4737 3096 4779 uos
3127 4721 3273 4791 digni
3299 4721 3492 4774 iterum
3522 4716 3848 4784 iudicamur

2270 4838 2336 4878 eo
2363 4838 2393 4876 a
2432 4836 2537 4891 quo
2564 4819 2884 4874 excidimus.
2928 4813 3035 4871 Nos
3060 4814 3241 4882 itaque
3286 4825 3608 4882 regnamur,
3641 4817 3697 4863 et
3737 4808 3852 4862 iste

2269 4907 2482 4982 regna’t.
2540 4911 2654 4966 Non
2708 4925 2850 4965 nunc
2901 4922 3184 4962 assumens
3242 4904 3525 4973 imperium
3557 4920 3570 4956 :
3601 4900 3696 4955 sed
3740 4915 3852 4954 nos

2272 5007 2567 5062 liberamur
2597 5019 2625 5058 a
2663 5001 2964 5074 tyrannide.
2999 4997 3068 5051 In
3092 4998 3321 5064 mundo,
3358 4995 3571 5064 inquit,
3611 5004 3753 5050 erat.
3784 4992 3849 5048 Si

2273 5099 2326 5154 in
2365 5097 2563 5152 mundo
2583 5105 2698 5150 erat
2721 5134 2735 5158 ,
2767 5090 3042 5163 quomodo
3083 5089 3226 5143 venit
3252 5088 3302 5140 in
3330 5086 3566 5140 mundo?
3595 5085 3854 5153 Apparet

2277 5193 2580 5248 inmundo.
2615 5187 2753 5256 Quid
2804 5199 2932 5254 ergo
2976 5199 3082 5239 non
3132 5182 3281 5237 vadit
3325 5197 3389 5236 ex
3432 5179 3672 5236 mundo?
3698 5179 3853 5234 Dicit

2074 5379 2117 5411 ⁸ο
2151 5377 2296 5434 Psal.
2346 5389 2490 5439 xcu,
2549 5386 2707 5438 xcvi,
2757 5382 2942 5423 xcvnt.

2272 5530 2444 5584 tendit
2471 5537 2579 5582 tum
2611 5525 2887 5599 enarratio
2909 5538 3026 5599 qua:
3043 5521 3304 5599 sequitur.
3336 5529 3444 5574 tum
3475 5517 3609 5572 alius
3643 5527 3850 5599 ρωειεει

2272 5601 2422 5654 locus
2458 5600 2593 5650 inl'ra
2625 5597 2712 5649 nhi
2747 5597 2942 5664 legitur
2966 5592 3092 5647 Erat
3121 5596 3294 5646 lumen
3323 5605 3497 5645 verum
3543 5592 3760 5643 reuiens
3792 5593 3852 5641 in

2269 5672 2406 5723 lium:
2434 5670 2706 5728 mundum,
2734 5677 2840 5720 etc,

2346 5740 2456 5809 (73)
2491 5739 2710 5792 Tutum.
2757 5733 3230 5804 ‘Aseahgépsvog,
3255 5733 3595 5802 propulsans,
3618 5742 3862 5784 arcens.
