4160 6444
280 242 284 246 ’
371 259 519 316 rosa

1231 254 1317 312 DE
1353 257 1511 313 nos
1549 257 1920 315 aovensus
1959 258 2369 318 SABELLIUM.
2410 246 2480 304 —"—
2515 258 2644 316 LIB.
2685 259 2735 316 ι.

3476 261 3616 321 1054
3629 258 3632 262 ’

368 381 526 438 enim‘
551 399 565 434 :
600 379 788 434 Adhuc
809 378 1014 434 modice
1041 379 1215 434 iumen
1240 382 1500 436 vobiscum
1531 391 1629 436 est.
1681 381 1827 437 Vada
1863 383 1933 436 ad
1963 391 2010 447 Α
2040 385 2113 438 ris
2150 383 2411 453 Spiritum
2434 383 2722 439 venientem
2749 422 2765 448 ,
2790 381 2874 436 hic
2895 391 2970 436 est
3002 382 3086 437 '7?
3107 382 3165 438 Si
3200 381 3365 454 igitur
3384 397 3620 454 evange-

366 489 485 529 eum
512 473 602 544 qui
634 488 715 526 me
741 473 921 527 misit:
950 473 1195 543 quaeretis
1229 490 1328 536 me,
1356 484 1402 526 et
1443 490 1546 526 non
1575 475 1840 528 invenietis
1866 475 1935 528 ⁸⁸.

367 565 523 621 Nunc
549 565 736 629 vadit,
767 575 824 620 et
851 564 1107 635 relinquit
1145 565 1424 619 mundum.
1455 565 1561 618 Sed
1602 565 1794 620 iterum
1826 566 1939 634 ipse

369 658 504 713 dicit
535 676 550 712 :
589 654 724 710 Ecce
748 673 842 727 ego
878 659 1142 711 vobiscum
1174 673 1290 710 sum
1324 673 1485 725 usque
1510 657 1578 709 ad
1605 674 1938 711 consumma-

367 753 562 808 tionem
587 750 771 804 seculi
802 750 868 802 ".
891 750 1094 804 Aderat
1120 763 1250 819 ergo
1274 791 1289 817 ,
1317 761 1374 804 et
1397 757 1683 817 antequam
1719 749 1942 802 adveni-

322 835 336 920 ξ
371 855 494 912 ret,
528 847 682 900 adest
709 846 868 901 etiam
912 853 1197 914 postquam
1243 847 1509 914 perrexit.
1555 847 1769 900 Intuere
1809 860 1941 914 ergo

373 938 829 1007 quemadmodum
872 937 922 990 in
951 938 1154 992 mundo
1177 948 1295 992 erat
1321 937 1686 994 invisibiliter.
1724 937 1854 991 Nam
1889 939 1939 992 id

372 1028 686 1083 videntibus
723 1026 1009 1096 apostolis,
1035 1036 1089 1082 et
1112 1028 1389 1082 nobiscum
1420 1041 1502 1082 est
1531 1044 1697 1098 usque
1728 1029 1792 1081 ad
1813 1044 1942 1082 con-

371 1121 789 1177 summationem
819 1120 1002 1175 saeculi
1035 1137 1050 1175 :
1077 1120 1440 1190 incorporalis
1458 1120 1602 1174 enim
1635 1130 1826 1175 natura
1859 1119 1943 1173 lo-

373 1215 453 1272 cis
481 1230 587 1269 non
614 1213 1106 1269 circumscribitur.
1137 1212 1243 1268 Sed
1269 1221 1619 1283 posteaquam
1650 1212 1942 1282 assumpsit

371 1321 602 1378 corpus,
654 1322 760 1361 non
813 1314 872 1361 ιιι
916 1303 1288 1360 recluderetur
1340 1305 1635 1374 assumpsit
1679 1323 1693 1360 :
1733 1304 1944 1359 salvare

372 1398 517 1452 enim
550 1398 734 1462 venit,
761 1406 816 1452 et
842 1411 951 1453 non
981 1394 1159 1454 minus
1201 1394 1444 1455 exaltare
1466 1432 1483 1459 ,
1520 1403 1576 1448 et
1625 1408 1731 1448 non
1764 1393 1945 1448 humi-

373 1485 510 1542 liare
537 1487 667 1556 (non
695 1486 822 1556 quia
854 1501 958 1540 non
989 1499 1048 1540 se
1105 1483 1409 1538 bumiliavit
1439 1501 1458 1544 ι
1489 1481 1766 1540 humiliari
1799 1481 1945 1537 enim

373 1577 519 1643 dico,
547 1575 796 1632 decidere
831 1589 952 1630 eum
985 1591 1015 1630 a
1040 1589 1134 1629 sua
1163 1573 1473 1642 dignitate),
1499 1573 1593 1633 sed
1615 1572 1795 1639 potius
1821 1571 1942 1626 abs-

377 1668 614 1724 condere
664 1682 822 1722 suam
855 1663 1193 1736 dignitatem.
1232 1662 1287 1717 Si
1315 1663 1458 1719 enim
1499 1663 1612 1732 ipse
1652 1660 1852 1716 decidit
1878 1663 1946 1716 ab

2045 479 2165 533 lista
2191 479 2354 545 dicit,
2387 475 2559 542 Erat;
2583 476 2824 546 Baptista
2865 484 3045 531 autem
3068 477 3200 530 dicit
3225 515 3241 542 ,
3268 475 3374 530 Hic
3407 488 3482 532 est
3511 493 3532 531 :
3562 489 3622 536 et

2047 572 2280 641 Spiritus
2330 579 2562 626 testatur
2594 571 2721 640 quia
2759 569 2874 637 ipse
2927 577 3049 635 est;
3079 577 3134 624 et
3183 568 3346 625 Pater
3392 571 3621 627 demon-

2045 676 2229 719 strans
2262 662 2421 725 dicit,
2461 662 2565 716 Hic
2594 671 2669 716 est
2691 679 2712 729 ;
2734 671 2789 716 et
2817 660 2988 717 Filius
3027 660 3186 726 dicit,
3228 661 3340 732 Ego
3374 680 3529 731 sum;
3556 674 3613 719 et

2046 754 2319 809 daemones
2347 753 2537 807 dicunt
2563 793 2580 818 ,
2608 753 2684 808 Tu
2710 771 2764 808 es
2794 767 2814 805 :
2847 769 2966 824 quae
2998 755 3305 823 procacitas
3335 755 3434 810 ista
3457 765 3540 812 est
3565 765 3624 814 ut

2049 861 2152 900 non
2187 846 2414 900 credat?
2437 847 2545 901 Aut
2573 846 2718 900 enim
2744 846 2888 899 Patri
2921 847 3114 912 crede,
3149 855 3241 900 aut
3265 845 3402 902 Filio
3424 850 3582 906 obedi
3602 890 3622 917 ,

2049 947 2140 991 aut
2167 937 2429 1006 Spiritum
2457 938 2701 992 consenti
2719 979 2733 1004 ,
2762 948 2856 992 aut
2887 953 3008 993 cum
3034 939 3311 1010 prophetis
3327 944 3622 1010 concorda,

2048 1019 2141 1086 aut
2171 1045 2292 1084 cum
2313 1029 2618 1099 legislatore
2645 1029 2936 1096 conﬁtere,
2968 1041 3062 1086 aut
3089 1040 3236 1088 certe
3268 1048 3390 1087 cum
3423 1034 3626 1091 daemo—

2052 1122 2212 1176 nibus
2237 1121 2344 1176 noli
2380 1134 2599 1190 negare.
2633 1119 2716 1176 Illi
2757 1121 2901 1176 enim
2927 1121 3112 1176 dicunt
3143 1141 3158 1176 :
3189 1119 3398 1177 Scimus
3439 1135 3488 1178 te
3535 1125 3626 1195 qui

2048 1215 2122 1268 sis
2155 1214 2227 1279 ⁸⁸,
2262 1222 2319 1270 et
2366 1229 2469 1268 non
2522 1221 2739 1269 cessant
2793 1213 3135 1269 conﬁtentes.
3176 1212 3624 1286 Quotiescunque

2051 1305 2193 1360 enim
2224 1304 2594 1360 nominaveris
2624 1305 2962 1361 daemonibus
3012 1306 3207 1362 Filium
3256 1307 3353 1363 Dei
3406 1307 3631 1366 allixum

2049 1397 2244 1464 cruci,
2307 1404 2602 1452 trementes
2655 1398 2837 1452 statim
2883 1411 3016 1452 voce
3050 1397 3224 1466 prima
3271 1398 3630 1456 conﬁtentur.

2051 1487 2148 1543 Est
2175 1488 2320 1542 enim
2350 1487 2517 1544 Filius
2545 1529 2560 1553 ,
2587 1497 2643 1544 et
2674 1495 2893 1556 manet,
2919 1495 2974 1542 et
2998 1503 3225 1558 regnum
3247 1489 3368 1557 ejus
3397 1505 3502 1546 non
3525 1491 3628 1546 ha-

2049 1579 2142 1635 bet
2168 1579 2349 1634 tinem.
2382 1577 2489 1634 Sed
2524 1579 2687 1634 linem
2713 1578 2910 1634 habeat
2930 1593 2993 1634 os
3020 1577 3165 1634 illius
3189 1579 3627 1651 qui.dixit,quia

2053 1673 2205 1744 regni
2231 1672 2348 1744 ejus
2377 1681 2461 1728 est
2496 1671 2638 1726 ﬂuis.
2665 1669 2827 1726 Pater
2847 1669 2990 1727 enim
3029 1670 3120 1741 qui
3151 1671 3334 1741 genuit
3367 1687 3475 1728 non
3503 1686 3624 1742 pte-

373 1771 442 1814 eo
477 1758 618 1828 quod
650 1765 770 1812 erat
804 1757 944 1812 Deus
969 1796 985 1823 ,
1043 1772 1142 1810 nos
1184 1771 1291 1810 non
1338 1755 1523 1823 utique
1561 1754 1838 1808 revocavit
1874 1753 1938 1807 ad

2054 1767 2248 1820 nitetur
2273 1765 2339 1820 de
2369 1765 2506 1819 bona
2538 1763 2814 1834 progenie,
2841 1777 2947 1817 non
2981 1762 3201 1817 devorat
3225 1777 3379 1818 suum
3407 1761 3626 1820 Filium.

372 1863 493 1905 eam
520 1863 585 1902 ex
615 1865 718 1919 qua
743 1849 1059 1909 cecidimus.
1087 1846 1314 1903 Salvare
1356 1845 1522 1915 igitur
1570 1844 1732 1911 venit,
1764 1842 1945 1899 οοωί·
2041 1856 2350 1913 lnvidemus
2375 1853 2589 1910 fabulas
2607 1854 2868 1924 gentium,
2888 1853 3150 1908 etiterum
3169 1854 3387 1909 easdem
3410 1854 3629 1910 induci-

375 1955 480 1994 nus
505 1979 521 2006 ,
552 1955 658 1995 non
689 1949 870 1996 tamen
907 1939 1154 1993 amittere
1185 1939 1328 2005 quod
1350 1935 1604 1990 habebat.
1631 1934 1784 1989 Fecit
1809 1934 1945 1990 bene

376 2033 493 2103 ipse
530 2047 755 2087 manens
799 2031 854 2086 in
885 2046 992 2100 quo
1013 2039 1124 2084 erat
1165 2029 1303 2098 (76),
1339 2041 1445 2081 non
1477 2037 1667 2081 natura
1691 2027 1946 2082 excidens

376 2139 473 2181 sua
493 2164 509 2190 ,
535 2122 631 2178 sed
658 2121 1033 2178 misericordia
1062 2121 1233 2174 utitur
1265 2117 1465 2174 Patris.
1503 2117 1642 2185 Quid
1671 2132 1796 2186 ergo
1820 2131 1948 2186 pro-

376 2215 612 2287 positum
650 2223 771 2268 erat
795 2215 950 2269 nobis
982 2214 1164 2269 dicere
1187 2253 1202 2276 ,
1228 2213 1368 2282 quod
1399 2211 1570 2267 solum
1607 2213 1656 2266 ei
1694 2210 1949 2264 convenit

375 2307 527 2362 dici?
555 2305 730 2362 solum
769 2317 948 2360 autem
999 2303 1254 2360 convenit
1301 2303 1407 2358 dici
1435 2345 1450 2369 ,
1483 2302 1608 2371 quia
1659 2308 1742 2356 est
1789 2300 1950 2355 Pater

374 2416 535 2465 vere,
561 2411 646 2455 est
693 2409 748 2455 et
803 2399 971 2454 Filius
998 2414 1156 2462 vere,
1191 2407 1275 2452 est
1309 2407 1364 2452 et
1410 2395 1648 2464 Spiritus
1706 2404 1947 2450 sanctus.

376 2492 494 2548 Non
520 2491 677 2547 otiosi
710 2506 990 2546 sermones
1014 2531 1027 2555 ,
1059 2505 1164 2544 non
1190 2504 1360 2544 vacua
1383 2487 1552 2542 verba
1578 2528 1594 2552 ,
1621 2487 1715 2541 sed
1762 2496 1951 2540 natura

376 2601 526 2640 vera.
553 2584 714 2640 Pater
737 2600 841 2638 non
875 2593 1037 2640 natus
1063 2623 1078 2647 ,
1107 2593 1162 2637 et
1186 2582 1335 2636 solus
1367 2597 1470 2634 non
1525 2591 1683 2636 natus
1718 2597 1730 2632 :
1761 2588 1814 2633 et
1862 2577 1954 2632 Fi-

333 2713 338 2718 -
379 2675 492 2729 lius
527 2675 837 2742 unigenitus
860 2713 875 2736 ,
931 2682 986 2726 et
1034 2671 1179 2726 solus
1211 2670 1518 2741 unigenitus
1558 2680 1642 2724 est
1675 2685 1690 2722 :
1720 2668 1955 2744 Spiritus

375 2776 598 2822 sanctus
641 2767 730 2836 qui
780 2782 809 2819 a
861 2765 999 2820 Filio
1057 2764 1352 2819 secundum
1399 2761 1578 2817 Patris
1623 2761 1954 2815 voluntatem

374 2862 632 2922 mittitur.
659 2859 753 2912 Vis
797 2867 978 2913 autem
1027 2856 1244 2911 edoceri
1273 2857 1398 2924 quia
1444 2857 1560 2908 haec
1592 2868 1720 2908 vere
1768 2853 1955 2907 dicun-

386 2968 473 3010 tur
495 2954 609 3024 (77)
635 2954 658 3007 ?
695 2951 858 3007 Venit
885 2950 1142 3006 Dominus
1180 2949 1245 3002 ad
1264 2949 1585 3018 baptismum
1613 2947 1835 3002 Joannis
1855 2987 1871 3012 ,
1901 2952 1957 3000 et

377 3045 584 3099 videbis
610 3044 698 3112 qui
732 3042 925 3112 estqui
956 3042 1122 3106 dicit,
1167 3040 1269 3094 llic
1302 3049 1378 3093 est
1414 3038 1590 3093 Filius
1642 3055 1789 3092 meus
1815 3037 1953 3091 dile-

376 3138 639 3196 ctissimus
660 3176 675 3202 ,
699 3137 753 3188 in
780 3150 881 3201 quo
920 3133 1048 3186 mihi
1085 3133 1206 3186 bene
1233 3131 1523 3204 complacui
1558 3131 1624 3184 ⁸³.
1659 3129 1795 3196 Quis
1818 3129 1954 3184 dicit

379 3229 535 3284 haec?
566 3227 752 3295 utique
781 3225 941 3278 Pater
961 3225 1025 3278 de
1054 3224 1163 3278 Deo
1184 3263 1199 3287 ,
1233 3222 1323 3291 qui
1354 3221 1635 3275 videbatur
1679 3228 1734 3272 ut
1766 3219 1951 3272 homo.

381 3321 488 3390 Qui
516 3320 648 3375 dicit
703 3333 874 3388 ergo,
937 3315 1099 3370 Pater
1147 3323 1230 3369 est
1269 3333 1282 3368 :
1315 3315 1378 3367 de
1423 3328 1531 3381 quo
1580 3310 1952 3366 testimonium

377 3424 527 3479 erat,
557 3412 727 3468 Filius
780 3419 865 3465 est
897 3428 909 3463 :
938 3407 1176 3478 Spiritus
1233 3407 1286 3460 in
1335 3406 1514 3475 specie
1561 3403 1845 3458 columbae.
1890 3403 1955 3457 Et

377 3509 472 3579 qui
506 3516 564 3567 ut
591 3507 750 3562 homo
786 3507 1111 3572 apparebat,
1139 3508 1194 3554 et
1213 3499 1305 3569 qui
1356 3499 1406 3551 in
1463 3496 1681 3550 homine
1727 3496 1944 3555 habitat-

375 3601 510 3664 bat,
539 3607 595 3652 et
620 3597 787 3668 quiin
820 3609 1052 3665 corpore
1079 3601 1231 3656 erat,
1259 3590 1563 3645 testabatur
1593 3599 1648 3643 et
1687 3589 1905 3645 dicebat
1931 3607 1946 3643 :

378 3692 605 3761 Expedit
639 3691 775 3745 vobis
806 3697 859 3747 ut
891 3704 983 3757 ego
1025 3686 1235 3740 vadem.
1295 3681 1359 3736 Si
1391 3682 1562 3745 enim,
1612 3679 1826 3748 inquit,
1860 3695 1953 3750 ego

382 3804 487 3842 non
512 3787 622 3839 iero
648 3824 663 3848 ,
691 3783 918 3852 Spiritus
937 3795 1038 3836 non
1069 3780 1231 3832 veniet
1262 3792 1281 3830 :
1304 3790 1423 3828 cum
1461 3789 1554 3844 ego
1583 3773 1726 3837 iero,
1757 3773 1950 3840 rogabo

383 3877 597 3933 Patrem
623 3891 794 3937 meum
823 3873 888 3928 “.
924 3871 1043 3927 Non
1093 3879 1274 3929 tamen
1307 3882 1395 3923 me
1430 3876 1486 3922 et
1527 3866 1693 3920 alium
1725 3868 1955 3919 advoca-

381 3980 496 4027 tum
531 3968 708 4024 mittet
726 3968 885 4025 Pater
913 3965 981 4021 ad
1015 3979 1134 4023 vos.
1170 3962 1271 4029 Qui
1299 3961 1478 4028 vadit,
1502 3969 1558 4015 et
1585 3959 1679 4028 qui
1705 3968 1949 4028 rogatur,

377 4072 434 4119 et
466 4063 557 4133 qui
593 4061 861 4124 mittitur,
917 4073 1021 4112 non
1078 4055 1149 4111 dii
1185 4055 1458 4116 dicuntur.
1496 4052 1645 4108 Unus
1685 4051 1837 4106 enim.
1869 4057 1954 4105 est

381 4153 523 4207 Deus
558 4167 587 4208 a
616 4166 722 4222 quo
751 4159 878 4206 sunt
929 4150 1108 4203 omnia
1132 4187 1148 4213 ,
1197 4156 1253 4202 et
1308 4160 1448 4202 unus
1499 4143 1758 4199 Dominus
1795 4141 1952 4198 Jesus

379 4261 478 4317 per
507 4258 666 4314 quem
700 4251 827 4299 sunt
854 4239 1057 4298 omnia.
1089 4239 1196 4295 Sed
1229 4253 1364 4293 unus
1389 4236 1529 4294 Deus
1547 4251 1651 4291 non
1689 4245 1870 4302 natus,
1899 4243 1954 4292 et

381 4353 522 4392 unus
555 4335 868 4405 unigenitus
896 4333 1155 4392 Dominus
1179 4342 1338 4387 natus
1367 4346 1397 4388 a
1426 4330 1533 4385 Deo
1568 4337 1671 4384 est.
1703 4327 1758 4382 Si
1806 4329 1950 4382 enim

2045 1963 2165 2002 mus
2199 1964 2214 2001 :
2251 1961 2357 2001 non
2389 1961 2508 2012 nos,
2528 1947 2623 2000 sed
2647 1943 2736 2014 qui
2768 1957 2932 1998 ausus
2953 1951 3036 1998 est
3063 1942 3279 1999 Galata.
3315 1944 3456 1999 Deus
3481 1944 3628 2000 enim
3655 1920 3659 1932 ¹

2044 2053 2152 2092 non
2174 2051 2360 2092 vocem
2385 2035 2571 2106 genuit
2599 2034 2691 2090 sed
2711 2032 2928 2097 Filium,
2954 2049 3057 2087 non
3082 2048 3384 2089 sermonem
3419 2033 3514 2089 sed
3547 2033 3630 2088 vi-

2046 2137 2303 2193 tam,uon
2320 2090 2521 2181 dictum
2536 2125 2630 2181 sed
2663 2124 2851 2179 Deum.
2878 2124 3030 2192 Apud
3065 2123 3229 2179 Deum
3258 2125 3550 2190 enim,non
3571 2090 3660 2180 in.

2047 2235 2144 2275 ore
2200 2218 2295 2272 Dei
2324 2237 2337 2272 :
2398 2217 2463 2272 ad
2492 2217 2767 2272 dexteram
2798 2215 2916 2281 Dei,
2952 2233 3056 2272 non
3087 2226 3262 2273 tamen
3293 2219 3382 2288 qui
3412 2219 3466 2274 in
3493 2232 3629 2275 voce

2049 2320 2154 2365 est.
2191 2309 2436 2363 Judicem
2473 2323 2593 2364 eum
2618 2307 2709 2377 qui
2733 2307 3002 2373 viviﬁcat,
3041 2323 3230 2364 verum
3281 2309 3500 2376 lumen,
3528 2310 3626 2379 ju-

2049 2403 2210 2458 stitim
2238 2401 2438 2457 solem.
2469 2399 2673 2453 Lumen
2708 2410 2888 2453 autem
2920 2414 3026 2452 non
3063 2399 3186 2466 tale,
3218 2400 3376 2469 quale
3404 2410 3460 2456 et
3485 2402 3627 2472 apud

2053 2509 2151 2549 nos
2178 2511 2194 2547 :
2230 2492 2363 2547 nihil
2399 2490 2732 2558 accipiamus
2760 2488 2974 2544 visibile
3005 2489 3072 2542 ad
3115 2490 3504 2546 exhibitionem
3536 2491 3625 2547 in-

2051 2583 2306 2639 visibilis.
2333 2582 2449 2637 Nou
2479 2583 2610 2637 mihi
2637 2582 2797 2638 isthic
2829 2581 3002 2636 fontes
3020 2581 3254 2637 adducas
3279 2583 3331 2640 in
3351 2583 3583 2639 medium
3607 2603 3623 2640 :

2053 2692 2159 2732 non
2186 2675 2352 2731 solem
2389 2685 2444 2732 et
2465 2673 2581 2743 ejus
2609 2675 2811 2730 lumen.
2848 2674 2978 2740 Qure
3009 2675 3151 2729 enim
3186 2689 3282 2744 per
3328 2676 3523 2732 Filium
3547 2679 3629 2732 fa-

2055 2779 2138 2824 cta
2175 2779 2330 2835 sunt,
2367 2784 2470 2826 non
2498 2780 2885 2836 comparantur
2909 2769 3066 2826 Filio.
3097 2769 3209 2825 lloe
3238 2769 3382 2825 enim
3433 2771 3622 2828 lumen

2055 2875 2162 2914 non
2183 2869 2266 2914 est
2286 2859 2446 2925 solis,
2472 2862 2568 2914 sed
2602 2859 2889 2914 etlicientia
2940 2860 3071 2915 solis
3102 2878 3115 2914 :
3148 2861 3250 2916 hoc
3304 2860 3488 2917 lumen
3519 2877 3630 2917 non

2057 2951 2224 3006 habet
2247 2954 2410 3005 vitam
2440 2994 2454 3018 ,
2480 2950 2651 3006 Filius
2682 2960 2859 3006 autem
2889 2952 2996 3008 vita
3023 2960 3108 3007 est
3139 2968 3154 3006 ι
3180 2951 3281 3009 hoc
3305 2951 3484 3008 lumen
3519 2967 3630 3007 non

2058 3043 2232 3112 aperit
2293 3043 2476 3098 oculos
2511 3058 2816 3108 caecorum,
2872 3043 2966 3098 sed
3004 3043 3088 3100 his
3135 3045 3226 3113 qui
3282 3043 3456 3100 creati
3503 3053 3632 3099 sunt

2061 3135 2266 3204 praebet
2300 3136 2506 3190 videre.
2539 3134 2642 3188 Sed
2679 3151 2747 3190 ne
2775 3135 2991 3205 quidem
3021 3137 3125 3194 hoc
3153 3152 3183 3190 a
3205 3151 3266 3194 se
3287 3176 3302 3204 ,
3334 3137 3427 3192 sed
3467 3138 3535 3193 ab
3563 3151 3631 3192 eo

2059 3229 2148 3298 qui
2181 3228 2422 3284 indulsit.
2462 3227 2576 3282 lloc
2608 3227 2785 3282 lumen
2815 3228 2868 3282 in
2905 3228 3138 3289 tenebris
3191 3245 3297 3285 non
3334 3228 3475 3284 lucet
3507 3242 3523 3282 :
3551 3238 3637 3284 te-

2062 3321 2242 3378 nebrat
2268 3318 2412 3374 enim
2460 3332 2582 3372 eum
2638 3333 2740 3372 non
2771 3317 3257 3386 comprehendunt.
3297 3317 3375 3374 De
3409 3318 3500 3373 illo
3528 3333 3632 3373 au-

2062 3421 2169 3465 tem
2198 3410 2400 3464 lumine
2426 3409 2625 3463 dictum
2658 3417 2742 3463 est
2770 3429 2782 3462 :
2817 3407 3016 3463 Lumen
3039 3409 3092 3461 in
3118 3409 3336 3472 tenebris
3358 3409 3525 3478 lucet,
3554 3419 3633 3464 te-

2061 3499 2230 3552 nebrae
2258 3511 2375 3550 eum
2405 3511 2509 3548 non
2537 3493 3032 3562 comprehenderunt
3057 3491 3272 3548 ".iloc
3313 3493 3491 3549 lumen
3521 3509 3631 3550 non

2059 3589 2265 3660 pascit,
2295 3603 2400 3644 non
2433 3587 2694 3646 transfert
2719 3601 2912 3658 aquam
2941 3585 3008 3640 ad
3040 3585 3225 3640 vinum
3260 3603 3274 3640 :
3300 3585 3402 3642 hoc
3449 3585 3633 3641 lumen

2059 3697 2166 3737 non
2195 3681 2422 3736 suscitat
2446 3688 2720 3746 mortuos,
2753 3679 2846 3734 sed
2876 3677 3110 3733 otiosum
3158 3686 3243 3733 est
3271 3677 3498 3733 mortuis
3532 3695 3547 3732 :
3577 3685 3635 3733 et

2059 3790 2165 3831 non
2192 3773 2320 3844 quia
2346 3788 2636 3828 commune
2665 3781 2749 3827 est
2781 3786 2973 3825 nomen
3002 3810 3018 3836 ,
3047 3778 3205 3840 putas
3243 3767 3366 3838 quia
3391 3777 3446 3823 et
3482 3782 3634 3824 com-

2059 3868 2239 3922 munis
2279 3875 2471 3920 natura
2498 3875 2602 3920 est.
2638 3864 2750 3928 lloc
2778 3863 2956 3918 lumen
2989 3870 3082 3918 aut
3108 3862 3160 3917 in
3189 3861 3362 3933 primo
3386 3861 3476 3920 die
3499 3899 3515 3927 ,
3537 3867 3635 3915 aut

2059 3974 2179 4015 cum
2205 3957 2319 4014 sole
2349 3959 2403 4013 in
2428 3967 2622 4026 quarto
2647 3996 2662 4023 ,
2685 3954 3135 4025 quemadmodum
3165 3953 3288 4024 quis
3313 3951 3586 4026 putaverit
3613 3991 3631 4018 ,

2058 4051 2146 4106 die
2175 4058 2370 4121 quarto
2400 4059 2482 4104 est
2511 4050 2734 4104 factum.
2771 4047 2939 4108 Filius
2971 4055 3152 4100 autem
3204 4060 3311 4102 non
3348 4044 3402 4100 in
3454 4044 3634 4116 primo

2059 4144 2145 4198 die
2165 4183 2182 4210 ,
2211 4157 2384 4213 neque
2414 4143 2466 4196 in
2496 4151 2687 4212 quarto
2708 4179 2724 4207 ,
2748 4154 2923 4210 neque
2957 4139 3010 4194 in
3039 4147 3209 4193 totum
3233 4138 3288 4194 in
3318 4137 3427 4204 die,
3458 4151 3634 4206 neque

2059 4237 2113 4292 in
2150 4237 2280 4294 bera
2310 4276 2325 4301 ,
2352 4251 2526 4306 neque
2573 4234 2626 4289 in
2681 4229 3049 4304 temporibus,
3082 4246 3258 4301 neque
3314 4231 3367 4286 in
3395 4229 3628 4286 saeculis.

2061 4326 2185 4382 llzec
2213 4328 2356 4382 enim
2385 4315 2482 4395 per
2504 4325 2700 4380 Filium
2722 4368 2737 4392 ,
2767 4339 2876 4379 non
2902 4335 3078 4384 tamen
3107 4321 3273 4378 Filius
3299 4321 3352 4376 in
3381 4320 3486 4376 his.
3513 4319 3630 4375 Non

379 4448 490 4490 non
527 4440 713 4485 natum
748 4439 803 4483 et
831 4444 935 4483 non
961 4438 1146 4482 natum
1179 4427 1414 4484 dicerem
1438 4463 1450 4486 ,
1488 4431 1581 4476 aut
1612 4421 1948 4490 unigenitum
1985 4454 2029 4508 Β
2058 4421 2202 4474 enim
2235 4435 2264 4472 a
2291 4417 2673 4473 communione
2703 4416 2980 4470 hominum
3015 4412 3346 4468 confundere
3372 4410 3630 4466 debemus

380 4536 437 4584 et
464 4523 838 4596 unigenitum;
868 4530 995 4576 tunc
1026 4533 1396 4574 asseverarem
1425 4517 1474 4570 id
1517 4515 1658 4584 quod
1692 4529 1794 4566 non
1821 4512 1953 4566 dicit

377 4617 649 4675 Ecclesia.
685 4614 825 4681 Quid
862 4627 990 4683 ergo
1017 4613 1147 4666 dicit
1181 4612 1342 4666 Pater
1400 4611 1451 4663 in
1506 4606 1731 4682 Joannis
1771 4606 1950 4674 bapti-

377 4710 594 4769 smum?
626 4707 728 4762 Hic
758 4717 832 4761 est
868 4705 1040 4759 Filius
1063 4720 1207 4758 meus
1271 4703 1530 4763 dilectus,
1578 4699 1631 4750 in
1675 4715 1775 4768 quo
1832 4698 1955 4750 bene

377 4803 677 4876 complacui
706 4802 791 4855 ‘5?
819 4799 1086 4855 Sollicita
1123 4797 1232 4852 Deo
1284 4804 1339 4850 et
1395 4790 1559 4846 semel
1602 4791 1822 4854 audire,
1863 4789 1954 4841 sed

380 4915 489 4954 non
525 4897 660 4952 dicit
693 4895 883 4951 semel.
915 4891 1194 4961 Siquidem
1223 4896 1277 4942 et
1315 4887 1370 4940 in
1404 4892 1586 4939 monte
1609 4897 1730 4934 cum
1759 4879 1953 4933 luisset

379 4989 642 5046 Dominus
669 4986 1088 5056 transﬁguratus
1144 4988 1408 5052 prtesente
1462 4975 1644 5046 Moyse
1695 4982 1749 5028 et
1801 4972 1958 5038 Elia,

380 5083 574 5140 eadem
608 5080 803 5148 repetit
831 5088 886 5133 et
923 5077 1094 5132 dicit:
1122 5077 1224 5130 Hic
1263 5084 1337 5127 est
1401 5069 1577 5123 Filius
1629 5083 1773 5120 meus
1821 5064 1958 5118 dile-

382 5175 650 5228 ctissimus
678 5172 730 5226 in
759 5187 860 5239 quo
904 5170 1030 5222 bene
1077 5166 1400 5235 complacui;
1443 5163 1614 5230 ipsum
1661 5158 1841 5210 audite
1886 5154 1954 5209 “.

380 5269 517 5324 Nam
551 5277 605 5321 et
634 5263 870 5318 Joannes
902 5262 1095 5316 similia
1144 5259 1341 5312 fatetur
1367 5266 1419 5311 et
1447 5255 1580 5308 dicit
1614 5270 1626 5306 :
1655 5251 1758 5317 Qui
1812 5247 1958 5302 misit

381 5377 464 5420 me
491 5360 759 5428 baptizare
785 5358 835 5409 in
871 5372 1008 5424 aqua
1030 5393 1044 5418 ,
1069 5354 1175 5421 ipse
1206 5351 1329 5404 mihi
1356 5349 1515 5412 dixit,
1547 5344 1613 5399 In
1636 5359 1784 5416 quem
1816 5341 1956 5396 vide-

489 5471 532 5502 ⁶¹
569 5471 725 5524 .luan.
757 5466 972 5532 xn,55.
1049 5465 1092 5495 “
1123 5463 1312 5516 Matth.
1359 5477 1562 5532 xxvm,
1598 5457 1687 5532 20.
1766 5456 1810 5488 ⁸³
1860 5453 2176 5532 ἒίξιιιιιεᾷιιι,
2240 5454 2325 5509 l'l.

2059 4511 2414 4565 dilierentiam
2453 4519 2684 4563 naturae.
2738 4505 2852 4562 lloc
2903 4505 3085 4560 lumen
3132 4502 3395 4572 perillum
3447 4501 3630 4555 lumen

2056 4612 2158 4656 est.
2179 4601 2292 4656 Non
2313 4617 2440 4671 ergo
2471 4613 2846 4669 comparemus
2876 4594 3130 4651 insimilia
3156 4602 3246 4649 aut
3271 4593 3466 4647 similia
3490 4591 3626 4661 (78).

2059 4693 2242 4763 Neque
2267 4693 2443 4748 fomes
2468 4699 2518 4744 et
2552 4700 2758 4744 meatus
2786 4687 3012 4743 fontium
3035 4728 3050 4753 ,
3081 4695 3135 4740 et
3173 4686 3318 4741 rivos
3333 4693 3390 4740 et
3415 4681 3626 4750 ﬂuvios,

2058 4786 2182 4856 quia
2214 4801 2316 4841 non
2341 4784 2526 4844 deﬂuit
2548 4781 2736 4845 Pater,
2768 4782 2862 4836 sed
2895 4789 3077 4836 manet
3115 4787 3174 4833 ut
3203 4785 3342 4836 erat.
3377 4774 3495 4846 Ipse
3542 4784 3630 4831 est

2060 4880 2203 4934 enim
2239 4879 2328 4949 qui
2360 4887 2460 4932 est.
2487 4874 2671 4946 Neque
2698 4873 2973 4944 passiones
3008 4881 3218 4944 Oportet
3265 4869 3482 4939 adiungi
3524 4867 3629 4924 im-

2062 4969 2299 5038 passibili
2327 4966 2472 5020 Patri
2502 4966 2669 5036 :_quia
2695 4980 2801 5019 non
2830 4963 3119 5027 dividitur,
3155 4975 3260 5014 non
3313 4957 3580 5013 scinditur
3609 4993 3627 5020 ,
3660 4961 3667 4974 ’

2064 5077 2168 5116 non
2204 5068 2484 5129 separatur
2505 5097 2520 5124 ,
2550 5058 2643 5112 sed
2675 5065 2858 5112 manet
2882 5064 2937 5109 et
2979 5062 3223 5124 generat.
3263 5049 3497 5105 General
3529 5063 3627 5101 au-

2064 5167 2169 5208 tem
2200 5162 2257 5206 ut
2287 5152 2459 5221 ipsum
2496 5151 2651 5204 decet
2684 5161 2843 5202 nosse
2863 5186 2878 5212 ,
2913 5155 2969 5202 et
2998 5160 3098 5199 nos
3124 5143 3369 5198 adorare.
3401 5139 3519 5194 Noli
3547 5139 3630 5193 di-

2062 5259 2186 5298 cere
2215 5241 2709 5312 quemadmodum,
2742 5253 2916 5308 neque
2967 5251 3176 5307 quazras
3221 5233 3625 5305 generationem

2061 5336 2206 5392 illam
2243 5351 2405 5406 quam
2439 5334 2615 5389 nullus
2636 5338 2886 5399 enarrat,
2924 5329 3102 5385 nullus
3133 5327 3268 5395 scit,
3307 5323 3484 5380 nuilus
3519 5335 3624 5376 no-

2419 5452 2464 5484 “
2516 5450 2673 5507 Joan.
2727 5464 2856 5514 xvi,
2912 5445 2965 5500 7.
3057 5444 3102 5476 “
3147 5443 3338 5498 Matth.
3396 5455 3495 5508 ιιι,
3533 5433 3623 5492 Π.

381 5544 428 5576 ⁸⁸
463 5522 658 5613 Matth,
684 5522 912 5605 x’m,’5.
989 5535 1033 5566 ⁸⁷
1074 5532 1231 5587 Joan.
1257 5548 1312 5598 ι,
1346 5533 1437 5586 55.
1511 5522 1556 5562 ⁸⁸
1596 5529 1728 5583 Luc.
1759 5525 1949 5592 iv,3-i.

2054 5523 2073 5554 '
2111 5522 2268 5598 Joan.
2299 5540 2352 5589 ι,
2389 5523 2444 5579 5.

456 5639 568 5705 (7h)
614 5637 710 5690 Ms.
744 5634 893 5691 Facit
925 5631 1182 5705 benegipse
1205 5645 1419 5685 manens
1449 5629 1503 5682 in
1542 5644 1641 5697 quo
1667 5635 1800 5681 erat.

459 5702 570 5781 (77)
597 5708 738 5763 Inita
768 5706 860 5762 lib.
891 5721 951 5772 Il,
985 5703 1084 5759 sub
1109 5702 1227 5756 init.

2127 5593 2241 5694 (78)
2267 5619 2550 5676 ιηιίηιειεα.
2577 5615 2832 5690 Ἀνόμοια
2853 5615 2992 5672 inira
3017 5613 3111 5668 lib.
3138 5625 3199 5677 ιι,
3230 5613 3350 5679 post
3373 5602 3517 5660 med.
