4098 6398
582 382 721 439 1055

1249 359 1529 435 adsumi
1569 368 2046 433 cmssnmums
2082 366 2236 422 ore.
2277 361 2459 418 usus
2497 359 2586 415 tv.
2626 387 2699 401 .-
2736 351 3180 424 υοοΜΑΤιοΑ.ι

3688 350 3829 410 1056

574 505 676 558 vit.
706 502 849 557 Cede
874 544 889 568 .
918 510 972 558 et
1003 500 1263 557 conﬁtere
1321 500 1693 555 inﬁrmitatem
1744 506 1913 551 tuam-
1944 494 2148 550 Obum-
2177 496 2223 551 A
2252 515 2335 563 est
2370 503 2539 559 bene!
2576 501 2689 557 Non
2734 500 2878 556 enim
2935 498 3049 553 haec
3102 507 3185 551 est
3230 509 3478 551 mensura
3511 495 3775 551 distantias:
3804 514 3823 553 :

574 594 695 650 bret
720 604 770 649 te
791 594 1060 649 Christus.
1087 591 1143 648 Si
1171 594 1313 648 enim
1341 602 1394 647 tu
1444 591 1719 662 quomodo
1749 598 1906 643 natus
1938 602 1998 641 es
2052 600 2146 640 ne-

575 687 719 751 scis,
746 688 1202 758 quemadmodum
1227 730 1243 755 ,
1274 687 1369 758 qui
1416 688 1484 743 de
1507 696 1559 742 te
1605 686 1824 756 ignoras
1845 724 1860 749 ,
1889 683 1955 736 de
1986 680 2150 736 Patre

576 788 633 833 et
663 776 801 835 Filio
822 787 912 833 aut
941 780 1170 849 quaeris,
1208 788 1298 833 aut
1324 792 1484 834 nosse
1518 786 1572 832 te
1608 776 1807 846 putas?
1839 776 1976 841 Quid
2020 789 2149 844 ergo

577 885 685 925 non
708 869 966 925 debemus
995 871 1241 925 conliteri
1286 870 1450 925 Deum
1483 877 1539 925 et
1590 868 1828 923 Filium?
1879 866 2150 923 Conﬁtere

576 975 640 1017 ea
676 976 795 1032 quae
820 962 885 1017 de
910 961 1073 1017 Patre
1104 972 1158 1017 et
1188 962 1325 1018 Filio
1352 962 1555 1031 scripta
1595 970 1724 1017 sunt
1751 979 1764 1015 :
1801 969 1855 1015 et
1899 959 2006 1013 noli
2054 973 2151 1013 cu-

576 1054 754 1110 riosus
780 1069 842 1109 ea
873 1070 992 1124 quae
1018 1069 1122 1109 non
1158 1063 1285 1109 sunt
1332 1054 1529 1124 scripta
1560 1054 1859 1123 requirere.
1897 1052 2105 1106 Dicitur
2131 1090 2149 1114 ,

577 1146 646 1202 In
666 1148 922 1216 princim’o
947 1156 1094 1213 erat,
1125 1155 1180 1202 et
1216 1147 1337 1217 quis
1365 1146 1584 1202 audebit
1616 1143 2043 1214 reprehendere?
2089 1142 2149 1197 Si

578 1248 759 1293 autem
785 1249 842 1294 et
866 1240 1271 1310 reprehenderit
1304 1249 1353 1294 te
1378 1280 1394 1307 ,
1432 1248 1602 1294 semet
1657 1239 1833 1307 ipsum
1868 1238 2033 1291 laedit.
2080 1234 2149 1289 In

576 1328 837 1398 principio
859 1338 972 1383 erat
1010 1324 1236 1383 Verbum
1255 1370 1271 1397 ,
1298 1338 1346 1383 et
1392 1327 1615 1382 Verbum
1643 1339 1755 1383 erat
1781 1327 1921 1396 apud
1957 1326 2146 1392 Deum,

574 1430 624 1475 et
658 1419 796 1474 Deus
837 1431 952 1476 erat
1018 1418 1263 1474 Verbum.
1308 1420 1415 1474 Hic
1449 1430 1562 1475 erat
1604 1421 1658 1475 in
1706 1420 1965 1490 principio
2008 1419 2148 1488 apud

575 1511 765 1566 Deum.
792 1511 856 1566 Et
881 1512 1073 1581 saepius
1100 1513 1199 1566 ista
1237 1512 1506 1574 dicantur,
1535 1522 1589 1567 et
1620 1511 1750 1566 nihil
1769 1520 2150 1580 conqumratttr

575 1601 723 1655 novi.
752 1599 968 1657 Utinam
998 1608 1175 1656 autem
1211 1600 1384 1655 solum
1413 1600 1743 1668 legeremus!
1779 1601 1984 1654 utinam
2016 1598 2148 1654 solis

576 1688 873 1763 Scripturis
904 1693 1139 1747 contenti
1171 1693 1449 1747 essemus!
1478 1700 1535 1746 et
1564 1692 1631 1746 lis
1676 1690 1820 1746 nulla
1855 1690 2038 1746 ﬁebat.
2088 1687 2147 1745 Si

577 1782 722 1835 enim
750 1783 874 1852 quis
919 1782 1126 1852 litigat,
1154 1782 1241 1838 vel
1285 1782 1647 1847 contradicit,
1688 1782 1933 1852 jurgatus
1982 1780 2149 1837 fuerit

577 1872 664 1927 his
690 1841 807 1941 quae
826 1841 1032 1942 scripta
1056 1841 1183 1930 su'nt
1209 1894 1224 1930 :
1254 1890 1359 1931 non
1390 1875 1459 1930 ad
1505 1841 1981 1944 homitt'emvlitigat
2004 1915 2019 1940 ,
2049 1875 2146 1928 sed
2175 1841 2219 1897 Β

576 1963 646 2018 ad
700 1963 1005 2035 Deum,qui
1058 1966 1301 2037 scripsit.
1343 1964 1491 2022 Unde
1517 1976 1697 2020 autem
1754 1966 1983 2020 ellicitur
2034 1964 2148 2020 lis?

575 2071 700 2111 cum
727 2071 791 2111 ea
824 2072 941 2127 quae
966 2073 1034 2112 ex
1063 2060 1228 2115 corde
1264 2068 1388 2115 sunt
1427 2057 1770 2123 proferimus.
1814 2060 1948 2113 Puto
2001 2059 2144 2112 enim

574 2150 696 2218 quia
734 2149 908 2204 nullus
932 2159 1012 2205 est
1038 2150 1421 2221 aususjurgari
1452 2154 1517 2207 ad
1549 2145 1739 2208 Deum.
1765 2152 1836 2205 Ea
1860 2166 1980 2221 quae
2006 2151 2145 2206 scri-

577 2251 667 2311 pta
696 2252 820 2295 sunt
852 2239 996 2311 lege,
1020 2250 1076 2296 et
1102 2241 1279 2297 nullus
1302 2242 1629 2312 jurgabitur.
1659 2241 1821 2296 Pater
1874 2242 2055 2296 statim
2089 2249 2148 2295 ut

573 2327 753 2383 dictus
783 2327 884 2382 fuit
916 2328 1108 2395 Pater,
1138 2330 1365 2400 requirit
1411 2332 1512 2387 ista
1548 2348 1647 2386 vox
1672 2332 1888 2386 Filium.
1941 2330 2147 2385 Dicitur

573 2414 781 2484 Filius,
837 2427 892 2473 et
948 2419 999 2473 in
1054 2436 1118 2476 eo
1171 2423 1288 2493 ipso
1340 2424 1465 2479 dum
1517 2424 1757 2487 dicitur,
1794 2422 1951 2477 Pater
2010 2438 2146 2478 con-

572 2507 774 2563 litetur.
830 2509 943 2565 Non
990 2513 1135 2567 enim
1169 2529 1335 2570 vacua
1365 2530 1467 2571 vox
1496 2525 1578 2570 est
1617 2515 1814 2580 Pater,
1851 2516 1943 2570 sed
1986 2514 2146 2569 exhi-

571 2598 705 2655 hens
750 2610 994 2658 naturam
1045 2603 1191 2661 Filii.
1233 2606 1349 2661 Non
1388 2623 1557 2662 vacua
1598 2617 1680 2662 est
1716 2623 1816 2661 vox
1857 2624 1977 2677 qua:
2017 2607 2147 2663 dicit

572 2689 802 2756 Filium.
865 2695 960 2750 sed
1024 2700 1336 2765 praecedens
1386 2701 1674 2752 conlitetur
1728 2697 1982 2764 Patrem,
2038 2713 2142 2753 non

582 2785 916 2854 temporibus
940 2824 956 2851 ,
992 2800 1098 2840 non
1143 2787 1369 2857 spatiis,
1414 2792 1508 2843 sed
1551 2787 1811 2856 dignitate
1834 2797 1887 2842 ct
1919 2789 2143 2842 honore.

572 2872 737 2930 Pater
791 2876 965 2947 diligit
1005 2877 1229 2945 Filium,
1275 2880 1447 2950 diligit
1487 2889 1540 2935 et
1588 2880 1842 2950 diligitur.
1892 2879 2042 2936 Unde
2081 2880 2148 2936 lis

572 2966 676 3022 ista
739 2977 856 3035 est,
903 2984 1008 3024 non
1058 2972 1292 3028 invenio.
1350 2971 1462 3027 Illic
1512 2988 1652 3041 pax,
1708 2982 1763 3027 et
1818 2974 1975 3028 isthic
2026 2973 2145 3041 jur-

572 3059 684 3127 gia.
732 3058 848 3115 Illic
905 3060 1152 3128 dilectio,
1210 3071 1267 3117 et
1306 3063 1395 3119 hic
1440 3066 1733 3120 contentio.
1770 3064 1825 3119 Si
1876 3065 2145 3135 diligimus

2250 599 2377 668 quia
2403 609 2577 665 neque
2614 605 2993 661 comparamur
3015 629 3031 653 ,
3077 600 3251 656 neque
3298 601 3619 656 aequamur:
3650 603 3827 657 neque

2255 692 2309 746 in
2341 705 2448 760 quo
2473 689 2652 742 minus
2686 699 2895 740 sumus.
2931 681 3047 735 Non
3086 696 3183 736 nos
3207 680 3415 747 solum,
3451 682 3544 735 sed
3581 695 3680 736 nec
3723 697 3825 735 an-

2251 784 2394 855 geli,
2424 790 2517 836 aut
2542 776 2891 847 archangeli,
2940 782 3034 829 aut
3068 774 3328 837 virtutes,
3371 782 3464 828 aut
3494 774 3822 828 dominatio-

2250 892 2367 940 nes,
2384 889 2557 945 neque
2578 872 2719 926 aliud
2747 868 2970 938 aliquid,
2999 867 3092 923 sed
3115 867 3296 921 omnia
3313 866 3690 933 relinquuntur
3708 864 3823 936 (80)

2252 971 2321 1024 ab
2354 966 2628 1036 unigenito
2649 984 2662 1019 :
2685 965 2799 1033 ipse
2817 971 2992 1016 autem
3018 960 3114 1015 soli
3136 960 3224 1014 uni
3251 967 3372 1014 nato
3394 974 3498 1014 non
3522 958 3661 1013 cedit
3686 958 3817 1031 (81).

2249 1060 2363 1115 Νοη
2395 1074 2583 1115 sumus
2609 1055 2774 1112 Judaei
2795 1094 2811 1119 ,
2840 1054 3163 1108 conﬁtemur
3185 1052 3327 1107 enim
3347 1050 3562 1106 Filium.
3585 1049 3699 1105 Non
3732 1067 3824 1105 sn—

2249 1168 2370 1209 mus
2396 1150 2623 1223 gentiles
2643 1191 2660 1215 ,
2696 1149 2822 1219 quia
2858 1162 2962 1201 non
3003 1146 3231 1201 dicimus
3254 1143 3450 1199 multos
3475 1143 3686 1197 Patres.
3707 1139 3820 1195 Non

2249 1259 2435 1302 sumus
2469 1243 2747 1306 haeretici,
2779 1240 2981 1296 scimus
3019 1238 3160 1294 enim
3202 1238 3486 1309 Spiritum.
3538 1238 3645 1293 Sed
3693 1238 3825 1307 quid

2250 1337 2477 1393 sumus?
2527 1336 2737 1405 Sponsa
2772 1333 3005 1388 viventis
3036 1332 3219 1401 sponsi
3270 1347 3365 1400 per
3415 1330 3685 1386 Christum
3725 1347 3824 1386 nos

2249 1444 2452 1483 sumus.
2488 1426 2544 1481 Si
2575 1442 2703 1498 ergo
2729 1442 2828 1481 nos
2855 1426 2944 1496 qui
2978 1440 3075 1495 per
3107 1425 3381 1480 Christum
3408 1439 3596 1479 sumus
3617 1466 3632 1486 ,
3665 1434 3822 1493 putas

2249 1522 2369 1591 quia
2398 1522 2509 1588 ipse
2551 1536 2654 1573 non
2686 1519 2807 1574 est?
2832 1534 2894 1573 ea
2919 1534 3038 1586 quae
3067 1534 3162 1587 per
3203 1518 3378 1587 ipsum
3414 1525 3542 1572 sunt
3566 1527 3820 1582 manent,

2248 1624 2303 1668 et
2334 1615 2441 1683 ipse
2468 1612 2627 1667 ﬁnem
2662 1612 2823 1666 habet
2852 1620 2913 1665 ut
2940 1610 3155 1681 quidam
3182 1609 3495 1665 insaniunt?
3536 1606 3649 1662 Non
3676 1609 3821 1663 enim

2252 1705 2484 1775 acquirit
2516 1703 2662 1759 aliud
2690 1702 2835 1773 quod
2867 1717 2971 1757 non
2995 1710 3114 1758 est:
3149 1717 3252 1756 non
3305 1701 3569 1768 assumit,
3619 1700 3714 1756 sed
3771 1710 3827 1755 et

2247 1801 2387 1869 quod
2417 1808 2497 1853 est
2527 1796 2810 1852 abscondit
2867 1814 2880 1849 :
2942 1794 3044 1849 hoc
3070 1794 3211 1848 enim
3251 1791 3537 1863 signiﬁcat,
3565 1791 3645 1845 Da
3672 1791 3822 1855 mihi,

2247 1892 2404 1946 Pater
2432 1907 2452 1947 :
2481 1893 2572 1946 sed
2604 1904 2707 1943 non
2725 1887 2927 1957 aliquid
2960 1902 3156 1941 novum
3181 1886 3310 1954 petit
3334 1885 3455 1939 :sed
3486 1884 3623 1954 quod
3639 1884 3823 1950 habui,

2245 1985 2446 2054 inqttit,
2497 1982 2638 2052 apud
2683 1991 2771 2046 te,
2818 1981 2889 2033 da
2928 1979 3058 2031 mihi
3109 1977 3175 2031 ⁷³.
3226 1975 3341 2030 Non
3376 1976 3519 2040 enim
3570 1975 3764 2041 habes,
3792 1990 3826 2030 ο

2250 2077 2495 2140 Domine,
2531 2074 2675 2145 quod
2702 2071 2980 2127 habebas?
3003 2071 3107 2126 Sed
3136 2070 3258 2140 quia
3282 2110 3298 2134 ,
3324 2069 3530 2139 inquit,
3562 2069 3825 2123 absconsa

2246 2178 2330 2226 est
2361 2183 2474 2223 mea
2502 2166 2712 2236 species
2741 2183 2753 2218 :
2783 2164 2909 2233 quia
2943 2178 3046 2216 non
3080 2170 3297 2231 apparet
3338 2176 3453 2213 mea
3484 2158 3673 2229 gloria.
3698 2156 3827 2211 Glo-

2247 2260 2430 2328 ri/ica,
2463 2257 2678 2328 inquit,
2709 2266 2860 2309 tuum
2909 2252 3111 2307 Filium
3156 2253 3223 2307 7“.
3283 2252 3350 2304 Et
3395 2251 3520 2319 quid
3552 2252 3829 2319 respondit

2246 2350 2442 2406 Pater?
2472 2346 2793 2415 Gloriﬁcaui.
2823 2346 2878 2401 Si
2903 2344 3070 2415 igitur
3099 2342 3449 2414 gloriﬁcavit,
3475 2342 3603 2411 quid
3629 2344 3828 2405 quaerit

2246 2440 2578 2515 glorilicari?
2602 2440 2707 2494 Sed
2741 2439 2874 2493 dicit
2898 2437 3056 2491 Pater
3083 2477 3096 2501 ,
3140 2433 3207 2489 Et
3255 2438 3444 2488 iterum
3496 2431 3821 2504 gloriﬁsabo.

2247 2538 2304 2592 Si
2331 2535 2441 2605 jam
2465 2532 2801 2604 gloriﬁcasti,
2824 2530 3095 2601 quomodo
3127 2530 3319 2582 iterum
3345 2526 3655 2597 gloriﬁcas?
3683 2524 3824 2578 Num

2247 2628 2449 2691 addes,
2481 2626 2736 2695 quoniam
2762 2624 2831 2679 ab
2865 2623 3020 2677 initio
3062 2622 3336 2692 genuisti?
3362 2620 3476 2675 Non
3511 2618 3651 2673 adtlo
3685 2637 3701 2673 z
3731 2620 3827 2672 sed

2246 2732 2302 2777 et
2342 2736 2437 2791 per
2464 2734 2668 2789 corpus
2713 2717 2943 2774 ostendo
2993 2717 3095 2771 mei
3147 2714 3271 2769 Filii
3326 2714 3576 2785 gloriam.
3617 2710 3822 2773 Genui,

2246 2814 2588 2887 gloriﬁcavi,
2617 2822 2671 2869 et
2728 2813 2923 2867 iterum
2967 2810 3306 2881 gloriﬁcabo.
3356 2808 3575 2871 Palam,
3618 2806 3823 2873 inquit,

2247 2906 2390 2963 facio
2418 2906 2560 2974 quod
2609 2913 2727 2960 erat
2784 2905 3129 2958 absconsum.
3164 2900 3295 2955 Nam
3330 2909 3384 2954 et
3420 2897 3705 2969 Apostolus
3740 2895 3826 2947 di-

2246 2999 2322 3055 cit
2351 3015 2365 3052 :
2398 2996 2895 3068 Etgsuperexaltavit
2924 3010 3076 3060 eum,
3112 3004 3159 3045 et
3206 2992 3347 3045 dedit
3382 2993 3430 3045 ei
3459 3007 3645 3044 nomen
3683 2991 3825 3059 quod

2247 3099 2321 3144 est
2360 3105 2515 3159 super
2544 3104 2691 3144 omne
2719 3103 2906 3141 nomen
2955 3087 3023 3139 ⁷³.
3084 3084 3197 3139 Non
3260 3085 3543 3149 mercede,
3597 3094 3655 3137 ut
3702 3095 3826 3152 pote

572 3148 1133 3250 Pf'“'em_g__i_'“ilem“'
1160 3168 1347 3224 Pacem
1379 3155 1627 3250 ﬂuminio
1654 3156 1895 3250 cini-79L
2028 3157 2148 3211 dm"
2172 3186 2215 3243 (Ξ
2247 3148 2586 3237 obedientiam
2617 3181 2888 3250 Scriptum
2925 3179 3067 3234 enim
3109 3187 3189 3233 est
3230 3176 3673 3247 quemadmodum
3696 3148 3828 3229 obl--

575 3243 755 3313 gimus
790 3241 1025 3311 Filium,
1080 3259 1185 3299 non
1225 3253 1308 3301 est
1366 3246 1719 3302 dissensionis
1750 3247 1909 3303 Deus.
1965 3247 2143 3316 Nosti,

583 3336 716 3389 doce
750 3352 763 3388 :
794 3334 1048 3406 ignoras,
1098 3334 1344 3399 edocere.
1386 3336 1479 3390 Lis
1523 3340 1667 3391 enim
1720 3350 1896 3406 neque
1951 3341 2147 3407 docet,

584 3439 760 3495 neque
799 3426 1048 3483 docetur.
1099 3425 1254 3494 Quod
1305 3428 1747 3498 comprehendis,
1792 3430 1894 3484 hoc
1945 3445 2146 3499 quaere.

573 3516 858 3587 Invenisti,
891 3518 1098 3590 gratias
1128 3533 1247 3590 age.
1276 3517 1467 3586 Nosti,
1502 3520 1672 3576 trade.
1698 3520 1812 3593 Ego
1832 3532 2007 3577 autem
2034 3524 2149 3579 scio

569 3609 701 3680 quia
743 3611 943 3667 nescis.
978 3607 1127 3665 Unde
1156 3609 1274 3666 scio
1316 3612 1439 3681 quia
1467 3626 1566 3683 ego
1610 3615 1811 3669 nescio.
1847 3613 2000 3670 Unde
2048 3616 2151 3672 hoc

571 3701 703 3771 quia
730 3700 938 3771 ignoro.
977 3698 1148 3756 Verax
1174 3701 1320 3757 enim
1357 3711 1441 3758 est
1475 3705 1568 3772 qui
1603 3703 1739 3759 dixit
1769 3721 1784 3760 :
1823 3702 1993 3760 Nemo
2048 3722 2143 3760 no-

570 3796 642 3848 vit
670 3794 738 3849 '°.
769 3794 1075 3850 Secundum
1106 3795 1263 3851 istam
1299 3795 1463 3866 igitur
1510 3811 1727 3861 vocem,
1786 3798 1965 3854 omnis
2021 3800 2146 3871 qui-

571 3902 785 3957 cunque
805 3903 865 3944 se
892 3888 1023 3943 dicit
1051 3888 1193 3944 scire
1216 3891 1497 3944 mentitur.
1526 3889 1633 3946 Sed
1667 3889 1807 3946 forte
1846 3893 1981 3948 dicis
2000 3933 2015 3960 ,
2053 3893 2151 3948 Dei

572 3994 793 4047 sumus,
822 3988 876 4035 et
926 3996 1033 4037 non
1083 3982 1285 4037 scimus
1333 3993 1595 4052 quantum
1644 3992 1699 4039 et
1750 3987 2147 4058 pertingimus:

575 4071 680 4126 hoc
706 4072 885 4127 solum
917 4073 1044 4143 quia
1073 4083 1158 4130 est
1188 4092 1204 4130 :
1242 4090 1348 4129 non
1381 4084 1557 4130 tamen
1590 4076 1766 4145 qualis
1809 4088 1861 4131 et
1888 4087 2147 4149 quantum

569 4172 676 4218 est.
703 4162 840 4231 Quia
868 4165 1034 4235 igitur
1062 4176 1181 4232 est,
1204 4166 1438 4234 scimus;
1473 4182 1577 4221 non
1605 4176 1780 4223 tamen
1809 4171 2003 4239 qualis.
2030 4170 2148 4227 Non

569 4256 715 4309 enim
744 4265 987 4311 nostrum
1024 4264 1108 4311 est
1139 4271 1454 4312 mensurare
1477 4258 1966 4316 immensurabilent
1996 4277 2010 4316 :
2042 4278 2147 4317 non

572 4354 815 4402 nostrum
863 4347 1318 4417 comprehendere
1351 4348 1971 4421 incomprehenanlem.
2009 4351 2145 4408 Cum

568 4438 716 4493 enim
750 4439 1012 4495 memoria
1044 4438 1110 4495 de
1163 4440 1273 4496 Deo
1319 4450 1437 4510 est,
1476 4458 1626 4498 mens
1689 4442 1939 4514 religiosa
1977 4444 2149 4499 intre-

2250 3272 2387 3328 divit
2417 3289 2588 3342 usque
2614 3274 2679 3327 ad
2710 3281 2941 3326 mortem
2967 3311 2983 3336 ,
3025 3279 3253 3324 mortem
3307 3278 3482 3323 autem
3514 3268 3709 3322 crucis.
3758 3266 3827 3320 Et

2249 3366 2372 3422 ideo
2395 3407 2408 3430 ,
2438 3366 2643 3436 inquit,
2676 3365 2814 3420 Deus
2841 3362 3265 3432 superexaltavit
3287 3377 3432 3416 eum.
3466 3360 3522 3414 Si
3568 3360 3689 3428 quis
3722 3376 3821 3411 au-

2251 3467 2355 3512 tem
2382 3456 2515 3511 dure
2540 3456 2730 3526 legerit
2752 3468 3061 3520 sermones,
3094 3451 3233 3505 forte
3268 3451 3476 3521 putabit
3526 3451 3681 3505 istaut
3734 3466 3826 3503 su-

2247 3548 2727 3620 perexaltationetn
2762 3546 3065 3601 mercedem
3095 3558 3218 3599 esse
3250 3541 3592 3598 obedientiae.
3620 3541 3693 3595 Ita
3728 3558 3827 3611 pu-

2250 3650 2334 3696 tas
2354 3680 2371 3707 ,
2396 3642 2490 3695 sed
2526 3656 2631 3695 non
2658 3649 2707 3692 te
2733 3638 3010 3710 permittat
3043 3637 3115 3691 ita
3143 3636 3345 3691 sentire
3375 3637 3465 3704 qui
3500 3636 3613 3690 haec
3662 3634 3824 3691 dixit.

2248 3733 2340 3787 Ait
2364 3731 2510 3786 enim
2543 3749 2557 3785 :
2593 3730 2697 3796 Qui
2726 3729 2997 3794 ascendit,
3027 3729 3135 3797 ipse
3158 3738 3231 3783 est
3254 3738 3302 3782 et
3330 3728 3419 3798 qui
3448 3729 3711 3782 descendit
3750 3728 3821 3781 ".

2249 3823 2393 3893 Ergo
2412 3824 2670 3878 exaltavit
2691 3837 2812 3876 eum
2841 3822 2933 3892 qui
2971 3821 3270 3879 descendit.
3300 3820 3414 3875 Non
3461 3829 3636 3875 tamen
3668 3840 3695 3874 a
3730 3823 3826 3875 de-

2248 3930 2432 3970 orsum
2460 3929 2679 3970 sursum
2713 3912 2959 3968 adduxit.
2994 3912 3101 3969 Sed
3129 3929 3251 3969 eum
3282 3912 3371 3982 qui
3400 3912 3709 3975 descendit,
3732 3912 3829 3966 ite-

2250 4021 2369 4060 rum
2421 4016 2640 4060 Sersum
2698 4004 3016 4072 assumpsit.
3069 4003 3284 4058 Assnmi
3340 4002 3494 4067 dico,
3546 4019 3649 4057 non
3698 4003 3825 4070 quia

2249 4095 2482 4151 mundus
2533 4094 2873 4150 fraudahitur
2936 4111 2966 4149 a
3022 4096 3310 4165 praesentia
3366 4095 3646 4164 unigeniti.
3707 4094 3824 4149 Non

2247 4194 2427 4257 potest
2464 4187 2696 4243 mundus
2747 4189 2864 4243 sine
2898 4187 3258 4257 gubernatore
3303 4186 3536 4251 salvari,
3581 4203 3684 4240 non
3730 4202 3829 4253 po-

2251 4280 2355 4326 test
2412 4272 2645 4327 mundus
2697 4281 2845 4328 stare
2891 4274 2937 4327 si
2985 4274 3271 4329 recesset-it
3322 4273 3647 4342 unigenitus.
3716 4271 3827 4323 Sed

2246 4358 2385 4417 forte
2416 4361 2551 4417 dicis
2590 4382 2604 4417 :
2649 4361 2767 4418 Non
2812 4362 3014 4419 sufﬁcit
3065 4364 3210 4419 enim
3257 4363 3462 4418 Pater?
3514 4362 3631 4417 Non
3690 4365 3822 4431 quia

2246 4468 2354 4508 non
2385 4452 2683 4509 sulﬁciebat
2711 4453 2894 4521 Pater,
2928 4456 3048 4510 ideo
3076 4455 3264 4526 genuit
3300 4454 3493 4510 Filium
3535 4473 3548 4509 :
3576 4456 3666 4509 sed
3698 4456 3829 4523 quia

569 4530 1189 4585 mescat:intremescat
1214 4540 1269 4584 et
1288 4530 1489 4600 lingua.
1511 4530 1622 4586 Non
1651 4533 1775 4602 quia
1793 4533 1959 4588 durus
1980 4533 2142 4601 Deus,
2176 4547 2220 4604 ι)
2250 4558 2353 4598 non
2404 4542 2742 4600 sufﬁciebam
2791 4559 2853 4601 ea
2904 4561 3025 4616 qua;
3075 4546 3215 4600 facta
3262 4556 3388 4601 sum
3434 4544 3658 4601 sufferre
3716 4561 3829 4601 non

566 4624 661 4675 sed
685 4619 1107 4690 supereminenti
1125 4620 1364 4675 bonitate
1387 4630 1472 4676 est
1510 4622 1800 4677 timendus.
1821 4621 1914 4677 Sol
1938 4624 2040 4679 iste
2056 4627 2149 4681 ob-

566 4721 757 4768 scurat
776 4712 987 4779 oculos,
1017 4728 1123 4769 non
1150 4715 1276 4784 quia
1308 4713 1596 4779 obscurus,
1630 4714 1727 4769 sed
1758 4715 1883 4784 quia
1917 4716 2145 4773 multum

565 4816 650 4860 est
676 4804 877 4862 clarus.
898 4805 1116 4861 EtDeus
1144 4804 1436 4871 timendus,
1453 4805 1579 4875 quia
1600 4803 1823 4859 multum
1848 4816 1929 4860 est
1948 4805 2141 4861 bonus.

566 4898 759 4969 Cogita
790 4899 932 4970 apud
964 4906 1015 4954 te
1060 4898 1153 4968 qui
1200 4897 1276 4953 sis
1307 4896 1547 4952 humilis.
1594 4897 1709 4953 Non
1751 4899 1895 4952 enim
1943 4900 2143 4955 audisti

567 5002 694 5041 eum
724 4986 992 5043 dicentem
1028 5004 1043 5043 :
1077 4984 1179 5041 Vos
1205 5001 1269 5040 ea:
1290 4985 1626 5055 inferioribus
1652 4989 1776 5043 estis
1797 5028 1813 5054 ,
1842 5004 1935 5059 ego
1969 5000 2143 5046 autem

568 5081 635 5131 de
663 5080 1015 5148 superioribus
1060 5095 1177 5133 sum
1229 5076 1323 5131 “7
1368 5076 1503 5132 Nam
1557 5089 1814 5149 quantum
1860 5080 2054 5136 ccelum
2114 5098 2146 5136 a

572 5180 717 5224 terra
749 5170 947 5237 distat,
981 5179 1186 5227 tantum
1217 5181 1268 5226 et
1302 5188 1332 5226 a
1363 5172 1517 5228 noltis
1544 5172 1704 5228 Deus.
1734 5172 1802 5227 Et
1835 5183 1983 5228 certe
2003 5173 2147 5228 scri-

571 5272 721 5332 ptum
748 5272 864 5317 est:
899 5262 1166 5329 Quantum
1205 5266 1365 5319 distat
1416 5264 1600 5319 calum
1629 5282 1662 5318 α
1707 5276 1881 5332 terra,
1936 5276 2140 5319 tantum

572 5355 670 5414 vita
694 5372 820 5413 mea:
849 5374 882 5411 a
911 5358 1005 5412 viis
1034 5359 1214 5413 vestris
1241 5359 1310 5412 ".
1343 5355 1416 5413 Ut
1441 5357 1510 5412 ad
1553 5372 1655 5413 nos
1700 5370 1800 5411 vox
1827 5356 1943 5411 hzec
1996 5357 2138 5410 dicta

643 5455 691 5487 "
717 5451 874 5509 Joan.
904 5471 941 5522 ι,
969 5452 1056 5508 18.
1130 5453 1174 5487 ⁷⁸
1218 5451 1375 5510 Joan.
1405 5468 1523 5519 vni,
1558 5451 1649 5509 25.

571 5525 622 5559 "
650 5525 848 5595 Εμικηε.
890 5540 965 5591 tv,
992 5525 1083 5579 10.

644 5668 758 5739 (79)
783 5668 884 5739 Ms.
927 5668 1057 5733 Qua
1078 5668 1186 5724 illis
1221 5677 1317 5739 est.

643 5733 760 5807 (80)
783 5733 1183 5807 Relinquantur.
1231 5736 1625 5802 Ἀπολεεπεται,
1652 5746 1992 5806 superantur.

422 5808 549 5887 ’κ
644 5806 762 5881 (8|)
787 5806 892 5863 Uni
921 5820 1044 5864 nato
1077 5824 1182 5865 non
1222 5809 1379 5863 cedit.
1425 5807 1737 5878 Lugendum
1791 5809 2004 5862 videtur
2047 5810 2137 5863 uni

2247 4635 2363 4690 nati
2398 4635 2674 4703 virtutem,
2716 4636 2841 4693 ideo
2869 4653 2968 4709 per
2997 4640 3350 4694 mediatoretn
3392 4639 3648 4709 loquitur.
3681 4637 3831 4704 Qua-

2246 4741 2309 4781 re
2344 4743 2360 4782 :
2397 4727 2488 4796 qui
2518 4725 2630 4797 (82)
2662 4744 2765 4783 non
2795 4740 3104 4796 poteramus
3138 4730 3500 4802 pr0pinquare
3520 4745 3624 4786 non
3653 4741 3783 4785 noto
3810 4749 3826 4783 :

2249 4833 2345 4888 per
2380 4820 2518 4874 viam
2570 4822 2734 4891 igitur
2767 4822 3038 4885 hortatur,
3078 4831 3133 4876 et
3181 4838 3275 4892 per
3303 4823 3523 4891 jauttant
3557 4834 3735 4890 vocat,
3767 4833 3832 4879 et

2246 4922 2345 4976 per
2374 4907 2555 4965 lumen
2604 4912 2843 4965 adducit.
2897 4911 3161 4968 Mediator
3200 4924 3381 4968 autem
3413 4911 3604 4979 Filius,
3634 4922 3689 4968 et
3724 4929 3830 4984 po-

2252 4997 2400 5051 nitur
2424 4997 2509 5052 lex
2534 5017 2548 5053 :
2587 5001 2857 5055 mediator
2885 5000 3078 5065 Filius,
3107 5013 3163 5058 et
3186 5002 3482 5071 loquuntur
3507 5005 3827 5075 prOphetaa:

2252 5089 2522 5145 mediator
2566 5090 2756 5157 Ftlius,
2811 5102 2866 5147 et
2900 5095 3223 5164 praedicatur
3266 5093 3669 5150 Testamentum
3707 5094 3827 5151 No-

2253 5195 2376 5233 vum
2405 5194 2463 5236 et
2508 5183 2766 5255 impletur
2812 5184 2976 5240 Vetus
3017 5206 3030 5241 :
3080 5188 3346 5242 mediator
3376 5188 3566 5253 Filius,
3596 5188 3830 5243 et-ﬁnut

2250 5271 2463 5341 angeli:
2498 5276 2764 5329 mediator
2814 5275 3003 5342 Itilius,
3057 5285 3113 5331 et
3170 5287 3428 5332 creantur
3456 5278 3766 5348 archangeli
3806 5299 3823 5333 :

2247 5366 2514 5420 mediator
2542 5366 2739 5434 Filius,
2785 5376 2842 5422 et
2885 5380 3105 5424 creator
3154 5372 3331 5424 omnis
3367 5381 3595 5433 naturzn,
3630 5381 3684 5425 et
3714 5386 3828 5439 gn-

1762 5452 1806 5483 "
1843 5450 1951 5507 lsa.
1980 5466 2080 5518 LV,
2109 5450 2141 5506 9

2248 5456 2284 5488 ’³
2316 5459 2472 5515 Joan.
2505 5478 2616 5517 xvu
2639 5503 2654 5531 ,
2700 5463 2755 5518 5.
2832 5462 2878 5494 ⁷⁸
2909 5462 3062 5517 Joan.
3099 5480 3170 5517 stt
3192 5505 3205 5530 ,
3228 5463 3317 5518 28.
3349 5465 3394 5496 ⁷⁸
3424 5464 3615 5535 Philip.
3645 5480 3685 5520 tt
3709 5505 3725 5531 ,
3759 5464 3824 5520 9.

2246 5686 2348 5723 non
2372 5681 2496 5724 nato
2524 5674 2678 5725 cedit.

2312 5743 2422 5813 (82)
2452 5742 2625 5808 Quare
2656 5760 2672 5797 :
2704 5744 2816 5812 qui,
2861 5743 2902 5810 f.
2930 5744 3131 5811 quare?
3159 5741 3303 5813 quia,
3345 5752 3451 5798 ctc.
