4100 6456
322 295 464 354 1057

1164 281 1251 338 DE
1289 279 1444 338 FIDE
1482 277 1854 336 ADVERSUS
1895 275 2306 333 SABELLIUM.
2341 305 2410 318 --
2445 275 2576 332 LIB.
2612 274 2684 331 l.‘

3422 269 3566 330 1058

310 419 596 478 bernator,
620 399 680 468 et
713 408 970 466 salvator.
999 404 1117 461 Non
1148 406 1293 461 enim
1329 402 1538 457 creavit
1558 409 1612 455 et
1642 399 1884 453 dimisit:
1919 402 1962 457 Α
1992 397 2248 465 quinetur
2281 396 2419 466 (83).
2450 395 2564 450 Viri
2596 405 2657 448 ut
2694 407 2815 448 sese
2839 390 2951 463 jam
2981 407 3088 447 non
3129 389 3369 446 incidam
3399 407 3413 444 :
3444 404 3569 444 mn-

311 511 437 580 quia
475 524 578 562 non
620 505 739 562 sine
780 501 1119 574 providentia
1151 505 1279 554 sunt
1318 511 1438 564 qua:
1466 503 1613 549 sunt.
1654 491 1772 546 Non
1799 499 1885 544 est

312 601 569 670 tatigatns
594 594 818 650 faciens.
840 590 1034 660 Neque
1063 597 1122 644 ut
1145 585 1408 648 volatilia,
1439 591 1497 636 ιιι
1521 583 1693 652 pisces
1719 592 1884 650 gene-

316 699 445 745 rant
484 687 727 760 quidem,
753 683 1068 752 relinquunt
1095 689 1297 733 autem.
1347 677 1412 730 Et
1440 685 1590 730 certe
1641 687 1740 727 nec
1781 670 1882 725 ista

315 788 579 854 generant
625 785 680 832 et
714 774 994 830 dimittunt
1030 786 1046 826 :
1089 769 1183 827 sed
1226 767 1428 823 habent
1457 764 1797 836 diligentiam
1831 768 1889 814 et

313 881 566 946 pascunt.
606 869 662 923 Si
697 867 862 938 igitur
899 866 1000 920 ista
1039 864 1134 927 ita,
1169 861 1340 916 multo
1379 858 1551 927 magis
1585 871 1684 926 per
1722 869 1883 924 quem

315 973 500 1019 creata
531 970 654 1015 sunt
683 957 885 1020 omnia,
905 969 1003 1025 per
1035 954 1199 1008 istum
1223 950 1405 1004 omnia
1434 957 1488 1003 et
1517 947 1888 1016 gubernantur

315 1065 370 1110 et
417 1059 712 1123 pascuntur
757 1066 772 1102 :
819 1061 925 1101 non
957 1053 1186 1099 vacante
1231 1041 1415 1103 Patre,
1443 1041 1536 1094 sed
1568 1043 1884 1092 annuente:

317 1154 596 1201 annuente
640 1151 847 1204 autem,
881 1153 986 1193 non
1031 1135 1227 1200 oculis,
1277 1135 1369 1188 sed
1405 1143 1463 1185 ut
1501 1133 1656 1186 decet
1705 1129 1887 1181 incor-

320 1235 586 1307 poralem,
617 1235 691 1288 ita
715 1231 906 1286 annuit
937 1239 996 1284 ut
1030 1228 1130 1297 ipsi
1160 1228 1413 1280 decorum
1449 1231 1551 1276 est.
1593 1219 1764 1277 Filius
1789 1231 1887 1269 au-

319 1337 426 1383 tem
461 1324 709 1396 agnoscit
741 1308 801 1378 ut
833 1322 1030 1377 Filium
1077 1322 1231 1374 decet
1263 1335 1277 1371 :
1325 1329 1488 1384 opera
1533 1320 1712 1366 autem
1755 1309 1891 1362 llunt

321 1428 383 1473 ut
410 1417 571 1472 Pater
598 1416 738 1480 vult,
774 1424 828 1469 et
856 1413 1029 1467 Filius
1055 1410 1350 1465 ministrat.
1381 1406 1506 1460 llaec
1543 1419 1642 1458 nos
1672 1411 1890 1472 oporte-

323 1515 416 1567 bat
462 1510 666 1565 dicere.
705 1506 818 1562 lino
851 1521 1040 1561 omnes
1072 1519 1137 1559 ex
1175 1501 1474 1570 Scriptnris
1516 1498 1720 1567 legere.
1759 1492 1890 1560 Quis

320 1603 466 1658 enim
494 1616 614 1656 sum
648 1602 784 1671 ego?
815 1598 942 1668 quid
973 1597 1146 1650 habeo
1172 1593 1312 1664 quod
1346 1607 1450 1646 non
1503 1587 1729 1657 accepi?
1763 1585 1891 1640 Om-

324 1695 414 1750 nia
441 1693 588 1749 euim
625 1693 691 1746 ab
721 1706 848 1753 uno.
879 1699 930 1744 et
963 1703 1056 1757 per
1095 1701 1258 1742 unum
1294 1695 1460 1748 sunt;
1502 1689 1558 1734 et
1595 1694 1716 1749 qua:
1749 1676 1888 1731 facta

1993 487 2158 542 lieres
2186 495 2243 540 ut
2274 502 2381 540 non
2407 485 2475 540 ad
2502 484 2757 558 iniuriam
2791 483 3136 538 deludantnr.
3174 481 3360 547 Tauri,
3386 478 3566 548 vituli,

1992 585 2050 631 ut
2104 591 2210 632 non
2243 578 2394 630 varie
2439 561 2832 631 comburantur
2879 573 3013 644 (84).
3076 573 3290 638 Vinum,
3341 581 3400 624 ut
3455 585 3566 624 non

1991 671 2110 726 sine
2139 685 2302 724 causa
2334 669 2556 724 libetur.
2588 667 2784 730 Terra,
2829 680 3002 731 mare,
3033 673 3094 718 ut
3131 679 3237 719 non
3269 660 3568 721 immutatis

1993 759 2304 814 nominibus
2337 760 2636 813 adorentur
2680 775 2695 813 :
2741 757 2917 812 omnis
2961 756 3104 810 enim
3150 763 3345 809 natura
3379 762 3568 807 conta-

1994 851 2198 904 minata
2254 859 2387 904 est:
2437 850 2615 904 omnis
2674 858 2929 904 creatura
2988 846 3259 902 deiﬁcata.
3315 842 3421 897 Sed
3459 855 3566 895 non

1994 942 2244 1010 despexit
2295 941 2340 994 is
2367 955 2464 1010 per
2496 955 2656 1010 quem
2712 948 2768 996 et
2817 940 2961 994 facta
3007 945 3155 993 sunt.
3212 936 3374 993 Venit
3419 933 3565 988 enim

1992 1034 2083 1104 qui
2135 1033 2477 1102 contingeret
2530 1046 2679 1087 sua:
2729 1031 2875 1085 venit
2929 1030 3018 1099 qui
3069 1028 3266 1083 malum
3296 1039 3566 1082 venenqu

1995 1124 2234 1178 auferret
2275 1138 2290 1177 :
2333 1124 2481 1178 venit
2526 1124 2699 1191 ipsius
2754 1125 2880 1178 vita:
2933 1122 3292 1178 medicamen.
3323 1120 3568 1176 Mortuus

1993 1225 2074 1272 est
2106 1216 2458 1270 utoccideret
2505 1223 2737 1268 mortem
2766 1231 2782 1269 :
2809 1215 3202 1268 condemnatus
3228 1221 3311 1268 est
3344 1222 3402 1265 ut
3431 1223 3568 1264 con-

1993 1309 2279 1364 demnaret
2305 1305 2696 1374 corruptelam.
2725 1305 3033 1361 Coronatus
3060 1314 3144 1360 est
3171 1303 3361 1373 spinis,
3383 1311 3442 1356 ut
3465 1314 3568 1356 nos

1995 1415 2099 1454 non
2156 1398 2480 1452 haberemus
2529 1397 2716 1466 spinas
2754 1413 2768 1451 :
2810 1396 3046 1465 suscepit
3098 1394 3440 1449 maledictum
3473 1405 3569 1461 per

1993 1506 2232 1554 crucem,
2279 1500 2335 1544 ut
2369 1505 2469 1545 nos
2514 1490 2914 1557 susciperemus
2948 1487 3378 1542 benedictionem
3415 1499 3568 1536 mun-

1995 1583 2138 1636 dam.
2174 1580 2288 1635 Non
2321 1596 2542 1651 possum
2569 1581 2751 1634 dicere
2774 1589 3034 1649 quantum
3064 1578 3234 1646 sapio.
3270 1575 3383 1629 Non
3434 1589 3557 1643 pos-

1996 1690 2114 1730 sum
2167 1689 2360 1743 sapere
2418 1684 2679 1743 quantum
2747 1672 3002 1742 possibile
3053 1679 3158 1725 est.
3223 1668 3280 1723 Si
3335 1679 3566 1736 sapuero

324 1796 472 1848 sunt,
503 1791 558 1839 et
602 1797 723 1852 qum
753 1791 901 1836 recte
934 1779 1210 1833 dicuntur.
1253 1775 1462 1842 Quanta
1504 1786 1638 1828 sane
1673 1767 1890 1824 miseri-
1922 1787 1965 1842 Β
1995 1775 2261 1835 quantum
2319 1765 2576 1835 possibile
2623 1773 2739 1828 est,
2796 1778 2902 1818 non
2965 1761 3223 1832 pervenio
3275 1768 3334 1813 ut
3390 1757 3566 1812 dicam

324 1877 511 1934 cordia
561 1884 643 1931 est
691 1874 826 1928 Dei?
867 1873 1051 1941 genuit
1102 1870 1318 1934 Filium,
1364 1868 1488 1937 quia
1534 1866 1708 1919 bonus
1752 1869 1885 1916 est:

323 1967 533 2025 creavit
566 1967 818 2021 universa
874 1980 968 2034 per
1019 1963 1216 2033 ipsum,
1261 1962 1388 2030 quia
1440 1957 1753 2014 benefactor
1782 1962 1887 2010 est.

325 2060 639 2116 Erravimus
665 2069 720 2114 et
750 2073 853 2112 non
880 2056 1149 2126 despexit,
1173 2054 1482 2110 cecidimus
1512 2059 1567 2104 et
1591 2065 1694 2102 non
1738 2061 1891 2116 spre-

325 2157 430 2219 vit,
462 2153 555 2209 sed
590 2153 734 2207 misit
774 2149 968 2205 Filium
1017 2163 1174 2204 suum
1212 2146 1580 2206 obedientem,
1617 2150 1676 2195 ut
1719 2140 1894 2195 salva-

329 2255 416 2302 ret
462 2244 733 2300 hominem
766 2240 1186 2296 inobedientem.
1229 2237 1373 2292 Misit
1419 2237 1535 2291 sine
1566 2243 1808 2302 peccato,
1835 2239 1895 2284 ut

331 2344 616 2392 revocaret
644 2348 764 2388 eum
795 2331 886 2402 qui
915 2338 1234 2402 peccaverat
1263 2347 1276 2383 :
1318 2327 1465 2382 misit
1502 2309 1698 2380 Filium
1737 2339 1892 2378 suum

330 2429 618 2484 [acientem
668 2425 884 2496 placita,
937 2432 994 2476 ut
1025 2421 1262 2476 salvaret
1296 2433 1509 2474 servum
1541 2417 1765 2472 obedire
1799 2429 1896 2468 no-

331 2521 556 2576 lentem.
592 2517 736 2572 Misit
772 2515 1060 2585 justitiam,
1108 2522 1166 2567 ut
1199 2511 1509 2567 auferretur
1554 2517 1838 2578 peccatum
1876 2524 1890 2560 :

331 2612 484 2668 misit
512 2610 702 2670 vitam,
733 2618 790 2662 ut
821 2621 967 2661 mors
1008 2613 1335 2660 moreretur.
1375 2602 1520 2656 Misit
1553 2601 1640 2670 qui
1679 2616 1705 2654 a
1734 2614 1815 2664 se,
1841 2607 1898 2652 ut

331 2704 676 2760 salvarentur
699 2701 787 2770 qui
815 2707 970 2753 erant
1001 2712 1068 2752 ex
1098 2695 1336 2750 homine.
1371 2693 1515 2748 Misit
1553 2707 1676 2747 eum
1703 2692 1795 2760 qui
1828 2705 1896 2744 ex

331 2794 578 2864 Virgine,
617 2801 674 2845 ut
721 2789 1062 2844 salvarentur
1104 2787 1138 2841 ii
1186 2786 1276 2856 qui
1313 2799 1381 2841 ex
1412 2782 1638 2838 muliere
1683 2781 1898 2836 fuerant

332 2886 550 2957 perditi.
599 2883 742 2938 Misit
775 2884 827 2936 in
867 2882 1037 2952 ﬁgura
1078 2879 1208 2942 viri,
1242 2885 1300 2931 ut
1344 2876 1648 2931 salvaretur
1680 2873 1769 2944 qui
1805 2888 1900 2942 pe-

335 2979 504 3031 rierat
546 2974 652 3028 vir.
684 2973 817 3027 Cum
868 2969 1171 3025 latronibus
1207 2967 1389 3038 [igitur
1427 2965 1596 3028 cruci,
1630 2973 1690 3017 ut
1737 2977 1899 3032 para-

334 3071 485 3123 disus
524 3077 579 3122 et
609 3062 916 3120 latronibus
962 3060 1282 3130 aperiretur.
1317 3057 1507 3128 Cogita
1556 3055 1896 3126 dignitatem,

1996 1868 2232 1929 quantus
2261 1867 2367 1912 est.
2396 1857 2782 1912 lnenarrabilis
2811 1855 2955 1910 enim
3005 1864 3060 1908 et
3106 1848 3569 1920 incomprehensi-

1999 1953 2122 2008 bilis
2148 1949 2308 2005 Patcr
2335 1959 2442 2006 est.
2469 1947 2617 2002 Talis
2643 1959 2826 2002 autem
2855 1959 2907 2002 et
2955 1946 3126 2000 Filius
3156 1945 3323 2014 ipsius
3367 1941 3564 1998 Patris.

1999 2045 2056 2101 Si
2082 2045 2226 2099 enim
2265 2043 2335 2097 ob
2365 2042 2445 2096 sui
2478 2041 2906 2095 misericordiam
2940 2053 3036 2092 nos
3062 2037 3374 2106 assumpsit,
3424 2035 3566 2090 inte-

2000 2132 2198 2186 rimere
2228 2145 2350 2185 enm
2379 2129 2636 2184 debemus
2661 2129 2749 2199 qui
2779 2143 2874 2182 nos
2905 2127 3118 2183 salvat?
3145 2128 3271 2196 quid
3307 2128 3411 2181 hoc
3439 2124 3568 2180 mali

1999 2234 2081 2280 est
2115 2224 2186 2278 ita
2237 2222 2484 2277 homines
2517 2221 2584 2276 de
2611 2220 2749 2274 Filio
2781 2219 3021 2274 sentire?
3075 2217 3290 2272 Maneat
3323 2227 3382 2271 ut
3427 2225 3566 2279 erat,

2001 2325 2055 2369 et
2101 2316 2153 2367 in
2197 2325 2426 2377 corpore
2458 2321 2512 2364 et
2551 2311 2602 2363 in
2637 2308 2902 2378 praesepio
2946 2325 2962 2363 :
3002 2306 3133 2361 nihil
3178 2304 3380 2360 humile
3410 2305 3476 2362 de
3503 2319 3569 2361 eo

2001 2405 2228 2468 sentias,
2257 2403 2346 2472 qui
2386 2411 2436 2456 te
2462 2400 2742 2465 exaltavit,
2787 2397 2920 2452 nihil
2951 2397 3220 2464 abiectum
3259 2405 3353 2450 aut
3383 2396 3572 2450 incon-

2003 2530 2218 2587 gruum.
2253 2513 2369 2568 Noli
2401 2525 2658 2582 Spernere
2689 2508 3028 2564 Salvatorem
3061 2516 3232 2562 tuum.
3262 2504 3318 2560 Si
3350 2505 3572 2575 quidem

2003 2608 2216 2664 etiamsi
2245 2607 2410 2660 verbo
2454 2620 2578 2658 eum
2626 2601 2913 2656 humiliare
2952 2599 3206 2661 volueris,
3239 2608 3430 2652 natura
3465 2613 3571 2652 non
3651 2581 3661 2587 ’

2007 2699 2335 2754 transfertur
2364 2698 2430 2750 ad
2481 2705 2623 2748 tuam
2677 2694 2936 2762 linguam.
2985 2692 3042 2746 Si
3079 2698 3257 2744 autem
3303 2699 3354 2744 et
3405 2689 3576 2744 abne-

2005 2787 2314 2862 gaverimus
2342 2801 2485 2850 eum,
2524 2785 2635 2849 ipse
2667 2783 2838 2837 ﬁdelis
2869 2792 3050 2837 manet
3076 2791 3130 2836 et
3163 2797 3358 2853 negare
3384 2794 3443 2835 se
3465 2795 3574 2834 non

2007 2890 2183 2954 potest
2213 2899 2228 2936 :
2261 2882 2362 2934 hoc
2390 2889 2495 2944 est,
2538 2893 2566 2930 a
2591 2877 2809 2946 pr0pria
2847 2886 3039 2929 natura
3071 2890 3176 2930 non
3211 2875 3439 2930 excidit.
3466 2872 3574 2928 lste

2006 2976 2161 3030 nobis
2205 2975 2368 3028 Pater
2397 2987 2500 3026 non
2537 2981 2695 3026 natus
2739 2977 2846 3034 est,
2875 2983 3014 3022 unus
3055 2969 3204 3024 solus
3233 2983 3338 3022 non
3390 2975 3572 3034 natus,

2007 3081 2110 3119 non
2145 3066 2212 3120 ab
2242 3064 2369 3125 alio,
2403 3078 2501 3118 nec
2534 3075 2601 3116 ex
2631 3059 2756 3114 alio.
2804 3058 2956 3128 Saepe
2986 3059 3107 3112 dico
3149 3059 3357 3113 eadem.
3389 3057 3575 3127 Siqui-

329 3174 389 3217 ει
413 3161 620 3216 aestima
649 3153 1073 3228 magnitudinem
1100 3151 1402 3223 gratiaeJle
1419 3151 1562 3204 enim
1584 3165 1646 3202 ex
1677 3147 1903 3201 muliere
1929 3143 1971 3200 C
2005 3158 2123 3210 dem
2155 3163 2209 3209 et
2232 3152 2468 3209 Joannes
2498 3152 2588 3220 qui
2621 3153 2686 3204 de
2715 3149 2852 3204 Filio
2877 3150 3018 3203 dixit
3045 3150 3098 3202 in
3137 3149 3398 3217 principio
3434 3158 3574 3213 erat,

333 3253 508 3314 nasci,
538 3259 632 3304 aut
681 3259 751 3312 te,
798 3262 903 3301 non
940 3260 1099 3315 supra
1145 3252 1394 3296 naturam
1431 3248 1532 3294 est.
1579 3237 1904 3291 Manducare

336 3353 429 3397 aut
457 3344 659 3403 bibere,
681 3339 920 3394 dormire
945 3347 996 3390 et
1031 3348 1273 3404 surgere,
1293 3344 1345 3386 et
1378 3332 1430 3386 in
1465 3329 1726 3400 praesepio
1751 3326 1900 3396 poni,

335 3438 468 3491 nihil
495 3435 616 3488 novi
643 3435 685 3489 si
725 3431 972 3488 homines
1000 3443 1061 3482 ea
1083 3443 1202 3497 quae
1224 3436 1350 3482 sunt
1383 3424 1657 3479 hominum
1684 3421 1904 3490 patiun-

338 3542 444 3584 tur.
477 3529 613 3594 Quid
640 3537 817 3580 autent
848 3541 1068 3585 novmn,
1092 3522 1220 3592 quid
1245 3516 1581 3579 admirabile,
1607 3513 1735 3583 quid
1763 3527 1901 3580 prae-

332 3622 578 3690 cipuum,
619 3620 748 3689 quid
791 3629 1034 3672 nostrum
1064 3615 1303 3667 debitum
1335 3605 1726 3678 irrepeusabile
1757 3602 1905 3656 Deo?

339 3715 438 3780 Qui
481 3713 626 3767 misit
660 3713 797 3766 Deus
829 3709 1025 3763 Filium
1057 3721 1238 3768 suum,
1273 3703 1418 3758 misit
1447 3701 1606 3755 Pater
1648 3695 1906 3765 Unigeni-

341 3819 476 3886 tum,
515 3805 661 3860 misit
691 3820 794 3858 non
827 3812 986 3856 natus
1017 3796 1353 3868 progeniem,
1391 3792 1536 3847 misit
1563 3789 1904 3844 obedientem

343 3880 540 3964 bonus,
577 3898 726 3952 misit
763 3895 1031 3966 justitiam
1075 3891 1166 3961 qui
1194 3889 1396 3959 genuit.
1425 3884 1536 3941 Cur
1563 3880 1750 3937 misit?
1783 3893 1907 3949 pro-

337 4001 461 4062 pter
515 3999 850 4060 peccatores.
906 3985 1016 4040 Cur
1066 3980 1256 4036 misit?
1304 3988 1527 4048 propter
1579 3975 1750 4029 Adam
1811 3969 1906 4040 qui

341 4066 654 4139 mandatum
689 4079 1033 4150 contempsit.
1064 4075 1228 4131 Venit
1255 4087 1385 4143 ergo
1422 4069 1513 4140 qui
1564 4066 1802 4123 obedivit
1838 4064 1906 4119 ad

343 4178 458 4232 hzec
492 4192 507 4230 :
543 4185 600 4230 et
631 4172 906 4243 judicatur
931 4170 1096 4238 judex
1126 4169 1194 4222 ob
1223 4166 1642 4221 condemnatum
1676 4176 1690 4212 :
1730 4155 1908 4210 cruci-

342 4270 528 4339 ﬁgitur
555 4267 658 4321 vita
681 4281 779 4336 pro
804 4273 1017 4318 mortuo
1049 4279 1061 4314 :
1085 4267 1383 4315 coronatur
1404 4253 1575 4324 spinis
1599 4249 1902 4320 gloriosus:

341 4360 480 4417 bibit
516 4357 605 4421 l‘el,
641 4355 758 4410 fons
796 4355 988 4410 dulcis.
1020 4351 1159 4419 Quid
1213 4348 1547 4404 inveniemus
1591 4342 1656 4396 ad
1707 4355 1906 4411 reprae-

2003 3262 2112 3302 non
2169 3247 2354 3310 tacuit,
2403 3244 2496 3298 sed
2545 3243 2857 3312 frequenter
2914 3242 3015 3305 ait,
3072 3239 3223 3294 Erat.
3253 3241 3390 3306 Quid
3432 3241 3576 3295 enim

2005 3335 2148 3390 aliud
2201 3347 2254 3389 et
2309 3333 2529 3388 deberet
2582 3331 2730 3386 dici?
2777 3329 2981 3384 Domus
3043 3329 3172 3383 Dei?
3217 3330 3577 3398 quodcunque

2004 3425 2302 3478 dixerimus
2333 3432 2438 3490 est,
2468 3421 2608 3490 quod
2643 3436 2749 3475 non
2785 3420 2850 3474 de
2879 3419 3020 3474 Filio
3040 3430 3123 3474 est
3152 3435 3166 3473 :
3193 3419 3427 3473 alienum
3459 3418 3575 3490 (85)

2005 3534 2035 3572 a
2066 3520 2153 3580 die
2179 3527 2280 3572 est.
2331 3516 2568 3584 Spiritus
2613 3515 2665 3568 in
2716 3514 2895 3570 medio
2937 3522 3182 3568 nostrqu
3213 3520 3296 3568 est
3331 3529 3346 3565 :
3391 3511 3437 3566 si
3469 3526 3575 3565 non

2005 3609 2271 3678 spiritalia
2295 3609 2458 3662 locuti
2489 3607 2776 3669 fuerimus,
2813 3605 3205 3661 contristamus
3245 3602 3493 3674 spiritum
3521 3604 3576 3657 in

2004 3719 2111 3772 quo
2163 3702 2358 3770 signati
2413 3716 2618 3754 sumus.
2678 3699 2864 3756 Gloria
2921 3698 3040 3762 Dei,
3073 3699 3277 3752 veritas
3319 3697 3436 3762 Dei,
3469 3711 3575 3751 non

2004 3796 2200 3865 quaerit
2226 3809 2255 3848 a
2297 3804 2348 3848 te
2379 3793 2585 3858 laudes,
2615 3793 2710 3846 sed
2741 3807 2840 3847 nec
2866 3791 2934 3845 ab
2955 3790 3184 3862 angelis.
3224 3789 3339 3844 Non
3366 3790 3486 3845 dico
3518 3799 3579 3842 ut

2005 3903 2034 3940 a
2072 3897 2143 3950 te,
2175 3886 2267 3941 sed
2295 3885 2490 3954 quaerit
2528 3901 2558 3938 a
2610 3894 2665 3939 te
2709 3895 2768 3938 ut
2818 3898 3084 3954 agnoscas
3116 3898 3237 3937 eum
3277 3901 3291 3938 :
3322 3883 3578 3951 prodesse

2005 3978 2150 4033 enim
2183 3977 2232 4033 ei
2264 3989 2442 4047 potes,
2475 3977 2520 4032 si
2552 3991 2676 4031 eum
2721 3976 3042 4046 agnoveris?
3064 3986 3184 4031 .aut
3218 3976 3409 4031 lumini
3445 3991 3578 4047 pro-

2004 4071 2142 4135 dest,
2174 4083 2300 4125 cum
2349 4069 2537 4124 vides?
2563 4077 2624 4123 ut
2649 4069 2893 4124 dicamus
2920 4069 3047 4141 quia
3087 4079 3135 4125 et
3169 4069 3278 4124 Deo
3319 4068 3578 4139 prodesse

2004 4171 2205 4233 potest.
2261 4162 2402 4217 Deus
2445 4161 2590 4215 enim
2621 4160 2730 4214 vult
2785 4171 2836 4215 te
2865 4175 3161 4232 agnoscere
3192 4175 3272 4216 se.
3319 4159 3574 4230 Cognitio

2005 4278 2149 4332 enim
2204 4277 2295 4332 Dei
2340 4288 2542 4332 aeterna
2583 4279 2691 4333 vita
2735 4287 2852 4345 est;
2905 4291 3010 4332 non
3047 4276 3182 4340 Deo,
3228 4276 3323 4330 sed
3368 4274 3454 4329 his
3481 4275 3573 4344 qui

2006 4378 2361 4441 cognoscunt.
2414 4370 2489 4424 Ita
2517 4372 2661 4426 enim
2703 4378 2758 4425 et
2795 4370 3055 4425 Dominus
3086 4368 3421 4438 pronuntiat.
3444 4365 3574 4422 Htec

339 4450 700 4509 sentandum?
733 4447 1002 4519 quomodo
1048 4459 1268 4516 agemus
1319 4437 1561 4512 gratias?
1591 4435 1706 4491 Non
1751 4433 1896 4491 solli-

2009 4473 2081 4517 est
2111 4473 2288 4517 autem
2319 4463 2426 4516 vita
2453 4473 2672 4529 wterna,
2705 4469 2761 4514 ut
2790 4469 3105 4531 cognoscant
3135 4469 3182 4512 te
3207 4457 3376 4512 solum
3400 4473 3574 4512 verum

338 4547 490 4603 ciunt
520 4544 712 4613 lingua:
743 4551 1083 4603 nostrae,non
1119 4534 1472 4603 ora,etiamsi
1502 4531 1704 4585 fuerint
1734 4529 1900 4582 mille.

336 4638 453 4694 Non
483 4634 774 4691 sullicimus
819 4647 940 4697 nos,
979 4630 1257 4698 adjutores
1280 4639 1608 4699 quaeramus.
1637 4620 1906 4691 Adjuvent

338 4747 438 4786 nos
469 4730 642 4801 angeli
678 4746 692 4783 :
739 4727 1018 4781 nobiscum
1061 4725 1292 4796 gratiam
1325 4722 1554 4776 reddant
1585 4726 1642 4774 et
1673 4719 1906 4772 archan-

340 4823 466 4892 geli,
523 4836 580 4877 ut
635 4830 692 4877 et
737 4819 838 4891 ipsi
896 4816 1187 4889 gaudeant.
1240 4812 1300 4869 Si
1339 4813 1556 4882 quidem
1615 4818 1670 4865 et
1723 4806 1904 4861 omnis

335 4927 592 4970 creatura
650 4924 839 4985 parata
877 4920 982 4970 est.
1027 4911 1269 4966 Parturit
1299 4908 1443 4963 enim
1486 4915 1540 4961 et
1598 4901 1903 4973 ingemiscit

339 5015 398 5062 ct
427 5016 702 5074 exspecmt
734 5015 972 5062 nostram
1009 5005 1258 5068 salutem,
1305 5010 1365 5054 ut
1395 5009 1449 5055 et
1491 4999 1605 5068 ipsa
1642 4997 1906 5050 liberetur

342 5112 377 5152 a
406 5098 609 5153 dolore.
645 5096 924 5153 Liberatur
952 5097 1097 5152 enim
1127 5106 1182 5152 et
1218 5094 1300 5150 sol
1329 5107 1396 5146 ne
1423 5091 1562 5146 ultra
1603 5088 1858 5142 adoretur
1886 5104 1900 5140 :

343 5202 400 5248 et
457 5193 605 5255 luna,
667 5207 734 5247 ne
793 5193 910 5262 ipsa
959 5191 1381 5248 calumnietura
1434 5188 1687 5243 deitate:
1733 5185 1906 5240 stella:

340 5287 528 5351 etiam,
577 5296 636 5339 ut
681 5301 785 5339 non
815 5284 1252 5340 contaminemur
1295 5281 1487 5338 hostiis
1521 5300 1534 5337 :
1569 5291 1626 5336 ut
1652 5281 1762 5349 jam
1796 5295 1905 5335 non

341 5379 485 5434 male
535 5377 798 5432 conﬂetur
847 5386 1129 5448 argentum
1184 5395 1197 5430 :
1249 5391 1462 5443 aurum,
1498 5388 1556 5433 ut
1602 5393 1708 5434 non
1757 5377 1906 5434 coin-

414 5493 461 5526 "
498 5491 650 5548 Joan.
685 5508 819 5558 xvu,
848 5491 903 5546 5.
978 5490 1067 5545 "l
1099 5490 1241 5546 Tim.
1263 5506 1339 5560 vr,
1378 5493 1461 5549 l6.

414 5608 526 5732 (85‘)
559 5608 658 5662 Ms.
687 5605 955 5666 Conﬂetur
978 5617 1271 5679 argentum,
1297 5625 1506 5680 aurum,
1543 5623 1598 5668 ut
1628 5631 1731 5670 non
1755 5615 1903 5671 coin-

414 5696 496 5732 me
522 5695 601 5732 ur.

340 5695 601 5751 qumetur.

2009 4555 2196 4618 Deum,
2231 4567 2279 4610 et
2327 4572 2480 4626 quem
2533 4555 2726 4609 misisti
2767 4553 2951 4608 Iesum
2988 4550 3257 4606 Christum
3288 4551 3357 4606 '".
3404 4549 3578 4604 Verus

2012 4646 2150 4703 Deus
2193 4657 2277 4703 est
2331 4647 2493 4702 Pater
2538 4647 2591 4701 in
2647 4660 2712 4701 eo
2753 4645 2896 4716 quod
2949 4660 3054 4699 non
3092 4653 3250 4699 natus
3276 4651 3379 4698 est.
3408 4639 3578 4697 Verus

2010 4737 2180 4795 Filius
2207 4749 2290 4796 est
2316 4744 2367 4794 in
2392 4755 2456 4795 eo
2483 4739 2624 4808 qttod
2654 4746 2736 4793 est
2763 4737 3088 4807 unigenitns.
3125 4734 3238 4789 Non
3261 4735 3402 4788 enim
3428 4747 3580 4789 men-

2011 4832 2225 4887 dacium
2269 4832 2452 4898 genuit
2481 4845 2661 4885 verus.
2714 4826 2822 4884 Sed
2869 4843 3030 4883 verus
3080 4825 3244 4880 Pater
3281 4825 3420 4878 Deus
3469 4838 3575 4877 non

2014 4934 2172 4978 natus
2205 4941 2219 4978 ;
2248 4938 2407 4978 verus
2451 4921 2590 4976 Dens
2619 4921 2788 4976 Filius
2831 4919 3162 4990 unigenittts.
3201 4915 3334 4970 Nam
3367 4925 3421 4971 et
3447 4914 3576 4971 illud

2011 5013 2154 5082 quod
2205 5013 2404 5066 dictum
2454 5021 2583 5065 est:
2627 5009 2780 5064 Solus
2833 5008 2986 5062 habet
3032 5005 3481 5060 immortalitatem
3505 5003 3574 5070 ’³,

2010 5120 2200 5159 verum
2230 5111 2331 5159 est.
2360 5103 2405 5157 Α
2431 5103 2724 5170 semetipso
2756 5101 2901 5155 enim
2931 5101 3078 5156 solus
3110 5099 3288 5154 habet.
3316 5096 3422 5152 Sed
3469 5096 3578 5152 sic-

2013 5211 2074 5257 ut
2122 5198 2280 5253 Pater
2314 5198 2480 5251 vitam
2533 5194 2695 5249 habet
2722 5193 2776 5247 in
2826 5191 3115 5261 semetipso
3168 5211 3180 5245 :
3219 5190 3291 5244 ita
3336 5199 3390 5244 et
3437 5187 3577 5243 Filio

2015 5292 2164 5350 dedit
2195 5290 2358 5345 vitam
2411 5288 2610 5344 habere
2661 5287 2713 5340 in
2765 5284 3078 5352 semetipso.
3109 5279 3260 5337 Unus
3291 5295 3420 5350 ergo
3469 5294 3576 5333 non

2013 5393 2199 5454 natus,
2235 5394 2292 5437 et
2337 5396 2474 5437 unus
2515 5379 2847 5448 unigenitus,
2891 5384 2947 5430 et
2993 5390 3131 5431 unus
3175 5375 3412 5446 Spiritus
3449 5387 3580 5430 san-

2085 5612 2198 5676 (84)
2238 5609 2337 5667 Ms.
2369 5608 2433 5664 Ut
2469 5627 2569 5664 non
2602 5625 2730 5664 vane
2761 5608 3124 5664 comburatur.

2087 5673 2196 5745 (85)
2238 5681 2279 5736 Α
2305 5685 2388 5736 die
2419 5693 2512 5735 est.
2543 5680 2705 5736 Forte
2731 5699 2762 5736 a
2788 5680 2893 5734 Deo
2915 5689 3014 5734 est.
3138 5673 3143 5682 ’
