4098 6398
641 297 782 358 1059

1343 295 1608 353 EUSEBll
1644 295 2124 354 CESARIENSIS
2158 296 2308 353 OPP.
2349 299 2528 355 PARS
2566 298 2656 353 IV.
2695 331 2767 339 —
2804 297 3227 356 DOCMATICA.

3752 300 3915 357 1060

639 412 922 471 ctus.Haec
939 411 1070 466 dicit
1086 424 1188 464 una
1219 409 1457 464 Ecclesia
1481 427 1495 462 :
1516 409 1621 464 hoc
1644 409 2002 478 consignatur
2038 409 2090 462 in
2121 424 2227 464 uno
2255 416 2303 472 Α
2330 413 2657 467 sentiantur.
2690 410 2798 466 Ista
2825 411 2970 466 enim
2993 421 3081 464 est
3111 422 3313 465 aeterna
3339 413 3471 464 vita.
3498 405 3553 465 ln
3576 411 3662 466 his
3677 414 3916 468 erimus

639 506 912 576 baptismo
939 521 954 557 :
983 503 1096 556 haec
1126 501 1326 569 scripta
1351 510 1478 554 sunt
1509 501 1563 554 in
1593 500 1857 570 sanguine
1887 510 2208 571 martyrum,

631 606 697 653 et
719 607 845 650 ante
881 602 1152 663 martyres
1198 592 1249 646 in
1280 591 1543 662 sanguine
1578 591 1805 646 Christi.
1842 588 1956 645 Nec
1988 605 2212 660 spernas

632 689 758 757 ejus
813 685 1132 756 sanguinem
1157 683 1302 752 quod
1340 683 1418 736 tui
1470 693 1692 752 propter
1728 682 1929 738 elfusus
1961 692 2043 737 est
2075 681 2207 752 (86).

633 780 840 836 'Eﬂ'udit
875 780 1019 834 enim
1050 791 1207 830 suum
1243 775 1560 846 sanguinem
1602 774 1862 829 Dominus
1889 786 1948 828 ut
1973 774 2211 828 salvare-

633 875 740 938 ris,
773 882 828 928 et
858 882 914 926 tn
948 870 1116 925 audes
1144 885 1206 924 ea
1237 871 1418 925 delere
1454 883 1574 938 qua:
1611 882 1708 936 per
1733 867 2052 937 sanguinem
2085 876 2209 920 sunt

628 965 879 1035 scripta?
913 964 1005 1018 sed
1031 963 1173 1033 quod
1204 976 1300 1032 per
1327 961 1642 1030 sanguinem
1665 960 1929 1028 scriptum
1955 970 2062 1024 est,
2101 975 2205 1012 non

637 1056 870 1110 deletur.
898 1055 1036 1109 Vide
1062 1068 1194 1109 sane
1225 1069 1294 1108 ne
1321 1063 1378 1106 et
1419 1063 1476 1107 tu
1523 1053 1589 1106 de
1616 1039 1761 1106 libro
1801 1052 1924 1106 vita:
1951 1053 2200 1108 delearis.

639 1145 815 1201 Adora
846 1161 1012 1201 unum
1067 1160 1174 1200 non
1220 1157 1428 1209 natum,
1469 1155 1524 1200 et
1555 1161 1718 1199 unum
1754 1145 2110 1214 unigenitum,
2142 1160 2208 1198 ne

637 1253 864 1308 spernas
892 1253 1054 1292 unum
1085 1237 1358 1307 spiritum.
1398 1239 1575 1292 Adora
1611 1238 1850 1302 Patrem,
1882 1247 1938 1292 et
1979 1239 2208 1293 salvabit

637 1339 691 1384 te
707 1328 878 1384 Filius
909 1348 923 1384 :
958 1331 1120 1384 adora
1147 1329 1368 1394 Filium,
1391 1339 1445 1384 et
1467 1330 1726 1398 suscipiet
1750 1340 1801 1384 te
1835 1345 1929 1398 per
1953 1345 2073 1382 eum
2102 1331 2205 1384 Pa-

635 1431 740 1476 ter.
773 1423 1044 1477 Conﬁtere
1075 1422 1360 1492 Spiritum,
1386 1432 1441 1476 et
1484 1423 1724 1492 impertit
1750 1422 1864 1493 (87)
1896 1423 1990 1478 tibi
2034 1423 2205 1477 Filius

627 1514 920 1585 Spiritum.
989 1514 1114 1570 Haec
1173 1514 1447 1579 dicantur,
1510 1514 1622 1569 hzec
1673 1515 2002 1584 cogitentur,
2077 1515 2196 1570 haec

2320 507 2438 563 sine
2480 505 2599 567 lite,
2633 502 2749 556 sine
2773 501 2977 569 jurgio,
3017 503 3135 556 sine
3179 502 3547 557 contentione.
3582 503 3661 557 Ad
3696 518 3911 573 pacem

2319 598 2464 652 enim
2495 610 2592 650 nos
2621 594 2835 648 vocavit
2857 593 3018 649 Deus.
3059 593 3176 662 Ipse
3211 594 3355 648 enim
3390 591 3639 649 Christus
3668 605 3758 648 est
3783 607 3912 663 pax

2318 701 2505 745 nostra
2559 707 2572 742 :
2622 687 2678 742 In
2723 689 2839 757 ipso
2875 687 3051 740 vocati
3083 702 3292 741 sumus.
3327 685 3464 752 Quid
3497 686 3718 740 dimissa
3759 699 3913 756 pace

2317 782 2441 836 lites
2500 778 2863 834 assumimus?
2921 779 3036 832 Non
3099 779 3297 833 audisti
3359 793 3481 833 eum
3538 779 3813 834 dicentem
3889 799 3906 834 :

2315 875 2506 929 Pacem
2560 890 2728 927 meam
2775 877 2845 925 do
2897 872 3072 937 vobis,
3125 887 3304 940 pacem
3353 887 3523 925 meam
3584 871 3909 941 derelinqu‘o

2312 967 2455 1020 vobis
2499 964 2586 1019 ὀἳ
2619 965 2784 1020 Suam
2827 980 3014 1033 pacem
3049 967 3140 1020 dat
3172 965 3329 1021 nobis
3376 964 3654 1029 Dominus,
3685 972 3746 1018 et
3793 979 3906 1018 nos

2308 1056 2486 1127 jurgia
2521 1071 2553 1110 e
2597 1065 2784 1110 contra
2823 1056 3150 1111 inducimus.
3197 1053 3347 1110 Finis
3389 1064 3570 1110 autem
3615 1055 3904 1109 sermonis

2315 1149 2418 1203 iste
2453 1149 2542 1203 sit.
2575 1148 2759 1202 Gloria
2792 1149 2883 1202 uni
2923 1165 3028 1202 non
3079 1157 3205 1202 nato
3258 1149 3369 1202 Deo
3404 1162 3500 1218 per
3542 1163 3708 1201 unum
3765 1147 3903 1201 uni-

2314 1242 2551 1308 genitum
2604 1239 2770 1293 Deum
2813 1239 3005 1294 Filium
3054 1239 3145 1293 Dei
3199 1241 3250 1292 in
3283 1255 3389 1294 uno
3418 1239 3620 1309 Spiritu
3667 1251 3898 1302 sancto,

2311 1344 2366 1385 et
2395 1346 2537 1386 nunc
2555 1339 2610 1385 et
2643 1345 2856 1400 semper
2879 1342 2935 1385 et
2966 1345 3064 1400 per
3093 1331 3273 1386 omnia
3299 1329 3494 1386 sarcula
3537 1331 3896 1384 saeculorum.

2308 1424 2506 1479 Amen.

1657 1777 1803 1780 ι,
2552 1776 2558 1782 .
2720 1776 2725 1796 ,
3057 1775 3360 1797 ,,,.,,
3815 1775 3864 1804 η,

1721 1970 2080 2060 LIBER
2151 1970 2801 2062 SECUNDUS.

2207 2165 2276 2185 H—

699 2328 838 2396 Pnto
861 2329 1037 2384 adhuc
1066 2342 1227 2383 aures
1259 2325 1498 2395 obstrepi
1530 2339 1682 2380 meas
1704 2338 1734 2377 a
1767 2325 2024 2379 memoria
2070 2320 2213 2378 beati
2244 2329 2288 2389 Β
2317 2317 2579 2381 Dominus
2628 2321 2856 2381 reddens
2899 2339 3115 2383 causam
3146 2329 3228 2384 sui
3259 2327 3521 2384 adventus
3549 2329 3603 2383 in
3646 2331 3881 2399 mundo,

631 2421 783 2476 illius
820 2420 920 2473 viri
955 2419 1097 2489 (88),
1122 2417 1214 2487 qui
1234 2415 1322 2470 illa
1351 2416 1598 2485 religiosa
1629 2413 1939 2485 frequenter
1967 2429 2096 2470 usus
2124 2425 2205 2469 est

629 2524 789 2564 voce.
815 2507 951 2562 Nam
983 2517 1039 2562 et
1065 2521 1224 2560 aures
1247 2515 1444 2559 vestrae
1466 2504 1643 2557 adhuc
1675 2503 1874 2557 bonum
1904 2502 2020 2566 (89)
2055 2503 2200 2556 illius

627 2601 780 2656 vocis
831 2600 1088 2655 retinent.
1127 2599 1263 2653 Puto
1315 2597 1458 2651 enim
1499 2611 1582 2648 me
1632 2596 1822 2662 audire
1852 2611 1971 2648 eum
2017 2595 2203 2649 dicen-

628 2703 737 2748 tem
773 2710 787 2744 :
816 2688 1128 2760 Unigenitus
1163 2689 1256 2742 Dei
1295 2679 1470 2740 Filius
1498 2687 1565 2739 ⁸⁰.
1594 2685 1730 2740 Ecce
1765 2685 1906 2739 enim
1933 2681 2044 2754 (90)
2077 2685 2204 2738 reli-

627 2785 776 2854 giosa
811 2798 917 2837 vox
947 2796 1043 2852 per
1066 2798 1128 2834 os
1149 2782 1266 2849 ejus
1301 2795 1515 2848 semper
1542 2777 1910 2847 premebatur.
1943 2777 2202 2831 Memoria

625 2875 777 2930 enim
829 2882 948 2929 erat
995 2871 1272 2943 Unigeniti
1312 2871 1398 2937 ad
1450 2869 1678 2938 gloriam
1708 2883 1816 2922 non
1862 2869 1972 2922 nati
2003 2867 2201 2923 Patris.

625 2967 945 3022 Audivitnus
993 2974 1174 3018 autem
1221 2963 1526 3033 apostolum
1576 2960 1977 3032 praecipientem
2030 2961 2203 3014 hono-

626 3059 739 3114 rari
787 3056 988 3127 duplici
1054 3057 1263 3110 honore
1318 3055 1515 3108 debere
1569 3053 1920 3122 presbyteros
1951 3050 1995 3082 ⁸¹
2040 3065 2057 3103 :
2110 3066 2203 3105 eos

626 3149 864 3204 maxime
891 3148 985 3218 qui
1012 3146 1265 3200 laborant
1290 3144 1343 3197 in
1372 3144 1537 3210 verbo
1562 3151 1617 3196 et
1639 3140 1904 3194 doctrina.
1931 3137 2033 3205 Qui
2057 3139 2201 3191 enim

623 3240 942 3311 pudicitiam
989 3239 1139 3302 colit,
1191 3238 1368 3292 bonus
1414 3245 1498 3290 est
1545 3233 1649 3290 sibi
1692 3251 1705 3288 :
1748 3242 1803 3289 et
1840 3233 1931 3302 qui
1966 3231 2200 3302 jejunat,

622 3332 792 3386 etiam
853 3330 900 3386 si
950 3331 1152 3386 bonum
1208 3329 1373 3383 iaciat
1417 3342 1572 3395 opus,
1611 3336 1793 3380 tamen
1828 3327 1974 3381 sibi:
2019 3335 2075 3380 et
2109 3325 2202 3394 qui

624 3425 936 3491 miseretur,
972 3431 1028 3479 et
1077 3421 1183 3476 sibi
1222 3421 1655 3475 misericordiam
1700 3429 1880 3489 parat,
1917 3427 1974 3472 et
2017 3417 2066 3472 ei
2113 3417 2202 3472 cui

621 3543 853 3613 prabet.
885 3541 988 3609 Qui
1019 3549 1200 3595 autem
1234 3538 1554 3609 religionem
1583 3535 1882 3592 secundum
1918 3535 2199 3590 veritatem

623 3634 801 3697 docet,
827 3642 883 3688 et
927 3631 1030 3686 sibi
1062 3631 1204 3685 viam
1253 3639 1512 3683 atternam
1547 3627 1804 3696 acquirit,
1851 3636 1907 3681 et
1947 3626 2200 3680 omnibus

622 3727 714 3798 qui
741 3727 1024 3781 docentur.
1054 3721 1175 3777 Non
1209 3731 1295 3776 est
1325 3730 1658 3790 praeceptum
1684 3719 1945 3788 apostolis
1975 3730 2033 3772 ut
2067 3697 2197 3786 pau-
2223 3735 2265 3794 ο

620 3832 783 3890 peres
827 3824 1135 3886 pascerent,
1171 3814 1264 3869 sed
1298 3823 1355 3867 ut
1401 3822 1456 3867 et
1501 3811 1603 3881 ipsi
1644 3819 2022 3880 pascerentur.
2053 3809 2198 3864 Reli—

621 3912 798 3982 gionis
822 3926 952 3982 ergo
980 3908 1294 3979 praedicatio
1331 3907 1500 3975 major
1524 3913 1608 3961 est
1629 3920 1657 3957 a
1681 3905 2052 3961 misericordia
2075 3919 2198 3974 quas

619 4004 683 4060 tit
726 4003 794 4058 ad
837 3985 1088 4059 homines
1119 4022 1132 4058 :
1162 4009 1377 4071 oportet
1423 4000 1566 4054 enim
1619 3999 1851 4068 primum
1889 4011 2049 4052 nosse
2072 4012 2194 4051 eum

619 4105 846 4168 propter
880 4109 1045 4165 quem
1085 4093 1220 4148 ﬁunt
1246 4106 1311 4146 ea
1341 4106 1461 4160 quae
1489 4089 1651 4156 ﬁunt,
1679 4099 1736 4144 et
1771 4089 1842 4143 ita
1882 4088 2060 4142 facere
2093 4087 2197 4142 mi-

620 4183 975 4241 sericordiam
1003 4195 1022 4236 :
1071 4180 1444 4250 unusquisque
1471 4180 1617 4234 enim
1643 4179 1737 4250 qui
1781 4189 2061 4247 operatur,
2089 4177 2195 4232 sibi

620 4277 857 4350 acquirit
887 4289 1022 4346 opus
1053 4291 1067 4329 :
1103 4272 1419 4341 praedicatio
1441 4282 1623 4326 autem
1665 4269 1912 4324 veritatis
1941 4268 2059 4322 hare
2086 4276 2192 4333 est,

618 4378 842 4442 propter
877 4382 1038 4438 quam
1071 4376 1125 4420 et
1156 4363 1324 4418 Filius
1356 4363 1504 4417 venit
1539 4363 1593 4416 in
1627 4375 1874 4430 corpore.
1913 4359 2028 4415 Non
2057 4360 2196 4416 dixit

621 4458 908 4522 Dominus,
933 4455 1084 4511 Beati
1113 4452 1255 4510 oculi
1283 4466 1475 4506 eorum
1523 4449 1615 4520 qui
1665 4447 1933 4516 jejunant,
1981 4447 2076 4502 sed
2113 4446 2194 4500 vi-

617 4553 884 4613 dentium,
905 4549 1104 4618 inquit,
1131 4562 1195 4601 ca
1226 4560 1347 4616 qua:
1371 4543 1564 4598 videtis
1582 4542 1647 4594 δ’.
1673 4541 1776 4596 Sed
1799 4556 1902 4593 non
1924 4553 2025 4610 ego
2053 4553 2194 4592 nunc

617 4644 789 4700 bonos
820 4653 973 4696 actus
1015 4654 1214 4694 accuso
1245 4657 1260 4692 :
1302 4637 1396 4691 sed
1425 4635 1566 4690 sicut
1588 4633 1741 4688 stella
1776 4633 1946 4686 stellae
1976 4630 2193 4700 praefert

617 4736 812 4807 gloria,
853 4734 927 4788 ita
965 4742 1020 4787 et
1051 4740 1203 4786 actus
1238 4729 1350 4802 (9|)
1399 4728 1611 4781 actibus
1659 4721 1914 4779 dillerunt
1966 4725 2187 4777 honore.

617 4829 900 4883 Summum
955 4824 1100 4878 enim
1142 4831 1198 4875 et
1235 4819 1582 4889 prazcipuum,
1624 4824 1677 4870 et
1717 4816 1946 4884 primunt
2001 4814 2191 4868 lurida-

615 4926 858 4972 mentum
891 4926 944 4970 et
992 4916 1140 4968 radix
1180 4910 1420 4965 omnium
1445 4924 1670 4978 operum
1697 4923 1815 4976 qua:
1850 4908 2002 4970 liuut,
2056 4908 2188 4959 lides

615 5018 702 5064 est
724 5023 870 5063 vera.
895 5007 1031 5062 Dicit
1057 5005 1200 5059 enim
1233 5002 1490 5056 Dominus
1512 5015 1526 5052 :
1551 4999 1659 5068 Ego
1680 5010 1894 5067 promer
1921 4999 2015 5050 hoc
2047 4999 2182 5060 veni,

2305 2417 2434 2472 dicit
2459 2419 2580 2486 quia
2623 2418 2742 2473 ideo
2774 2430 2931 2475 natus
2959 2438 3098 2482 sum,
3145 2432 3200 2476 et
3247 2422 3370 2475 ideo
3412 2423 3532 2477 veni
3566 2423 3620 2476 in
3668 2424 3882 2479 mundo

2305 2520 2364 2563 nt
2392 2519 2557 2564 tester
2580 2511 2819 2575 veritati,
2849 2523 2903 2567 ct
2931 2523 2985 2565 tu
3013 2513 3242 2568 abnuis?
3271 2513 3404 2568 Nam
3440 2525 3494 2568 et
3515 2515 3706 2570 Petrus
3738 2516 3880 2570 bea-

2304 2608 2411 2663 tus,
2445 2602 2634 2656 beatus
2676 2604 2878 2658 dicitur
2910 2604 2979 2669 ⁸⁸,
3009 2621 3114 2659 non
3161 2604 3233 2660 ob
3255 2605 3536 2674 jejunium,
3587 2622 3762 2676 neque
3804 2608 3881 2662 ob

2303 2692 2448 2747 aliud
2501 2694 2718 2764 aliquod
2772 2712 2930 2766 opus,
2967 2698 3059 2751 sed
3115 2698 3240 2767 quia
3291 2697 3451 2752 Pater
3499 2699 3550 2752 ei
3608 2700 3883 2755 revelavit

2301 2782 2522 2838 Filium.
2558 2786 2625 2840 Et
2669 2787 2863 2842 iterum
2915 2789 3074 2844 Pater
3105 2790 3304 2858 ubique
3338 2789 3404 2845 de
3445 2787 3584 2845 Filio
3615 2801 3877 2847 testatur.

2302 2873 2434 2930 Nam
2479 2887 2534 2931 et
2588 2879 2641 2931 in
2693 2879 2958 2946 baptismo
3016 2875 3262 2946 Joannis,
3318 2891 3372 2933 et
3407 2883 3461 2934 in
3516 2890 3697 2934 monte
3731 2882 3878 2935 nihil

2301 2964 2445 3024 aliud
2472 2970 2844 3038 proclamavit,
2873 2971 2973 3025 nisi
2999 2987 3012 3024 :
3035 2964 3134 3024 Hic
3164 2980 3242 3024 est
3273 2971 3446 3024 Filias
3470 2987 3614 3024 uicus
3644 2972 3882 3026 dilecti:-

2301 3064 2486 3127 simus,
2515 3063 2570 3115 in
2607 3079 2708 3132 quo
2746 3065 2869 3116 bene
2896 3063 3183 3131 complacui
3207 3063 3274 3118 “'.
3309 3061 3570 3118 Similiter
3595 3073 3650 3117 et
3671 3063 3880 3118 Paulus

2303 3157 2426 3208 dum
2467 3155 2686 3209 doceret
2730 3156 2948 3209 dicebat
2981 3175 2994 3210 :
3043 3153 3463 3209 Fundamentum
3506 3158 3650 3210 aliud
3679 3167 3880 3226 preter

2299 3263 2417 3300 eum
2439 3248 2528 3316 qui
2561 3255 2637 3299 est
2659 3248 2858 3315 positus
2896 3263 3044 3300 nemo
3087 3256 3251 3314 potest
3293 3264 3500 3314 ponere,
3527 3259 3717 3316 praeter
3750 3264 3876 3301 eum

2299 3339 2389 3406 qui
2440 3347 2512 3389 est
2561 3335 2797 3390 Christus
2847 3337 3003 3391 Jesus
3025 3337 3093 3392 "°.
3152 3335 3211 3390 Si
3261 3338 3426 3407 igitur
3462 3340 3873 3392 fundamentum

2301 3429 2464 3483 fuerit
2489 3429 2718 3493 salvum,
2761 3441 2943 3497 sperat
2989 3429 3275 3484 aediﬁcatio
3321 3430 3456 3484 bene
3514 3430 3777 3500 prolicere
3809 3443 3876 3484 se

2300 3536 2460 3591 posse
2487 3539 2501 3576 :
2538 3523 2584 3578 si
2612 3521 2761 3576 radix
2792 3521 2955 3577 fuerit
2985 3538 3139 3587 sana,
3179 3537 3305 3590 spes
3329 3530 3416 3576 est
3449 3522 3655 3576 fructus
3675 3535 3737 3574 ex
3786 3535 3875 3574 ra-

2301 3615 2406 3668 mis
2436 3615 2699 3683 accipere.
2733 3616 2787 3669 Si
2816 3626 2996 3669 autem
3028 3616 3240 3669 inlirme
3257 3613 3418 3669 fuerit
3440 3611 3871 3678 fundamentum,

2301 3706 2353 3760 in
2403 3706 2644 3774 periculo
2693 3717 2819 3761 sunt
2875 3722 2938 3761 ea
2985 3721 3105 3776 qua:
3160 3715 3616 3776 superponuntur.
3661 3705 3870 3758 Aurum

2298 3799 2440 3853 enim
2493 3799 2637 3868 quod
2672 3814 2835 3868 super
2887 3799 3316 3861 fundamentum,
3361 3807 3416 3852 et
3465 3806 3776 3868 argentum,
3814 3807 3873 3850 et

2297 3897 2628 3965 margaritae,
2681 3907 2738 3952 et
2784 3898 2989 3968 lapides
3032 3880 3279 3968 pretiosi,
3335 3908 3390 3953 et
3435 3897 3640 3962 fenum,
3683 3907 3740 3953 et
3776 3900 3872 3954 sti-

2298 3989 2458 4058 pulae,
2490 3999 2545 4044 et
2576 3989 2720 4060 ligna
2765 3999 3042 4061 ponuntur
3077 4005 3093 4044 :
3135 3990 3272 4046 nihil
3304 3991 3450 4046 aliud
3494 3990 3768 4059 signiﬁcat
3814 3992 3868 4046 in

2298 4082 2402 4136 hoc
2439 4081 2580 4146 loco,
2633 4083 2736 4138 nisi
2775 4083 2992 4152 quidem
3047 4083 3488 4153 praedicationem
3529 4098 3628 4154 per
3675 4097 3865 4138 auram

2295 4183 2348 4228 et
2393 4182 2678 4244 argentum
2715 4185 2770 4229 et
2821 4174 3029 4245 lapides
3073 4175 3365 4245 pretiosos.
3417 4174 3494 4230 Ea
3529 4184 3712 4228 autem
3749 4189 3870 4245 qua

2293 4276 2491 4336 praeter
2516 4267 2801 4323 veritatem
2835 4277 2984 4332 sunt,
3015 4268 3122 4338 igni
3173 4277 3360 4338 utpote
3410 4267 3591 4337 digna,
3637 4263 3764 4320 leno
3817 4276 3870 4320 et

2295 4357 2506 4428 stipula:
2531 4369 2588 4415 et
2635 4360 2783 4430 ligno
2817 4360 3170 4430 comparavit.
3201 4360 3319 4414 Non
3365 4359 3511 4413 enim
3545 4358 3682 4413 dixit
3723 4359 3870 4428 Apo-

2294 4449 2498 4506 stolus:
2536 4451 2592 4505 Si
2626 4453 2748 4520 quis
2791 4466 2897 4506 non
2939 4452 3145 4505 dederit
3177 4452 3421 4522 pauperi,
3457 4452 3751 4504 anathema
3776 4452 3866 4506 sit.

2295 4542 2408 4597 Non
2448 4544 2545 4598 ista
2574 4546 2778 4616 denego
2822 4561 2837 4600 :
2877 4544 2971 4599 sed
3006 4559 3124 4613 quae
3165 4545 3337 4608 prima
3369 4555 3517 4606 sunt,
3555 4544 3771 4612 prima;
3815 4554 3870 4597 et

2293 4649 2414 4704 quae
2471 4639 2748 4700 secunda,
2800 4637 3056 4689 secunda.
3112 4633 3298 4690 Primo
3344 4637 3598 4690 condisce
3651 4645 3869 4705 pr0pter

2292 4742 2452 4796 quem
2490 4726 2645 4791 facis,
2680 4738 2734 4781 et
2768 4728 2838 4780 ita
2878 4729 3054 4783 facito.
3085 4726 3231 4780 Multi
3263 4729 3404 4782 enim
3442 4726 3719 4781 hominum
3770 4743 3867 4796 pc-

2293 4819 2510 4872 coribus
2559 4829 2686 4872 sunt
2735 4819 2941 4874 similes
2982 4837 2995 4872 :
3046 4829 3236 4888 putant
3268 4832 3374 4871 non
3405 4832 3528 4871 esse
3560 4817 3871 4871 necessaria

2292 4926 2534 4980 quaerere
2569 4912 2634 4964 de
2668 4913 2751 4966 his
2777 4927 2896 4980 quae
2928 4911 3202 4981 possibilia
3235 4920 3358 4963 sunt
3383 4921 3714 4979 quaerantur.
3748 4907 3874 4964 Sic-

2291 5013 2351 5056 ut
2371 5020 2501 5074 ergo
2528 5005 2594 5058 de
2623 5005 2706 5058 his
2733 5021 2852 5072 quae
2881 5015 3106 5071 possunt
3130 5004 3321 5072 quaeri,
3356 5003 3608 5057 inertium
3635 5012 3718 5056 est
3759 5017 3868 5055 non

616 5113 663 5155 et
692 5109 901 5171 propter
925 5099 1021 5154 hoc
1051 5109 1204 5152 natus
1235 5112 1376 5161 sum,
1413 5105 1469 5148 ut
1509 5104 1662 5148 tester
1707 5093 1914 5146 veritati
1944 5093 2012 5146 ⁸³.
2064 5090 2181 5162 Ipse
2213 5086 2257 5141 D
2285 5109 2561 5164 quaerere;
2617 5095 2692 5147 ita
2739 5095 2804 5147 de
2859 5094 2943 5146 his
2975 5108 3094 5160 qum
3143 5107 3248 5145 non
3301 5104 3521 5145 necesse
3554 5101 3637 5144 est
3673 5092 3872 5158 qua'ri,

664 5285 1024 5348 "Joan.xrv,
1075 5285 1204 5354 27..
1270 5285 1318 5316 ⁸⁸
1353 5284 1509 5339 Joan.
1556 5301 1594 5349 ι,
1657 5281 1754 5354 Ιξς
1817 5298 1902 5343 ιιι,
1949 5281 2038 5338 18.

612 5356 662 5390 ³⁸
690 5357 880 5412 Matth.
928 5371 1040 5420 va,
1081 5357 1167 5409 17.

683 5473 796 5545 (86)
838 5473 1401 5545 1_‘uipropter."Evaxa
1422 5471 1537 5535 σοῦ,
1566 5471 1762 5525 iterum
1787 5471 1926 5524 infra
1959 5473 2058 5527 sub
2087 5472 2180 5526 lin.

611 5543 706 5600 lib.
739 5543 813 5608 vi,
841 5543 916 5597 De
937 5560 995 5596 eo
1023 5545 1160 5612 quod
1186 5546 1260 5597 ait
1286 5545 1447 5598 Deus.

683 5613 798 5684 (87)
840 5612 1099 5684 lutjiertit.
1128 5612 1290 5669 Forte
1319 5615 1594 5680 impertiat.

683 5617 774 5684 (87
840 5617 1099 5678 Impertit.
1129 5617 1290 5669 Forte
1319 5617 1594 5680 impertiat.

683 5617 800 5755 ‘88;
840 5682 986 5736 Beati
1007 5683 1153 5736 illius
1178 5686 1295 5738 uiri.
1332 5684 1618 5753 Pamphili,
1649 5697 1709 5741 ut
1737 5685 1902 5739 llenr.
1932 5685 2179 5740 Valesius

611 5767 832 5831 censet;
859 5769 958 5810 nos
1001 5756 1299 5825 Agapetuut
1348 5759 1526 5825 potius
1559 5769 1810 5823 putamus
1843 5756 2057 5812 Eusebii
2085 5761 2179 5814 de«

2167 5283 2210 5316 ⁸¹
2238 5281 2255 5334 l
2287 5282 2427 5335 Tim.
2463 5297 2517 5345 v,
2553 5281 2640 5335 17.

1245 5357 1290 5388 ⁸⁵
1318 5357 1504 5410 Matth.
1538 5370 1620 5418 III,
1654 5351 1750 5417 l7;
1791 5369 1924 5419 xvu,
1955 5355 2008 5407 5.
2089 5355 2136 5386 ⁸⁸
2180 5354 2201 5408 ι
2236 5353 2361 5408 Cor.
2400 5368 2481 5416 Ill,
2509 5354 2593 5408 ll.
2685 5355 2706 5365 ’

2738 5280 2782 5313 δ’
2808 5279 2940 5335 Luc.
2978 5296 3037 5343 x,
3070 5280 3162 5334 23.
3295 5280 3341 5312 ⁸³
3363 5277 3521 5335 Joan.
3564 5293 3724 5344 xvut,
3774 5276 3870 5332 '57.

2291 5484 2586 5533 cessarem,
2619 5470 2685 5523 de
2736 5485 2844 5537 quo
2880 5469 3080 5524 Euseb.
3141 5467 3237 5521 lih.
3291 5483 3363 5520 vn
3423 5466 3566 5520 Hist.
3615 5478 3734 5534 cap.
3767 5459 3868 5527 52,

2291 5545 2358 5596 de
2393 5542 2581 5594 eodem
2619 5543 2776 5594 beato
2801 5541 2917 5592 viro
2946 5541 3085 5593 intra
3118 5541 3222 5591 col.
3255 5537 3412 5592 1065.

2359 5613 2470 5679 (89)
2512 5611 2737 5664 Bonum.
2770 5611 3014 5680 Valesius
3043 5610 3164 5680 legit
3197 5626 3404 5662 sonum.

2359 5677 2470 5748 (litt)
2513 5682 2645 5735 Ecce
2677 5682 2834 5734 enim.
2886 5677 3125 5733 Valesius
3159 5680 3286 5744 legit
3315 5682 3425 5732 hcec
3452 5677 3610 5733 enim.

2359 5754 2470 5828 (9|)
2515 5753 2634 5821 δίδη
2665 5753 2860 5807 Prwest
2890 5754 3084 5821 gloria,
3114 5753 3184 5804 ita
3208 5763 3252 5804 ct
3287 5763 3462 5804 actus.
