4098 6398
387 325 524 381 1061

387 623 562 692 pturis
608 639 715 680 non
767 625 1106 695 invenimus,
1153 644 1260 684 non
1311 645 1636 700 quieramus.
1697 632 1753 687 Si
1803 635 1946 689 enim

387 728 662 787 oporteret
700 720 855 775 nobis
885 735 1007 776 esse
1047 722 1280 791 cognita,
1313 724 1498 793 utique
1542 725 1776 794 Spiritus
1819 743 1948 782 san-

386 821 508 866 ctus
550 813 818 882 posuisset
865 828 927 868 ea
976 814 1027 867 in
1064 813 1359 884 Scripturis
1396 835 1410 870 :
1443 831 1548 872 non
1579 833 1766 873 sumus
1803 820 1944 874 enim

389 906 744 972 sapientiores
789 922 820 961 a
868 908 1071 976 Spiritu
1118 916 1326 968 sancto.
1367 909 1427 964 Si
1476 909 1675 965 dixerit
1714 911 1946 982 Spiritus

387 1008 607 1054 sanctus
641 1017 653 1052 :
693 996 1087 1053 Generationem
1127 1000 1241 1070 ejus
1270 1001 1386 1070 quis
1415 1003 1791 1056 enarrabit'"?
1835 1004 1944 1059 noli

369 1097 628 1160 'quznrere
661 1105 835 1158 neque
868 1091 936 1144 ab
984 1089 1312 1156 hominibus,
1369 1107 1542 1162 neque
1598 1094 1665 1146 ab
1715 1094 1942 1163 angelis.

369 1181 496 1235 ‘Cur
517 1181 799 1251 abnegavit
841 1179 1098 1250 Spiritus,
1127 1181 1263 1236 dixit
1295 1181 1437 1236 enim
1470 1184 1594 1252 quia
1635 1185 1942 1253 generatio-

383 1288 506 1331 nem
534 1276 650 1346 ejus
689 1277 810 1344 quis
831 1273 1142 1330 enarrabit?
1173 1274 1263 1344 qui
1297 1283 1473 1329 autem
1498 1275 1743 1330 concedit
1770 1274 1942 1346 Spiri-

383 1377 470 1422 tus
492 1383 750 1438 qumrere,
787 1366 933 1422 Unus
962 1367 1102 1422 Deus
1131 1383 1198 1421 ea:
1218 1383 1321 1438 quo
1353 1376 1472 1421 sunt
1509 1369 1706 1432 omnia,
1729 1378 1778 1422 et
1806 1385 1941 1423 unus

373 1453 638 1513 Dominus
656 1458 809 1513 Jesus
833 1474 923 1526 per
944 1475 1095 1528 quem
1126 1467 1247 1512 sunt
1273 1458 1449 1512 omnia
1477 1457 1522 1490 ⁸⁸
1549 1474 1565 1512 :
1590 1457 1939 1528 quemadmo-

370 1549 507 1604 ‘dum
537 1559 715 1604 autem
750 1546 918 1604 Filius
962 1565 1028 1604 ex
1059 1549 1236 1612 Patre,
1261 1550 1422 1605 crede
1453 1551 1501 1605 ei
1535 1552 1626 1620 qui
1675 1551 1842 1614 novit,
1887 1552 1937 1605 ei

361 1637 470 1712 qui
499 1642 757 1696 noscitur.
793 1643 897 1696 Sed
915 1651 980 1695 'tu
1005 1642 1226 1712 quaeris,
1251 1650 1305 1696 et
1337 1642 1458 1712 quis
1487 1651 1570 1698 est
1592 1643 1685 1711 qui
1714 1644 1939 1712 promit-

1246 327 1331 382 DE
1365 329 1519 385 FIDE
1549 325 1917 414 ADVERSUS
1957 327 2370 390 SABELLIUM.
2411 367 2480 376 —
2514 331 2639 388 LIB.
2683 332 2748 392 ll.

391 442 612 497 audacia
638 450 720 496 est
745 444 1045 512 quaerendi.
1075 445 1204 512 Quae
1226 460 1354 517 ergo
1377 447 1573 503 debent
1605 451 1812 518 quaeri?
1839 465 1956 520 qua:
1981 457 2029 513 Α
2055 461 2108 506 et
2128 467 2233 507 nos
2264 451 2314 506 in
2340 467 2474 522 pace
2498 454 2728 518 vocavit,
2768 468 2875 508 non
2907 463 3082 511 tamen
3117 457 3184 512 ad
3215 457 3360 514 litem
3392 477 3406 513 :
3437 475 3638 532 pugna-

389 536 695 591 invenimus
721 535 776 589 in
811 534 1106 606 Scripturis
1128 537 1303 608 posita
1335 557 1350 592 :
1379 555 1498 608 quae
1523 550 1700 596 autem
1723 543 1776 596 in
1805 541 1952 597 Serio

3479 343 3616 400 1062

2051 557 2156 596 non
2194 543 2375 609 docet,
2423 545 2515 600 sed
2547 545 2734 600 incitat
2767 547 2939 618 magis
2989 566 3003 601 :
3037 549 3102 603 lis
3140 565 3247 604 non
3288 565 3489 615 monet,
3519 556 3614 608 sed

2047 632 2316 689 ﬂammam
2347 639 2614 692 accendit.
2647 639 2934 693 Contentio
2959 651 3136 697 autem
3161 645 3315 714 equis
3341 647 3612 710 convenit,

2045 740 2154 806 non
2182 737 2364 781 tamen
2397 727 2649 785 Ecclesia:
2674 730 2788 786 Dei.
2824 731 2922 798 Qui
2948 733 3096 786 novit
3124 749 3187 789 ea
3209 750 3330 804 quae
3360 737 3614 805 possibile

2047 825 2133 870 est
2183 818 2342 881 scire,
2387 820 2576 874 doceat
2618 836 2739 876 cum
2784 824 3046 878 modestia
3096 840 3218 880 eum
3244 827 3335 896 qui
3375 829 3610 898 ignorat,

2045 923 2153 962 non
2181 917 2361 965 tamen
2400 911 2750 968 incitamento
2796 931 2811 968 :
2854 915 3258 972 incitamentum
3290 919 3433 973 enim
3461 929 3516 974 et
3542 921 3611 975 ad

2045 1012 2109 1052 ea
2147 1013 2266 1068 quae
2295 1010 2479 1069 aperta
2531 1012 2656 1057 sunt
2701 1006 3097 1061 contentionem
3141 1009 3280 1077 parit
3337 1026 3486 1065 :non
3537 1011 3610 1065 ita

2045 1091 2432 1159 periclitemur,
2481 1095 2575 1149 sed
2610 1103 2722 1150 tute
2754 1096 3060 1165 loquamur.
3105 1097 3162 1153 Si
3195 1101 3323 1170 quid
3349 1102 3609 1170 scriptum

2045 1193 2290 1249 nonest,
2351 1200 2417 1239 ne
2451 1187 2667 1256 quidem
2703 1188 2915 1243 dicatur
2954 1207 2971 1246 :
3017 1191 3063 1246 si
3093 1192 3220 1260 quid
3264 1202 3443 1246 autem
3474 1195 3608 1247 scri-

2042 1286 2193 1346 ptum
2223 1287 2322 1342 est,
2365 1292 2432 1332 ne
2473 1279 2752 1334 deleatur.‘
2776 1281 2891 1336 Non
2928 1298 3115 1338 sumus
3160 1284 3302 1338 enim
3335 1294 3606 1350 auctores,

2041 1369 2136 1422 sed
2165 1368 2432 1438 discipuli.
2474 1368 2587 1424 Non
2634 1385 2754 1442 quae
2789 1373 3060 1440 volumus,
3106 1377 3200 1430 sed
3237 1391 3298 1432 ea
3339 1377 3607 1446 quaelegi-

2041 1474 2162 1515 mus
2198 1479 2212 1514 :
2249 1477 2352 1515 non
2383 1476 2444 1516 ea
2476 1478 2595 1532 quae
2618 1478 2684 1518 ex
2715 1467 2878 1520 corde
2908 1476 3052 1533 sunt,
3076 1469 3170 1522 sed
3199 1483 3261 1522 ea
3290 1485 3407 1539 quae
3429 1485 3459 1523 a
3490 1471 3604 1540 spi-

2033 1551 2148 1604 ritu
2181 1552 2232 1604 in
2259 1551 2556 1623 Scripturis
2594 1557 2794 1610 sanctis
2826 1568 2954 1612 sunt
2983 1561 3174 1628 posita.
3208 1562 3339 1628 Quis
3369 1565 3508 1618 enim
3544 1581 3605 1620 es

2040 1652 2097 1696 t-u
2131 1644 2223 1713 qui
2275 1645 2408 1699 dicis
2435 1655 2530 1699 aut
2562 1648 2652 1716 qui
2701 1649 2899 1703 audis?
2936 1650 3048 1704 vult
3095 1652 3290 1722 aliquis
3329 1653 3601 1710 Christum

367 1737 460 1787 ‘ta‘t
505 1749 564 1788 se
599 1734 790 1789 nosse?
817 1734 993 1788 omnis
1039 1733 1184 1787 enim
1229 1734 1535 1804 quicunque
1568 1735 1835 1804 promittit
1878 1750 1937 1790 se
1967 1765 2011 1820 Β
2041 1733 2341 1800 honorare;
2391 1745 2450 1790 ut
2491 1737 2603 1791 vult
2663 1739 2777 1808 ipse
2807 1741 3076 1806 Christus,
3117 1758 3220 1798 non
3265 1753 3439 1800 tamen
3464 1758 3521 1800 ut
3544 1757 3601 1802 tu

378 1841 555 1890 nosse,
613 1828 840 1880 mendax
878 1835 980 1880 est.
1040 1823 1411 1881 Pronuntiavit
1457 1827 1602 1882 enim
1657 1825 1930 1896 Dominus,

376 1918 520 1988 quod
577 1918 754 1972 nullus
809 1919 954 1972 norit
1015 1918 1115 1973 nisi
1178 1919 1328 1974 solus
1378 1919 1540 1975 Pater
1593 1919 1829 1989 Filium,
1877 1931 1933 1976 et

358 2002 543 2065 Filius
581 2009 819 2066 Patrem.
869 2010 974 2065 Sed
1001 2011 1132 2065 dicit
1162 2011 1380 2080 quidam
1415 2029 1430 2066 :
1465 2012 1778 2080 lgnoramus
1801 2027 1931 2083 ergo

374 2102 501 2172 quia
530 2110 613 2158 est
645 2100 807 2167 Deus,
839 2108 893 2157 et
936 2102 1061 2172 quia
1107 2118 1212 2159 non
1247 2114 1406 2158 natus
1435 2114 1536 2170 est,
1571 2113 1626 2160 et
1664 2107 1933 2161 nescimus

373 2180 501 2264 quia
550 2205 605 2250 et
637 2194 802 2249 Filius
831 2205 886 2251 et
925 2195 1227 2265 unigenitus
1262 2205 1346 2251 est
1396 2195 1604 2252 Filius?
1653 2198 1931 2266 Quomodo

373 2298 550 2343 autem
586 2289 854 2343 nescimus
903 2289 1026 2358 quia
1070 2297 1226 2344 natus
1269 2289 1389 2344 est?
1445 2290 1566 2360 quia
1607 2300 1784 2344 autem
1822 2299 1930 2355 est,

354 2379 550 2434 omnis
570 2378 765 2434 clamat
785 2377 1061 2449 Scriptura
1093 2399 1107 2434 :
1137 2381 1584 2450 quemadmodum
1623 2389 1800 2436 autem
1825 2391 1930 2446 est,

371 2479 424 2523 et
457 2478 712 2539 quantum
745 2478 844 2534 est,
870 2470 1012 2524 nulla
1049 2455 1192 2525 valet
1229 2482 1416 2525 natura
1448 2471 1646 2535 dicere,
1674 2486 1844 2542 neque
1863 2471 1932 2527 de

372 2558 554 2624 Patre,
585 2573 757 2628 neque
796 2561 860 2612 de
882 2558 1034 2613 Filio.
1071 2559 1336 2626 Quieuim
1370 2559 1545 2614 dixit:
1586 2559 1755 2614 Nemo
1791 2561 1932 2614 novit

371 2649 609 2712 Patrem,
640 2651 741 2704 nisi
779 2649 1035 2709 Filius”.
1065 2652 1178 2721 ipse
1209 2651 1341 2706 dixit
1373 2652 1495 2720 quia
1528 2659 1577 2705 et
1609 2649 1806 2730 Filium
1841 2669 1930 2706 ne-

367 2758 452 2794 mo
477 2742 637 2805 novit,
665 2741 764 2796 nisi
793 2741 952 2795 Pater
971 2743 1036 2793 ⁹⁰.
1067 2742 1521 2808 Quemadmodum
1549 2743 1690 2796 enim
1717 2743 1932 2811 capiunt

368 2848 430 2886 ea
455 2849 573 2903 qua:
603 2848 697 2902 per
727 2833 916 2887 Filium
950 2834 1085 2888 facta
1117 2843 1262 2898 sunt,
1295 2847 1454 2888 nosse
1488 2849 1609 2888 emn
1646 2849 1739 2902 per
1771 2849 1928 2903 quem

368 2938 422 2981 et
450 2927 590 2981 facta
623 2929 786 2980 sunt?
832 2926 888 2982 Si
931 2927 1093 2993 igitur
1120 2926 1404 2997 imaginem
1447 2941 1552 2981 non
1587 2927 1696 2980 nati
1736 2937 1928 2980 natura

367 3032 478 3072 non
515 3018 755 3087 pervenit
788 3032 965 3083 nosse,
995 3018 1438 3086 quemadmodum
1475 3018 1644 3087 ipsum
1668 3018 1929 3087 principa-

2034 1825 2138 1882 vis.
2164 1826 2227 1880 Si
2254 1839 2431 1882 autem
2471 1838 2664 1898 praeter
2685 1831 2737 1883 id
2775 1832 2912 1900 quod
2949 1833 3062 1886 vult
3099 1833 3468 1900 honoraveris,
3502 1837 3601 1892 ho-

2033 1931 2135 1972 nor
2158 1926 2280 1972 tuus
2309 1919 2374 1974 ad
2397 1920 2782 1975 contumeliam
2816 1933 3180 1979 conve-rtetur.
3221 1925 3276 1981 Si
3309 1926 3599 1984 intereme-

2033 2009 2108 2064 tis
2137 2009 2252 2077 ejus
2280 2010 2518 2076 Patrem,
2549 2027 2657 2068 non
2691 2013 2967 2068 honorasti
2992 2015 3319 2084 progeniem.
3352 2016 3410 2072 Si
3436 2017 3602 2073 inter-

2027 2103 2229 2157 emeris
2267 2102 2487 2167 Filium,
2529 2119 2636 2160 non
2677 2105 2932 2160 dimisisti
2967 2105 3184 2160 Patrem
3229 2107 3283 2160 in
3315 2107 3598 2163 honorem.

2035 2192 2091 2247 Si
2126 2193 2265 2247 enim
2312 2207 2418 2248 non
2453 2193 2652 2248 dixeris
2693 2203 2898 2264 patrem
2935 2195 3170 2261 Patrem,
3204 2205 3258 2252 et
3288 2195 3478 2252 Filium
3509 2196 3602 2252 Fi-

2031 2285 2183 2351 lium,
2240 2301 2415 2356 neque
2467 2285 2679 2342 Patrem
2710 2303 2882 2358 neque
2939 2288 3132 2342 Filium
3170 2290 3464 2344 contiteris.
3497 2289 3599 2356 Qui

2015 2376 2172 2430 ~enim
2207 2376 2320 2433 haec
2351 2377 2506 2444 dicit,
2539 2379 2660 2433 sine
2710 2379 2821 2433 Deo
2874 2387 2976 2434 est.
3012 2379 3068 2434 Si
3096 2379 3240 2435 enim
3296 2380 3458 2435 Pater
3490 2395 3598 2436 non

2033 2479 2116 2523 est
2140 2469 2300 2524 Pater
2325 2509 2342 2534 ,
2400 2470 2513 2540 ipse
2551 2472 2692 2526 enim
2725 2472 2889 2526 Filius
2932 2481 2991 2525 ut
3034 2473 3144 2537 ais;
3193 2473 3390 2528 iterum
3431 2472 3599 2528 Filius

2031 2575 2136 2614 non
2173 2569 2256 2614 est
2277 2560 2464 2627 Filius,
2501 2562 2614 2631 ipse
2660 2561 2802 2617 enim
2835 2573 2888 2618 et
2921 2562 3273 2619 Pater-Pater
3301 2573 3384 2618 est
3423 2575 3481 2618 ut
3513 2563 3598 2618 di-

2029 2652 2109 2707 cis
2139 2651 2275 2723 (94).
2319 2652 2578 2722 Sequitur
2599 2653 2915 2722 periculum,
2947 2663 3006 2708 ut
3041 2670 3214 2724 neque
3243 2655 3405 2709 Pater
3439 2654 3598 2710 Pater

2030 2741 2122 2806 sit,
2163 2757 2342 2811 neque
2372 2743 2539 2798 Filius
2591 2743 2782 2810 Filius,
2839 2753 2892 2798 et
2942 2745 3069 2814 quid
3111 2745 3454 2800 tenebimus?
3493 2743 3598 2799 Sed

2029 2834 2191 2888 Pater
2216 2834 2375 2889 Pater
2393 2849 2521 2890 vere
2547 2844 2651 2896 est,
2687 2851 2790 2889 non
2825 2850 2990 2889 vacua
3021 2851 3121 2890 vox
3151 2835 3244 2889 sed
3278 2845 3467 2888 natura
3501 2849 3597 2889 ve-

2028 2924 2223 2979 ritatis.
2259 2924 2376 2978 Non
2414 2941 2585 2979 vanus
2614 2940 2815 2988 sermo,
2840 2926 2933 2979 sed
2962 2941 3122 2980 verus
3166 2925 3327 2980 Deus.
3358 2926 3474 2981 Non
3504 2927 3598 2997 qui

1993 3078 2002 3088 .
2030 3015 2248 3078 dicitur,
2279 3015 2373 3070 sed
2397 3015 2443 3068 is
2476 3015 2567 3085 qui
2591 3025 2673 3070 est
2701 3034 2716 3071 :
2750 3031 2853 3070 non
2876 3029 2943 3069 ex
2980 3016 3064 3070 his
3092 3031 3212 3086 qttte
3241 3017 3468 3072 dicimus
3501 3017 3599 3072 lin-

357 3109 473 3165 ‘lem
507 3110 616 3181 (92)
647 3112 1104 3180 comprehendere
1137 3110 1256 3179 quis
1289 3120 1466 3181 potest
1493 3122 1552 3165 ut
1577 3111 1755 3165 norit?
1791 3109 1929 3165 Sunt
1953 3106 2000 3170 C
2029 3106 2190 3173 gitur,
2242 3106 2335 3159 sed
2373 3107 2517 3175 quod
2544 3114 2628 3160 est
2655 3108 2987 3176 agnoscitur.
3038 3106 3195 3160 Pater
3237 3107 3380 3160 enim
3422 3120 3598 3178 neque

368 3203 554 3274 itaque
590 3203 832 3273 quaedam
868 3201 1024 3256 nobis
1052 3202 1296 3267 dicenda,
1331 3211 1454 3258 sunt
1500 3210 1554 3257 et
1577 3203 1817 3272 quaedam
1857 3201 1930 3255 si-

367 3297 533 3353 lentio
563 3297 801 3353 colenda.
843 3295 981 3351 Sunt
1018 3295 1259 3365 quardam
1290 3296 1343 3349 in
1373 3295 1614 3364 cogitatu
1644 3293 1926 3358 movenda,

365 3397 493 3446 sunt.
529 3387 770 3457 quaedam
791 3395 845 3442 et
869 3388 1211 3442 veneratione
1244 3401 1348 3441 non
1380 3387 1661 3444 movenda.
1701 3385 1836 3440 Sunt
1861 3385 1929 3440 de

363 3480 557 3549 quibus
600 3479 852 3534 convenit
898 3478 1012 3548 sapi
1055 3497 1067 3532 :
1112 3487 1236 3532 sunt
1281 3486 1336 3531 et
1380 3478 1445 3532 de
1488 3477 1681 3546 quibus
1719 3487 1929 3547 oportet

364 3571 569 3640 paveri.
593 3569 733 3625 Sunt
769 3585 888 3640 quae
908 3579 1132 3637 possunt
1171 3568 1351 3636 lingua
1376 3567 1722 3637 interpretari
1755 3587 1768 3621 :
1803 3577 1929 3622 sunt

352 3673 420 3716 “et
456 3676 574 3730 qua:
599 3669 825 3730 possunt.
859 3659 1108 3729 religiose
1148 3659 1334 3713 taceri.
1373 3658 1546 3712 Dicito
1584 3673 1738 3721 sane,
1777 3658 1928 3714 Unus

365 3753 508 3808 Deus
534 3766 561 3802 a
591 3767 697 3820 quo
745 3761 871 3806 sunt
901 3750 1098 3811 omnia,
1130 3759 1182 3804 et
1225 3749 1398 3804 nullus
1425 3751 1618 3821 poterit
1640 3750 1927 3819 reprehen-

365 3845 511 3900 dere.
541 3841 597 3898 Si
625 3853 801 3897 autem
822 3850 875 3896 et
899 3840 1297 3910 reprehenderit
1319 3841 1456 3910 quis,
1485 3856 1588 3896 non
1616 3851 1664 3894 te
1687 3841 1776 3895 sed
1803 3856 1924 3895 eum

352 3933 457 4005 qui
485 3933 721 4003 scripsit.
755 3932 812 3987 Si
853 3944 1029 3986 autem
1059 3944 1113 3988 et
1149 3932 1371 3987 Paulum
1396 3932 1485 4002 qui
1520 3933 1736 4000 scripsit
1765 3931 1924 3984 audet

364 4027 487 4097 quis
513 4027 926 4097 reprehendere,
956 4042 1062 4080 non
1094 4025 1335 4090 Paulum,
1367 4025 1460 4080 sed
1499 4039 1619 4079 eum
1651 4024 1739 4093 qui
1778 4038 1922 4077 sem-

356 4130 460 4187 per
493 4115 548 4170 in
579 4129 700 4170 eum
742 4112 854 4185 (95)
891 4117 1098 4170 locutus
1142 4125 1226 4170 est
1259 4113 1510 4170 Christus
1554 4112 1919 4183 reprehendit.

357 4206 422 4261 Si
447 4215 624 4260 autem
643 4203 846 4260 Christi
877 4206 1038 4260 verba
1069 4205 1462 4275 reprehendere
1485 4201 1607 4272 quis
1628 4201 1789 4256 luerit
1825 4217 1922 4254 au-

361 4313 477 4363 sus,
502 4297 619 4368 ipse
644 4297 779 4351 dixit
807 4297 1056 4352 Christus
1102 4316 1116 4352 :
1151 4295 1280 4362 Quae
1327 4311 1418 4365 ego
1452 4295 1639 4365 loquor
1670 4310 1772 4348 non
1798 4299 1920 4346 sunt

301 4397 304 4400 ’
351 4407 496 4456 mea,
537 4391 626 4444 sed
650 4389 812 4443 Pater
841 4391 928 4461 qui
949 4390 1086 4443 misit
1122 4405 1223 4454 me,
1250 4389 1358 4457 ipse
1388 4388 1618 4458 loquitur
1643 4403 1832 4455 per.,me
1849 4386 1916 4439 ⁹¹.

361 4481 572 4537 Etenim
611 4494 794 4548 neque.
822 4480 1046 4550 gentiles
1079 4495 1284 4544 sumus,
1325 4493 1499 4548 neque
1521 4477 1713 4544 Judaei,
1749 4492 1922 4546 neque

363 4574 624 4630 haeretici.
664 4573 903 4629 Gentiles
935 4574 1074 4628 enim
1107 4587 1210 4627 non
1250 4587 1453 4639 sumus,
1495 4572 1622 4642 quia
1655 4585 1758 4626 non
1789 4571 1923 4625 dici-

362 4682 480 4720 mus
504 4666 652 4721 deos.
681 4663 846 4720 Judzei
874 4680 977 4719 non
1003 4679 1208 4729 sumus,
1233 4664 1353 4732 quia
1381 4674 1433 4717 et
1453 4663 1727 4719 Christum
1753 4663 1919 4717 Deum

359 4755 696 4810 conﬁtemur.
750 4751 998 4807 Haeretici
1033 4762 1212 4807 autem
1245 4753 1363 4807 ideo
1403 4768 1507 4807 non
1553 4767 1760 4817 sumus,
1795 4753 1919 4821 quia

354 4845 681 4900 "conﬁtemur
711 4845 869 4897 istum
912 4827 1149 4913 esse'qui
1193 4842 1360 4906 venit,
1391 4856 1550 4910 quem
1583 4841 1919 4910 praeveniens

365 4935 526 4990 Vetus
555 4935 956 4989 Testamentum
1000 4950 1094 5006 per
1123 4937 1412 5004 prophetas
1455 4933 1764 5002 praedicavit
1793 4947 1921 4985 ven-

361 5034 560 5078 turum.
603 5024 660 5078 Si
693 5026 812 5093 quis
842 5025 982 5079 enim
1020 5024 1252 5079 noluerit
1290 5024 1458 5088 litem,
1511 5038 1644 5091 opus
1678 5038 1780 5076 non
1821 5027 1918 5076 ha-

357 5118 470 5172 bet.
516 5115 611 5171 Est
639 5118 881 5185 quaedam
939 5118 1199 5173 dubitatio
1260 5118 1398 5171 inter
1450 5115 1642 5170 fratres
1691 5135 1703 5169 :
1749 5116 1922 5186 primo
1964 5172 1967 5174 _

357 5223 483 5262 cum
520 5207 783 5262 charitate
815 5219 1107 5278 quaeratur,
1133 5220 1194 5262 ut
1217 5209 1356 5262 inter
1390 5208 1604 5262 fratres.
1635 5206 1748 5260 Non
1778 5208 1920 5262 enim

360 5298 715 5355 dissensionis
761 5309 843 5354 est
880 5300 1018 5354 Deus
1061 5312 1156 5355 aut
1206 5303 1319 5368 irae,
1355 5302 1445 5355 sed
1489 5300 1636 5369 pacis
1667 5301 1712 5332 θ’
1747 5318 1761 5354 :
1794 5300 1921 5369 quia

2029 3218 2094 3257 ex
2123 3203 2249 3267 alio,
2273 3219 2446 3274 neque
2471 3218 2566 3273 per
2605 3204 2789 3271 alium,
2823 3221 2996 3276 neque
3033 3205 3198 3268 aliud,
3230 3207 3322 3261 sed
3367 3207 3485 3276 ipse
3512 3213 3598 3260 est

2028 3297 2244 3363 quiest.
2284 3296 2446 3352 Forte
2477 3299 2621 3353 enim
2670 3308 2725 3354 et
2750 3314 2815 3354 ex
2853 3299 3141 3367 semetipso
3173 3306 3228 3352 et
3266 3313 3362 3367 per
3393 3306 3598 3352 semet-

2029 3388 2238 3456 ipsum;
2264 3389 2419 3445 nobis
2447 3391 2843 3461 quodammodo
2874 3391 3202 3446 conveniens
3227 3400 3311 3445 est
3338 3405 3518 3446 sermo
3537 3399 3598 3445 ut

2028 3479 2260 3535 dicatur.
2300 3479 2538 3534 Necdum
2597 3491 2774 3536 tamen
2820 3481 2910 3535 illa
2956 3481 3342 3550 interpretatur
3381 3490 3594 3535 natura.

2026 3565 2136 3622 Nos
2154 3568 2299 3622 enim
2322 3577 2379 3622 ut
2404 3584 2509 3623 non
2542 3579 2813 3626 taceamus
2836 3570 2955 3625 ideo
2980 3570 3228 3624 dicimus.
3257 3570 3394 3638 Quid
3413 3579 3594 3626 autem

2026 3665 2108 3712 est
2135 3656 2278 3712 Deus
2315 3671 2422 3712 non
2457 3658 2874 3728 interpretamur
2898 3676 2916 3713 :
2950 3656 3080 3727 quid
3105 3656 3250 3711 enim
3293 3658 3483 3710 horum
3514 3657 3596 3710 in-

2029 3749 2346 3817 terpretatio
2379 3757 2463 3804 est
2497 3747 2614 3812 Dei,
2650 3749 2766 3803 sine
2797 3748 2974 3812 initio,
3015 3762 3120 3801 non
3157 3755 3336 3809 natus,
3372 3747 3596 3799 immor-

2027 3841 2172 3908 talis,
2207 3841 2570 3909 incorruptus,
2599 3839 2974 3903 immutabilis,
3007 3839 3318 3904 immobilis,
3350 3839 3593 3892 inacces-

2025 3932 2219 3997 sibilis,
2251 3931 2652 3997 inenarrabilis,
2702 3930 3300 4000 incomprehensibilis?
3334 3929 3439 3983 Per
3479 3928 3595 3983 haec

2023 4039 2154 4096 ergo
2180 4025 2360 4080 omnia
2411 4039 2519 4080 non
2546 4034 2629 4079 est
2655 4023 2860 4079 dictum
2908 4023 3036 4092 quid
3071 4032 3174 4086 est,
3200 4023 3293 4076 sed
3319 4019 3448 4090 quid
3484 4033 3591 4073 non

2023 4126 2108 4172 est
2148 4131 2167 4172 :
2205 4117 2354 4172 velut
2402 4117 2447 4172 si
2469 4117 2595 4186 quis
2622 4115 2971 4185 interpretari
3005 4129 3112 4169 non
3145 4112 3414 4168 solliciens
3447 4110 3593 4181 quod

2021 4216 2109 4263 est
2148 4207 2349 4274 lumen,
2399 4206 2546 4262 dicat
2571 4207 2715 4275 quod
2747 4220 2850 4260 non
2885 4215 2969 4261 est
3001 4205 3369 4258 tenebrosum.
3401 4199 3595 4254 Dicere

2023 4309 2202 4355 autem
2228 4299 2369 4369 quod
2393 4298 2733 4353 tenebrosum
2762 4311 2868 4351 non
2887 4305 2990 4362 est,
3026 4309 3131 4348 non
3165 4293 3338 4348 solum
3369 4304 3472 4344 non
3495 4304 3592 4344 ex-

2026 4392 2201 4447 hibuit
2223 4402 2471 4446 naturam
2504 4388 2744 4453 luminis,
2779 4389 2871 4442 sed
2900 4396 2956 4442 et
2983 4386 3152 4455 magis
3185 4384 3419 4452 ipsarum
3447 4389 3591 4433 tene-

2022 4483 2240 4537 brarum
2281 4489 2528 4535 naturam
2561 4479 2799 4549 negavit.
2843 4474 3168 4532 Immortalis
3195 4473 3338 4527 enim
3369 4470 3586 4536 dicitur,

2022 4575 2147 4643 quia
2178 4589 2282 4628 non
2305 4574 2589 4637 morietur,
2621 4582 2676 4627 et
2701 4572 3042 4637 incorruptus
3071 4567 3196 4636 quia
3224 4580 3329 4620 non
3352 4578 3590 4620 corrum-

2021 4665 2184 4733 pitur.
2213 4661 2330 4718 Non
2374 4675 2550 4726 natus,
2593 4662 2684 4730 qui
2709 4660 2920 4713 initium
2953 4673 3059 4712 non
3088 4654 3268 4710 habet.
3307 4653 3429 4707 Haec
3465 4666 3586 4706 om-

2021 4755 2108 4808 nia
2138 4769 2242 4808 non
2274 4752 2402 4823 quid
2437 4762 2519 4806 est
2556 4751 2696 4806 Deus
2726 4749 2878 4812 dicit,
2927 4748 3022 4804 sed
3070 4747 3197 4815 quid
3228 4760 3332 4798 non
3358 4752 3460 4803 est.
3506 4741 3584 4797 Ita

2019 4861 2118 4916 per
2151 4860 2214 4900 ea
2247 4860 2366 4915 qua:
2398 4845 2628 4900 dicimus
2667 4843 2785 4898 sine
2816 4839 3262 4910 interpretatione
3300 4851 3422 4890 eum
3451 4851 3586 4890 eon-

2016 4938 2250 4995 iitemur.
2286 4937 2344 4992 Si
2381 4936 2674 4992 dixerimus
2702 4948 2824 4989 eum
2851 4935 3053 4988 fontem
3089 4930 3358 4992 veritatis,
3393 4942 3587 4984 nomen

2018 5029 2297 5084 veritatem
2321 5043 2427 5082 non
2453 5025 2690 5082 exhibet.
2735 5023 2840 5079 Sed
2866 5024 2992 5093 quia
3019 5037 3124 5076 non
3149 5021 3408 5075 habemus
3443 5018 3586 5087 quod

2016 5121 2281 5184 dicamus,
2325 5134 2391 5174 ex
2447 5120 2531 5174 his
2577 5133 2697 5188 quae
2748 5119 3008 5172 habemus
3047 5114 3314 5175 dicamus,
3361 5111 3584 5163 mutuati

2018 5211 2208 5264 alienis
2241 5209 2547 5264 nominibus
2585 5207 2697 5280 (95)
2731 5211 2932 5263 utimur
2967 5222 2981 5257 ε
3026 5205 3144 5258 fons
3166 5203 3309 5256 enim
3335 5200 3574 5267 agnosci-

2021 5311 2108 5355 tur
2145 5300 2285 5355 unde
2315 5309 2418 5365 est,
2453 5300 2591 5354 Deus
2621 5309 2798 5352 autem
2836 5312 2942 5350 non
2979 5295 3142 5350 habet
3170 5293 3340 5356 unde;
3374 5301 3428 5344 et
3468 5289 3586 5343 fons

428 5486 473 5518 ετ
498 5484 603 5541 [53,
630 5502 749 5552 ιιιι,
776 5488 830 5543 8.
906 5485 952 5518 ⁸⁸
985 5485 1002 5540 1
1027 5486 1149 5541 Cor.
1177 5501 1296 5554 vtn,
1319 5497 1371 5543 υ.
1445 5485 1488 5520 ⁸⁸
1521 5485 1710 5541 Matth.
1739 5503 1819 5550 xt,
1843 5485 1931 5541 27.

2032 5487 2053 5518 °
2085 5485 2212 5541 ibid.
2289 5485 2331 5517 ³⁸
2355 5485 2512 5542 Joan.
2537 5499 2637 5549 χιι,
2663 5483 2752 5538 49.
2827 5484 2872 5515 θ’
2897 5483 2917 5535 Ι
2941 5481 3066 5536 Cor.
3109 5495 3221 5544 xw,
3245 5478 3335 5534 '55.

431 5601 540 5744 $99..)
577 5600 944 5672 Principalem,
973 5603 1294 5676 ἀρχέτυπον.

455 5673 543 5742 95)
574 5673 638 5726 In
652 5690 791 5736 eum,
825 5688 921 5741 pro
946 5677 998 5727 in
1019 5693 1100 5730 eo.
1144 5675 1182 5727 II
1211 5675 1294 5730 Co:

455 5673 543 5742 95)
574 5673 791 5736 laeum,
825 5688 921 5741 pro
946 5673 1100 5730 ineo.
1144 5675 1182 5727 II
1211 5675 1334 5730 Cor.
1363 5689 1481 5737 xm,
1510 5675 1570 5727 ιε
1599 5675 1678 5727 An
1712 5675 1917 5740 experi-

352 5754 588 5824 mentum
616 5745 852 5814 qua’ritis
879 5745 990 5815 ejus
1024 5746 1111 5816 qui
1138 5747 1190 5801 in
1216 5762 1293 5800 me
1318 5745 1547 5816 loquitur
1581 5745 1854 5800 Christus?

2091 5603 2200 5674 (94)
2231 5603 2326 5657 Ms.
2353 5603 2420 5674 Et
2453 5601 2610 5654 Pater
2636 5611 2730 5674 est,
2763 5608 2816 5674 ut
2837 5599 2988 5674 dicis.

2090 5666 2200 5747 (95)
2233 5673 2332 5730 Ms.
2363 5673 2621 5728 Mutuatis
2649 5671 2832 5726 alienis
2859 5666 3172 5722 nominibus.

3620 5465 3630 5510 ι
