4098 6398
597 357 619 412 Ι
631 356 736 414 063

1296 349 1559 405 EUSEBll
1597 343 2064 405 CESARIENSIS
2098 344 2249 406 OPP.
2288 342 2469 403 PARS
2501 344 2596 405 ιγ.
2636 378 2707 389 -
2737 342 3163 402 DOGMATICA.

3690 342 3839 401 1061

590 482 806 530 meatus
829 484 990 540 supra
1021 476 1227 523 meatus
1250 466 1495 529 ell'nndit,
1525 466 1663 523 Deus
1687 474 1865 520 autem
1888 466 1940 520 in
1964 466 2161 536 eoipsn
2189 470 2235 526 Α
2260 481 2418 535 quem
2458 474 2583 521 sunt
2625 473 2838 520 cuncta.
2880 463 2994 517 Non
3024 472 3103 518 est
3128 478 3292 517 unum
3332 476 3395 518 es
3442 462 3713 529 omnibus,
3737 467 3837 521 sed

586 567 734 636 quod
766 573 849 617 est
883 569 1105 615 manet:
1142 573 1313 623 neque
1336 560 1479 613 enim
1515 574 1616 614 vos
1641 558 1969 613 conveniens
2003 560 2157 615 inve-

588 659 760 722 nitur,
790 668 963 721 neque
1006 651 1344 720 comparatio
1388 651 1707 718 perveniens
1738 651 1804 703 ad
1834 650 1979 704 illam
2004 661 2163 704 natu-

588 763 708 802 ram
733 763 750 801 :
781 745 875 801 sed
898 756 956 798 ut
978 759 1082 797 non
1111 753 1381 797 taceamus
1403 741 1716 809 colligentes
1735 757 1853 812 qua:
1869 742 2159 806 habemus;

590 854 713 892 cum
744 848 922 891 autem
957 836 1138 889 omnia
1167 834 1482 897 dixerimus,
1522 844 1649 889 tunc
1684 834 2008 890 conﬁtemur
2037 835 2163 903 quia

586 947 709 1002 quae
734 930 970 985 dicimus
1021 928 1154 983 nihil
1204 926 1459 983 diﬁ‘erunt
1496 942 1527 980 a
1568 928 1956 982 taciturnitate.
2002 926 2164 983 Pater

586 1040 657 1077 ex.
685 1037 752 1078 eo
802 1022 1118 1091 agnoscitur
1159 1020 1329 1091 ﬁgura
1360 1020 1503 1089 quod
1536 1029 1619 1073 est
1659 1035 1764 1074 non
1792 1029 1970 1073 natus.
2013 1017 2166 1074 Unus

584 1116 731 1170 enim
755 1125 838 1169 est
868 1115 1003 1184 ipse,
1036 1113 1127 1183 qui
1159 1128 1264 1167 non
1288 1121 1371 1167 est
1405 1113 1472 1165 ab
1502 1110 1609 1167 alio
1654 1130 1668 1166 :
1703 1128 1841 1168 unus
1877 1122 1961 1168 est
1984 1114 2073 1183 qui
2096 1128 2164 1167 ex

586 1222 653 1261 eo
678 1206 821 1276 quod
848 1221 953 1260 non
978 1216 1134 1260 natus
1161 1213 1245 1259 est
1265 1204 1596 1275 agnoscitur.
1623 1202 1738 1258 Non
1770 1202 1939 1259 frater
1958 1204 2029 1270 ei,
2061 1219 2166 1261 non

588 1298 752 1353 Pater
779 1298 983 1362 Patris,
1032 1298 1127 1352 sed
1180 1296 1471 1365 singularis
1523 1304 1715 1349 natura
1761 1305 1888 1349 est:
1938 1305 1991 1350 et
2020 1296 2073 1349 in
2102 1310 2165 1350 ea

589 1392 735 1462 quod
772 1406 875 1446 non
910 1399 1073 1444 natus
1108 1400 1211 1455 est,
1238 1402 1364 1442 vere
1390 1386 1539 1442 solus
1570 1388 1899 1453 ostenditur,
1933 1403 2038 1442 non
2067 1403 2165 1441 na-

591 1496 681 1541 tus
720 1484 878 1538 Pater
912 1501 925 1539 :
974 1484 1042 1536 ab
1095 1483 1195 1537 hoc
1236 1496 1367 1536 sane
1402 1498 1507 1536 non
1556 1491 1686 1536 nato
1729 1490 1982 1535 manente
2020 1480 2168 1549 quod

589 1587 678 1633 est
728 1574 1015 1639 indivisus,
1068 1574 1355 1641 inscissus,
1408 1575 1740 1643 impartitus,
1800 1573 2165 1642 impassibilis,

590 1668 907 1739 unigenitus
943 1678 1030 1723 est
1058 1665 1228 1721 Filius
1259 1678 1418 1721 natus
1447 1684 1461 1721 :
1490 1681 1663 1736 neque
1683 1665 1822 1720 alius
1842 1675 1922 1720 est
1946 1681 2051 1721 non
2081 1680 2170 1719 na-

593 1770 701 1827 tus,
752 1775 925 1830 neque
962 1760 1097 1814 alius
1149 1760 1495 1830 unigenitus;
1549 1762 1642 1814 sed
1682 1775 1822 1813 unus
1863 1774 1968 1814 non
2014 1768 2169 1814 natus

591 1853 775 1920 Pater,
808 1862 864 1908 et.
895 1868 1035 1907 unus
1058 1851 1372 1921 unigenitus
1389 1852 1579 1906 Filius.
1609 1851 1730 1906 Haec
1752 1868 1857 1905 non
1882 1868 1977 1906 nos
2008 1853 2170 1907 extol-

593 1945 729 2010 lunt,
779 1944 1036 1997 memoria
1071 1942 1214 1996 illius
1264 1944 1403 1997 beati
1436 1944 1560 1997 viri.
1597 1943 1812 1998 Utinam
1866 1954 2042 1998 autent
2098 1944 2169 1997 ita

590 2035 795 2101 possim
827 2033 1025 2098 dicere,
1050 2043 1112 2087 ut
1140 2033 1416 2087 vobiscum
1444 2048 1655 2102 semper
1676 2034 1744 2086 ab
1771 2034 1960 2088 eodem
1986 2034 2171 2089 audie-

592 2123 736 2177 bam.
782 2122 888 2178 Sed
935 2138 998 2177 ea
1026 2139 1145 2193 quae
1181 2139 1325 2178 nunc
1352 2124 1627 2189 dicuntur,
1665 2125 1738 2178 illi
1772 2125 1967 2195 placita
2006 2126 2170 2181 fuisse

592 2216 867 2270 videntur.
911 2214 1092 2270 Gloria
1133 2216 1277 2270 enim
1302 2226 1387 2273 est
1410 2216 1701 2286 proborum
1732 2233 2011 2272 servorum
2040 2233 2166 2274 vera

593 2306 660 2361 de
690 2306 915 2360 Domino
940 2306 1159 2361 dicere:
1190 2314 1246 2361 et
1275 2306 1448 2361 honor
1467 2320 1655 2361 eorum
1683 2318 1892 2377 patrum
1917 2309 2007 2377 qui
2032 2307 2169 2363 bene

594 2399 917 2463 docuerunt,
941 2399 985 2453 si
1020 2408 1336 2468 repetantur
1365 2416 1551 2454 eorum
1588 2402 1863 2455 doctrinae.
1891 2399 2041 2455 Unus
2064 2402 2165 2471 igi-

594 2501 687 2544 tur
724 2499 808 2545 est
841 2506 947 2545 non
978 2502 1139 2545 natus
1164 2492 1305 2546 Deus
1343 2510 1356 2547 :
1397 2507 1550 2545 serva
1583 2491 1692 2562 (96)
1726 2509 1830 2545 non
1856 2502 2017 2547 natus
2040 2508 2163 2548 cum

597 2583 780 2651 Patre,
814 2594 869 2639 et
901 2599 1006 2639 non
1032 2586 1254 2640 habebis
1280 2585 1331 2639 in
1365 2587 1544 2640 anima
1569 2585 1935 2640 confusionem
1967 2601 2163 2640 :serva

597 2675 906 2745 unigenints
943 2689 1064 2729 cum
1094 2674 1246 2741 Filio,
1275 2683 1327 2730 et
1355 2690 1458 2729 non
1488 2675 1809 2741 turbaberis,
1863 2689 2033 2742 neque
2051 2674 2164 2743 jam

594 2771 706 2824 eris
730 2767 968 2823 incertus
1007 2769 1457 2837 quemadmodum
1490 2769 1627 2821 Deus
1677 2777 1729 2819 et
1765 2766 1923 2833 Deus,
1959 2778 2013 2821 et
2056 2784 2164 2823 non

602 2857 718 2913 Dei.
759 2856 896 2925 Quia
952 2860 1095 2913 enim
1134 2857 1333 2911 retines
1356 2873 1494 2912 unus
1532 2857 1671 2911 Deus
1713 2872 1818 2911 non
1875 2868 2055 2924 natus,
2110 2868 2165 2914 et

598 2962 735 3001 unus
766 2949 904 3002 Deus
930 2948 1277 3016 unigenitus;
1308 2947 1425 3003 ideo
1449 2964 1553 3002 non
1579 2950 1674 3012 dii,
1699 2950 1823 3018 quia
1854 2965 2031 3019 neque
2058 2965 2160 3004 non

597 3039 739 3103 nati,
771 3052 943 3108 neque
981 3040 1239 3109 unigeniti
1276 3057 1290 3092 :
1330 3054 1487 3094 serva
1536 3040 1761 3109 ﬁguram
1800 3056 1903 3094 non
1936 3041 2064 3103 nati,
2108 3052 2163 3096 et

2261 574 2356 628 per
2375 574 2536 628 quem
2560 566 2688 613 sunt
2730 558 2912 612 omnia
2942 576 2956 612 :
2991 556 3105 625 ipse
3128 571 3156 609 a
3184 555 3340 610 Patre
3387 555 3553 611 habet
3582 559 3721 625 quod
3750 567 3840 612 est

2262 651 2433 706 haeres
2467 668 2481 704 :
2513 665 2615 703 non
2644 659 2727 705 est
2759 665 2823 704 ex
2857 651 3190 704 htereditate.
3216 648 3515 703 Consessor
3538 663 3643 703 non
3660 660 3742 703 est
3764 665 3837 704 ex

2262 742 2468 813 angelis
2498 743 2589 812 qui
2624 743 2860 808 adstant,
2909 756 3082 809 neque
3122 758 3188 797 ex
3231 741 3571 812 archangelis
3609 759 3623 795 :
3671 742 3837 806 judex

2263 836 2501 890 onmium
2530 850 2634 889 non
2660 844 2742 890 est
2774 851 2912 891 unus
2940 851 3006 890 ex
3038 836 3119 890 his
3159 836 3248 905 qui
3281 834 3613 905 jtnlicantnr.
3648 833 3723 887 Ne
3754 844 3875 919 ιιι-⁸

2265 932 2451 987 trahas
2490 943 2737 987 naturam
2776 948 2899 1003 quae
2942 948 3046 987 non
3080 933 3309 994 accedit,
3358 946 3532 999 neque
3569 923 3879 1007 pervenit.|

2262 1023 2433 1090 Quem
2459 1039 2525 1079 ex
2565 1025 2667 1079 hoc
2700 1024 2955 1079 debemus
2981 1039 3175 1090 nosse;
3216 1022 3342 1092 quia
3374 1023 3742 1091 unusquisque
3764 1028 3837 1074 ex

2269 1117 2352 1170 his
2394 1131 2513 1185 qua:
2555 1117 2705 1180 dicit,
2767 1128 2860 1171 aut
2914 1116 3231 1187 sibimetipsi
3275 1116 3492 1185 prodest
3529 1125 3623 1170 aut
3668 1114 3836 1168 laedit.

2266 1207 2374 1262 Res
2414 1209 2556 1263 enim
2586 1226 2651 1264 ex
2686 1210 2886 1264 nostris
2936 1210 3270 1264 sermonibus
3311 1224 3414 1262 non
3457 1206 3835 1262 transferetur.

2268 1299 2401 1365 Quia
2431 1300 2590 1370 igitur
2625 1298 2793 1356 ,ιιιόωί
2825 1315 2926 1354 non
2970 1300 3293 1355 conﬁtentur
3323 1292 3539 1361 Filium,
3577 1313 3681 1353 non
3711 1297 3839 1353 ideo

2269 1410 2374 1448 non
2399 1403 2480 1448 est
2507 1392 2694 1448 Filius.
2728 1390 2994 1447 Judicabit
3030 1393 3174 1448 enim
3197 1405 3288 1446 eos
3313 1391 3406 1461 qui
3436 1406 3540 1446 non
3571 1389 3843 1445 conﬁteno.

2268 1494 2358 1539 tur
2381 1500 2504 1540 eum
2536 1502 2552 1539 :
2581 1483 2704 1551 quia
2739 1484 2953 1553 quidem
2993 1498 3188 1538 novum
3215 1480 3353 1536 istud
3383 1480 3721 1551 sacrilegium
3746 1479 3839 1534 in-

2272 1579 2623 1633 troduxerunt
2647 1578 2907 1641 dicentes,
2959 1577 3208 1632 eumdem
3234 1575 3425 1644 ipsum
3455 1588 3574 1629 esse
3614 1573 3836 1627 Patrem

2271 1686 2428 1740 quem
2454 1681 2508 1726 et
2534 1669 2730 1724 Filium
2764 1687 2779 1724 :
2820 1685 2993 1737 neque
3022 1667 3232 1723 Patrem
3256 1666 3470 1721 Patrem
3505 1668 3699 1731 dicent,
3739 1682 3840 1721 ne-

2272 1774 2376 1830 que
2399 1759 2589 1814 Filiutn
2620 1758 2817 1814 Filium
2842 1778 2856 1814 :
2896 1759 2988 1813 sed
3017 1758 3311 1814 secundum
3341 1759 3577 1826 ipsorum
3606 1757 3837 1811 sacrile-

2270 1853 2411 1922 gium
2436 1850 2566 1905 nihil
2590 1865 2828 1918 prorsus.
2854 1849 2909 1904 Si
2926 1851 3068 1902 enim
3092 1849 3251 1903 Pater
3270 1864 3375 1903 non
3400 1860 3485 1903 est
3506 1848 3680 1914 Pater,
3705 1848 3837 1917 quia

2271 1943 2384 2012 ipse
2412 1950 2495 1995 est
2524 1952 2579 1995 et
2602 1939 2789 2002 Filius,
2835 1950 2893 1992 ut
2936 1940 3032 2007 ipsi
3064 1938 3406 2009 ﬂagitantur;
3449 1948 3502 1991 et
3533 1936 3697 1991 Filius
3726 1952 3836 1990 non

2268 2034 2461 2099 Filius,
2482 2034 2606 2103 quia
2634 2033 2746 2102 ipse
2775 2042 2859 2086 est
2886 2030 3045 2084 Pater
3075 2049 3086 2083 :
3117 2044 3281 2099 prope
3308 2038 3389 2083 est
3433 2038 3489 2081 ιιι
3518 2030 3698 2082 dicant
3738 2043 3834 2082 ne-

2268 2141 2373 2196 que
2401 2125 2613 2180 Patrem
2639 2139 2782 2186 esse,
2815 2138 2988 2192 neque
3016 2120 3210 2175 Filium
3245 2138 3259 2174 :
3290 2127 3346 2175 ut
3379 2135 3540 2173 unum
3569 2118 3713 2173 enim
3748 2118 3835 2172 fa—

2266 2220 2408 2275 ciunt
2440 2218 2582 2288 quod
2611 2233 2715 2272 non
2752 2216 2828 2270 ﬁt.
2867 2214 2998 2282 Quis
3023 2215 3164 2268 enim
3204 2212 3399 2282 poterit
3423 2211 3607 2264 audire
3656 2211 3834 2281 ipsum

2266 2328 2325 2367 se
2346 2312 2448 2366 sibi
2481 2325 2599 2366 esse
2645 2309 2898 2363 Patrem?
2936 2307 3056 2378 quis
3107 2308 3303 2377 poterit
3334 2304 3546 2360 Patrem
3575 2305 3747 2372 ipsum
3774 2318 3838 2357 se

2265 2405 2369 2461 sibi
2404 2419 2524 2460 esse
2572 2401 2803 2458 Filium?
2853 2399 2911 2455 Si
2960 2400 3104 2455 enim
3157 2399 3375 2452 voluero
3410 2406 3614 2452 mutare
3647 2412 3835 2451 vocem

2265 2514 2461 2561 meam,
2497 2513 2599 2551 non
2632 2504 2867 2550 mutatur
2891 2502 3125 2547 vestrum
3154 2468 3501 2561 prbpositum.
3530 2489 3713 2543 Nonne
3737 2504 3838 2557 pu-

2267 2594 2392 2646 tatis
2417 2606 2500 2643 me
2536 2590 2708 2643 aliena
2750 2586 2932 2655 loqui?
2959 2585 3146 2639 Dicam
3178 2599 3307 2654 ergo
3328 2582 3487 2637 Pater
3519 2598 3621 2635 non
3648 2580 3834 2644 Pater,

2265 2691 2320 2735 et
2348 2679 2516 2735 Filius
2558 2693 2660 2731 non
2690 2675 2876 2729 Filius.
2915 2674 3048 2729 Nam
3076 2684 3129 2728 et
3166 2674 3209 2728 si
3235 2673 3443 2738 dixero,
3479 2675 3589 2741 ipse
3616 2670 3716 2725 sibi
3749 2682 3839 2725 est

2264 2772 2443 2837 Pater,
2473 2781 2525 2825 et
2549 2771 2660 2841 ipse
2679 2770 2778 2825 sibi
2804 2778 2885 2823 est
2916 2768 3114 2831 Filius;
3143 2781 3319 2820 nonne
3349 2764 3618 2819 insaniam
3647 2766 3836 2819 statim

2265 2864 2567 2935 signiﬁcant
2592 2877 2869 2929 sermones
2906 2860 3047 2914 mei?
3081 2859 3172 2913 sed
3204 2873 3289 2913 me
3329 2872 3434 2912 non
3472 2866 3675 2911 tantum
3714 2872 3834 2910 mo-

2265 2966 2426 3011 veant
2458 2955 2739 3009 adversum
2786 2968 2880 3007 eos
2908 2952 2997 3020 qni
3024 2949 3295 3011 dixerunt,
3351 2957 3608 3016 quantum
3656 2957 3837 3003 movet

2264 3055 2318 3101 et
2345 3045 2604 3100 adversus
2634 3058 2729 3097 eos
2760 3043 2852 3112 qui
2904 3040 3180 3110 patiuntur
3221 3055 3235 3090 :
3263 3038 3657 3092 calumniantur
3688 3038 3837 3092 enim

595 3129 854 3185 conﬁtere
884 3131 1109 3203 ﬁguram
1138 3132 1426 3202 unigeniti.
1477 3142 1533 3186 et
1569 3133 1710 3185 nulla
1761 3133 1969 3187 turbela
1995 3143 2076 3188 est
2107 3135 2159 3188 in
2191 3164 2232 3221 ο
2267 3136 2335 3189 ab
2379 3134 2569 3189 iisdem
2618 3141 2672 3188 et
2724 3131 3030 3199 Scriptum.
3089 3125 3201 3196 Ego
3242 3143 3259 3179 :
3290 3136 3413 3181 tene
3441 3126 3568 3197 Ego,
3603 3135 3656 3180 et
3680 3141 3839 3181 serva

600 3224 800 3289 medio,
834 3240 939 3279 non
966 3224 1054 3289 lis,
1089 3240 1194 3279 non
1240 3226 1536 3292 contentio,
1568 3242 1674 3280 non
1701 3228 1956 3296 iurgium.
2005 3227 2167 3281 Pater

602 3329 708 3368 non
736 3314 837 3368 sibi
868 3316 1095 3370 ascribit
1142 3314 1355 3370 Patrem
1398 3332 1413 3374 :
1454 3316 1623 3372 Filius
1649 3334 1788 3372 unus
1814 3318 1915 3373 sibi
1950 3320 2171 3374 ascribit

600 3405 815 3462 Patrem
849 3425 864 3463 :
896 3407 1055 3463 Pater
1077 3424 1107 3462 a
1148 3408 1298 3463 nullo
1326 3420 1432 3475 est,
1467 3408 1634 3465 Filius
1663 3413 1729 3465 ab
1757 3427 1863 3465 uno
1887 3421 1969 3465 est
1990 3411 2168 3467 Patre.

600 3498 714 3554 Non
746 3501 1041 3571 suscipiunt
1073 3502 1185 3556 haec
1208 3502 1378 3566 litem,
1401 3512 1496 3557 aut
1517 3503 1717 3557 habent
1746 3504 2167 3560 dubitationem:

600 3593 668 3647 Ut
698 3606 1013 3664 cognoscant
1047 3606 1095 3650 te
1137 3596 1304 3651 solum
1338 3612 1513 3652 verum
1564 3597 1732 3652 Deum
1757 3597 1803 3628 ”
1838 3616 1851 3651 :
1897 3615 2000 3653 non
2045 3600 2171 3669 quia

598 3703 705 3740 non
730 3702 854 3742 vere
874 3696 958 3742 est
985 3687 1289 3758 unigenitus
1314 3687 1484 3743 Filius
1506 3689 1619 3753 Dei,
1651 3693 1745 3745 sed
1769 3692 1893 3761 quia
1916 3706 1945 3745 a
1979 3701 2174 3745 semet-

596 3778 732 3847 ipso,
760 3788 817 3833 et
858 3795 923 3833 ex
954 3779 1265 3848 semetipso,
1294 3789 1348 3833 et
1388 3795 1483 3849 per
1507 3782 1873 3851 semetipsum,
1911 3782 1957 3836 si
1995 3791 2172 3835 tamen

598 3872 669 3924 ita
699 3872 805 3925 dici
832 3872 988 3925 debet
1019 3889 1033 3926 :
1067 3870 1187 3925 fons
1208 3882 1263 3926 et
1290 3872 1614 3941 principium
1637 3874 1877 3927 omnium
1911 3875 2172 3927 bonorum

596 3973 680 4017 est
717 3962 897 4027 Pater,
929 3964 1019 4032 qui
1056 3964 1241 4033 genuit
1276 3964 1433 4019 talem
1466 3966 1657 4018 bonam
1706 3967 2033 4035 progeniem.
2069 3965 2174 4018 Bo-

601 4070 700 4107 nus
723 4055 867 4108 enim
904 4053 1071 4109 Filius
1094 4068 1200 4118 est,
1223 4056 1319 4110 sed
1341 4056 1483 4111 cedit
1512 4057 1805 4111 bonitatem
1836 4074 1935 4111 suo
1970 4059 2174 4128 genito-

598 4144 668 4205 ri,
696 4160 801 4197 non
826 4145 1093 4202 mentiens
1113 4147 1207 4201 sed
1227 4146 1402 4201 sciens
1422 4148 1564 4202 unde
1584 4157 1685 4201 est.
1716 4147 1844 4201 Sine
1872 4149 2136 4217 principio
2158 4171 2170 4205 :

596 4236 924 4305 principium
956 4247 1134 4291 autem
1163 4238 1282 4291 dico
1318 4253 1421 4291 non
1456 4248 1774 4309 temporum,
1810 4256 1913 4294 non
1952 4242 2173 4297 saaculo-

601 4343 758 4394 t-um;
796 4327 909 4383 haac
943 4330 1088 4384 enim
1114 4345 1211 4398 per
1245 4327 1438 4383 Filium
1471 4330 1611 4386 facta
1643 4345 1788 4391 sunt,
1828 4343 1881 4387 et
1917 4349 2019 4386 non
2048 4349 2171 4388 cum

598 4419 735 4476 Filio
799 4429 921 4475 nata
977 4437 993 4475 :
1052 4435 1159 4474 non
1224 4429 1433 4474 tantum
1504 4422 1649 4475 enim
1713 4438 1817 4477 non
1887 4432 2012 4478 ante
2083 4423 2173 4477 Fi-

594 4513 725 4568 lium
764 4554 781 4581 ,
833 4522 891 4567 ut
940 4512 985 4567 si
1042 4513 1199 4567 aliter
1252 4512 1380 4582 quid
1442 4513 1789 4568 introducere
1847 4528 1969 4567 cum
2030 4513 2166 4569 Filio

595 4606 1028 4667 volueris,,non
1082 4605 1318 4659 salvabis
1394 4604 1777 4675 unigenitum,
1856 4607 1951 4660 sed
2025 4606 2166 4660 sicut

596 4697 756 4752 Pater
789 4698 935 4752 solus
983 4711 1088 4751 non
1138 4706 1296 4750 natus
1340 4707 1447 4763 eSt,
1493 4707 1548 4751 et
1607 4698 1652 4752 si
1710 4698 1912 4753 dixeris
1965 4695 2160 4754 Filium

595 4804 701 4843 non
756 4798 962 4854 natum,
1003 4788 1324 4857 periclitari;
1390 4790 1455 4842 de
1503 4804 1569 4843 eo
1623 4791 1766 4859 quod
1820 4790 1954 4845 dicis
2004 4805 2020 4842 :
2088 4790 2165 4845 ita

596 4881 642 4935 si
697 4881 824 4950 quid
871 4882 1267 4947 computaveris
1300 4897 1421 4935 cum
1476 4882 1769 4951 unigenito,
1801 4882 1928 4952 quid
1980 4882 2167 4952 loque—

596 4974 673 5027 ris
698 4974 934 5043 ignoras.
976 4970 1123 5025 Unus
1147 4958 1290 5026 enim
1323 4983 1408 5027 est
1441 4989 1547 5028 non
1581 4982 1759 5040 nattts,
1794 4984 1848 5029 et
1879 4974 1986 5030 noli
2015 4990 2163 5046 qua:-

596 5078 717 5118 rere
742 5064 904 5116 alium
959 5079 1065 5116 non
1121 5076 1304 5118 natum
1344 5084 1358 5120 :
1397 5081 1536 5120 unus
1583 5067 1913 5135 unigenitus,
1956 5076 2013 5123 et
2057 5069 2163 5124 noli

595 5170 837 5224 quterere
862 5154 1024 5209 alium
1052 5154 1264 5222 Filium,
1296 5171 1363 5210 ne
1396 5159 1755 5228 interrumpas
1781 5160 2109 5229 unigenitum
2146 5178 2160 5215 :

598 5245 901 5314 unigenitns
930 5248 1073 5300 enim
1110 5264 1213 5303 non
1258 5257 1339 5302 est
1388 5264 1553 5303 unum
1584 5266 1649 5304 ex
1677 5251 1905 5317 cunctis,
1935 5252 2031 5308 sed
2070 5268 2166 5324 per

2271 3226 2701 3295 coniunctionem
2745 3242 2757 3277 :
2798 3222 2908 3293 Ego
2947 3232 2994 3276 et
3039 3220 3201 3275 Pater
3238 3237 3396 3273 unum
3426 3237 3604 3275 sumus
3626 3220 3691 3272 “.
3717 3218 3835 3275 Non

2272 3328 2450 3374 tamen
2496 3333 2600 3372 non
2644 3332 2854 3370 sumus.
2905 3315 3186 3370 Contraria
3230 3315 3373 3369 enim
3432 3312 3839 3381 importunitate

2273 3408 2427 3477 plena
2456 3418 2599 3461 sunt.
2650 3406 2817 3460 Filius
2864 3407 3012 3471 dicit,
3068 3405 3207 3476 Ego;
3243 3405 3329 3458 ille
3359 3404 3505 3469 dicit,
3553 3402 3665 3457 Non
3703 3418 3836 3469 ego:

2272 3500 2440 3555 Filius
2474 3499 2623 3563 dicit,
2652 3508 2706 3553 et
2753 3496 2941 3562 Pater;
2990 3497 3080 3550 ille
3104 3498 3252 3561 dicit,
3294 3510 3397 3549 non
3426 3494 3603 3550 Pater.
3638 3495 3835 3560 Unum,

2275 3592 2468 3661 inquit,
2499 3606 2715 3655 sutnus;
2752 3599 2804 3644 et
2832 3589 2917 3644 ille
2952 3598 3161 3652 contra,
3191 3604 3294 3643 non
3329 3603 3532 3645 sumus.
3580 3589 3684 3644 Aut
3710 3589 3839 3659 quid

2275 3686 2532 3753 scriptum
2562 3682 2688 3737 est?
2714 3690 2807 3735 aut
2837 3682 2964 3749 quid
2995 3681 3273 3736 delemus?
3299 3691 3390 3735 aut
3412 3680 3539 3750 quid
3573 3680 3797 3751 legimus
3816 3681 3841 3733 ?

2273 3786 2366 3830 aut
2395 3777 2523 3845 quid
2552 3774 2923 3845 agnoscimus?
2951 3774 3059 3844 Ego
3094 3774 3146 3827 in
3176 3773 3337 3829 Patre
3381 3784 3433 3828 et
3453 3773 3610 3828 Pater
3646 3775 3698 3827 in
3729 3788 3838 3827 me.

2276 3869 2391 3924 Non
2424 3880 2599 3923 tamen
2628 3868 2751 3938 quia
2784 3882 2954 3937 neque
2982 3882 3103 3937 ego,
3142 3880 3313 3936 neque
3339 3865 3497 3921 Pater
3528 3886 3539 3920 :
3580 3866 3842 3935 quemado

2276 3962 2490 4016 modum
2533 3971 2713 4015 autem
2761 3958 2919 4013 Pater
2956 3960 3008 4012 in
3060 3957 3217 4023 Filio,
3267 3968 3319 4012 et
3352 3957 3517 4012 Filius
3572 3957 3622 4011 in
3654 3956 3838 4021 Patre,

2276 4052 2507 4106 maxime
2528 4051 2745 4121 quidem
2766 4064 2865 4105 cur
2887 4051 3050 4103 audes
3078 4048 3356 4117 quaerere?
3384 4049 3428 4102 is
3443 4049 3584 4102 enim
3613 4047 3701 4116 qui
3727 4048 3840 4117 (97)

2273 4154 2357 4199 est
2383 4148 2435 4197 in
2466 4157 2530 4198 eo
2560 4143 2650 4212 qui
2697 4151 2798 4206 est,
2852 4156 2955 4195 non
2991 4140 3116 4210 quia
3144 4155 3246 4194 non
3290 4139 3699 4211 θεΓὰνυπάρχει
3728 4158 3741 4195 :
3770 4157 3841 4195 an

2274 4236 2399 4305 quia
2429 4250 2532 4288 non
2557 4244 2636 4289 est
2668 4234 2828 4289 Pater
2857 4246 2915 4289 ut
2945 4234 3016 4290 sit
3058 4236 3109 4287 in
3143 4233 3277 4287 Filio
3298 4232 3636 4304 ἀνυπάρχειῖ
3664 4250 3844 4303 neque

2275 4344 2379 4383 non
2409 4339 2492 4384 est
2519 4329 2685 4382 Filius
2715 4327 2805 4396 qui
2838 4335 2919 4381 est
2952 4328 3002 4380 in
3038 4327 3199 4381 Putre
3226 4325 3518 4397 signiﬁcat.
3562 4326 3842 4395 Siquidem

2274 4430 2331 4475 et
2365 4418 2590 4489 apostoli
2623 4418 2904 4472 duodecim
2935 4433 3099 4470 unum
3129 4427 3275 4480 sunt,
3308 4426 3362 4470 et
3391 4416 3750 4485 septuaginta,
3787 4426 3846 4470 et

2200 4497 2245 4553 Π
2272 4512 2573 4583 quingenti,
2620 4520 2673 4565 et
2724 4520 2833 4563 tota
2872 4509 3107 4563 Ecclesia
3153 4524 3338 4561 unum.
3378 4507 3442 4561 Et
3471 4522 3537 4561 ne
3570 4517 3726 4577 putes
3756 4522 3847 4562 me

2272 4607 2336 4659 ad
2376 4606 2607 4659 humana
2636 4603 2902 4658 deducere
2930 4604 3111 4657 divina
3151 4617 3166 4655 :
3201 4601 3295 4655 sed
3324 4600 3524 4654 utimur
3560 4614 3848 4668 compara-

2272 4698 2512 4752 tionibus
2547 4712 2669 4751 cum
2719 4695 3049 4765 indulgentia
3091 4696 3231 4764 apud
3279 4691 3495 4759 fratres,
3539 4702 3593 4746 et
3626 4701 3848 4746 maneat

2274 4793 2414 4846 Deus
2456 4801 2517 4845 ut
2560 4801 2661 4844 est.
2698 4790 2902 4844 Tamen
2938 4790 2984 4842 si
3036 4786 3336 4841 dixerimus
3388 4784 3845 4852 quemadmodum

2265 4882 2441 4936 omnis
2476 4881 2713 4936 Ecclesia
2748 4896 2867 4949 qua:
2915 4882 3115 4947 ubique
3160 4892 3265 4944 εει,
3297 4894 3462 4932 unum
3492 4893 3687 4947 corpus
3720 4887 3842 4941 est;

2266 4974 2442 5028 nullus
2482 4973 2844 5042 reprehendat
2876 4989 2891 5026 :
2942 4973 3067 5040 quia
3114 4986 3218 5025 non
3256 4973 3519 5024 mcntitnr
3579 4974 3713 5023 Deus
3743 4970 3844 5039 qui

2266 5067 2400 5119 dixit
2431 5084 2444 5119 :
2479 5064 2589 5134 Ego
2622 5067 2677 5118 in
2710 5068 2855 5131 ipsis,
2886 5075 2931 5117 et
2954 5076 3011 5118 tu
3034 5067 3188 5118 inme
3210 5064 3276 5117 ".
3310 5063 3425 5118 Non
3455 5065 3579 5133 quia
3605 5064 3845 5131 abnega—

2269 5162 2468 5213 tionem
2504 5158 2679 5212 Patris
2727 5158 3010 5227 irreligiosi
3065 5173 3341 5213 sermones
3395 5158 3614 5221 docent,
3667 5171 3848 5224 neque

2267 5253 2408 5321 quod
2442 5268 2547 5305 non
2580 5253 2651 5306 sit
2702 5252 2747 5306 is
2771 5252 2861 5320 qui
2893 5254 3097 5321 genuit,
3154 5266 3328 5321 neque
3369 5251 3697 5319 spretionem
3722 5248 3848 5317 ejus

664 5363 711 5395 ”
729 5362 883 5418 Joan.
919 5379 1050 5430 xvii,
1084 5364 1170 5418 l5.
1248 5363 1293 5393 ’δ
1322 5361 1478 5418 Joan.
1510 5378 1563 5428 x,
1596 5363 1686 5419 30.
1760 5364 1807 5396 "
1832 5362 1989 5420 .loan.
2018 5381 2154 5430 xvu,
2186 5364 2276 5419 25.

668 5498 777 5585 (96)
808 5515 987 5588 Serua.
1014 5516 1464 5588 Τήρειηοὺεενυα.
1498 5519 1607 5573 Aut
1636 5519 1798 5574 etiam
1837 5529 2003 5583 tuere,
2039 5521 2163 5573 reti-

597 5604 678 5641 ne.
709 5588 877 5656 Supra
908 5587 999 5639 lib.
1034 5601 1081 5638 I:
1116 5588 1182 5641 In
1217 5587 1477 5656 principio
1505 5600 1640 5656 erat,
1672 5606 1818 5644 serva
1852 5594 1989 5658 quod
2024 5601 2155 5655 erat,

594 5669 779 5797 eui-97)
814 5726 862 5779 Is
888 5732 1025 5784 enim
1061 5730 1169 5798 qui.
1214 5726 1434 5780 Videtur
1463 5728 1565 5781 hoc
1607 5728 1741 5784 vellc
1770 5745 1786 5782 :
1826 5732 1869 5783 is
1898 5731 2032 5783 enim
2070 5729 2159 5797 qui

592 5807 665 5850 est
688 5798 738 5850 in
759 5814 817 5849 eo
842 5802 929 5854 aui
954 5811 1051 5859 est.
1079 5817 1178 5854 non
1197 5800 1309 5851 ideo
1334 5798 1653 5862 ἁνυπάργει,
1677 5801 1771 5853 hoc
1795 5811 1891 5863 est,
1920 5817 2019 5854 non
2044 5802 2158 5854 ideo

2264 5536 2369 5593 non
2415 5520 2671 5593 subsistit.
2704 5521 2789 5593 Aa
2820 5522 2934 5575 ideo
2975 5518 3132 5574 Pater
3166 5521 3488 5593 ἀνυπάρχξι,
3534 5535 3632 5593 non
3668 5518 3848 5593 subsi-

2266 5591 2377 5656 stit,
2396 5591 2519 5660 quia
2546 5606 2621 5645 est
2662 5594 2716 5645 in
2743 5590 2884 5645 Filio
2903 5595 2929 5648 ?
2961 5594 3137 5659 Igitur
3191 5590 3364 5661 neque
3388 5590 3560 5661 Filius
3595 5590 3692 5642 ἀν’.)

2266 5678 2370 5732 χει,
2396 5678 2499 5713 non
2520 5663 2772 5724 subsistit,
2797 5664 2922 5731 quia
2947 5676 3019 5715 est
3050 5665 3104 5714 in
3138 5661 3311 5732 Patre.
3346 5660 3581 5730 llespicit
3613 5662 3679 5713 ad
3706 5660 3848 5713 illud

2264 5730 2613 5853 amita-"318.
2642 5744 2697 5789 et
2733 5750 2842 5799 ειν,
2870 5734 2961 5799 10,
2994 5736 3049 5786 Η
3081 5749 3093 5783 :
3128 5730 3289 5787 Pater
3320 5732 3372 5785 in
3409 5749 3487 5785 me
3522 5742 3615 5795 est,
3652 5745 3699 5788 et
3739 5752 3848 5805 ego

2264 5812 2316 5856 Μ
2348 5812 2523 5856 t‘atre.
