4100 6456
367 327 511 385 1063

1222 321 1311 377 DE
1349 321 1506 378 FIDE
1544 319 1917 377 ADVERSUS
1951 319 2367 378 SABELLIUM.
2411 351 2476 360 -—
2518 321 2648 376 LIB.
2682 321 2745 377 ll.

3508 324 3529 376 1
3542 328 3646 385 ηδε

365 444 462 515 qui
501 451 586 498 est
615 438 850 511 genitus.
885 435 991 492 Sed
1021 437 1067 493 si
1100 448 1323 503 nonest
1351 437 1544 497 Filius.
1587 448 1638 493 et
1684 438 1957 508 quomodo
1987 441 2034 498 Α
2065 446 2288 505 propter
2323 447 2594 490 naturam.
2658 436 2734 491 Ex
2779 435 3000 508 Virgine
3042 439 3092 492 iu
3150 441 3459 496 novissimis
3503 453 3644 497 tem-

368 546 500 592 sunt
535 550 596 590 ea
625 547 745 602 qua:
773 546 868 601 per
907 530 1102 585 Filium
1125 529 1264 584 facta
1297 540 1421 584 sunt
1446 531 1468 582 ?
1493 529 1607 584 Non
1636 542 1721 585 est
1752 530 1956 585 Filius:

368 634 425 679 et
450 638 571 692 qua.
599 633 681 674 est
707 619 870 685 spes?
900 618 1013 674 Non
1040 629 1124 673 est
1173 621 1264 688 qui
1289 619 1500 687 judicat
1535 638 1551 675 :
1586 629 1641 673 et
1696 621 1962 690 quemad-

369 716 587 771 modum
617 712 922 781 judicium?
947 712 1063 766 Non
1085 722 1169 766 est
1189 713 1280 782 qui
1311 721 1540 766 coronat
1567 732 1580 766 :
1611 724 1666 767 et
1691 713 1962 782 quomodo

368 806 626 864 labores?
655 807 746 861 Est
796 822 934 859 unus
964 821 1122 874 quem
1167 805 1346 858 nullus
1384 806 1591 874 genuit,
1624 816 1680 859 et
1709 806 1961 874 unigeni-

372 908 460 954 tus
492 915 649 968 quem
681 914 818 952 unus
846 899 1052 968 genuit.
1084 897 1289 952 Genuit
1321 914 1453 953 sane
1503 899 1913 967 impassihiliter
1943 910 1957 952 ξ

368 1007 481 1048 non
512 1004 569 1047 ut
605 1008 730 1059 nos,
779 994 870 1047 sed
915 1000 974 1046 ut
1017 991 1104 1045 ille
1136 1009 1153 1046 :
1204 1007 1310 1046 non
1343 1003 1400 1045 nt
1431 992 1625 1060 plantae
1670 1008 1791 1063 quae
1819 992 1960 1064 apud

372 1099 470 1140 nos
495 1094 642 1147 sunt.
668 1101 772 1138 non
808 1095 867 1138 ut
895 1084 1091 1149 futiles,
1120 1102 1224 1138 non
1263 1097 1321 1138 ut
1347 1084 1423 1139 sol
1458 1103 1472 1139 :
1513 1086 1646 1140 nihil
1677 1087 1820 1140 enim
1859 1089 1960 1142 bo-

373 1194 492 1232 rum
532 1194 651 1248 qua:
688 1177 778 1232 hic
803 1185 951 1242 sunt,
989 1177 1346 1246 interpretari
1379 1177 1523 1230 illam
1552 1180 1958 1248 generationem

371 1279 616 1340 possunt.
645 1267 872 1324 Omnem
909 1269 1056 1324 enim
1089 1269 1355 1322 turbelatn
1395 1269 1648 1324 humana:
1673 1285 1957 1340 compara-

371 1363 546 1417 tiones
564 1363 786 1426 iaciunt,
805 1378 926 1416 cum
949 1361 1240 1430 accipimus
1257 1375 1360 1414 neu
1388 1361 1580 1415 similia
1602 1363 1667 1415 ad
1689 1365 1956 1432 interpre-

372 1455 629 1507 tationem
658 1469 844 1508 eorum
874 1469 994 1522 quae
1021 1452 1362 1522 interpretari
1399 1468 1507 1506 non
1553 1463 1798 1522 possunt.
1836 1453 1960 1510 Idea

372 1545 526 1612 lites,
561 1547 682 1600 ideo
723 1561 912 1614 pugna:
955 1558 1272 1600 nascuntur.
1316 1545 1372 1599 Si
1421 1555 1598 1600 autem
1632 1548 1958 1603 tacuerimus

373 1653 437 1690 ea
470 1653 588 1706 (μω
621 1653 780 1707 supra
810 1653 995 1692 vocem
1038 1647 1184 1701 sunt,
1216 1647 1271 1694 et
1311 1639 1609 1694 dixerimus
1659 1642 1954 1710 possibilia.

374 1729 607 1782 cessabit
638 1728 853 1782 bellum.
892 1727 1030 1796 Quid
1080 1745 1215 1797 ergo
1248 1731 1492 1786 dicemus
1529 1733 1553 1786 ?
1594 1731 1662 1786 In
1696 1735 1955 1802 principio

371 1832 482 1872 erat
518 1818 762 1876 Verbum.
792 1820 926 1887 Quis
958 1823 1134 1876 adhuc
1163 1825 1361 1892 poterit
1391 1826 1642 1896 jurgari?
1672 1827 1805 1881 Nam
1829 1839 1883 1881 et
1910 1831 1953 1883 si

366 1910 641 1979 jurgatur,
670 1927 775 1966 non
829 1914 922 1967 tibi
953 1917 1048 1969 sed
1073 1914 1292 1981 Joanni,
1343 1927 1397 1972 et
1430 1921 1632 1988 pectori
1683 1921 1896 1975 Domini
1925 1938 1954 1975 a

371 2019 478 2072 quo
508 2005 686 2059 hausit
707 2004 965 2063 Joannes.
1009 2008 1148 2074 Quid
1175 2010 1435 2078 relinquis
1458 2027 1519 2066 ea
1552 2028 1673 2082 qua:
1695 2024 1820 2067 sunt
1841 2015 1956 2068 sine

374 2098 632 2165 periculo,
667 2108 721 2152 et
771 2099 823 2153 in
853 2099 1110 2154 (luctibus
1160 2112 1546 2171 tempestatum
1598 2106 1957 2174 periclitaris?

376 2188 493 2244 Noli
521 2192 700 2245 dicere
732 2201 844 2256 tua,
879 2203 934 2247 et
963 2194 1142 2248 nullus
1176 2203 1228 2248 te
1252 2196 1452 2265 arguit.
1484 2196 1656 2252 Dicito
1685 2214 1802 2267 quae
1832 2201 1958 2254 scri-

377 2291 466 2352 pta
497 2294 644 2348 sunt,
679 2294 733 2337 et
773 2286 951 2340 nullus
993 2297 1044 2340 te
1086 2289 1435 2356 reprehendit
1469 2309 1482 2344 :
1517 2293 1733 2345 etiamsi
1778 2309 1958 2363 repre-

375 2377 644 2443 beudcrit,
684 2381 1035 2446 semetipsum
1095 2368 1295 2450 potius,
1331 2393 1386 2436 et
1433 2399 1538 2436 non
1577 2393 1648 2438 te.
1678 2385 1782 2450 Qui
1812 2385 1956 2440 enim

372 2467 558 2523 divina
597 2473 965 2539 reprehendit,
993 2473 1175 2527 divina
1222 2477 1438 2544 quidem
1475 2493 1578 2532 non
1611 2477 1843 2544 delebit;
1873 2495 1958 2535 se-

374 2562 662 2630 metipsmn
696 2565 928 2619 alienum
977 2583 1007 2619 a
1045 2567 1242 2622 divinis
1279 2571 1595 2624 constituet.
1653 2570 1848 2635 Dicito,
1889 2573 1957 2627 In

371 2656 632 2724 principio
687 2667 798 2711 erat
843 2657 1085 2726 Verbum,
1144 2669 1200 2714 et
1264 2661 1642 2732 relinquuntur
1693 2674 1953 2733 tempora.

382 2746 580 2810 Dicito,
609 2748 677 2802 In
715 2751 974 2820 principio
995 2761 1130 2816 erat,
1155 2762 1209 2807 et
1241 2753 1497 2808 deﬁciunt
1524 2755 1736 2810 saecula.
1763 2757 1954 2820 Dicito,

375 2837 443 2892 In
478 2841 740 2906 principio
776 2855 913 2906 erat,
949 2853 1005 2896 et
1047 2844 1178 2897 nihil
1211 2860 1332 2900 cum
1380 2847 1496 2915 ipso
1541 2855 1659 2902 erat
1701 2846 1953 2903 Verbum.

373 2929 510 2995 Quia
553 2945 682 2997 ergo
727 2941 842 2984 erat
872 2931 1077 2987 dietum
1137 2942 1241 2998 εει,
1294 2950 1360 2990 ne
1409 2946 1564 3005 putes
1595 2953 1783 2992 vocem
1815 2956 1829 2991 :
1856 2953 1956 2992 vox

371 3025 540 3088 enim,
587 3037 698 3079 erat
734 3042 838 3081 non
867 3028 1125 3098 suscipiet
1172 3046 1187 3083 :
1226 3030 1270 3083 si
1305 3031 1526 3100 quidem
1565 3047 1686 3087 cum
1739 3033 1954 3094 dicitur,

2063 530 2303 597 poribus,
2359 543 2426 582 ex
2479 529 2588 583 Deo
2635 538 2763 583 ante
2816 530 3034 583 saecula.
3090 532 3165 585 Ex
3215 529 3456 604 Virgine,
3520 550 3642 589 cum

2064 618 2412 684 hominibus;
2465 635 2532 674 ex
2572 619 2682 673 Deo
2721 629 2901 674 autem
2952 632 3076 676 ante
3114 638 3324 679 omnes.
3383 625 3506 680 Istic
3551 639 3643 679 er-

2063 726 2131 779 go
2161 720 2213 765 et
2249 713 2703 781 dispensationem
2743 714 3030 778 confitere,
3075 725 3131 768 et
3169 725 3419 770 naturam
3464 718 3644 772 delere

2063 803 2190 868 noli,
2231 819 2327 859 nec
2369 805 2681 874 exstinguas
2726 808 2819 860 tibi
2873 806 3052 862 lumen
3088 809 3185 877 (l).
3239 807 3294 862 Si
3343 810 3556 877 quidem
3589 820 3644 864 et

2063 895 2152 962 qui
2184 896 2368 950 oculos
2397 897 2652 952 claudunt
2684 915 2832 966 suos,
2877 915 2980 954 non
3031 900 3207 955 lutncu
3264 902 3638 969 exstinguunt,

2061 991 2154 1043 sed
2179 990 2276 1060 ipsi
2309 991 2508 1045 lumine
2533 1009 2636 1046 non
2675 993 2946 1047 fruuntur.
2981 993 3112 1046 Nam
3141 1004 3193 1047 ct
3225 994 3267 1048 si
3292 994 3414 1063 quis
3457 995 3640 1049 lumen

2063 1097 2250 1135 verum
2282 1098 2385 1136 non
2431 1084 2591 1139 fuerit
2641 1086 2947 1149 confessus,
2995 1102 3098 1138 non
3149 1086 3276 1139 illud
3325 1089 3488 1151 delet,
3546 1089 3642 1143 sed

2063 1174 2175 1241 ipse
2210 1186 2388 1229 manet
2411 1177 2464 1229 in
2494 1179 2751 1233 tenebris.
2802 1181 2874 1233 Ita
2923 1181 3064 1234 enim
3110 1181 3223 1250 ipse
3257 1181 3423 1235 Filius
3456 1184 3588 1236 dicit
3623 1201 3639 1238 :

2064 1265 2166 1330 Qui
2198 1284 2301 1320 non
2357 1269 2639 1323 crediderit
2680 1271 2732 1324 in
2772 1270 2994 1335 Filium,
3034 1290 3136 1325 twn
3183 1274 3396 1336 uidebit,
3429 1276 3519 1327 sed
3560 1275 3642 1328 ira

2062 1359 2160 1413 Dei
2183 1371 2354 1414 manet
2391 1378 2547 1430 super
2569 1363 2735 1425 ipsum
2764 1364 2832 1418 ⁸⁸.
2860 1365 2988 1430 Quae
3029 1365 3142 1418 ira?
3181 1366 3271 1420 illa
3305 1369 3490 1437 utique
3523 1383 3644 1437 qua!

2063 1451 2130 1504 ab
2155 1451 2331 1507 initio.
2369 1453 2470 1520 Qui
2501 1455 2645 1508 enim
2696 1471 2802 1510 non
2851 1459 3140 1512 confitetur
3183 1474 3304 1513 eum
3352 1475 3446 1529 per
3481 1477 3640 1530 quem

2062 1554 2349 1598 revocatur
2385 1547 2677 1611 sententia,
2709 1550 2818 1616 ipse
2856 1550 3141 1604 adversum
3170 1567 3228 1605 se
3263 1553 3434 1622 ipsum
3487 1569 3642 1609 revo-

2059 1645 2148 1690 Cat
2185 1638 2530 1690 sententiam.
2563 1637 2780 1708 Negotia
2822 1642 2966 1694 enim
2999 1655 3250 1711 separata
3297 1644 3497 1700 habent
3541 1662 3642 1700 na-

2060 1735 2237 1780 turam
2273 1743 2287 1780 :
2319 1729 2486 1782 nostri
2526 1741 2705 1784 autem
2729 1733 2991 1799 cogitatus
3026 1733 3298 1801 accipiunt
3336 1737 3640 1801 lructum,a

2059 1819 2292 1875 veritate
2312 1821 2530 1890 quidem
2563 1823 2746 1884 vitam,
2779 1839 2808 1875 a
2835 1825 3118 1878 mendacio
3152 1835 3330 1880 autem
3362 1842 3554 1882 noxam
3583 1839 3641 1883 et

2057 1911 2434 1981 perditionem.
2470 1913 2526 1967 Si
2559 1915 2680 1982 quis
2712 1915 2857 1968 enim
2901 1917 3234 1984 percusserit
3275 1928 3435 1986 caput
3480 1935 3638 1974 suum

2059 2004 2124 2056 ad
2164 2013 2392 2072 petram,
2422 2017 2574 2074 petra
2606 2006 2822 2074 quidem
2864 2007 2977 2075 ipsa
3010 2017 3213 2074 manet,
3258 2020 3422 2079 caput
3455 2022 3636 2066 autem

2058 2091 2127 2147 ab
2157 2093 2467 2164 insipientia
2510 2096 2708 2164 accipit
2738 2096 2971 2165 plagam,
3014 2096 3152 2153 forte
3181 2109 3360 2153 autem
3395 2110 3449 2153 et
3493 2100 3640 2168 peri-

2063 2187 2264 2241 cuhnu.
2313 2189 2452 2242 Dicit
2511 2204 2641 2243 sane
2695 2197 2751 2243 et
2806 2180 3096 2256 Apostolus
3149 2206 3163 2243 :
3213 2187 3639 2246 Fundamentum

2057 2280 2206 2332 aliud
2226 2296 2372 2334 nemo
2398 2291 2568 2351 potest
2587 2298 2780 2350 ponere
2824 2293 3014 2350 praeter
3040 2299 3158 2350 euut
3195 2285 3286 2352 qui
3320 2295 3392 2337 est
3435 2287 3639 2353 positus

2058 2368 2298 2425 Christus
2347 2371 2503 2427 Iesus
2545 2376 2628 2440 ’9;
2693 2385 2748 2428 et
2796 2375 2986 2428 iterum
3037 2395 3050 2431 :
3103 2372 3262 2430 Petra
3319 2390 3493 2430 autem
3527 2389 3641 2432 erat

2057 2461 2362 2516 Christus‘.
2411 2465 2468 2518 Si
2503 2465 2570 2518 ad
2616 2465 2775 2518 istam
2829 2475 3036 2534 petram
3089 2477 3251 2537 caput
3303 2470 3639 2538 percusseris

2059 2562 2227 2616 tuum,
2263 2555 2492 2610 scissum
2521 2567 2605 2611 est
2634 2558 2776 2626 quod
2823 2559 3036 2613 volebas
3065 2577 3079 2613 :
3124 2560 3169 2615 si
3201 2571 3379 2614 autem
3421 2563 3636 2618 confes-

2056 2663 2153 2701 sus
2181 2646 2350 2701 fueris
2384 2649 2588 2712 lumen,
2622 2648 2846 2704 habebis
2890 2652 3031 2719 quod
3064 2653 3365 2711 conllteris.
3402 2654 3460 2709 Si
3491 2655 3634 2709 enim

2057 2737 2282 2806 apostoli
2316 2739 2638 2808 quibusdam
2671 2740 2886 2808 quidem
2917 2741 3052 2796 odor
3080 2745 3270 2798 mortis
3302 2745 3369 2798 ad
3401 2753 3632 2797 mortem

2055 2837 2204 2892 sunt,
2231 2829 2556 2896 quibusdam
2594 2842 2772 2885 autem
2817 2833 2953 2884 odor
2994 2835 3117 2886 vitae
3151 2833 3218 2888 ad
3257 2834 3451 2896 vitam;
3488 2835 3531 2888 si
3563 2833 3636 2890 illi

2057 2918 2148 2985 qui
2190 2933 2284 2984 per
2323 2918 2597 2973 Christum
2643 2922 2722 2975 sal
2768 2931 2916 2981 sunt.
2963 2933 3015 2976 et
3067 2925 3159 2992 qui
3214 2940 3309 2994 per
3364 2926 3637 2980 Christum

2058 3009 2341 3064 luminaria
2375 3010 2703 3077 eﬂiciuntur,
2743 3014 2810 3065 ad
2851 3027 3078 3068 mortem
3125 3026 3181 3070 et
3227 3017 3294 3070 ad
3339 3017 3504 3070 vitam
3555 3017 3639 3071 bis

377 3125 504 3170 tunc
534 3117 784 3174 edicitur.
837 3117 1021 3188 Neque
1065 3121 1210 3174 enim
1271 3133 1561 3193 antequam
1599 3124 1808 3177 dicatur
1850 3135 1952 3185 est,
1982 3144 2026 3204 ρ
2058 3103 2148 3172 (ιιιί
2186 3104 2613 3204 frsdunbetqui
2662 3123 2766 3204 non
2814 3110 3052 3204 credunt
3092 3109 3404 3204 habentur:
3437 3122 3641 3204 quanto

373 3223 552 3277 neque
581 3220 762 3278 postea
819 3225 979 3278 quam
1030 3211 1192 3265 fuerit
1233 3215 1397 3277 dicta,
1450 3224 1563 3268 erat
1599 3215 1782 3269 habet.
1817 3215 1952 3281 Quia

371 3317 507 3371 ergo
541 3312 674 3369 erat,
724 3320 828 3358 non
860 3319 964 3358 vox
1013 3314 1116 3371 est,
1149 3309 1241 3360 sed
1294 3306 1529 3360 Verbum
1581 3325 1598 3360 :
1637 3308 1793 3376 quale
1823 3307 1955 3362 Ver-

374 3390 542 3446 bum?
593 3393 649 3447 Si
705 3409 811 3448 non
843 3396 978 3448 dixit
1018 3391 1275 3461 Joannes,
1305 3413 1610 3466 quaeramus
1652 3397 1739 3451 :si
1778 3409 1956 3451 autem

375 3486 534 3549 dixit,
576 3488 704 3556 quid
744 3488 1082 3558 quaeremus?
1121 3487 1189 3542 Et
1223 3491 1382 3557 Deus,
1423 3490 1620 3559 inquit,
1665 3501 1779 3543 erat
1824 3489 1958 3543 Ver-

372 3580 519 3633 bum.
551 3580 628 3634 Tu
660 3583 794 3636 dicis
817 3598 1025 3648 vocem,
1056 3581 1295 3636 Joannes
1331 3592 1511 3634 autem
1553 3582 1650 3642 ait,
1679 3593 1790 3634 erat
1830 3581 1957 3635 Ver-

376 3673 520 3726 bum.
563 3674 630 3726 Et
659 3674 701 3726 si
731 3675 818 3727 ille
846 3675 1064 3738 dixerit,
1101 3673 1165 3727 Et
1206 3671 1423 3728 Verbum
1460 3683 1570 3726 erat
1597 3675 1738 3740 apud
1772 3673 1957 3740 Deum,

378 3770 437 3816 tu
467 3764 602 3817 dicis
627 3766 678 3816 in
707 3764 832 3829 Deo,
859 3776 913 3819 et
947 3781 1053 3819 non
1077 3766 1217 3834 apud
1248 3763 1434 3818 Deum.
1461 3762 1530 3818 Ut
1563 3766 1706 3817 enim
1732 3767 1822 3828 sit,
1854 3781 1959 3818 nou

375 3865 560 3911 tamen
595 3866 654 3910 ut
689 3858 958 3928 cogitatus
1008 3860 1078 3912 sit
1112 3876 1126 3913 :
1162 3871 1341 3926 neque
1380 3857 1576 3910 iterum
1620 3867 1677 3910 ut
1707 3873 1828 3917 vox,
1866 3858 1960 3911 sed

375 3946 546 4004 Filius
580 3965 596 4003 :
629 3965 728 4002 vox
761 3950 903 4003 enim
952 3949 1112 4004 habet
1148 3950 1342 4003 fratres
1378 3967 1390 4003 :
1419 3949 1521 4003 mei
1574 3951 1718 4002 enim
1758 3950 1848 4019 qui
1883 3950 1960 4001 di-

374 4053 572 4095 cuulttr
600 4057 879 4096 sermones
906 4043 1176 4112 prioribus
1202 4041 1385 4095 verbis
1419 4050 1542 4095 sunt
1563 4040 1759 4095 fratres
1792 4059 1805 4094 :
1843 4041 1961 4092 uui-

373 4133 588 4202 genitus
611 4143 789 4186 autem
823 4149 927 4186 non
960 4134 1185 4202 suscipit
1222 4133 1437 4186 fratres.
1473 4131 1606 4186 Nam
1642 4143 1696 4186 et
1727 4134 1769 4185 si
1804 4141 1960 4184 vocat

372 4227 589 4285 fratres,
622 4226 1074 4294 nuncupatimtetn
1115 4228 1300 4280 donat.
1337 4224 1393 4278 Si
1423 4235 1607 4278 autem
1641 4234 1696 4277 et
1726 4225 1959 4277 cuba-re-

373 4316 468 4369 des
494 4331 702 4378 sumus,
735 4331 839 4368 non
882 4327 1088 4368 natura:
1121 4317 1215 4369 sed
1258 4315 1448 4383 gloria!
1493 4314 1791 4384 accipimus
1819 4312 1954 4385 (98).

371 4409 454 4464 Ad
482 4409 626 4462 illam
653 4409 797 4462 enim
846 4419 1092 4462 naturam
1127 4424 1300 4478 neque
1344 4407 1634 4477 pervenies
1663 4419 1739 4468 tu,
1785 4419 1959 4476 neque

372 4502 516 4555 ullus
554 4502 847 4570 perveniet.
888 4501 1042 4554 Sicut
1072 4501 1217 4554 enim
1254 4499 1417 4554 Pater
1453 4500 1672 4564 eminet,

371 4607 588 4646 omnem
619 4603 865 4644 naturam
883 4602 963 4645 est
990 4593 1130 4660 quod
1155 4602 1233 4645 est
1253 4609 1358 4645 non
1379 4602 1537 4646 natus
1560 4610 1574 4646 :
1609 4592 1679 4644 ita
1707 4601 1759 4644 et
1787 4590 1952 4644 Filius

369 4697 534 4752 supra
567 4696 758 4736 omnes
790 4682 1020 4736 habetur
1054 4683 1106 4736 in
1138 4698 1202 4736 ευ
1235 4683 1378 4751 quod
1409 4693 1488 4737 cst
1517 4683 1798 4751 progenies
1824 4696 1950 4734 vera

373 4775 513 4829 Deus
541 4775 681 4846 apud
717 4775 908 4840 Deum,
942 4775 1080 4830 Deus
1115 4776 1181 4828 ad
1213 4776 1492 4829 dexteram
1526 4775 1638 4834 Dei.
1673 4773 1812 4826 Deus
1841 4771 1952 4826 for-

370 4869 460 4933 tis,
494 4869 633 4922 Dcus
663 4884 822 4937 quem
871 4869 1023 4920 unxit
1056 4866 1220 4920 Deus.
1268 4865 1579 4936 Aguoseitis
1635 4863 1947 4932 praphetica

371 4960 535 5012 verba
569 4958 703 5030 (99).
740 4959 881 5026 Quid
911 4960 986 5012 ait
1014 4962 1274 5029 propheta
1309 4956 1516 5012 David?
1543 4955 1670 5008 Ideo
1707 4955 1853 5008 unxit
1881 4967 1949 5018 te,

371 5050 533 5111 Deus,
561 5051 695 5104 Deus
719 5064 837 5104 tuus
857 5051 925 5104 ⁸⁸.
956 5050 1088 5105 Nam
1117 5062 1172 5105 et
1194 5051 1350 5104 fortis
1379 5050 1553 5104 dictus
1591 5060 1676 5100 est
1707 5047 1774 5100 ab
1796 5047 1950 5111 Isaia,

367 5151 423 5196 ct
457 5141 594 5194 Deus
624 5143 891 5196 uobiscum
914 5144 982 5206 ",
1022 5159 1143 5197 cum
1168 5158 1235 5196 ex
1262 5142 1502 5212 Virgine.
1540 5139 1652 5192 Non
1673 5155 1801 5206 ergo
1831 5155 1953 5193 cum

367 5247 434 5286 ex
481 5231 700 5302 Virgine
743 5241 873 5286 tunc
922 5232 1086 5297 Deus,
1133 5235 1227 5288 sed
1289 5233 1570 5288 nobiscum
1625 5241 1771 5284 tttuc.
1832 5230 1948 5285 Non

369 5324 606 5393 primum
641 5338 708 5377 ex
751 5322 993 5392 Virgine,
1033 5327 1124 5378 sed
1159 5324 1394 5391 primqu
1433 5336 1498 5378 ex
1542 5321 1670 5377 Deo.
1715 5322 1788 5377 Ex
1835 5321 1952 5374 Vir-

368 5415 495 5487 gine
541 5418 683 5470 cnim
735 5427 956 5488 pr0pter
995 5417 1474 5487 dispensationem,
1513 5430 1576 5470 es
1622 5418 1728 5469 Deo
1765 5424 1948 5469 autem

437 5524 485 5558 ⁸⁸
512 5525 657 5581 Ps:t|.
689 5542 830 5593 XLIV,
857 5528 912 5583 8.

368 5609 424 5664 x,
450 5597 536 5661 14,
569 5598 654 5654 t'o'.

442 5698 556 5775 (98)
715 5697 838 5753 Non
877 5710 1122 5775 naturam
1153 5696 1491 5775 sedglariam
1518 5702 1826 5775 aeeioiiitus.

443 5770 554 5842 (99)
587 5770 685 5826 Ms.
715 5771 992 5840 Agnoscite
1025 5771 1329 5839 pmphetiea
1366 5770 1535 5826 verba.

614 5865 886 5924 Ρηιιοι..
920 5862 1036 5924 Gn.
1065 5861 1301 5924 XXIV.

1015 5527 1061 5560 "
1083 5529 1190 5583 lsa.
1211 5544 1262 5596 v,
1293 5529 1366 5595 ὃς
1398 5544 1492 5590 vit.
1527 5529 1611 5584 lt.

1702 5529 1773 5598 __”
1804 5525 1959 5582 Joan.
1999 5540 2090 5589 ιιι,
2113 5523 2203 5578 56.

2062 3195 2231 3264 magis
2267 3197 2312 3250 is
2352 3197 2442 3265 qui
2485 3197 2708 3252 donavit
2755 3200 2869 3253 bzcc
2911 3201 3221 3255 hominibus
3255 3201 3544 3257 Christus?
3581 3202 3640 3255 Si

2057 3287 2195 3354 quis,
2242 3286 2437 3356 inquit,
2492 3303 2580 3341 vos
2619 3305 2721 3341 non
2769 3292 3074 3359 susceperit.
3136 3303 3377 3346 exeuntes
3417 3295 3641 3346 excutite

2060 3381 2321 3443 pulverem
2362 3387 2426 3434 de
2464 3381 2682 3449 pedibus
2711 3382 2893 3434 vestris
2935 3399 2955 3436 :
2996 3383 3323 3438 tolerabilius
3361 3385 3497 3438 enim
3536 3386 3640 3438 erit

2061 3480 2215 3524 terrm
2261 3471 2616 3526 Sodomorum
2649 3475 2703 3526 iu
2747 3475 2830 3527 die
2863 3474 3073 3542 iudicii,
3116 3493 3272 3546 quam
3312 3479 3508 3532 civitati
3558 3479 3640 3533 illi

2058 3577 2175 3630 qua:
2191 3578 2274 3614 vos
2305 3579 2406 3616 non
2433 3564 2648 3632 suscipit
2679 3564 2768 3633 qui
2794 3581 2827 3617 a
2857 3581 2936 3618 me
2968 3566 3115 3619 missi
3144 3569 3267 3620 estis
3297 3569 3335 3621 '.
3365 3570 3420 3622 Si
3458 3583 3637 3626 autem

2061 3655 2184 3722 quis
2207 3654 2380 3722 ipsum
2415 3672 2518 3708 non
2547 3658 2846 3724 susceperit
2870 3659 3145 3711 Christum
3183 3677 3194 3711 :
3236 3664 3362 3726 quid
3400 3662 3445 3714 si
3471 3667 3636 3717 etiam

2064 3761 2168 3800 non
2196 3745 2368 3800 solum
2400 3762 2504 3799 non
2536 3748 2860 3816 susceperit,
2887 3750 2981 3804 sed
3023 3752 3335 3806 interimere
3371 3755 3642 3811 voluerit?

2061 3837 2104 3891 si
2126 3852 2291 3891 ausus
2321 3839 2441 3906 quis
2481 3839 2640 3891 l'ucrit
2664 3840 2864 3898 dicere.
2894 3841 3017 3909 quia
3055 3841 3171 3895 sine
3197 3841 3331 3897 Filio
3362 3857 3446 3898 est
3470 3845 3633 3911 Deus,

2060 3938 2152 3982 aut
2181 3930 2303 3996 quia
2360 3930 2476 3982 siue
2521 3928 2682 3983 Patre
2729 3941 2814 3983 est
2864 3931 3074 3985 Filius?
3127 3932 3250 3987 llaec
3300 3934 3444 3988 enim
3492 3951 3640 3992 nunc

2059 4019 2278 4086 quidam
2325 4019 2728 4073 calmuuiautur
2769 4023 3035 4085 dicentes,
3085 4023 3210 4093 quia
3245 4025 3359 4092 ipse
3401 4027 3504 4081 sibi
3555 4037 3640 4084 est

2060 4107 2242 4171 Pater.
2279 4108 2393 4176 ipse
2419 4119 2505 4162 est
2531 4120 2584 4161 et
2611 4109 2798 4174 Filius,
2829 4121 2884 4165 et
2904 4127 3012 4167 non
3053 4124 3138 4166 est
3180 4113 3368 4171 Filius.
3406 4115 3463 4172 Si
3493 4119 3636 4172 enim

2058 4199 2223 4254 Pater
2246 4201 2356 4271 ipse
2379 4202 2482 4255 sibi
2519 4213 2603 4256 est
2632 4213 2814 4272 pater,
2860 4221 2964 4258 non
2997 4217 3083 4259 est
3130 4206 3311 4272 Pater,
3358 4211 3484 4278 quia
3523 4212 3641 4278 ipse

2059 4292 2159 4347 sibi
2210 4303 2265 4346 et
2318 4294 2458 4347 lilius
2518 4306 2617 4352 est.
2667 4306 2724 4348 ut
2761 4299 2930 4349 aiunt.
2977 4297 3234 4352 Ludimus
3282 4299 3336 4352 in
3384 4300 3628 4357 divinis:

2060 4371 2451 4435 irrationabilia
2476 4385 2620 4435 enim
2658 4383 2762 4436 ista
2793 4400 2860 4437 ne
2889 4384 3104 4452 quidem
3131 4385 3284 4454 parvi
3315 4387 3636 4455 suscipiunt.

1703 4511 1756 4554 et
1794 4470 1955 4568 sui,”
1992 4499 2032 4553 ο
2066 4470 2141 4526 De
2169 4473 2254 4526 bis
2296 4487 2428 4528 sane
2465 4477 2808 4530 sermonibus
2845 4490 3007 4528 unum
3051 4475 3426 4531 brevissimum
3460 4479 3638 4532 infau-

2067 4575 2172 4616 tcm
2215 4565 2506 4635 interroga,
2535 4567 2624 4635 qui
2662 4568 2832 4636 prima
2872 4575 3056 4635 utpote
3107 4583 3238 4622 voce
3273 4570 3639 4638 qualitercuu-

2061 4672 2166 4724 que
2191 4658 2420 4725 cwperit
2462 4658 2629 4729 loqui.
2667 4670 2719 4714 et
2747 4663 2908 4716 dicito
2929 4665 3014 4718 ei;
3045 4662 3204 4717 Pater
3231 4673 3355 4718 tuus
3394 4664 3481 4716 tibi
3522 4671 3642 4721 est?

2059 4747 2167 4801 Aut
2200 4749 2340 4802 sicut
2368 4764 2771 4806 consueverunt
2820 4753 3062 4808 iurantes
3101 4766 3309 4825 patrem
3358 4755 3636 4823 appellare

2059 4846 2106 4897 si
2148 4846 2498 4914 semetipsum
2547 4849 2877 4911 ostenderit,
2939 4854 3119 4919 arguit
3172 4865 3259 4904 me
3314 4852 3493 4905 iulans
3538 4873 3552 4908 :
3598 4860 3640 4908 si

2059 4946 2240 4991 autem
2277 4939 2536 5007 parvulus
2566 4941 2748 4994 statim
2787 4950 2846 4993 ut
2877 4940 3042 4995 fuerit
3079 4943 3441 5013 interrogatus
3478 4949 3638 5002 intel-

2063 5031 2257 5086 texerit
2291 5035 2418 5100 quid
2450 5034 2649 5101 quaeris
2693 5034 2761 5086 ab
2793 5049 2878 5097 eo,
2914 5049 3038 5088 eum
3086 5035 3176 5104 qui
3225 5052 3285 5091 se
3324 5041 3511 5108 genuit
3545 5056 3637 5093 os-

2068 5131 2238 5185 tendit
2273 5148 2286 5183 :
2322 5128 2442 5182 vide
2488 5127 2616 5197 quid
2665 5127 2842 5182 audis.
2899 5126 3033 5182 Cum
3086 5139 3268 5184 autem
3318 5132 3638 5187 benedictus

2058 5224 2250 5287 Filius,
2285 5231 2474 5277 tenens
2504 5235 2722 5291 panem,
2765 5220 2907 5275 levat
2935 5237 3126 5275 manus
3152 5237 3279 5277 suas
3307 5239 3545 5289 sursum,
3580 5234 3636 5279 ut

2059 5329 2204 5372 tuam
2243 5329 2476 5372 mentem
2506 5316 2572 5369 ad
2603 5331 2724 5370 eum
2761 5318 2850 5383 qui
2883 5330 2943 5370 se
2974 5319 3156 5384 genuit
3189 5317 3436 5380 extollat,
3475 5333 3635 5373 nosce

2056 5411 2294 5475 Patrem,
2329 5419 2383 5464 et
2408 5424 2558 5464 cessa
2603 5423 2802 5478 negare
2836 5407 3054 5464 Filium.
3089 5409 3146 5465 Si
3189 5410 3354 5482 igitur
3387 5411 3641 5480 Unigeni-

2311 5524 2357 5556 ”
2384 5523 2401 5577 l
2428 5522 2554 5580 Cor.
2598 5539 2678 5590 tn,
2703 5525 2762 5579 ﬂ
2898 5525 2914 5556 ί
2947 5524 3116 5580 lCor.
3164 5541 3220 5589 ι,
3245 5527 3300 5578 4.
3401 5526 3422 5558 ⁸
3446 5523 3638 5583 Matth.

2127 5691 2206 5762 (ι)
2240 5689 2340 5748 Ms.
2367 5687 2448 5745 Ne
2467 5691 2774 5762 exstinguas
2805 5691 2898 5746 tibi
2923 5691 3116 5747 (uincti.

3195 5845 3274 5907 33·
