4098 6398
513 347 662 406 ἳυϐἳ

1220 344 1488 396 ΕὌδΕΒΙΙ
1527 341 2009 396 ιιΛιδΑιιιιςΝδιδ
2047 341 2104 392 Ul

2241 338 2420 393 PARS
2460 338 2546 396 IV.
2581 371 2649 384 —
2689 338 3115 397 DOGMATICA.

3643 340 3749 396 “'88

524 476 615 523 tus
637 463 769 521 dicit
806 482 819 518 :
850 462 1046 527 “Pater,
1072 461 1271 532 gratias
1310 479 1409 533 ago
1453 461 1573 528 tibi,
1618 462 1745 534 quia
1794 477 1995 530 semper
2036 476 2116 513 me
2144 463 2190 520 Α
2219 461 2397 515 omnis
2421 461 2609 516 beatus
2634 461 2803 527 audit,
2830 460 2955 516 inde
2986 470 3041 514 et
3075 474 3173 515 nos
3203 458 3441 515 universi
3489 459 3747 515 audiemus.

523 556 788 612 exaudisti
818 570 837 608 .'
865 554 956 608 sed
983 564 1193 623 propter
1213 554 1635 608 circumstantem
1670 553 1921 623 populum
1948 552 2107 606 istum

523 650 665 713 dico,
696 657 754 702 ut
784 645 1001 701 credant
1032 646 1157 714 quia
1188 656 1243 699 tu
1284 660 1365 699 me
1397 645 1587 698 misisti
1616 645 1655 698 ³.
1700 645 1806 699 lsta
1838 645 2106 712 interpre-

527 742 731 795 tatione
777 753 881 793 non
925 736 1213 807 indigent:
1241 745 1297 791 et
1326 735 1578 790 sedemus
1607 744 1665 790 ut
1722 734 2007 800 insensati,
2054 742 2110 787 et

525 830 785 887 ludimus.
841 828 977 885 Num
1045 829 1398 899 semetipsum
1468 827 1655 899 genuit
1719 826 1921 883 Pater?
1979 840 2107 880 num

525 921 879 991 semetipsum
929 921 1123 977 misit?
1156 936 1283 975 num
1312 921 1661 989 semetipsum
1694 927 1836 983 orat,
1879 926 1934 973 et
1980 918 2110 972 sibi-

452 1024 457 1031 '
524 1014 738 1084 metipsi
766 1014 970 1085 gratias
1001 1014 1134 1086 agit,
1173 1022 1231 1068 et
1291 1012 1409 1083 ipse
1449 1011 1551 1068 sibi
1604 1022 1688 1068 est
1731 1010 1923 1077 Filius,
1981 1009 2101 1080 ipse

524 1106 626 1161 sibi
667 1114 750 1161 est
781 1105 1045 1176 pontifex,
1080 1107 1196 1177 ipse
1251 1105 1353 1160 sibi
1384 1114 1467 1160 est
1498 1119 1690 1176 agnus,
1728 1103 1845 1175 ipse
1881 1102 1983 1158 sibi
2013 1109 2102 1157 est

527 1198 638 1260 via,
664 1197 780 1266 ipse
812 1197 913 1252 sibi
983 1207 1067 1254 est
1104 1195 1313 1269 ianua?
1360 1197 1427 1252 Et
1470 1197 1590 1266 quis
1626 1197 1759 1262 hmo,
1795 1195 2008 1251 etiamsi
2039 1195 2141 1269 sit

527 1289 1029 1359 insipientissimus,
1084 1291 1359 1361 patietur?
1411 1289 1544 1344 Num
1597 1304 1705 1344 una
1754 1303 1863 1342 vox
1924 1296 2009 1342 est
2051 1296 2109 1341 ut

523 1383 1039 1450 circumveniamus,
1075 1399 1178 1437 una
1218 1392 1300 1438 est
1325 1384 1501 1438 littera
1530 1393 1589 1436 ut
1621 1380 1935 1437 deleamus?
1969 1378 2107 1435 Dicit

525 1474 671 1528 enim
722 1473 916 1528 iterum
976 1474 1234 1529 Dominus
1279 1492 1292 1528 ε
1334 1474 1474 1530 Ecce
1530 1490 1624 1544 ego
1677 1474 1840 1544 diligo
1892 1470 2108 1527 Patrem

526 1580 699 1619 meum
724 1564 767 1630 ‘,
801 1582 893 1635 ego
927 1564 1123 1619 honoro
1168 1564 1382 1619 Patrem
1408 1581 1581 1618 meum
1604 1565 1647 1628 ⁸,
1690 1547 1986 1632 operaquw
2015 1578 2106 1632 ego

527 1658 668 1726 facio
688 1658 777 1712 ille
797 1659 945 1728 facit,
982 1657 1145 1713 Pater
1185 1674 1330 1712 meus
1370 1658 1609 1728 quotidie
1639 1666 1894 1723 aperatur
1932 1666 1981 1711 et
2013 1672 2107 1726 ego

526 1764 715 1818 operor
741 1750 783 1813 ⁸,
814 1750 860 1801 si
894 1748 1105 1803 creditis
1135 1750 1189 1802 in
1219 1747 1384 1802 Deum
1416 1758 1464 1801 et
1494 1748 1549 1800 in
1585 1763 1667 1801 me
1707 1748 1941 1813 creditis,
1973 1746 2106 1801 uado

2212 554 2256 606 A
2288 553 2426 608 Filio
2453 554 2587 609 nihil
2626 555 2810 608 audiat
2856 568 3075 621 sponsa,
3116 554 3259 622 quod
3308 567 3415 608 non
3470 560 3555 606 est
3608 552 3749 621 sponsi

2212 645 2317 699 sui.
2350 644 2407 700 Si
2439 646 2651 714 quidem
2683 659 2788 698 non
2816 646 2942 700 licet
2983 660 3193 713 sponsae
3225 644 3455 699 alienam
3509 646 3750 714 suscipere

2212 735 2266 790 in
2315 735 2534 789 auribus
2584 738 2993 799 vocem,etiam
3028 737 3075 790 si
3098 735 3306 790 Paulus
3359 738 3524 791 dicat.
3582 738 3671 793 Sed
3705 750 3752 792 ut

2211 840 2317 880 non
2344 825 2614 883 dubitaret
2637 841 2834 896 Sponsa
2870 828 2939 883 de
2989 827 3176 893 Paulo,
3216 828 3295 883 ait
3327 829 3486 899 ipse:
3526 829 3606 885 Αη
3628 844 3751 901 ρηο-

2210 918 2744 990 rintentum-quteritis
2765 920 2879 987 ejus
2897 920 2988 987 qui
3015 922 3068 972 in
3097 937 3177 973 me
3195 918 3429 986 loquitur
3447 920 3671 976 Christus
3692 922 3753 976 “l

2212 1012 2541 1083 Desponsavi
2572 1013 2713 1065 enim
2752 1026 2869 1079 vos,
2912 1013 3103 1083 inquit,
3143 1015 3258 1068 viro
3299 1013 3422 1079 uni;
3460 1030 3564 1069 non
3594 1023 3743 1069 tamen

2210 1106 2429 1175 populo,
2487 1104 2582 1160 sed
2641 1105 2733 1159 uni
2796 1105 3073 1176 uuigenito
3132 1121 3238 1161 una
3289 1121 3508 1176 sponsa.
3558 1106 3750 1162 Amicus

2211 1197 2353 1251 enim
2406 1196 2591 1267 sponsi
2638 1196 2726 1252 ille
2761 1208 2846 1252 est
2876 1199 2965 1267 qui
3002 1198 3199 1268 gaudet
3225 1199 3291 1254 de
3341 1214 3541 1271 sponsa
3573 1201 3747 1269 sponsi.

2209 1286 2327 1343 Non
2350 1296 2434 1343 est
2464 1288 2625 1342 vidua
2658 1297 2844 1345 sancta
2878 1290 3139 1346 Ecclesia.
3182 1290 3326 1346 Vivit
3366 1293 3511 1347 enim
3555 1293 3636 1362 qui
3672 1308 3753 1362 pm

2208 1380 2435 1451 ipsaest
2475 1391 2744 1437 mortuus.
2798 1381 2983 1453 Angeli
3023 1399 3129 1438 non
3184 1396 3459 1441 mortuum
3512 1386 3754 1444 adorant:

2208 1470 2303 1525 sed
2327 1471 2432 1524 vita
2458 1481 2595 1536 erat,
2636 1479 2774 1537 erat,
2798 1482 2935 1538 erat,
2960 1483 3014 1527 et
3043 1483 3146 1538 est,
3183 1484 3239 1528 et
3274 1490 3377 1529 non
3429 1486 3603 1531 cessat
3634 1491 3753 1532 esse.

2208 1559 2394 1632 Neque
2413 1552 2575 1617 'enim
2600 1564 2765 1632 cmpit
2788 1577 2820 1617 a
2852 1564 3221 1634 temporibus;
3246 1579 3433 1636 neque
3464 1567 3681 1621 cessavit
3707 1568 3755 1621 in

2208 1654 2404 1710 szecula
2452 1654 2553 1727 (Δ).
2605 1653 2846 1726 Regnum
2895 1657 3041 1711 enim
3095 1655 3210 1725 ejus
3241 1673 3344 1712 non
3389 1658 3549 1713 habet
3580 1659 3754 1723 linem;

2212 1747 2338 1818 quia
2373 1762 2477 1803 non
2508 1748 2804 1819 temporale
2841 1750 3124 1821 imperium
3169 1749 3285 1819 ejus
3319 1760 3422 1817 est,
3464 1752 3560 1808 sed
3594 1768 3761 1823 perpe-

525 1844 596 1895 ad
629 1839 841 1895 Patrem
883 1857 1054 1894 meum
1079 1840 1123 1897 ".
1148 1839 1363 1895 Gratias
1399 1839 1530 1909 agit,
1562 1848 1703 1903 orat,
1748 1838 1887 1894 viam
1914 1847 2112 1893 semet-
2134 1814 2184 1869 ’Β
2215 1849 2385 1895 tuum.
2433 1839 2667 1911 Tempus
2698 1841 2845 1897 enim
2888 1841 3304 1898 resurrectionis
3331 1853 3434 1908 est,
3477 1854 3531 1899 et
3570 1853 3760 1915 tempus

514 1934 699 2001 ipsum
727 1942 909 1999 vocat,
946 1942 1005 1986 ut
1040 1946 1306 2002 agnoscas
1342 1931 1409 1986 ad
1440 1945 1603 2001 quem
1643 1930 1798 1986 vadis
1832 1949 1845 1987 :
1881 1931 2104 2003 januam

515 2026 876 2094 semetipsum
903 2023 1034 2078 dicit
1062 2031 1108 2087 ⁸,
1138 2032 1199 2077 ιιι
1222 2037 1487 2093 agnoscas
1528 2023 1595 2077 ad
1630 2036 1787 2092 quem
1828 2022 2101 2094 ingredie-

518 2118 604 2172 τίς
643 2136 656 2171 :
691 2116 879 2183 Pater,
907 2116 1104 2185 inquit,
1136 2132 1280 2170 meus
1312 2115 1546 2186 agricola
1571 2124 1669 2181 est,
1702 2126 1751 2171 et
1774 2131 1865 2186 ego
1892 2116 2009 2170 vitis
2035 2117 2059 2148 ’
2087 2133 2103 2173 :

514 2209 654 2264 ‘vitis
694 2218 749 2264 et
801 2210 1036 2279 agricola
1078 2224 1220 2263 unus
1276 2209 1393 2263 est?
1448 2206 1599 2263 Hanc
1644 2209 2104 2279 comparationem

527 2302 786 2363 Dominus
812 2301 977 2370 dixit,
1005 2311 1065 2356 ut
1097 2315 1165 2356 ne
1193 2300 1314 2371 quis
1338 2316 1423 2356 me
1459 2301 1836 2372 reprehendat.
1871 2299 1984 2371 Ego
2008 2314 2105 2354 au-

520 2402 633 2450 tem
676 2395 799 2449 volo
824 2404 883 2449 ut
911 2410 997 2448 me
1034 2395 1250 2464 quidem
1297 2407 1487 2450 omnes
1525 2394 1775 2451 homines
1813 2393 2107 2462 reprehen-

515 2486 657 2540 dant
687 2499 835 2553 rego
876 2495 1058 2537 autem
1107 2482 1273 2537 volo:
1320 2483 1532 2538 Domini
1581 2494 1764 2538 autem
1796 2482 2106 2538 custodiant

524 2576 711 2630 verba.
746 2573 998 2628 Descendi
1028 2573 1093 2626 de
1132 2573 1259 2627 ratio
1299 2581 1358 2626 ut
1393 2573 1589 2643 faciam
1626 2572 1947 2627 voluntatem
1989 2574 2103 2640 ejus

522 2666 618 2736 qui
656 2681 737 2720 me
767 2664 907 2719 misit
934 2664 978 2697 “
1000 2683 1021 2720 ξ
1051 2662 1287 2720 obedivit
1329 2671 1506 2719 autem
1531 2678 1704 2733 usque
1751 2663 1817 2717 ad
1852 2674 2099 2719 mortem.

525 2756 637 2811 Sed
675 2755 803 2824 quid
856 2769 998 2809 nunc
1035 2771 1170 2824 opus
1199 2764 1282 2810 est
1311 2753 1502 2810 Pauli?
1542 2769 1848 2824 quanquam
1878 2764 1931 2809 et
1961 2751 2104 2806 Pau-

522 2846 611 2902 lus
639 2861 749 2901 non
778 2847 1093 2902 testimonio
1118 2861 1222 2902 suo
1249 2846 1430 2915 dicat;
1476 2856 1653 2902 tamen
1686 2848 1809 2917 quia
1852 2847 1967 2918 ipse
2000 2845 2105 2900 Do-

523 2940 705 2995 minus
743 2954 848 2994 non
888 2939 1128 3005 auditur,
1169 2948 1229 2994 ut
1256 2939 1386 3009 quid
1422 2939 1487 2993 de
1526 2939 1837 2994 domesticis
1866 2939 1982 3009 ejus
2018 2947 2104 2993 est

521 3031 749 3087 sermo?
776 3030 865 3086 Vis
897 3046 1029 3085 sane
1058 3032 1325 3085 honorare
1352 3028 1571 3095 Filium,
1606 3042 1663 3084 ut
1698 3031 1809 3085 vult
1847 3032 1956 3095 ille,
1994 3046 2100 3086 non

525 3133 585 3177 ιιι
609 3132 663 3177 ιιι
689 3123 788 3178 vis.
808 3121 942 3177 Nutu
965 3122 1010 3177 si
1037 3122 1244 3177 dixeris
1264 3137 1369 3177 non
1400 3132 1501 3186 est,
1528 3123 1827 3188 houorasti,
1854 3124 1897 3177 si
1927 3124 2096 3178 inter-
2128 3155 2173 3215 ο

512 3216 724 3271 emeris
767 3228 927 3286 quem
977 3229 1084 3269 non
1152 3222 1441 3283 potuerunt
1483 3213 1695 3270 Judaei?
1737 3212 1905 3270 Judaei
1956 3218 2101 3270 enim

520 3306 660 3363 fabri
686 3306 851 3361 lilium
898 3320 1023 3362 eum
1064 3314 1410 3377 putaverunt,
1439 3316 1493 3360 et
1524 3316 1583 3359 ut
1615 3304 1752 3362 fabri
1805 3306 1971 3361 filium
2018 3307 2103 3361 iu-

519 3398 889 3464 terfecerunt;
949 3407 1002 3453 tu
1053 3406 1112 3452 ut
1161 3396 1357 3452 Filium
1410 3397 1500 3451 Dei
1554 3397 1842 3453 interficis.
1894 3397 1999 3451 Sed
2044 3408 2097 3451 ιιι

524 3489 796 3558 ιιιοιὶειὶε,
838 3506 944 3545 ιιοιι
982 3490 1089 3545 ille.
1126 3490 1244 3545 Non
1274 3489 1417 3546 enim
1462 3504 1526 3543 cx
1565 3490 1651 3543 his
1684 3504 1803 3559 qua:
1856 3498 1914 3545 tu
1945 3491 2099 3555 dicis,

523 3582 616 3635 ille
646 3598 755 3635 non
795 3589 879 3637 est
915 3594 930 3634 :
961 3581 1055 3636 sed
1100 3596 1167 3636 cx
1216 3581 1297 3635 his
1320 3595 1447 3649 qua:
1487 3596 1590 3634 non
1630 3582 1831 3648 credis,
1881 3591 1934 3636 tu
1995 3597 2100 3637 ιιοιι

524 3674 653 3728 eris.
679 3672 811 3740 Quae
854 3675 1057 3745 scripta
1106 3684 1231 3728 sunt
1262 3674 1448 3738 dicito,
1482 3681 1536 3728 et
1567 3675 1977 3745 dereliuquetur
2007 3675 2094 3730 Iis.

522 3765 640 3820 Non
680 3781 859 3821 meum
890 3774 943 3820 et
978 3775 1150 3831 tuum,
1182 3765 1275 3820 sed
1316 3781 1436 3835 quae
1479 3766 1782 3820 communia
1828 3777 1955 3821 sunt
1996 3766 2099 3822 Ec-

522 3858 721 3912 clesiae.
755 3857 888 3924 Quis
909 3857 1052 3911 enim
1097 3864 1149 3911 te
1174 3854 1416 3926 judicat?
1445 3856 1574 3923 quid
1617 3856 1785 3911 habes
1816 3858 1959 3926 quod
1991 3872 2098 3912 ιιοιι

520 3947 816 4016 accepisti?
848 3945 965 4000 Non
996 3947 1096 4001 ista
1118 3954 1201 3999 est
1230 3960 1329 4000 vox
1369 3944 1520 4000 Pauli
1544 3944 1636 4015 qui
1667 3945 1744 4000 ait
1775 3962 1790 4000 :
1827 3944 1917 4000 Ex
1950 3957 2102 4016 parte

521 4037 878 4109 agnoscimus,
912 4046 963 4091 et
994 4053 1058 4092 ea:
1088 4048 1237 4107 parte
1270 4037 1641 4105 propltetamus
1682 4037 1766 4092 “?
1816 4036 1941 4092 Htec
1968 4038 2101 4092 dixit

522 4128 741 4196 Paulus,
784 4143 851 4183 ne
895 4143 1025 4184 sane
1075 4128 1221 4183 solus
1260 4136 1543 4198 putaretur
1592 4142 1656 4183 ex
1698 4138 1873 4198 parte,
1921 4129 2017 4183 sed
2046 4138 2101 4182 et

522 4221 773 4292 Apostoli
806 4236 928 4276 cum
952 4221 1070 4290 ipso
1097 4221 1189 4291 qui
1225 4221 1321 4285 ait,
1350 4237 1489 4276 nunc
1508 4221 1743 4276 videmus
1786 4238 1880 4292 per
1912 4238 2102 4292 specu-

521 4314 632 4368 lum
670 4312 735 4368 ¹³.
763 4310 868 4366 Sed
897 4310 1099 4366 Paulus
1130 4325 1225 4381 per
1257 4310 1533 4379 speculum
1560 4329 1575 4379 ;
1608 4321 1662 4366 tu
1689 4323 1871 4368 autem
1903 4327 1957 4368 et
1979 4314 2099 4369 istic

522 4408 631 4476 iam
650 4406 728 4461 vis
773 4404 910 4460 facie
938 4405 1004 4459 ad
1024 4404 1214 4461 faciem
1241 4419 1420 4460 nosse.
1454 4404 1916 4472 Quemadmodum
1970 4422 2100 4460 sane

2208 1931 2418 1986 salutis.
2449 1929 2565 1989 Non
2596 1933 2894 1988 moriamur
2919 1947 3068 2002 ergo,
3111 1948 3232 1987 cum
3268 1933 3527 1989 debemus
3567 1936 3755 1991 vivere.

2211 2020 2316 2078 Sed
2340 2008 2483 2077 nunc
2506 2022 2722 2093 quidem
2747 2023 2932 2093 paucis
2958 2024 3029 2078 ob
3051 2025 3376 2079 memoriam
3423 2034 3478 2080 et
3514 2027 3755 2081 honorem

2207 2112 2385 2171 Patris
2412 2114 2555 2170 illius
2587 2116 2781 2181 nostri,
2819 2115 2893 2169 ita
2928 2115 3079 2181 boni,
3119 2117 3192 2170 ita
3239 2116 3523 2183 laboriosi,
3576 2127 3627 2174 et
3666 2134 3761 2189 pro

2208 2204 2462 2262 Ecclesiis
2493 2204 2693 2274 ubique
2713 2204 2970 2275 vigilante
2996 2205 3077 2277 (5)
3106 2207 3250 2261 dicta
3294 2208 3403 2262 sint
3458 2208 3631 2263 nobis.
3670 2208 3765 2264 Ne-

2202 2313 2313 2370 que
2337 2297 2479 2355 enim
2509 2298 2722 2368 generis
2758 2296 2909 2366 eiust
2932 2300 3247 2355 memoriam
3296 2300 3544 2367 fecimus,
3606 2317 3767 2373 neque

2205 2392 2560 2458 educationis,
2608 2400 2702 2445 aut
2757 2390 3104 2458 eruditionis,
3160 2402 3254 2447 aut
3302 2393 3527 2449 alterius
3575 2392 3691 2448 vita:
3717 2403 3769 2447 et

2210 2482 2492 2556 pmpositi.
2526 2480 2804 2537 Sullicient
2826 2482 2970 2537 enim
3005 2481 3065 2538 iu
3108 2484 3345 2540 Ecclesia
3383 2485 3475 2539 Dei
3510 2485 3577 2539 de
3612 2483 3770 2539 Patt'e

2207 2585 2264 2631 et
2301 2574 2441 2630 Filio
2486 2573 2630 2642 loqui
2691 2573 2789 2645 (6).
2838 2573 3008 2645 Loqui
3060 2576 3261 2647 quippe
3300 2576 3553 2645 dicilts'lia,
3602 2585 3768 2632 tacere

2205 2676 2383 2720 autem
2423 2678 2543 2735 qua:
2564 2664 2775 2723 occulta
2822 2674 2968 2721 sum.
3005 2664 3341 2737 Tinguamur
3381 2667 3577 2723 fratres
3607 2668 3657 2722 in
3692 2668 3773 2722 his

2204 2773 2325 2828 qua:
2357 2758 2409 2812 in
2434 2757 2729 2827 Scriptur-is
2779 2757 2978 2828 scripta
3019 2772 3170 2823 sunt,
3213 2775 3317 2815 non
3357 2768 3414 2815 ut
3458 2742 3652 2813 vacum
3683 2758 3773 2814 lit-

2208 2857 2336 2903 teras
2358 2849 2747 2919 prophetarum
2780 2858 2838 2903 ut
2865 2848 3090 2906 ludatis.
3114 2849 3192 2904 illi
3216 2850 3362 2907 enim
3399 2852 3682 2907 adversum
3712 2867 3772 2907 se

2205 2938 2420 3011 legunt;
2456 2939 2695 3011 legentes
2732 2940 2876 2995 enim
2910 2939 3120 2996 litteras
3164 2951 3220 2996 et
3267 2956 3371 2996 non
3418 2942 3769 3011 suscipientes

2204 3032 2485 3103 negotium
2512 3047 2577 3088 ex
2616 3033 2699 3087 his
2726 3033 2921 3103 quibus
2967 3032 3149 3104 legunt
3168 3034 3269 3106 (Ἰ)Ἰ
3294 3035 3616 3103 semetipsos
3645 3050 3776 3090 cou-

2206 3128 2460 3181 demnaut
2480 3125 2572 3194 qui
2606 3135 2891 3179 excusant.
2936 3123 3123 3181 Videte
3151 3140 3218 3179 ne
3259 3126 3540 3197 patiamur
3566 3140 3629 3180 ea
3653 3142 3777 3199 quas

2208 3216 2406 3272 ludazis
2446 3216 2813 3286 iucrepamus.
2854 3215 2911 3271 Si
2954 3218 3099 3273 enim
3143 3218 3372 3275 dicimus
3410 3216 3631 3284 Filium,
3674 3234 3785 3272 non

2205 3307 2529 3363 conﬁtemur
2565 3318 2745 3363 autem
2774 3308 2990 3373 Filium,
3019 3308 3140 3365 etsi
3170 3309 3513 3378 agnoscimus
3537 3307 3788 3373 Patrem,

2205 3411 2521 3466 spernamus
2561 3409 2739 3453 autem
2786 3398 3034 3464 Patrem;
3080 3399 3173 3453 illa
3217 3399 3332 3470 ipsa
3375 3415 3496 3470 qua:
3522 3399 3789 3468 legimus.

2211 3491 2328 3562 ipsa
2360 3491 2514 3547 nobis
2543 3490 2600 3546 in
2650 3492 2735 3545 die
2758 3488 2946 3559 iudicii
2986 3490 3232 3561 legentur
3266 3490 3335 3545 ad
3371 3490 3790 3545 condemnatio-

2218 3601 2364 3640 nem.
2396 3584 2528 3641 Dicit
2595 3584 2737 3639 enim
2775 3582 3079 3639 Dominus:
3114 3574 3227 3648 Ego
3244 3579 3545 3650 nonjudico
3590 3583 3661 3647 “,
3692 3582 3794 3636 sed

2210 3691 2393 3731 sermo
2420 3690 2584 3747 quem
2648 3675 2858 3730 locutus
2905 3683 2988 3728 est
3036 3672 3154 3745 ipse
3208 3686 3329 3726 eum
3374 3671 3602 3739 judicat.
3641 3669 3798 3723 Dixit

2208 3768 2326 3835 tibi,
2358 3769 2483 3838 quia
2517 3769 2653 3822 vado
2696 3767 2765 3821 ad
2825 3767 3037 3823 Patrem
3094 3780 3267 3819 meum
3319 3762 3462 3817 Dixit
3512 3760 3631 3825 tibi,
3661 3760 3799 3830 quia

2204 3858 2404 3912 missus
2427 3873 2456 3911 a
2484 3854 2647 3909 Patre
2685 3867 2840 3918 sum;
2867 3864 2923 3907 et
2945 3864 3001 3906 tu
3021 3851 3155 3906 dicis
3177 3850 3301 3921 quia
3326 3866 3430 3904 non
3454 3860 3538 3904 est
3559 3848 3801 3903 missus!

2203 3950 2294 4003 sed
2320 3949 2434 4017 ipse
2454 3956 2537 4002 est
2563 3947 2653 4016 qui
2682 3947 2795 4000 haec
2812 3944 2967 4010 dixit,
2990 3954 3045 3999 et
3064 3953 3190 3997 tunc
3210 3941 3469 4010 iudicabit
3490 3958 3505 3995 :
3528 3940 3670 4010 leget
3693 3941 3802 3995 tibi

2203 4040 2510 4111 Evangelia,
2529 4038 2681 4092 dabis
2701 4038 2988 4103 rationem,
3008 4036 3149 4090 dicet
3165 4050 3261 4089 cur
3285 4034 3395 4087 lucc
3409 4033 3611 4103 scripta
3630 4032 3807 4087 sunt!

2204 4132 2327 4188 Haec
2352 4142 2530 4186 autem
2556 4140 2683 4185 tunc
2710 4144 2813 4184 non
2842 4129 2949 4184 dixi
2978 4142 3073 4198 per
3103 4141 3310 4181 vocem.
3333 4124 3400 4177 Et
3419 4140 3527 4193 qua
3549 4122 3693 4178 facie
3721 4124 3814 4176 vi-

2206 4225 2362 4279 debis
2405 4222 2535 4276 illud
2567 4220 2784 4275 lumen?
2814 4218 3064 4275 Contenti
3090 4219 3261 4272 simus
3284 4215 3532 4281 veritate,
3562 4227 3816 4267 excuse-

2206 4330 2326 4370 mus
2351 4314 2492 4368 lites.
2533 4311 2735 4382 Siquis
2758 4322 2935 4366 autetu
2974 4320 3031 4365 et
3072 4309 3219 4364 novit
3258 4306 3465 4377 aliquid
3519 4321 3649 4360 cum
3699 4318 3821 4374 pa-

2210 4406 2393 4462 tientia
2426 4415 2479 4461 et
2519 4421 2623 4461 non
2654 4407 2721 4458 ad
2755 4401 3153 4473 instigationem
3192 4416 3311 4470 qua:
3348 4398 3515 4462 Izedit,
3540 4399 3642 4451 sed
3672 4412 3823 4450 cum

521 4514 645 4552 eum
665 4496 929 4552 interimis
946 4508 1104 4564 quem
1131 4495 1300 4549 vides.
1329 4492 1453 4548 llaec
1472 4492 1616 4563 (2-3)
1640 4493 2104 4563 videbamusjsem-

2214 4498 2519 4553 humilitate
2563 4513 2683 4567 qua:
2743 4497 2981 4567 prodest,
3033 4509 3136 4547 nou
3181 4505 3240 4545 ut
3290 4490 3516 4557 inimici,
3574 4491 3677 4543 sed
3762 4496 3826 4542 ut

523 4606 620 4660 per
639 4605 669 4643 a
696 4589 855 4643 beato
879 4587 971 4642 illo
991 4587 1129 4644 viro.
1161 4585 1317 4656 Saepe
1332 4587 1475 4641 enim
1497 4584 1816 4640 dicebantur
1854 4587 1920 4639 ab
1940 4602 2022 4653 eo,
2044 4600 2104 4644 ut

521 4683 739 4753 quidam
766 4681 1176 4751 suspicarentur
1214 4694 1311 4735 ore
1342 4678 1556 4750 quidem
1592 4693 1690 4734 suo
1714 4679 1812 4733 ista
1839 4681 2102 4750 proferre,

520 4778 689 4832 corde
713 4785 891 4829 autem
920 4774 1079 4828 aliter
1104 4772 1325 4827 habere.
1375 4770 1443 4825 Et
1494 4770 1710 4840 quidem
1767 4787 1975 4828 memor
2012 4789 2104 4829 vo-

526 4869 613 4922 bis
642 4882 763 4922 sum
793 4865 1010 4922 audisse
1041 4878 1128 4920 me
1165 4864 1234 4919 ab
1259 4878 1325 4918 eo
1362 4873 1551 4919 sancto
1603 4864 1758 4920 nobis
1793 4862 2103 4933 jurameuto

522 4958 883 5025 satisfecisse,
909 4960 1167 5029 quianon
1196 4956 1340 5012 aliud
1374 4956 1427 5010 in
1463 4956 1667 5027 lingua,
1703 4966 1757 5011 et
1792 4958 1934 5011 aliud
1962 4969 2104 5013 esset

524 5056 579 5110 in
615 5055 781 5110 corde
807 5054 957 5125 ejus;
992 5051 1087 5108 sed
1120 5049 1287 5106 corde
1324 5048 1543 5119 quidem
1575 5049 1815 5104 creditur
1838 5050 1904 5102 ad
1937 5048 2101 5119 justi-

525 5143 676 5207 tiam,
696 5157 791 5197 ore
812 5151 991 5196 autem
1022 5139 1312 5195 confitetur
1346 5138 1413 5192 ad
1435 5139 1665 5195 salutem
1707 5156 1722 5194 :
1761 5140 1902 5194 unde
1937 5139 2100 5211 igitur

596 5260 617 5290 ⁸
639 5258 795 5315 Joan.
823 5272 899 5322 λι,
930 5258 1021 5325 41,
1053 5257 1145 5312 42.
1214 5258 1236 5290 δ
1273 5256 1429 5311 Joau.
1459 5273 1570 5322 xtv,
1593 5258 1682 5313 51.

524 5344 582 5392 x,
617 5330 671 5384 9.
781 5330 802 5362 ⁹
835 5330 990 5385 Joan.
1032 5345 1121 5396 xv,
1167 5328 1213 5385 1.
1322 5329 1364 5361 ¹⁰
1397 5328 1555 5383 Joan.
1592 5345 1667 5395 vr,
1697 5329 1784 5384 58.

522 5414 644 5467 vui,
677 5400 763 5456 15.

594 5512 734 5583 (2-3)
772 5510 901 5565 Ha’c
940 5513 1262 5573 videbamus,
1303 5522 1409 5568 etc.
1452 5512 1617 5568 lleur.
1652 5512 1896 5568 Valesius
1924 5511 2095 5581 legit:

522 5578 658 5636 licito
684 5578 1025 5635 audiebamus
1048 5599 1249 5649 semper
1281 5600 1311 5636 a
1337 5585 1485 5636 beato
1511 5583 1600 5637 illo
1634 5588 1763 5646 viro,
1792 5600 1929 5648 sirpe
1957 5578 2097 5636 enim

521 5655 600 5705 ita
636 5651 943 5723 dicebantur
986 5653 1049 5704 ab
1101 5668 1180 5723 ea,
1222 5663 1275 5705 ut
1306 5654 1519 5723 quidam
1570 5656 1965 5722 suspicarentur
2010 5669 2098 5706 ore

520 5723 731 5790 quidem
745 5737 873 5790 eum
907 5722 1008 5774 ista
1039 5721 1296 5790 proferre,
1320 5721 1428 5776 etc.

595 5790 674 5854 (4)
707 5789 888 5856 Neque
909 5789 1147 5847 cessarit.
1174 5790 1336 5847 Forte
1377 5808 1539 5857 neque
1564 5792 1808 5847 cessabit.

1784 5259 1803 5290 ⁸
1833 5256 1989 5312 Joan.
2020 5274 2137 5323 vm,
2182 5259 2273 5313 i9.
2351 5256 2545 5311 ‘Joau.
2579 5269 2629 5317 v,
2668 5252 2753 5314 i7,
2779 5249 2889 5323 A36.

1888 5330 1925 5360 “
1961 5329 2131 5384 lCor.
2170 5346 2291 5395 xm,
2317 5330 2370 5385 9.

2208 4591 2525 4653 Christiani,
2569 4606 2673 4643 non
2732 4598 2790 4643 ut
2840 4589 2893 4641 in
2942 4587 3115 4650 circo,
3170 4586 3262 4639 sed
3304 4592 3364 4637 ut
3412 4584 3463 4635 in
3520 4582 3830 4636 Ecclesia.

2218 4682 2406 4736 llabes
2459 4680 2664 4750 aliquid
2710 4696 2723 4733 :
2770 4680 2922 4733 trade
2978 4694 3080 4732 nou
3143 4694 3263 4731 cum
3318 4677 3431 4736 lite.
3483 4691 3591 4729 non
3642 4679 3835 4745 quasi

2212 4786 2423 4837 auctor,
2463 4775 2558 4830 sed
2600 4787 2917 4828 ammonens
2945 4785 3006 4826 ea
3037 4785 3156 4841 qua:
3190 4769 3428 4823 didicisti
3480 4784 3510 4822 a
3543 4766 3837 4836 Scriptis.

2212 4869 2308 4923 ris.
2346 4867 2595 4922 Retinete
2618 4866 2752 4931 haec,
2782 4874 2836 4919 et
2868 4862 3158 4917 cessabitis
3190 4876 3219 4913 a
3243 4860 3354 4924 lite,
3394 4868 3448 4913 et
3486 4858 3556 4912 ab
3591 4855 3828 4911 Ecclc-

2211 4960 2289 5015 sia
2327 4959 2569 5027 separari
2615 4958 2804 5011 nolite.
2857 4952 2913 5009 Si
2961 4968 3060 5023 ego
3110 4952 3298 5015 delira,
3342 4950 3469 5018 quid
3505 4950 3578 5002 ad
3628 4948 3752 5001 te?
3792 4950 3850 5002 si

2211 5068 2312 5121 ego
2344 5051 2521 5106 aliena
2558 5050 2773 5119 loquar,
2808 5062 2892 5100 me
2916 5044 3101 5113 judica
3135 5054 3189 5097 et
3218 5042 3442 5113 perdere
3469 5038 3853 5095 uoli.0ccz-

2207 5143 2415 5196 sionem
2447 5140 2613 5195 nolite
2655 5150 2899 5206 quaerere
2937 5134 3004 5189 ad
3052 5133 3364 5188 schismata.
3395 5130 3522 5185 Ovis
3546 5142 3691 5197 qua:
3730 5143 3863 5181 εις

2992 5248 3170 5304 ’Joau.
3198 5262 3307 5310 xiv,
3338 5244 3390 5309 l,
3419 5244 3509 5299 28.
3584 5242 3607 5274 ⁸
3638 5242 3841 5298 Joaa

2468 5329 2509 5357 ¹²
2551 5312 2703 5389 ibtd.,
2741 5312 2825 5376 l2.
2924 5318 3030 5373 ull
3056 5319 3183 5374 Cor.
3237 5334 3355 5385 χιιι,
3389 5317 3442 5371 ὅ.
3546 5312 3591 5346 ¹δ
3631 5313 3881 5371 Joan-

2280 5508 2358 5579 (5)
2404 5506 2684 5579 Vigilante.
2716 5504 2781 5562 ll.
2818 5503 3078 5579 Valesius
3104 5497 3542 5579 legitvighilantis.

2277 5563 2726 5663 .Msf'Su'ﬁicit
2765 5578 2901 5630 enim
2939 5577 2993 5628 in
3034 5563 3272 5627 Ειτιὲεὲα
3305 5563 3402 5624 Dei
3439 5572 3503 5623 de
3542 5563 3769 5622 Patre
3811 5580 3888 5626 α

2208 5649 2580 5846 Ε’ξὲίςιίιῖῗῖιε
2623 5717 2807 5791 quibus
2836 5715 3032 5787 legum.
3066 5712 3253 5769 Graeco
3275 5725 3446 5778 more,
3480 5723 3580 5782 pro
3624 5725 3722 5767 ex
3764 5710 3903 5765 his

2208 5811 2319 5846 aua'
2367 5800 2544 5846 count.

2202 5811 2319 5855 qua'
2346 5800 2544 5854 legunt.
