4098 6398
403 295 429 344 1
439 285 544 346 069

1497 268 1583 326 DL
1619 267 2222 326 RbSUllltEC'IIONE.
2263 303 2317 311 —
2374 267 2499 322 LIB.
2543 263 2585 321 1.

3519 259 3656 320 [070

397 404 477 450 tra
502 406 717 464 gregem
747 398 850 457 est,
881 371 1013 464 pars
1050 401 1158 464 lUpI
1194 404 1296 450 est.
1332 384 1465 450 Nam
1496 395 1598 451 etsi
1631 396 1822 450 fortior
1853 395 1972 452 ovis
2001 403 2048 459 Α
2079 406 2188 452 tres
2224 418 2235 452 :
2280 412 2383 450 non
2431 395 2692 450 faciamus
2735 386 3135 451 conventicula,
3179 402 3288 442 non
3342 386 3652 456 Speluncas.

399 487 723 556 es,expcdit
775 486 873 540 tibi
925 485 1065 541 infra
1123 489 1356 558 parietes
1405 489 1563 543 ovilis
1614 504 1755 554 esse,
1805 500 1966 556 quam

400 579 566 634 foras.
599 577 776 634 Fortis
813 593 893 642 es,
938 587 1091 647 porta
1145 594 1317 634 meam
1361 580 1732 635 infirmitatem
1768 594 1785 633 :
1821 580 1974 634 infir-

399 687 517 726 mus
550 686 632 737 es,
659 673 844 742 accipe
867 674 1128 731 medelam
1156 689 1185 729 a
1208 674 1479 730 communi
1513 675 1753 732 Ecclesia
1781 694 1794 730 :
1820 681 1972 746 gutta

399 785 502 823 una
566 775 860 824 torrentem
922 781 1028 821 non
1078 763 1230 820 facit.
1287 764 1343 820 Si
1391 766 1537 819 enim
1585 774 1640 820 et
1691 767 1970 832 ceciderit,

397 870 686 927 antequam
723 859 901 923 cadat,
931 875 958 909 a
991 867 1134 912 terra
1172 856 1516 911 absorbetur.
1561 855 1722 911 Gutta
1763 866 1972 922 autem,

400 962 452 1007 et
489 960 662 1023 gutta,
695 961 749 1006 et
774 959 920 1021 gutta
951 949 1115 1005 etiam
1161 957 1372 1004 montes
1414 952 1631 1005 evertit.
1679 949 1860 1004 Canna
1913 964 1974 1005 es

402 1039 626 1114 fragilis,
661 1042 811 1097 multi
843 1050 1022 1096 autem
1075 1038 1224 1096 ferro
1274 1049 1402 1093 sunt
1456 1039 1729 1095 fortiores.
1773 1040 1974 1096 Oculus

400 1136 546 1190 solus
574 1149 677 1188 non
703 1143 786 1189 est
808 1133 1022 1198 oculus,
1056 1147 1232 1202 neque
1254 1140 1627 1203 caputcaput,
1665 1149 1840 1204 neque
1879 1149 1974 1203 pes

398 1243 515 1298 pes.
555 1226 886 1297 Compositio
933 1226 1076 1281 enim
1127 1225 1493 1279 membrorum
1553 1234 1720 1279 totum
1773 1229 1971 1280 bonum

398 1315 548 1370 facit.
595 1313 726 1368 Nam
758 1315 861 1369 etsi
906 1327 1056 1368 esses
1090 1311 1301 1378 oculus,
1350 1313 1587 1377 ablatus,
1614 1329 1737 1369 eras
1775 1329 1971 1370 caecus.

396 1409 440 1461 A
464 1415 688 1476 corpore
717 1406 860 1459 enim
891 1403 1136 1460 sublatus
1159 1404 1374 1469 oculus,
1408 1419 1584 1459 caicus
1627 1410 1712 1461 est
1745 1407 1973 1471 oculus,

398 1497 571 1567 magis
603 1503 782 1550 autem
825 1504 1087 1550 mortuus.
1115 1496 1171 1550 In
1203 1496 1442 1550 Ecclesia
1478 1495 1676 1551 fratres
1727 1501 1827 1552 sub
1863 1499 1975 1554 alas

398 1587 588 1644 matris
613 1587 1002 1642 eonveniamus
1031 1597 1048 1646 ξ
1078 1586 1130 1641 in
1155 1586 1394 1642 Ecclesia
1441 1589 1494 1641 in
1522 1602 1626 1658 qua
1655 1597 1972 1644 ornamenta

401 1696 612 1750 sponsae
638 1687 783 1746 sunt,
811 1688 865 1733 et
895 1679 1136 1734 membra
1158 1677 1380 1744 Christi,
1413 1694 1520 1734 non
1551 1680 1618 1736 ad
1659 1681 1973 1746 schismata,

2075 489 2240 545 Forte
2282 491 2425 544 enim
2481 487 2711 558 apostoli
2771 485 2887 540 haec
2937 482 3251 536 fundarunt.
3286 479 3403 535 Non
3448 479 3654 551 lapides

2075 581 2217 646 dico,
2259 582 2352 637 sed
2389 581 2600 650 negotia
2643 593 2848 633 rerum.
2885 576 3014 631 Εκίδ
3053 577 3122 630 ab
3154 574 3421 639 Ecclesia,
3467 584 3526 629 et
3569 589 3654 631 re-

2074 673 2274 744 linquis
2314 683 2542 729 matrem
2589 681 2732 728 tuam
2765 657 2985 742 propter
3037 683 3142 722 me.
3173 666 3310 733 Quid
3345 682 3463 722 sum
3509 667 3654 722 enim

2075 781 2198 837 ego,
2233 777 2327 821 aut
2365 765 2589 828 Paulus.
2617 773 2710 819 aut
2745 762 2933 832 Apollo
2957 760 3079 830 quis
3115 759 3236 813 est?
3284 760 3358 814 De
3383 775 3468 814 me
3509 770 3564 813 et
3603 769 3655 816 te

2075 860 2180 913 erit
2212 874 2411 914 sermo.
2445 856 2582 911 Num
2620 871 2719 928 ego
2761 854 3057 910 crucifixus
3104 852 3263 908 sum?
3291 852 3533 906 Necdum
3587 866 3656 906 ne

2075 950 2292 1018 quidem
2317 950 2525 1020 alapam
2551 948 2759 1018 accepi.
2795 947 2835 1000 E
2857 945 3135 1001 contrario
3171 956 3371 1010 autem,
3405 956 3458 998 et
3484 945 3656 999 hono-

2077 1050 2228 1096 ratus
2279 1056 2397 1096 sum
2453 1049 2669 1110 propter
2718 1037 2926 1094 Iesum.
2981 1039 3047 1094 Et
3090 1038 3180 1093 ille
3218 1037 3434 1107 quidem
3488 1036 3655 1090 multa

2080 1148 2269 1202 passus
2293 1141 2375 1187 est
2406 1141 2626 1202 propter
2648 1146 2733 1186 me
2765 1149 2782 1185 ς
2822 1147 2922 1198 ego
2962 1141 3141 1186 autem
3194 1130 3494 1184 honoratus
3529 1144 3650 1184 sunt

2078 1236 2299 1296 propter
2337 1225 2534 1294 ipsum.
2581 1223 2648 1277 Et
2676 1239 2776 1278 nos
2809 1224 3027 1293 quidem
3080 1222 3343 1278 feriamur
3392 1222 3658 1279 adversus

2078 1333 2321 1381 crucem,
2367 1327 2422 1372 et
2466 1317 2758 1370 adversum
2799 1331 2921 1368 eum
2957 1315 3046 1385 qui
3095 1314 3312 1384 propter
3355 1330 3451 1368 nos
3498 1315 3569 1370 fel
3606 1323 3657 1370 et

2079 1417 2290 1465 acetum
2332 1409 2486 1470 bibit.
2520 1418 2574 1462 et
2597 1407 2928 1477 imponimus
2973 1407 3024 1460 ei
3058 1407 3242 1476 spinas
3284 1407 3457 1478 magis
3489 1422 3654 1476 quam

2079 1501 2267 1564 Judasi,
2292 1509 2346 1557 et
2378 1501 2660 1555 effodimus
2694 1515 2888 1554 manus
2931 1498 3047 1568 ejus
3092 1509 3146 1553 et
3186 1499 3374 1568 pedes,
3421 1509 3474 1554 et
3501 1500 3658 1554 dinu-

2079 1607 2353 1646 meramus
2373 1590 2490 1658 ejus
2515 1606 2638 1644 ossa
2675 1608 2688 1643 :
2721 1589 2854 1656 Qua:
2893 1591 3057 1655 enim,
3093 1589 3292 1658 inquit,
3325 1589 3524 1658 fecistis
3562 1587 3659 1644 uni

2081 1699 2145 1737 ea:
2176 1682 2407 1737 minimis
2438 1683 2561 1736 istis
2595 1682 2684 1751 qui
2714 1688 2930 1735 credunt
2975 1681 3028 1734 in
3057 1697 3160 1746 me,
3190 1681 3318 1734 mihi
3366 1682 3560 1748 fecistis
3589 1679 3660 1748 “,

403 1789 508 1827 non
534 1772 598 1826 ad
624 1772 877 1827 haereses.
908 1769 1209 1840 Aliquoties
1228 1770 1373 1826 enim
1407 1771 1530 1829 dico
1559 1791 1572 1826 :
1607 1770 1829 1828 oﬂ'endit
1858 1789 1975 1828 mea
2013 1783 2057 1842 Β
2084 1785 2178 1828 aut
2214 1772 2414 1827 bonum
2451 1783 2545 1827 aut
2579 1771 2805 1827 malum.
2847 1771 2969 1826 Ilaec
3001 1771 3198 1827 fratres
3238 1781 3290 1828 et
3340 1773 3392 1826 in
3437 1773 3522 1830 his
3551 1773 3660 1828 frao

400 1865 576 1934 lingua
607 1881 621 1918 :
657 1872 834 1932 potest
863 1862 976 1916 fieri
1005 1872 1064 1917 ut
1107 1877 1260 1918 mens
1305 1878 1422 1919 mea
1477 1863 1736 1919 offendat.
1786 1865 1890 1919 Sed
1921 1875 1975 1920 tu

399 1955 551 2010 noli:
580 1955 896 2010 obliviscere
939 1953 1015 2026 (8)
1055 1969 1178 2009 eum
1218 1955 1310 2024 qui
1357 1955 1493 2010 dixit
1534 1972 1549 2008 :
1592 1955 1773 2010 Pretio
1819 1958 1978 2028 ampli

401 2048 547 2113 estis,
578 2047 738 2102 nolite
767 2047 884 2115 ﬁeri
912 2046 1048 2100 servi
1087 2045 1355 2101 hominum
1378 2045 1443 2101 ¹¹⁵.
1473 2036 1582 2103 ista
1614 2049 1756 2104 enim
1785 2050 1979 2106 domus

402 2155 511 2196 non
535 2154 650 2196 mea
673 2148 755 2194 est
777 2148 870 2193 aut
898 2149 1010 2196 tua.
1056 2139 1167 2195 Cur
1217 2141 1321 2195 mei
1375 2154 1538 2196 causa
1570 2141 1780 2195 recedis
1813 2155 1840 2194 a
1878 2142 1981 2196 Do-

402 2232 605 2288 minica
651 2232 851 2288 domo?
898 2232 964 2286 Et
1015 2232 1188 2301 primo
1229 2233 1444 2302 quidem
1491 2233 1619 2303 quid
1669 2235 1980 2304 aCCEpitnus

404 2324 560 2380 nobis
587 2324 711 2395 quia
745 2323 1100 2395 sapientiores
1128 2323 1382 2379 omnibus
1416 2323 1642 2380 sumus?
1669 2325 1873 2380 Deinde
1920 2333 1982 2379 ut

403 2417 531 2485 quid
555 2417 700 2486 quod
729 2416 782 2471 in
807 2430 968 2485 prece
993 2415 1070 2488 (9)
1100 2415 1345 2470 diabolus
1380 2416 1563 2482 habet,
1595 2416 1861 2470 donamus
1893 2416 1982 2471 ei?

403 2506 462 2562 Si
499 2522 597 2578 ego
622 2508 867 2562 infirmus
896 2523 1035 2572 smn,
1078 2515 1132 2560 tu
1152 2506 1242 2575 qui
1279 2521 1338 2562 es
1359 2505 1534 2571 fortis,
1565 2522 1668 2562 non
1698 2507 1978 2571 recedens,

406 2601 666 2655 confirma
710 2598 1034 2656 Ecclesiam.
1083 2599 1140 2654 Si
1184 2613 1286 2668 ego
1331 2599 1506 2653 aliena
1539 2597 1752 2668 loquor,
1790 2614 1889 2653 cur
1924 2609 1980 2654 tu

409 2687 496 2763 qui
520 2691 659 2746 bene
693 2689 938 2760 loqueris
983 2689 1255 2746 abstrahis
1281 2703 1336 2745 tc
1356 2699 1414 2743 ut
1439 2688 1725 2744 videantur
1755 2705 1874 2744 mea
1900 2690 1983 2744 in-

409 2782 650 2838 lirmari?
673 2781 738 2836 Et
766 2796 834 2836 ne
860 2781 984 2852 quis
1002 2797 1088 2836 me
1117 2790 1271 2852 putet
1306 2781 1590 2836 incitatum
1620 2781 1687 2835 ad
1717 2780 1982 2850 quosdam

409 2874 737 2930 diceretsed
779 2874 848 2929 ab
870 2873 1129 2929 exercitio
1164 2872 1276 2945 (10)
1317 2887 1438 2928 sum
1491 2871 1780 2928 multorum
1814 2887 1828 2925 :
1870 2871 1984 2927 scio

413 2977 617 3039 quanta
648 2968 788 3024 dicta
827 2977 953 3023 sunt
1003 2975 1060 3022 et
1101 2967 1371 3022 dicuntur.
1419 2964 1801 3034 Unusquisque
1837 2963 1984 3019 enim

412 3075 661 3131 quaerens
685 3061 826 3116 unde
860 3067 1117 3130 pascatur
1152 3058 1363 3114 furatur
1385 3058 1521 3129 (il).
1553 3057 1793 3112 Minores
1829 3074 1842 3110 :
1872 3055 1984 3110 fra-

420 3209 2267 3240 mm

2081 1874 2234 1920 tres:
2271 1881 2378 1920 non
2430 1880 2644 1935 semper
2702 1865 2941 1929 nomina,
2991 1866 3086 1921 sed
3133 1880 3241 1920 res.
3315 1867 3660 1926 Christianus

2079 1957 2220 2011 enim
2250 1972 2431 2022 verus,
2487 1956 2656 2012 frater
2698 1956 2790 2012 sit.
2839 1954 3012 2011 Verus
3067 1956 3409 2013 Christianus
3449 1977 3462 2014 :
3497 1974 3660 2016 verus

2079 2059 2164 2105 est
2213 2050 2358 2105 enim
2419 2049 2689 2106 Christus.
2737 2049 2981 2116 Fratres,
3034 2049 3250 2116 fratres,
3312 2052 3477 2109 nolite
3540 2068 3662 2110 esse

2079 2142 2299 2211 piratae,
2364 2141 2532 2198 nolite
2597 2142 2912 2198 bellatores.
2981 2141 3158 2197 Nolite
3226 2158 3467 2213 quarrere
3532 2161 3657 2202 cum

2081 2249 2187 2302 quo
2259 2234 2510 2304 litigetis,
2578 2235 2671 2290 sed
2725 2251 2882 2305 quem
2963 2235 3206 2292 salvetis.
3283 2235 3398 2306 ipse
3476 2248 3656 2293 autem

2081 2325 2224 2381 Deus
2283 2327 2449 2396 pacis,
2500 2326 2589 2396 qui
2638 2343 2741 2381 non
2801 2327 3042 2398 pepercit
3101 2329 3381 2397 unigenito
3412 2344 3510 2384 suo
3564 2329 3656 2384 Fi~

2081 2415 2175 2480 lio,
2211 2427 2266 2471 et
2296 2416 2443 2471 ntisit
2505 2432 2630 2472 eum
2675 2421 2740 2472 ad
2779 2419 3006 2473 salutem
3057 2429 3321 2484 nostram,
3377 2420 3494 2489 ipse
3532 2435 3655 2477 om-

2083 2509 2230 2564 nium
2274 2519 2516 2564 vestrum
2546 2510 2758 2565 animas
2800 2511 2867 2565 ad
2902 2525 3064 2564 unam
3112 2511 3553 2577 consensionem,
3587 2514 3658 2567 ad

2085 2614 2244 2654 unam
2269 2601 2640 2666 concordiam,
2680 2602 2746 2655 ad
2791 2615 2954 2656 unam
3007 2617 3193 2670 pacem
3235 2614 3292 2659 et
3340 2599 3658 2660 charitatem

2084 2690 2282 2746 adunet
2307 2703 2404 2761 per
2429 2692 2761 2762 unigenitum
2793 2708 2950 2748 suum
2980 2693 3173 2749 Filium
3201 2712 3215 2749 :
3247 2710 3344 2765 per
3381 2711 3543 2768 quem
3575 2705 3662 2752 est

2085 2799 2190 2840 non
2227 2793 2355 2839 nato
2383 2785 2528 2839 Patri
2571 2785 2763 2856 gloria,
2806 2778 3000 2855 honor,
3057 2787 3367 2858 imperium,
3400 2789 3660 2858 tnajestas

2085 2876 2138 2932 in
2167 2876 2368 2947 Spiritu
2414 2887 2625 2942 sancto,
2655 2887 2707 2934 et
2741 2893 2882 2935 nunc
2913 2889 2966 2935 et
3002 2893 3237 2950 semper,
3268 2889 3318 2936 et
3350 2894 3444 2951 per
3477 2880 3660 2937 omnia

2080 2963 2282 3020 smeula
2312 2963 2659 3019 szeculorum.
2687 2964 2879 3019 Amen.

2009 3223 2584 3234 .—_————_——————-o

2282 3208 3648 3251 mm}

1171 3431 1930 3589 EUSEBII
1986 3425 2906 3636 PAMPHILI

988 3727 1218 3839 DE
1345 3717 3080 3838 RESURRECTIONE.

1567 4093 1921 4183 LIBER
1997 4093 2489 4183 PRIMUS.

1987 4293 2056 4306 _

479 4451 689 4506 Dictum
710 4460 792 4507 est
814 4451 1026 4522 quidem
1050 4467 1080 4506 a
1113 4453 1264 4507 nobis
1291 4459 1345 4507 et
1371 4461 1493 4508 ante
1517 4453 1584 4507 de
1619 4453 1977 4508 resurrectio-
2003 4461 2045 4518 ο
2080 4463 2259 4508 autem
2319 4462 2373 4508 et
2408 4468 2527 4523 qua:
2562 4449 2696 4504 lecta
2730 4457 2891 4514 sunt;
2941 4445 3080 4500 forte
3129 4441 3292 4498 etiam
3340 4451 3483 4510 saepe
3507 4437 3666 4493 nobis

410 4558 509 4610 ne;
547 4543 774 4598 audistis
809 4553 862 4598 et
901 4558 998 4598 vos

409 4651 559 4691 suum
608 4635 863 4700 fructum,
903 4635 1166 4704 siquidem
1215 4645 1270 4690 et
1324 4632 1376 4689 in
1417 4646 1658 4706 tempore
1709 4652 1980 4700 rosarum,

407 4743 540 4782 rosa:
564 4727 870 4783 florescunt.
911 4727 1222 4798 Agnoscunt
1259 4736 1436 4780 autem
1474 4737 1529 4782 et
1562 4731 1856 4782 secundum
1887 4721 1980 4783 Je-

410 4823 632 4883 remiam
665 4821 742 4884 ⁸⁷,
789 4830 842 4874 et
870 4820 1189 4874 hirundines
1244 4829 1454 4889 tempus
1500 4828 1555 4874 et
1603 4819 1690 4873 alii
1731 4834 1978 4888 passeres

407 4915 556 4983 agri;
587 4927 812 4982 quorum
843 4911 1102 4982 propheta
1127 4913 1328 4967 faciens
1354 4912 1702 4978 mentionem,
1736 4911 1982 4981 increpa-

409 5003 495 5057 bat
539 5003 701 5058 lsrael
735 5004 824 5073 qui
851 5013 1090 5073 tempora
1133 5002 1435 5074 ignorabat.
1483 5001 1548 5057 Et
1579 5011 1789 5072 tempus
1831 5002 1979 5058 omni

410 5096 486 5149 rei
513 5109 630 5151 .sse
653 5097 1085 5162 sapientissimus
1120 5096 1253 5149 dixit
1281 5094 1535 5150 Salomon
1559 5095 1623 5152 ι’.
1656 5092 1789 5162 Quia
1817 5094 1981 5164 igitur

409 5195 620 5254 tempus
656 5186 897 5255 exposcit
928 5186 995 5240 de
1027 5184 1421 5240 resurrectione
1453 5183 1696 5248 tractari,
1724 5188 1982 5252 expetunt

1045 4559 1059 4598 :
1100 4544 1192 4599 sed
1229 4545 1409 4599 omnia
1471 4552 1712 4611 tempora
1760 4543 1984 4611 exigunt

480 5323 524 5357 “
547 5322 568 5376 l
589 5324 713 5379 Cor.
743 5339 818 5401 vi,
843 5322 952 5386 201:
986 5335 1039 5380 et
1078 5341 1170 5392 vn,
1196 5325 1288 5380 25.
1361 5324 1409 5356 ³⁸
1435 5321 1625 5382 Matth.
1656 5337 1786 5390 xxv,
1811 5320 1902 5377 40.
1981 5319 2022 5351 ⁸⁷
2061 5315 2174 5374 Jer.
2197 5329 2317 5378 VIII.
2348 5311 2402 5367 7-

445 5442 557 5525 .(8)
587 5437 714 5495 Noli
755 5456 774 5495 :
822 5441 1144 5497 obliviscere.
1203 5441 1366 5496 Forte
1423 5442 1513 5496 sed
1568 5451 1624 5496 tu
1684 5439 1793 5494 noli
1846 5436 1962 5491 obli-

404 5564 413 5574 ’
440 5529 558 5654 “(cili
594 5582 658 5638 In
699 5598 851 5651 prece
889 5581 977 5636 ’Ev
1002 5583 1159 5654 εὐχῇ,
1195 5582 1248 5636 in
1279 5582 1510 5654 Voto,in
1539 5580 1756 5654 optatis.

503 5585 558 5654 9)
594 5585 658 5638 In
699 5598 851 5651 prece
889 5585 977 5636 Ἐν
1002 5585 1159 5654 εὐχῇ,
1195 5585 1248 5636 in
1279 5591 1424 5647 voto,
1457 5585 1510 5637 in
1539 5585 1756 5649 optatis.

482 5585 593 5724 ξω)
625 5655 700 5705 Ab
741 5654 1010 5709 exercitio.
1056 5657 1107 5708 ld
1139 5663 1239 5722 est,
1267 5667 1332 5708 ex
1382 5652 1683 5707 ministerio
1714 5664 1834 5707 meo
1865 5662 1984 5704 mea

409 5723 583 5782 anno
613 5727 676 5778 ad
707 5725 902 5779 multos
925 5727 1174 5786 pertinet.

2085 4546 2409 4612 dicentibus,
2435 4544 2661 4598 necdum
2695 4540 2911 4610 quidam
2952 4539 3017 4592 de
3048 4531 3446 4591 resurrectione
3473 4543 3664 4586 susce-

2083 4647 2281 4708 perunt
2326 4648 2631 4692 sermonem
2675 4651 2688 4686 :
2730 4628 2864 4684 nihil
2913 4625 3166 4698 prohibet
3203 4633 3446 4693 repetere
3480 4635 3578 4676 nos
3610 4629 3667 4676 et

2080 4731 2280 4794 denuo,
2315 4737 2369 4782 et
2399 4729 2466 4781 de
2489 4725 2572 4780 his
2605 4721 2735 4794 ipsis
2765 4729 3000 4776 tractare
3025 4718 3092 4771 ι’.
3121 4717 3319 4772 Eadem
3350 4713 3494 4767 enim
3530 4710 3666 4766 scri-

2084 4822 2215 4877 bere
2258 4836 2357 4875 nec
2391 4813 2615 4872 Paulum
2652 4811 2824 4887 piguit
2868 4828 2882 4866 :
2926 4811 2981 4868 hi
3008 4811 3152 4867 enim
3199 4808 3290 4879 qui
3317 4805 3543 4861 credunt
3579 4819 3666 4860 re-

2087 4913 2442 4970 surrectionis
2471 4924 2771 4974 sermones,
2813 4914 2974 4962 erunt
3021 4902 3290 4958 tutiores:
3323 4897 3461 4954 forte
3483 4905 3666 4951 autem

2087 5006 2179 5074 qui
2203 5005 2431 5059 necdum
2461 5000 2604 5056 suasi
2635 5009 2782 5065 sunt,
2810 4995 3203 5053 suadebuntur.
3249 4987 3405 5043 Nunc
3428 4987 3668 5042 creditur

2087 5095 2230 5149 enim
2264 5093 2501 5148 sermoni
2532 5090 2622 5160 qui
2658 5089 2724 5144 de
2756 5081 3441 5144 resurrectione-habetur;
3466 5087 3519 5131 et
3553 5092 3669 5129 ma-

2089 5196 2191 5250 gna
2238 5189 2323 5236 est
2371 5178 2659 5235 multitudo
2693 5191 2798 5231 non
2836 5172 3192 5229 credentium.
3233 5167 3474 5225 Gentiles
3521 5167 3667 5222 enim

2480 5310 2525 5343 ¹⁸
2561 5309 2740 5365 Eccle.
2777 5323 2858 5374 ιιι,
2886 5307 2974 5361 Π.
3053 5307 3096 5338 ¹⁹
3134 5301 3368 5374 Philipp.
3397 5316 3481 5368 ιιι,
3507 5300 3560 5355 l.

2162 5428 2351 5503 (11),]?
2354 5435 2562 5503 uratur.
2592 5425 2844 5503 Minores.
2875 5423 3036 5503 Forte
3067 5422 3278 5503 furatnr
3316 5415 3667 5503 .minores,‘id

2090 5485 2196 5567 est,
2231 5485 2447 5556 a'dducit
2478 5513 2573 5566 per
2615 5496 2857 5550 fraudem
2907 5509 2936 5547 e
2963 5485 3086 5567 sinu
3127 5491 3380 5546 Ecclesize
3408 5485 3669 5567 parandos

2092 5555 2309 5636 itu—fide,
2333 5555 2542 5640 sibique
2574 5565 3009 5640 at.ljnngit._.ntde
3038 5563 3216 5616 alatur
3251 5580 3265 5616 :
3302 5559 3488 5640 quales
3527 5557 3563 5612 ii
3600 5555 3674 5612 de

2095 5633 2482 5716 quibustudas
2508 5647 2680 5708 apost.
2706 5636 2790 5700 12,
2817 5633 3130 5704 Semetipsos
3158 5639 3444 5702 pascentes.
