  <div class='ocr_page' id='page_1' title='image "/cluster/home/n/w/nwhite01/storage/ocr_20150623/24/hvd.32044073501108/543.png"; bbox 0 0 4100 6456; ppageno 0'>
   <div class='ocr_carea' id='block_1_1' title="bbox 461 346 599 403">
    <p class='ocr_par' dir='ltr' id='par_1_1' title="bbox 461 346 599 403">
     <span class='ocr_line' id='line_1_1' title="bbox 461 346 599 403; baseline -0.014 -1"><span class='ocrx_word' id='word_1_1' title='bbox 461 348 490 402; x_wconf 72' lang='grc'>1</span> <span class='ocrx_word' id='word_1_2' title='bbox 503 346 599 403; x_wconf 76' lang='grc'><strong>071</strong></span> 
     </span>
    </p>
   </div>
   <div class='ocr_carea' id='block_1_2' title="bbox 1128 317 3017 394">
    <p class='ocr_par' dir='ltr' id='par_1_2' title="bbox 1128 317 3017 394">
     <span class='ocr_line' id='line_1_2' title="bbox 1128 317 3017 394; baseline -0.012 -1"><span class='ocrx_word' id='word_1_3' title='bbox 1128 334 1406 394; x_wconf 72' lang='lat' dir='ltr'><strong>IUSEBII</strong></span> <span class='ocrx_word' id='word_1_4' title='bbox 1441 328 1918 390; x_wconf 62' lang='lat' dir='ltr'><strong>CESABIENSIS</strong></span> <span class='ocrx_word' id='word_1_5' title='bbox 1948 326 2104 382; x_wconf 55' lang='lat' dir='ltr'><strong>*OPP.</strong></span> <span class='ocrx_word' id='word_1_6' title='bbox 2142 323 2324 379; x_wconf 79' lang='lat' dir='ltr'><strong>PARS</strong></span> <span class='ocrx_word' id='word_1_7' title='bbox 2361 322 2449 377; x_wconf 77' lang='grc' dir='ltr'><strong>Π.</strong></span> <span class='ocrx_word' id='word_1_8' title='bbox 2490 353 2558 364; x_wconf 89' lang='lat'><strong>—-</strong></span> <span class='ocrx_word' id='word_1_9' title='bbox 2598 317 3017 377; x_wconf 77' lang='lat' dir='ltr'><strong>DOGMATICA.</strong></span> 
     </span>
    </p>
   </div>
   <div class='ocr_carea' id='block_1_3' title="bbox 3572 310 3711 367">
    <p class='ocr_par' dir='ltr' id='par_1_3' title="bbox 3572 310 3711 367">
     <span class='ocr_line' id='line_1_3' title="bbox 3572 310 3711 367; baseline 0 -1"><span class='ocrx_word' id='word_1_10' title='bbox 3572 310 3711 367; x_wconf 68' lang='lat'><strong>1072</strong></span> 
     </span>
    </p>
   </div>
   <div class='ocr_carea' id='block_1_4' title="bbox 463 432 3715 525">
    <p class='ocr_par' dir='ltr' id='par_1_4' title="bbox 463 432 3715 525">
     <span class='ocr_line' id='line_1_4' title="bbox 463 432 3715 525; baseline -0.011 -5"><span class='ocrx_word' id='word_1_11' title='bbox 463 481 572 520; x_wconf 91' lang='lat' dir='ltr'><strong>non</strong></span> <span class='ocrx_word' id='word_1_12' title='bbox 593 463 857 525; x_wconf 88' lang='lat' dir='ltr'><strong>credunt;</strong></span> <span class='ocrx_word' id='word_1_13' title='bbox 894 456 1135 515; x_wconf 69' lang='lat' dir='ltr'><strong>haeretici</strong></span> <span class='ocrx_word' id='word_1_14' title='bbox 1170 455 1334 512; x_wconf 79' lang='lat' dir='ltr'><strong>simili</strong></span> <span class='ocrx_word' id='word_1_15' title='bbox 1362 455 1521 509; x_wconf 88' lang='lat' dir='ltr'><strong>modo</strong></span> <span class='ocrx_word' id='word_1_16' title='bbox 1572 454 1760 508; x_wconf 86' lang='lat' dir='ltr'><strong>iisdem</strong></span> <span class='ocrx_word' id='word_1_17' title='bbox 1804 466 1908 506; x_wconf 90' lang='lat' dir='ltr'><strong>non</strong></span> <span class='ocrx_word' id='word_1_18' title='bbox 1949 451 2037 503; x_wconf 80' lang='lat' dir='ltr'><strong>ha-</strong></span> <span class='ocrx_word' id='word_1_19' title='bbox 2066 454 2109 508; x_wconf 76' lang='grc' dir='ltr'>Α</span> <span class='ocrx_word' id='word_1_20' title='bbox 2146 446 2290 499; x_wconf 82' lang='lat' dir='ltr'><strong>tilice</strong></span> <span class='ocrx_word' id='word_1_21' title='bbox 2320 445 2409 513; x_wconf 90' lang='lat' dir='ltr'><strong>qui</strong></span> <span class='ocrx_word' id='word_1_22' title='bbox 2436 443 2577 514; x_wconf 86' lang='lat' dir='ltr'><strong>apud</strong></span> <span class='ocrx_word' id='word_1_23' title='bbox 2607 457 2702 497; x_wconf 87' lang='lat' dir='ltr'><strong>nos</strong></span> <span class='ocrx_word' id='word_1_24' title='bbox 2726 454 2829 505; x_wconf 88' lang='lat' dir='ltr'><strong>est,</strong></span> <span class='ocrx_word' id='word_1_25' title='bbox 2858 438 3061 493; x_wconf 79' lang='lat' dir='ltr'><strong>humile</strong></span> <span class='ocrx_word' id='word_1_26' title='bbox 3090 437 3358 503; x_wconf 85' lang='lat' dir='ltr'><strong>loquatur.</strong></span> <span class='ocrx_word' id='word_1_27' title='bbox 3391 432 3456 486; x_wconf 81' lang='lat' dir='ltr'><strong>Et</strong></span> <span class='ocrx_word' id='word_1_28' title='bbox 3483 445 3588 487; x_wconf 88' lang='lat' dir='ltr'><strong>non</strong></span> <span class='ocrx_word' id='word_1_29' title='bbox 3620 448 3715 488; x_wconf 81' lang='lat' dir='ltr'><strong>co-</strong></span> 
     </span>
    </p>
   </div>
   <div class='ocr_carea' id='block_1_5' title="bbox 462 539 2038 616">
    <p class='ocr_par' dir='ltr' id='par_1_5' title="bbox 462 539 2038 616">
     <span class='ocr_line' id='line_1_5' title="bbox 462 539 2038 616; baseline -0.012 -5"><span class='ocrx_word' id='word_1_30' title='bbox 462 557 591 613; x_wconf 86' lang='lat' dir='ltr'><strong>bent</strong></span> <span class='ocrx_word' id='word_1_31' title='bbox 620 553 814 616; x_wconf 81' lang='lat' dir='ltr'><strong>ﬁdem;</strong></span> <span class='ocrx_word' id='word_1_32' title='bbox 846 548 1014 605; x_wconf 67' lang='grc' dir='ltr'>ιιι(ῑωί</span> <span class='ocrx_word' id='word_1_33' title='bbox 1042 547 1198 603; x_wconf 81' lang='lat' dir='ltr'><strong>divisi</strong></span> <span class='ocrx_word' id='word_1_34' title='bbox 1229 555 1350 600; x_wconf 90' lang='lat' dir='ltr'><strong>sunt</strong></span> <span class='ocrx_word' id='word_1_35' title='bbox 1376 546 1441 600; x_wconf 91' lang='lat' dir='ltr'><strong>de</strong></span> <span class='ocrx_word' id='word_1_36' title='bbox 1467 544 1883 600; x_wconf 67' lang='lat' dir='ltr'><strong>resurrectione.</strong></span> <span class='ocrx_word' id='word_1_37' title='bbox 1904 539 2038 595; x_wconf 87' lang='lat' dir='ltr'><strong>Sad-</strong></span> 
     </span>
    </p>
   </div>
   <div class='ocr_carea' id='block_1_6' title="bbox 464 633 2037 711">
    <p class='ocr_par' dir='ltr' id='par_1_6' title="bbox 464 633 2037 711">
     <span class='ocr_line' id='line_1_6' title="bbox 464 633 2037 711; baseline -0.013 -7"><span class='ocrx_word' id='word_1_38' title='bbox 464 647 633 706; x_wconf 73' lang='lat' dir='ltr'><strong>dttczei</strong></span> <span class='ocrx_word' id='word_1_39' title='bbox 663 646 806 698; x_wconf 90' lang='lat' dir='ltr'><strong>enim</strong></span> <span class='ocrx_word' id='word_1_40' title='bbox 839 641 1186 710; x_wconf 87' lang='lat' dir='ltr'><strong>intercipiunt</strong></span> <span class='ocrx_word' id='word_1_41' title='bbox 1213 639 1324 711; x_wconf 67' lang='lat' dir='ltr'><strong>(l2)</strong></span> <span class='ocrx_word' id='word_1_42' title='bbox 1348 638 1818 701; x_wconf 90' lang='lat' dir='ltr'><strong>resurrectionem,</strong></span> <span class='ocrx_word' id='word_1_43' title='bbox 1843 633 2037 687; x_wconf 83' lang='lat' dir='ltr'><strong>Phari-</strong></span> 
     </span>
    </p>
   </div>
   <div class='ocr_carea' id='block_1_7' title="bbox 464 724 2037 801">
    <p class='ocr_par' dir='ltr' id='par_1_7' title="bbox 464 724 2037 801">
     <span class='ocr_line' id='line_1_7' title="bbox 464 724 2037 801; baseline -0.013 -4"><span class='ocrx_word' id='word_1_44' title='bbox 464 741 556 797; x_wconf 67' lang='grc' dir='ltr'><strong>δειξὶ</strong></span> <span class='ocrx_word' id='word_1_45' title='bbox 587 748 765 792; x_wconf 89' lang='lat' dir='ltr'><strong>autem</strong></span> <span class='ocrx_word' id='word_1_46' title='bbox 796 747 1083 801; x_wconf 82' lang='lat' dir='ltr'><strong>suscepere</strong></span> <span class='ocrx_word' id='word_1_47' title='bbox 1118 748 1133 785; x_wconf 89' lang='lat'><strong>:</strong></span> <span class='ocrx_word' id='word_1_48' title='bbox 1169 731 1270 784; x_wconf 87' lang='lat' dir='ltr'><strong>nisi</strong></span> <span class='ocrx_word' id='word_1_49' title='bbox 1312 730 1485 799; x_wconf 75' lang='lat' dir='ltr'><strong>magis</strong></span> <span class='ocrx_word' id='word_1_50' title='bbox 1531 730 1583 781; x_wconf 90' lang='lat' dir='ltr'><strong>in</strong></span> <span class='ocrx_word' id='word_1_51' title='bbox 1617 727 1827 796; x_wconf 80' lang='lat' dir='ltr'><strong>injuriis</strong></span> <span class='ocrx_word' id='word_1_52' title='bbox 1869 724 2037 795; x_wconf 86' lang='lat' dir='ltr'><strong>petie-</strong></span> 
     </span>
    </p>
   </div>
   <div class='ocr_carea' id='block_1_8' title="bbox 466 816 2036 897">
    <p class='ocr_par' dir='ltr' id='par_1_8' title="bbox 466 816 2036 897">
     <span class='ocr_line' id='line_1_8' title="bbox 466 816 2036 897; baseline -0.011 -12"><span class='ocrx_word' id='word_1_53' title='bbox 466 840 613 893; x_wconf 91' lang='lat' dir='ltr'><strong>runt,</strong></span> <span class='ocrx_word' id='word_1_54' title='bbox 654 841 815 897; x_wconf 88' lang='lat' dir='ltr'><strong>quant</strong></span> <span class='ocrx_word' id='word_1_55' title='bbox 852 825 1255 879; x_wconf 88' lang='lat' dir='ltr'><strong>ltonoraverunt</strong></span> <span class='ocrx_word' id='word_1_56' title='bbox 1286 840 1299 875; x_wconf 89' lang='lat'><strong>:</strong></span> <span class='ocrx_word' id='word_1_57' title='bbox 1328 823 1467 875; x_wconf 81' lang='lat' dir='ltr'><strong>forte</strong></span> <span class='ocrx_word' id='word_1_58' title='bbox 1520 829 1697 873; x_wconf 85' lang='lat' dir='ltr'><strong>autem</strong></span> <span class='ocrx_word' id='word_1_59' title='bbox 1750 827 1803 872; x_wconf 91' lang='lat' dir='ltr'><strong>et</strong></span> <span class='ocrx_word' id='word_1_60' title='bbox 1850 816 1943 886; x_wconf 89' lang='lat' dir='ltr'><strong>qui</strong></span> <span class='ocrx_word' id='word_1_61' title='bbox 1984 816 2036 867; x_wconf 92' lang='lat' dir='ltr'><strong>in</strong></span> 
     </span>
    </p>
   </div>
   <div class='ocr_carea' id='block_1_9' title="bbox 467 906 2041 979">
    <p class='ocr_par' dir='ltr' id='par_1_9' title="bbox 467 906 2041 979">
     <span class='ocr_line' id='line_1_9' title="bbox 467 906 2041 979; baseline -0.011 -4"><span class='ocrx_word' id='word_1_62' title='bbox 467 919 706 976; x_wconf 75' lang='lat' dir='ltr'><strong>Ecclesia</strong></span> <span class='ocrx_word' id='word_1_63' title='bbox 735 915 1083 979; x_wconf 87' lang='lat' dir='ltr'><strong>conveniunt,</strong></span> <span class='ocrx_word' id='word_1_64' title='bbox 1115 912 1267 967; x_wconf 91' lang='lat' dir='ltr'><strong>multi</strong></span> <span class='ocrx_word' id='word_1_65' title='bbox 1299 912 1546 965; x_wconf 87' lang='lat' dir='ltr'><strong>dubitant</strong></span> <span class='ocrx_word' id='word_1_66' title='bbox 1585 910 1647 963; x_wconf 91' lang='lat' dir='ltr'><strong>de</strong></span> <span class='ocrx_word' id='word_1_67' title='bbox 1688 906 2041 962; x_wconf 62' lang='lat' dir='ltr'><strong>resurrectio-</strong></span> 
     </span>
    </p>
   </div>
   <div class='ocr_carea' id='block_1_10' title="bbox 393 998 2042 1080">
    <p class='ocr_par' dir='ltr' id='par_1_10' title="bbox 393 998 2042 1080">
     <span class='ocr_line' id='line_1_10' title="bbox 393 998 2042 1080; baseline -0.01 -13"><span class='ocrx_word' id='word_1_68' title='bbox 393 1030 400 1038; x_wconf 62' lang='grc' dir='ltr'>ί</span> <span class='ocrx_word' id='word_1_69' title='bbox 467 1029 569 1078; x_wconf 85' lang='lat' dir='ltr'><strong>ne;</strong></span> <span class='ocrx_word' id='word_1_70' title='bbox 606 1025 724 1080; x_wconf 74' lang='lat' dir='ltr'><strong>qua:</strong></span> <span class='ocrx_word' id='word_1_71' title='bbox 761 1008 900 1061; x_wconf 87' lang='lat' dir='ltr'><strong>enim</strong></span> <span class='ocrx_word' id='word_1_72' title='bbox 942 1006 1165 1060; x_wconf 83' lang='lat' dir='ltr'><strong>necdum</strong></span> <span class='ocrx_word' id='word_1_73' title='bbox 1201 1004 1376 1058; x_wconf 89' lang='lat' dir='ltr'><strong>oculis</strong></span> <span class='ocrx_word' id='word_1_74' title='bbox 1408 1004 1675 1065; x_wconf 83' lang='lat' dir='ltr'><strong>videntur,</strong></span> <span class='ocrx_word' id='word_1_75' title='bbox 1722 1017 1749 1055; x_wconf 87' lang='lat' dir='ltr'><strong>a</strong></span> <span class='ocrx_word' id='word_1_76' title='bbox 1797 998 2042 1069; x_wconf 83' lang='lat' dir='ltr'><strong>plurimis</strong></span> 
     </span>
    </p>
   </div>
   <div class='ocr_carea' id='block_1_11' title="bbox 468 1090 2041 1162">
    <p class='ocr_par' dir='ltr' id='par_1_11' title="bbox 468 1090 2041 1162">
     <span class='ocr_line' id='line_1_11' title="bbox 468 1090 2041 1162; baseline -0.012 -4"><span class='ocrx_word' id='word_1_77' title='bbox 468 1118 574 1158; x_wconf 90' lang='lat' dir='ltr'><strong>non</strong></span> <span class='ocrx_word' id='word_1_78' title='bbox 598 1101 915 1154; x_wconf 77' lang='lat' dir='ltr'><strong>creduntur.</strong></span> <span class='ocrx_word' id='word_1_79' title='bbox 943 1093 1076 1149; x_wconf 83' lang='lat' dir='ltr'><strong>Nam</strong></span> <span class='ocrx_word' id='word_1_80' title='bbox 1100 1105 1153 1150; x_wconf 90' lang='lat' dir='ltr'><strong>et</strong></span> <span class='ocrx_word' id='word_1_81' title='bbox 1179 1094 1212 1147; x_wconf 90' lang='lat' dir='ltr'><strong>ii</strong></span> <span class='ocrx_word' id='word_1_82' title='bbox 1241 1096 1330 1162; x_wconf 91' lang='lat' dir='ltr'><strong>qui</strong></span> <span class='ocrx_word' id='word_1_83' title='bbox 1366 1092 1663 1160; x_wconf 79' lang='lat' dir='ltr'><strong>suscipiunt</strong></span> <span class='ocrx_word' id='word_1_84' title='bbox 1693 1090 2041 1143; x_wconf 86' lang='lat' dir='ltr'><strong>resurrectio-</strong></span> 
     </span>
    </p>
   </div>
   <div class='ocr_carea' id='block_1_12' title="bbox 466 1182 2045 1255">
    <p class='ocr_par' dir='ltr' id='par_1_12' title="bbox 466 1182 2045 1255">
     <span class='ocr_line' id='line_1_12' title="bbox 466 1182 2045 1255; baseline -0.009 -6"><span class='ocrx_word' id='word_1_85' title='bbox 466 1210 616 1255; x_wconf 85' lang='lat' dir='ltr'><strong>nem,</strong></span> <span class='ocrx_word' id='word_1_86' title='bbox 652 1189 928 1246; x_wconf 87' lang='lat' dir='ltr'><strong>constituti</strong></span> <span class='ocrx_word' id='word_1_87' title='bbox 981 1197 1163 1255; x_wconf 88' lang='lat' dir='ltr'><strong>utpote</strong></span> <span class='ocrx_word' id='word_1_88' title='bbox 1216 1187 1269 1239; x_wconf 90' lang='lat' dir='ltr'><strong>iu</strong></span> <span class='ocrx_word' id='word_1_89' title='bbox 1312 1184 1568 1246; x_wconf 73' lang='lat' dir='ltr'><strong>Ecclesia,</strong></span> <span class='ocrx_word' id='word_1_90' title='bbox 1622 1182 1782 1236; x_wconf 90' lang='lat' dir='ltr'><strong>multa</strong></span> <span class='ocrx_word' id='word_1_91' title='bbox 1836 1182 2045 1235; x_wconf 82' lang='lat' dir='ltr'><strong>habent</strong></span> 
     </span>
    </p>
   </div>
   <div class='ocr_carea' id='block_1_13' title="bbox 467 1272 2040 1346">
    <p class='ocr_par' dir='ltr' id='par_1_13' title="bbox 467 1272 2040 1346">
     <span class='ocr_line' id='line_1_13' title="bbox 467 1272 2040 1346; baseline -0.011 -6"><span class='ocrx_word' id='word_1_92' title='bbox 467 1288 629 1341; x_wconf 88' lang='lat' dir='ltr'><strong>dubia</strong></span> <span class='ocrx_word' id='word_1_93' title='bbox 659 1284 710 1337; x_wconf 89' lang='lat' dir='ltr'><strong>itt</strong></span> <span class='ocrx_word' id='word_1_94' title='bbox 752 1290 933 1335; x_wconf 90' lang='lat' dir='ltr'><strong>mente</strong></span> <span class='ocrx_word' id='word_1_95' title='bbox 965 1280 1029 1331; x_wconf 90' lang='lat' dir='ltr'><strong>de</strong></span> <span class='ocrx_word' id='word_1_96' title='bbox 1068 1278 1183 1346; x_wconf 87' lang='lat' dir='ltr'><strong>ipsa</strong></span> <span class='ocrx_word' id='word_1_97' title='bbox 1212 1276 1630 1339; x_wconf 78' lang='lat' dir='ltr'><strong>resurrectione.</strong></span> <span class='ocrx_word' id='word_1_98' title='bbox 1666 1274 1834 1326; x_wconf 82' lang='lat' dir='ltr'><strong>Aiunt</strong></span> <span class='ocrx_word' id='word_1_99' title='bbox 1865 1272 2040 1333; x_wconf 90' lang='lat' dir='ltr'><strong>enim,</strong></span> 
     </span>
    </p>
   </div>
   <div class='ocr_carea' id='block_1_14' title="bbox 468 1366 2039 1445">
    <p class='ocr_par' dir='ltr' id='par_1_14' title="bbox 468 1366 2039 1445">
     <span class='ocr_line' id='line_1_14' title="bbox 468 1366 2039 1445; baseline -0.011 -16"><span class='ocrx_word' id='word_1_100' title='bbox 468 1373 740 1445; x_wconf 87' lang='lat' dir='ltr'><strong>quomodo</strong></span> <span class='ocrx_word' id='word_1_101' title='bbox 761 1368 1147 1439; x_wconf 75' lang='lat' dir='ltr'><strong>resurgemus?</strong></span> <span class='ocrx_word' id='word_1_102' title='bbox 1183 1368 1233 1419; x_wconf 90' lang='lat' dir='ltr'><strong>in</strong></span> <span class='ocrx_word' id='word_1_103' title='bbox 1269 1383 1375 1434; x_wconf 88' lang='lat' dir='ltr'><strong>quo</strong></span> <span class='ocrx_word' id='word_1_104' title='bbox 1427 1366 1635 1426; x_wconf 90' lang='lat' dir='ltr'><strong>habitu,</strong></span> <span class='ocrx_word' id='word_1_105' title='bbox 1666 1378 1768 1431; x_wconf 92' lang='lat' dir='ltr'><strong>qua</strong></span> <span class='ocrx_word' id='word_1_106' title='bbox 1810 1377 2039 1415; x_wconf 84' lang='lat' dir='ltr'><strong>conver-</strong></span> 
     </span>
    </p>
   </div>
   <div class='ocr_carea' id='block_1_15' title="bbox 468 1451 2046 1531">
    <p class='ocr_par' dir='ltr' id='par_1_15' title="bbox 468 1451 2046 1531">
     <span class='ocr_line' id='line_1_15' title="bbox 468 1451 2046 1531; baseline -0.011 -11"><span class='ocrx_word' id='word_1_107' title='bbox 468 1468 701 1527; x_wconf 80' lang='lat' dir='ltr'><strong>satione,</strong></span> <span class='ocrx_word' id='word_1_108' title='bbox 729 1464 781 1517; x_wconf 91' lang='lat' dir='ltr'><strong>in</strong></span> <span class='ocrx_word' id='word_1_109' title='bbox 810 1476 916 1531; x_wconf 92' lang='lat' dir='ltr'><strong>quo</strong></span> <span class='ocrx_word' id='word_1_110' title='bbox 948 1458 1103 1514; x_wconf 89' lang='lat' dir='ltr'><strong>loco?</strong></span> <span class='ocrx_word' id='word_1_111' title='bbox 1136 1457 1258 1510; x_wconf 87' lang='lat' dir='ltr'><strong>nudi</strong></span> <span class='ocrx_word' id='word_1_112' title='bbox 1286 1472 1351 1508; x_wconf 86' lang='lat' dir='ltr'><strong>an</strong></span> <span class='ocrx_word' id='word_1_113' title='bbox 1370 1454 1592 1508; x_wconf 84' lang='lat' dir='ltr'><strong>vestiti?</strong></span> <span class='ocrx_word' id='word_1_114' title='bbox 1624 1451 2046 1506; x_wconf 84' lang='lat' dir='ltr'><strong>manducantes?</strong></span> 
     </span>
    </p>
   </div>
   <div class='ocr_carea' id='block_1_16' title="bbox 468 1541 2048 1624">
    <p class='ocr_par' dir='ltr' id='par_1_16' title="bbox 468 1541 2048 1624">
     <span class='ocr_line' id='line_1_16' title="bbox 468 1541 2048 1624; baseline -0.011 -13"><span class='ocrx_word' id='word_1_115' title='bbox 468 1573 575 1612; x_wconf 88' lang='lat' dir='ltr'><strong>non</strong></span> <span class='ocrx_word' id='word_1_116' title='bbox 610 1554 909 1624; x_wconf 77' lang='lat' dir='ltr'><strong>indigentes</strong></span> <span class='ocrx_word' id='word_1_117' title='bbox 932 1551 1092 1604; x_wconf 86' lang='lat' dir='ltr'><strong>esca?</strong></span> <span class='ocrx_word' id='word_1_118' title='bbox 1120 1549 1170 1600; x_wconf 86' lang='lat' dir='ltr'><strong>in</strong></span> <span class='ocrx_word' id='word_1_119' title='bbox 1190 1546 1345 1609; x_wconf 70' lang='lat' dir='ltr'><strong>t-mlo,</strong></span> <span class='ocrx_word' id='word_1_120' title='bbox 1366 1546 1415 1598; x_wconf 90' lang='lat' dir='ltr'><strong>in</strong></span> <span class='ocrx_word' id='word_1_121' title='bbox 1447 1544 1726 1613; x_wconf 74' lang='lat' dir='ltr'><strong>paradiso?</strong></span> <span class='ocrx_word' id='word_1_122' title='bbox 1754 1558 1940 1596; x_wconf 90' lang='lat' dir='ltr'><strong>omnes</strong></span> <span class='ocrx_word' id='word_1_123' title='bbox 1970 1541 2048 1595; x_wconf 89' lang='lat' dir='ltr'><strong>si-</strong></span> 
     </span>
    </p>
   </div>
   <div class='ocr_carea' id='block_1_17' title="bbox 470 1632 2043 1712">
    <p class='ocr_par' dir='ltr' id='par_1_17' title="bbox 470 1632 2043 1712">
     <span class='ocr_line' id='line_1_17' title="bbox 470 1632 2043 1712; baseline -0.011 -10"><span class='ocrx_word' id='word_1_124' title='bbox 470 1649 604 1712; x_wconf 91' lang='lat' dir='ltr'><strong>tnul,</strong></span> <span class='ocrx_word' id='word_1_125' title='bbox 640 1663 705 1700; x_wconf 89' lang='lat' dir='ltr'><strong>an</strong></span> <span class='ocrx_word' id='word_1_126' title='bbox 746 1645 835 1697; x_wconf 83' lang='lat' dir='ltr'><strong>alii</strong></span> <span class='ocrx_word' id='word_1_127' title='bbox 872 1640 1030 1696; x_wconf 81' lang='lat' dir='ltr'><strong>alibi?</strong></span> <span class='ocrx_word' id='word_1_128' title='bbox 1059 1640 1187 1703; x_wconf 71' lang='lat' dir='ltr'><strong>Qum</strong></span> <span class='ocrx_word' id='word_1_129' title='bbox 1215 1635 1539 1690; x_wconf 85' lang='lat' dir='ltr'><strong>diversitas?</strong></span> <span class='ocrx_word' id='word_1_130' title='bbox 1587 1644 1766 1687; x_wconf 90' lang='lat' dir='ltr'><strong>utrum</strong></span> <span class='ocrx_word' id='word_1_131' title='bbox 1801 1633 1852 1686; x_wconf 89' lang='lat' dir='ltr'><strong>itt</strong></span> <span class='ocrx_word' id='word_1_132' title='bbox 1890 1632 2043 1695; x_wconf 90' lang='lat' dir='ltr'><strong>locis,</strong></span> 
     </span>
    </p>
   </div>
   <div class='ocr_carea' id='block_1_18' title="bbox 470 1729 2044 1806">
    <p class='ocr_par' dir='ltr' id='par_1_18' title="bbox 470 1729 2044 1806">
     <span class='ocr_line' id='line_1_18' title="bbox 470 1729 2044 1806; baseline -0.011 -11"><span class='ocrx_word' id='word_1_133' title='bbox 470 1752 561 1794; x_wconf 88' lang='lat' dir='ltr'><strong>aut</strong></span> <span class='ocrx_word' id='word_1_134' title='bbox 590 1740 643 1793; x_wconf 88' lang='lat' dir='ltr'><strong>iit</strong></span> <span class='ocrx_word' id='word_1_135' title='bbox 678 1732 1072 1806; x_wconf 76' lang='lat' dir='ltr'><strong>dignitatibus?</strong></span> <span class='ocrx_word' id='word_1_136' title='bbox 1112 1732 1178 1784; x_wconf 86' lang='lat' dir='ltr'><strong>Et</strong></span> <span class='ocrx_word' id='word_1_137' title='bbox 1209 1732 1273 1783; x_wconf 91' lang='lat' dir='ltr'><strong>de</strong></span> <span class='ocrx_word' id='word_1_138' title='bbox 1302 1732 1383 1782; x_wconf 88' lang='lat' dir='ltr'><strong>his</strong></span> <span class='ocrx_word' id='word_1_139' title='bbox 1411 1729 1499 1798; x_wconf 91' lang='lat' dir='ltr'><strong>qtti</strong></span> <span class='ocrx_word' id='word_1_140' title='bbox 1529 1729 1824 1796; x_wconf 91' lang='lat' dir='ltr'><strong>puniuntur</strong></span> <span class='ocrx_word' id='word_1_141' title='bbox 1867 1734 2044 1779; x_wconf 82' lang='lat' dir='ltr'><strong>utrum</strong></span> 
     </span>
    </p>
   </div>
   <div class='ocr_carea' id='block_1_19' title="bbox 470 1822 2050 1897">
    <p class='ocr_par' dir='ltr' id='par_1_19' title="bbox 470 1822 2050 1897">
     <span class='ocr_line' id='line_1_19' title="bbox 470 1822 2050 1897; baseline -0.009 -15"><span class='ocrx_word' id='word_1_142' title='bbox 470 1840 522 1882; x_wconf 84' lang='lat' dir='ltr'><strong>ct</strong></span> <span class='ocrx_word' id='word_1_143' title='bbox 549 1843 782 1897; x_wconf 89' lang='lat' dir='ltr'><strong>semper,</strong></span> <span class='ocrx_word' id='word_1_144' title='bbox 815 1836 906 1878; x_wconf 88' lang='lat' dir='ltr'><strong>aut</strong></span> <span class='ocrx_word' id='word_1_145' title='bbox 932 1835 1143 1891; x_wconf 86' lang='lat' dir='ltr'><strong>tempus</strong></span> <span class='ocrx_word' id='word_1_146' title='bbox 1166 1822 1403 1891; x_wconf 75' lang='lat' dir='ltr'><strong>aliquod,</strong></span> <span class='ocrx_word' id='word_1_147' title='bbox 1431 1830 1485 1873; x_wconf 89' lang='lat' dir='ltr'><strong>et</strong></span> <span class='ocrx_word' id='word_1_148' title='bbox 1505 1830 1681 1871; x_wconf 89' lang='lat' dir='ltr'><strong>utrunt</strong></span> <span class='ocrx_word' id='word_1_149' title='bbox 1715 1830 1926 1885; x_wconf 86' lang='lat' dir='ltr'><strong>semper</strong></span> <span class='ocrx_word' id='word_1_150' title='bbox 1954 1831 2050 1884; x_wconf 92' lang='lat' dir='ltr'><strong>per</strong></span> 
     </span>
    </p>
   </div>
   <div class='ocr_carea' id='block_1_20' title="bbox 470 1909 2050 1990">
    <p class='ocr_par' dir='ltr' id='par_1_20' title="bbox 470 1909 2050 1990">
     <span class='ocr_line' id='line_1_20' title="bbox 470 1909 2050 1990; baseline -0.009 -14"><span class='ocrx_word' id='word_1_151' title='bbox 470 1923 669 1990; x_wconf 80' lang='lat' dir='ltr'><strong>ignem,</strong></span> <span class='ocrx_word' id='word_1_152' title='bbox 696 1926 786 1970; x_wconf 89' lang='lat' dir='ltr'><strong>aut</strong></span> <span class='ocrx_word' id='word_1_153' title='bbox 813 1915 1100 1985; x_wconf 87' lang='lat' dir='ltr'><strong>aliquando</strong></span> <span class='ocrx_word' id='word_1_154' title='bbox 1129 1912 1320 1965; x_wconf 81' lang='lat' dir='ltr'><strong>aliter?</strong></span> <span class='ocrx_word' id='word_1_155' title='bbox 1346 1911 1412 1964; x_wconf 79' lang='lat' dir='ltr'><strong>Et</strong></span> <span class='ocrx_word' id='word_1_156' title='bbox 1442 1921 1620 1964; x_wconf 91' lang='lat' dir='ltr'><strong>utrum</strong></span> <span class='ocrx_word' id='word_1_157' title='bbox 1664 1909 1752 1978; x_wconf 91' lang='lat' dir='ltr'><strong>qui</strong></span> <span class='ocrx_word' id='word_1_158' title='bbox 1793 1910 1966 1976; x_wconf 85' lang='lat' dir='ltr'><strong>plura,</strong></span> <span class='ocrx_word' id='word_1_159' title='bbox 1997 1917 2050 1961; x_wconf 89' lang='lat' dir='ltr'><strong>et</strong></span> 
     </span>
    </p>
   </div>
   <div class='ocr_carea' id='block_1_21' title="bbox 472 2000 2052 2080">
    <p class='ocr_par' dir='ltr' id='par_1_21' title="bbox 472 2000 2052 2080">
     <span class='ocr_line' id='line_1_21' title="bbox 472 2000 2052 2080; baseline -0.007 -20"><span class='ocrx_word' id='word_1_160' title='bbox 472 2025 659 2080; x_wconf 82' lang='lat' dir='ltr'><strong>parva,</strong></span> <span class='ocrx_word' id='word_1_161' title='bbox 696 2018 748 2061; x_wconf 90' lang='lat' dir='ltr'><strong>et</strong></span> <span class='ocrx_word' id='word_1_162' title='bbox 783 2005 871 2076; x_wconf 88' lang='lat' dir='ltr'><strong>qui</strong></span> <span class='ocrx_word' id='word_1_163' title='bbox 902 2005 1064 2059; x_wconf 90' lang='lat' dir='ltr'><strong>multa</strong></span> <span class='ocrx_word' id='word_1_164' title='bbox 1101 2011 1483 2073; x_wconf 82' lang='lat' dir='ltr'><strong>peccaverunt,</strong></span> <span class='ocrx_word' id='word_1_165' title='bbox 1535 2015 1746 2069; x_wconf 88' lang='lat' dir='ltr'><strong>semper</strong></span> <span class='ocrx_word' id='word_1_166' title='bbox 1782 2000 2052 2054; x_wconf 84' lang='lat' dir='ltr'><strong>habebunt</strong></span> 
     </span>
    </p>
   </div>
   <div class='ocr_carea' id='block_1_22' title="bbox 470 2091 2048 2171">
    <p class='ocr_par' dir='ltr' id='par_1_22' title="bbox 470 2091 2048 2171">
     <span class='ocr_line' id='line_1_22' title="bbox 470 2091 2048 2171; baseline -0.007 -19"><span class='ocrx_word' id='word_1_167' title='bbox 470 2098 722 2171; x_wconf 77' lang='lat' dir='ltr'><strong>puniant?</strong></span> <span class='ocrx_word' id='word_1_168' title='bbox 755 2095 820 2150; x_wconf 82' lang='lat' dir='ltr'><strong>Et</strong></span> <span class='ocrx_word' id='word_1_169' title='bbox 851 2096 893 2149; x_wconf 91' lang='lat' dir='ltr'><strong>si</strong></span> <span class='ocrx_word' id='word_1_170' title='bbox 924 2094 1181 2147; x_wconf 90' lang='lat' dir='ltr'><strong>videbunt</strong></span> <span class='ocrx_word' id='word_1_171' title='bbox 1227 2108 1284 2146; x_wconf 89' lang='lat' dir='ltr'><strong>se</strong></span> <span class='ocrx_word' id='word_1_172' title='bbox 1336 2092 1588 2145; x_wconf 88' lang='lat' dir='ltr'><strong>invicem.</strong></span> <span class='ocrx_word' id='word_1_173' title='bbox 1634 2101 1725 2143; x_wconf 87' lang='lat' dir='ltr'><strong>aut</strong></span> <span class='ocrx_word' id='word_1_174' title='bbox 1757 2091 2048 2144; x_wconf 90' lang='lat' dir='ltr'><strong>secundum</strong></span> 
     </span>
    </p>
   </div>
   <div class='ocr_carea' id='block_1_23' title="bbox 472 2181 2049 2252">
    <p class='ocr_par' dir='ltr' id='par_1_23' title="bbox 472 2181 2049 2252">
     <span class='ocr_line' id='line_1_23' title="bbox 472 2181 2049 2252; baseline -0.007 -7"><span class='ocrx_word' id='word_1_175' title='bbox 472 2189 796 2245; x_wconf 78' lang='lat' dir='ltr'><strong>eminentius</strong></span> <span class='ocrx_word' id='word_1_176' title='bbox 823 2187 912 2241; x_wconf 85' lang='lat' dir='ltr'><strong>alii</strong></span> <span class='ocrx_word' id='word_1_177' title='bbox 947 2187 998 2240; x_wconf 89' lang='lat' dir='ltr'><strong>in</strong></span> <span class='ocrx_word' id='word_1_178' title='bbox 1026 2185 1128 2239; x_wconf 88' lang='lat' dir='ltr'><strong>alio</strong></span> <span class='ocrx_word' id='word_1_179' title='bbox 1157 2185 1277 2239; x_wconf 90' lang='lat' dir='ltr'><strong>loco</strong></span> <span class='ocrx_word' id='word_1_180' title='bbox 1307 2181 1596 2252; x_wconf 82' lang='lat' dir='ltr'><strong>punientur</strong></span> <span class='ocrx_word' id='word_1_181' title='bbox 1619 2223 1630 2235; x_wconf 93' lang='lat'><strong>.</strong></span> <span class='ocrx_word' id='word_1_182' title='bbox 1666 2183 1729 2237; x_wconf 77' lang='lat' dir='ltr'><strong>Et</strong></span> <span class='ocrx_word' id='word_1_183' title='bbox 1753 2193 1930 2235; x_wconf 90' lang='lat' dir='ltr'><strong>utrum</strong></span> <span class='ocrx_word' id='word_1_184' title='bbox 1959 2183 2049 2251; x_wconf 83' lang='lat' dir='ltr'><strong>qui</strong></span> 
     </span>
    </p>
   </div>
   <div class='ocr_carea' id='block_1_24' title="bbox 470 2275 2049 2354">
    <p class='ocr_par' dir='ltr' id='par_1_24' title="bbox 470 2275 2049 2354">
     <span class='ocr_line' id='line_1_24' title="bbox 470 2275 2049 2354; baseline -0.005 -18"><span class='ocrx_word' id='word_1_185' title='bbox 470 2284 778 2354; x_wconf 81' lang='lat' dir='ltr'><strong>puniuntur</strong></span> <span class='ocrx_word' id='word_1_186' title='bbox 824 2280 867 2334; x_wconf 89' lang='lat' dir='ltr'><strong>si</strong></span> <span class='ocrx_word' id='word_1_187' title='bbox 925 2278 1245 2346; x_wconf 90' lang='lat' dir='ltr'><strong>semetipsos</strong></span> <span class='ocrx_word' id='word_1_188' title='bbox 1272 2278 1529 2331; x_wconf 87' lang='lat' dir='ltr'><strong>videbunt</strong></span> <span class='ocrx_word' id='word_1_189' title='bbox 1563 2275 1710 2346; x_wconf 74' lang='lat' dir='ltr'><strong>(t3);</strong></span> <span class='ocrx_word' id='word_1_190' title='bbox 1746 2285 1799 2329; x_wconf 91' lang='lat' dir='ltr'><strong>et</strong></span> <span class='ocrx_word' id='word_1_191' title='bbox 1836 2276 1879 2329; x_wconf 91' lang='lat' dir='ltr'><strong>si</strong></span> <span class='ocrx_word' id='word_1_192' title='bbox 1922 2276 2049 2343; x_wconf 90' lang='lat' dir='ltr'><strong>justi</strong></span> 
     </span>
    </p>
   </div>
   <div class='ocr_carea' id='block_1_25' title="bbox 472 2366 2049 2441">
    <p class='ocr_par' dir='ltr' id='par_1_25' title="bbox 472 2366 2049 2441">
     <span class='ocr_line' id='line_1_25' title="bbox 472 2366 2049 2441; baseline -0.006 -15"><span class='ocrx_word' id='word_1_193' title='bbox 472 2389 586 2436; x_wconf 88' lang='lat' dir='ltr'><strong>eos,</strong></span> <span class='ocrx_word' id='word_1_194' title='bbox 616 2373 705 2441; x_wconf 91' lang='lat' dir='ltr'><strong>qui</strong></span> <span class='ocrx_word' id='word_1_195' title='bbox 749 2371 800 2423; x_wconf 81' lang='lat' dir='ltr'><strong>in</strong></span> <span class='ocrx_word' id='word_1_196' title='bbox 834 2369 1010 2439; x_wconf 63' lang='lat' dir='ltr'><strong>poenis</strong></span> <span class='ocrx_word' id='word_1_197' title='bbox 1039 2378 1165 2421; x_wconf 90' lang='lat' dir='ltr'><strong>sunt</strong></span> <span class='ocrx_word' id='word_1_198' title='bbox 1199 2386 1211 2421; x_wconf 93' lang='lat'>:</span> <span class='ocrx_word' id='word_1_199' title='bbox 1249 2377 1302 2421; x_wconf 89' lang='lat' dir='ltr'><strong>et</strong></span> <span class='ocrx_word' id='word_1_200' title='bbox 1337 2370 1379 2420; x_wconf 88' lang='lat' dir='ltr'><strong>si</strong></span> <span class='ocrx_word' id='word_1_201' title='bbox 1421 2367 1455 2421; x_wconf 90' lang='lat' dir='ltr'><strong>ii</strong></span> <span class='ocrx_word' id='word_1_202' title='bbox 1486 2366 1578 2436; x_wconf 88' lang='lat' dir='ltr'><strong>qui</strong></span> <span class='ocrx_word' id='word_1_203' title='bbox 1617 2366 1667 2419; x_wconf 93' lang='lat' dir='ltr'><strong>iu</strong></span> <span class='ocrx_word' id='word_1_204' title='bbox 1704 2366 1881 2434; x_wconf 61' lang='lat' dir='ltr'><strong>paruis</strong></span> <span class='ocrx_word' id='word_1_205' title='bbox 1908 2376 2049 2427; x_wconf 89' lang='lat' dir='ltr'><strong>sunt,</strong></span> 
     </span>
    </p>
   </div>
   <div class='ocr_carea' id='block_1_26' title="bbox 473 2459 2055 2532">
    <p class='ocr_par' dir='ltr' id='par_1_26' title="bbox 473 2459 2055 2532">
     <span class='ocr_line' id='line_1_26' title="bbox 473 2459 2055 2532; baseline -0.006 -12"><span class='ocrx_word' id='word_1_206' title='bbox 473 2469 642 2532; x_wconf 83' lang='lat' dir='ltr'><strong>iustos</strong></span> <span class='ocrx_word' id='word_1_207' title='bbox 684 2460 1065 2532; x_wconf 86' lang='lat' dir='ltr'><strong>conspiciunt?</strong></span> <span class='ocrx_word' id='word_1_208' title='bbox 1096 2460 1157 2514; x_wconf 83' lang='lat' dir='ltr'><strong>Et</strong></span> <span class='ocrx_word' id='word_1_209' title='bbox 1183 2460 1326 2513; x_wconf 92' lang='lat' dir='ltr'><strong>mille</strong></span> <span class='ocrx_word' id='word_1_210' title='bbox 1344 2469 1471 2513; x_wconf 92' lang='lat' dir='ltr'><strong>sunt</strong></span> <span class='ocrx_word' id='word_1_211' title='bbox 1495 2459 1819 2528; x_wconf 72' lang='lat' dir='ltr'><strong>qumstiones</strong></span> <span class='ocrx_word' id='word_1_212' title='bbox 1842 2459 1908 2512; x_wconf 89' lang='lat' dir='ltr'><strong>de</strong></span> <span class='ocrx_word' id='word_1_213' title='bbox 1932 2474 2055 2528; x_wconf 90' lang='lat' dir='ltr'><strong>pro-</strong></span> 
     </span>
    </p>
   </div>
   <div class='ocr_carea' id='block_1_27' title="bbox 474 2554 2056 2629">
    <p class='ocr_par' dir='ltr' id='par_1_27' title="bbox 474 2554 2056 2629">
     <span class='ocr_line' id='line_1_27' title="bbox 474 2554 2056 2629; baseline -0.006 -13"><span class='ocrx_word' id='word_1_214' title='bbox 474 2561 649 2629; x_wconf 75' lang='lat' dir='ltr'><strong>posita</strong></span> <span class='ocrx_word' id='word_1_215' title='bbox 691 2557 1109 2613; x_wconf 82' lang='lat' dir='ltr'><strong>resurrectione.</strong></span> <span class='ocrx_word' id='word_1_216' title='bbox 1163 2555 1352 2609; x_wconf 86' lang='lat' dir='ltr'><strong>Tantis</strong></span> <span class='ocrx_word' id='word_1_217' title='bbox 1387 2555 1550 2626; x_wconf 81' lang='lat' dir='ltr'><strong>igitur</strong></span> <span class='ocrx_word' id='word_1_218' title='bbox 1591 2554 1883 2622; x_wconf 89' lang='lat' dir='ltr'><strong>pr0positis</strong></span> <span class='ocrx_word' id='word_1_219' title='bbox 1917 2568 2056 2621; x_wconf 59' lang='lat' dir='ltr'><strong>quze</strong></span> 
     </span>
    </p>
   </div>
   <div class='ocr_carea' id='block_1_28' title="bbox 474 2646 2056 2717">
    <p class='ocr_par' dir='ltr' id='par_1_28' title="bbox 474 2646 2056 2717">
     <span class='ocr_line' id='line_1_28' title="bbox 474 2646 2056 2717; baseline -0.007 -9"><span class='ocrx_word' id='word_1_220' title='bbox 474 2653 769 2717; x_wconf 88' lang='lat' dir='ltr'><strong>stionibus,</strong></span> <span class='ocrx_word' id='word_1_221' title='bbox 812 2660 865 2705; x_wconf 88' lang='lat' dir='ltr'><strong>et</strong></span> <span class='ocrx_word' id='word_1_222' title='bbox 888 2649 1052 2703; x_wconf 86' lang='lat' dir='ltr'><strong>tantis</strong></span> <span class='ocrx_word' id='word_1_223' title='bbox 1083 2663 1187 2702; x_wconf 92' lang='lat' dir='ltr'><strong>nou</strong></span> <span class='ocrx_word' id='word_1_224' title='bbox 1219 2648 1583 2715; x_wconf 85' lang='lat' dir='ltr'><strong>credentibus,</strong></span> <span class='ocrx_word' id='word_1_225' title='bbox 1622 2657 1675 2700; x_wconf 91' lang='lat' dir='ltr'><strong>et</strong></span> <span class='ocrx_word' id='word_1_226' title='bbox 1706 2646 1868 2700; x_wconf 90' lang='lat' dir='ltr'><strong>tantis</strong></span> <span class='ocrx_word' id='word_1_227' title='bbox 1896 2646 2056 2699; x_wconf 84' lang='lat' dir='ltr'><strong>dubi-</strong></span> 
     </span>
    </p>
   </div>
   <div class='ocr_carea' id='block_1_29' title="bbox 477 2737 2057 2809">
    <p class='ocr_par' dir='ltr' id='par_1_29' title="bbox 477 2737 2057 2809">
     <span class='ocr_line' id='line_1_29' title="bbox 477 2737 2057 2809; baseline -0.007 -10"><span class='ocrx_word' id='word_1_228' title='bbox 477 2744 751 2809; x_wconf 77' lang='lat' dir='ltr'><strong>tantibus;</strong></span> <span class='ocrx_word' id='word_1_229' title='bbox 778 2741 1025 2798; x_wconf 90' lang='lat' dir='ltr'><strong>oratioue</strong></span> <span class='ocrx_word' id='word_1_230' title='bbox 1059 2755 1195 2808; x_wconf 84' lang='lat' dir='ltr'><strong>Opus</strong></span> <span class='ocrx_word' id='word_1_231' title='bbox 1223 2750 1327 2806; x_wconf 87' lang='lat' dir='ltr'><strong>est,</strong></span> <span class='ocrx_word' id='word_1_232' title='bbox 1355 2750 1411 2794; x_wconf 91' lang='lat' dir='ltr'><strong>ut</strong></span> <span class='ocrx_word' id='word_1_233' title='bbox 1440 2739 1607 2809; x_wconf 84' lang='lat' dir='ltr'><strong>ipsius</strong></span> <span class='ocrx_word' id='word_1_234' title='bbox 1648 2737 2057 2791; x_wconf 86' lang='lat' dir='ltr'><strong>resurrectionis</strong></span> 
     </span>
    </p>
   </div>
   <div class='ocr_carea' id='block_1_30' title="bbox 476 2830 2055 2900">
    <p class='ocr_par' dir='ltr' id='par_1_30' title="bbox 476 2830 2055 2900">
     <span class='ocr_line' id='line_1_30' title="bbox 476 2830 2055 2900; baseline -0.008 -11"><span class='ocrx_word' id='word_1_235' title='bbox 476 2835 763 2899; x_wconf 85' lang='lat' dir='ltr'><strong>Dominus,</strong></span> <span class='ocrx_word' id='word_1_236' title='bbox 807 2844 863 2888; x_wconf 92' lang='lat' dir='ltr'><strong>et</strong></span> <span class='ocrx_word' id='word_1_237' title='bbox 919 2833 1214 2900; x_wconf 84' lang='lat' dir='ltr'><strong>impensius</strong></span> <span class='ocrx_word' id='word_1_238' title='bbox 1245 2832 1461 2899; x_wconf 83' lang='lat' dir='ltr'><strong>quidem</strong></span> <span class='ocrx_word' id='word_1_239' title='bbox 1500 2830 1705 2882; x_wconf 88' lang='lat' dir='ltr'><strong>tribuat</strong></span> <span class='ocrx_word' id='word_1_240' title='bbox 1753 2841 2055 2882; x_wconf 83' lang='lat' dir='ltr'><strong>sermonem</strong></span> 
     </span>
    </p>
   </div>
   <div class='ocr_carea' id='block_1_31' title="bbox 479 2919 2059 2987">
    <p class='ocr_par' dir='ltr' id='par_1_31' title="bbox 479 2919 2059 2987">
     <span class='ocr_line' id='line_1_31' title="bbox 479 2919 2059 2987; baseline -0.006 -7"><span class='ocrx_word' id='word_1_241' title='bbox 479 2926 700 2987; x_wconf 85' lang='lat' dir='ltr'><strong>dicenti,</strong></span> <span class='ocrx_word' id='word_1_242' title='bbox 729 2923 1056 2977; x_wconf 79' lang='lat' dir='ltr'><strong>intelleCtunt</strong></span> <span class='ocrx_word' id='word_1_243' title='bbox 1084 2934 1261 2976; x_wconf 89' lang='lat' dir='ltr'><strong>autem</strong></span> <span class='ocrx_word' id='word_1_244' title='bbox 1295 2920 1660 2974; x_wconf 82' lang='lat' dir='ltr'><strong>audientibus.</strong></span> <span class='ocrx_word' id='word_1_245' title='bbox 1697 2919 1972 2987; x_wconf 84' lang='lat' dir='ltr'><strong>Siquidem</strong></span> <span class='ocrx_word' id='word_1_246' title='bbox 2002 2929 2059 2971; x_wconf 92' lang='lat' dir='ltr'><strong>et</strong></span> 
     </span>
    </p>
   </div>
   <div class='ocr_carea' id='block_1_32' title="bbox 478 3011 2056 3085">
    <p class='ocr_par' dir='ltr' id='par_1_32' title="bbox 478 3011 2056 3085">
     <span class='ocr_line' id='line_1_32' title="bbox 478 3011 2056 3085; baseline -0.007 -15"><span class='ocrx_word' id='word_1_247' title='bbox 478 3018 546 3071; x_wconf 89' lang='lat' dir='ltr'><strong>iis</strong></span> <span class='ocrx_word' id='word_1_248' title='bbox 569 3031 685 3085; x_wconf 63' lang='lat' dir='ltr'><strong>quae</strong></span> <span class='ocrx_word' id='word_1_249' title='bbox 719 3016 860 3068; x_wconf 90' lang='lat' dir='ltr'><strong>dicta</strong></span> <span class='ocrx_word' id='word_1_250' title='bbox 889 3026 1013 3068; x_wconf 92' lang='lat' dir='ltr'><strong>sunt</strong></span> <span class='ocrx_word' id='word_1_251' title='bbox 1045 3014 1188 3067; x_wconf 88' lang='lat' dir='ltr'><strong>aliud</strong></span> <span class='ocrx_word' id='word_1_252' title='bbox 1214 3029 1377 3065; x_wconf 91' lang='lat' dir='ltr'><strong>unum</strong></span> <span class='ocrx_word' id='word_1_253' title='bbox 1418 3022 1502 3065; x_wconf 83' lang='lat' dir='ltr'><strong>est</strong></span> <span class='ocrx_word' id='word_1_254' title='bbox 1533 3026 1821 3065; x_wconf 82' lang='lat' dir='ltr'><strong>commune</strong></span> <span class='ocrx_word' id='word_1_255' title='bbox 1844 3011 2056 3073; x_wconf 82' lang='lat' dir='ltr'><strong>vitium,</strong></span> 
     </span>
    </p>
   </div>
   <div class='ocr_carea' id='block_1_33' title="bbox 478 3101 2056 3178">
    <p class='ocr_par' dir='ltr' id='par_1_33' title="bbox 478 3101 2056 3178">
     <span class='ocr_line' id='line_1_33' title="bbox 478 3101 2056 3178; baseline -0.006 -17"><span class='ocrx_word' id='word_1_256' title='bbox 478 3110 621 3178; x_wconf 85' lang='lat' dir='ltr'><strong>quod</strong></span> <span class='ocrx_word' id='word_1_257' title='bbox 656 3108 904 3177; x_wconf 78' lang='lat' dir='ltr'><strong>jurgatur</strong></span> <span class='ocrx_word' id='word_1_258' title='bbox 926 3108 1188 3159; x_wconf 87' lang='lat' dir='ltr'><strong>adversus</strong></span> <span class='ocrx_word' id='word_1_259' title='bbox 1224 3104 1700 3157; x_wconf 82' lang='lat' dir='ltr'><strong>resurrectionem.</strong></span> <span class='ocrx_word' id='word_1_260' title='bbox 1736 3101 1885 3154; x_wconf 85' lang='lat' dir='ltr'><strong>Multi</strong></span> <span class='ocrx_word' id='word_1_261' title='bbox 1913 3102 2056 3153; x_wconf 90' lang='lat' dir='ltr'><strong>enim</strong></span> 
     </span>
    </p>
   </div>
   <div class='ocr_carea' id='block_1_34' title="bbox 480 3193 2056 3267">
    <p class='ocr_par' dir='ltr' id='par_1_34' title="bbox 480 3193 2056 3267">
     <span class='ocr_line' id='line_1_34' title="bbox 480 3193 2056 3267; baseline -0.005 -15"><span class='ocrx_word' id='word_1_262' title='bbox 480 3200 723 3267; x_wconf 86' lang='lat' dir='ltr'><strong>suntqui</strong></span> <span class='ocrx_word' id='word_1_263' title='bbox 766 3207 1013 3267; x_wconf 88' lang='lat' dir='ltr'><strong>peccant,</strong></span> <span class='ocrx_word' id='word_1_264' title='bbox 1050 3197 1204 3266; x_wconf 83' lang='lat' dir='ltr'><strong>pauci</strong></span> <span class='ocrx_word' id='word_1_265' title='bbox 1252 3207 1433 3248; x_wconf 91' lang='lat' dir='ltr'><strong>autem</strong></span> <span class='ocrx_word' id='word_1_266' title='bbox 1480 3196 1574 3264; x_wconf 92' lang='lat' dir='ltr'><strong>qui</strong></span> <span class='ocrx_word' id='word_1_267' title='bbox 1624 3210 1683 3249; x_wconf 86' lang='lat' dir='ltr'><strong>se</strong></span> <span class='ocrx_word' id='word_1_268' title='bbox 1728 3193 2056 3248; x_wconf 89' lang='lat' dir='ltr'><strong>custodiunt.</strong></span> 
     </span>
    </p>
   </div>
   <div class='ocr_carea' id='block_1_35' title="bbox 481 3284 2061 3358">
    <p class='ocr_par' dir='ltr' id='par_1_35' title="bbox 481 3284 2061 3358">
     <span class='ocr_line' id='line_1_35' title="bbox 481 3284 2061 3358; baseline -0.003 -15"><span class='ocrx_word' id='word_1_269' title='bbox 481 3287 560 3343; x_wconf 89' lang='lat' dir='ltr'><strong>Illi</strong></span> <span class='ocrx_word' id='word_1_270' title='bbox 587 3290 749 3358; x_wconf 76' lang='lat' dir='ltr'><strong>igitur</strong></span> <span class='ocrx_word' id='word_1_271' title='bbox 780 3288 870 3358; x_wconf 86' lang='lat' dir='ltr'><strong>qui</strong></span> <span class='ocrx_word' id='word_1_272' title='bbox 910 3288 1249 3356; x_wconf 76' lang='lat' dir='ltr'><strong>delinquunt,</strong></span> <span class='ocrx_word' id='word_1_273' title='bbox 1296 3287 1485 3341; x_wconf 86' lang='lat' dir='ltr'><strong>nolunt</strong></span> <span class='ocrx_word' id='word_1_274' title='bbox 1538 3300 1657 3339; x_wconf 87' lang='lat' dir='ltr'><strong>esse</strong></span> <span class='ocrx_word' id='word_1_275' title='bbox 1703 3284 2061 3339; x_wconf 83' lang='lat' dir='ltr'><strong>resurrectio-</strong></span> 
     </span>
    </p>
   </div>
   <div class='ocr_carea' id='block_1_36' title="bbox 482 3377 2064 3447">
    <p class='ocr_par' dir='ltr' id='par_1_36' title="bbox 482 3377 2064 3447">
     <span class='ocr_line' id='line_1_36' title="bbox 482 3377 2064 3447; baseline -0.005 -13"><span class='ocrx_word' id='word_1_276' title='bbox 482 3398 627 3446; x_wconf 85' lang='lat' dir='ltr'><strong>nem,</strong></span> <span class='ocrx_word' id='word_1_277' title='bbox 660 3390 716 3434; x_wconf 83' lang='grc' dir='ltr'><strong>ιιι</strong></span> <span class='ocrx_word' id='word_1_278' title='bbox 749 3396 854 3433; x_wconf 89' lang='lat' dir='ltr'><strong>non</strong></span> <span class='ocrx_word' id='word_1_279' title='bbox 885 3381 1165 3433; x_wconf 86' lang='lat' dir='ltr'><strong>incurrant</strong></span> <span class='ocrx_word' id='word_1_280' title='bbox 1191 3379 1243 3433; x_wconf 93' lang='lat' dir='ltr'><strong>in</strong></span> <span class='ocrx_word' id='word_1_281' title='bbox 1277 3394 1495 3447; x_wconf 75' lang='lat' dir='ltr'><strong>punias;</strong></span> <span class='ocrx_word' id='word_1_282' title='bbox 1534 3379 1625 3432; x_wconf 89' lang='lat' dir='ltr'><strong>sed</strong></span> <span class='ocrx_word' id='word_1_283' title='bbox 1648 3394 1796 3432; x_wconf 86' lang='lat' dir='ltr'><strong>suam</strong></span> <span class='ocrx_word' id='word_1_284' title='bbox 1826 3377 2064 3430; x_wconf 83' lang='lat' dir='ltr'><strong>volunta-</strong></span> 
     </span>
    </p>
   </div>
   <div class='ocr_carea' id='block_1_37' title="bbox 485 3470 2063 3539">
    <p class='ocr_par' dir='ltr' id='par_1_37' title="bbox 485 3470 2063 3539">
     <span class='ocr_line' id='line_1_37' title="bbox 485 3470 2063 3539; baseline -0.003 -16"><span class='ocrx_word' id='word_1_285' title='bbox 485 3484 590 3526; x_wconf 70' lang='lat' dir='ltr'><strong>tem</strong></span> <span class='ocrx_word' id='word_1_286' title='bbox 646 3474 865 3526; x_wconf 84' lang='lat' dir='ltr'><strong>decreto</strong></span> <span class='ocrx_word' id='word_1_287' title='bbox 900 3471 1316 3525; x_wconf 78' lang='lat' dir='ltr'><strong>resurrectionis</strong></span> <span class='ocrx_word' id='word_1_288' title='bbox 1369 3480 1671 3539; x_wconf 79' lang='lat' dir='ltr'><strong>apponunt,</strong></span> <span class='ocrx_word' id='word_1_289' title='bbox 1709 3480 1764 3523; x_wconf 89' lang='lat' dir='ltr'><strong>et</strong></span> <span class='ocrx_word' id='word_1_290' title='bbox 1804 3470 2063 3523; x_wconf 87' lang='lat' dir='ltr'><strong>resistunt</strong></span> 
     </span>
    </p>
   </div>
   <div class='ocr_carea' id='block_1_38' title="bbox 484 3560 2061 3632">
    <p class='ocr_par' dir='ltr' id='par_1_38' title="bbox 484 3560 2061 3632">
     <span class='ocr_line' id='line_1_38' title="bbox 484 3560 2061 3632; baseline -0.005 -13"><span class='ocrx_word' id='word_1_291' title='bbox 484 3566 614 3619; x_wconf 87' lang='lat' dir='ltr'><strong>Deo.</strong></span> <span class='ocrx_word' id='word_1_292' title='bbox 661 3565 798 3632; x_wconf 79' lang='lat' dir='ltr'><strong>Quia</strong></span> <span class='ocrx_word' id='word_1_293' title='bbox 844 3564 986 3617; x_wconf 90' lang='lat' dir='ltr'><strong>enim</strong></span> <span class='ocrx_word' id='word_1_294' title='bbox 1030 3563 1219 3616; x_wconf 78' lang='lat' dir='ltr'><strong>volunt</strong></span> <span class='ocrx_word' id='word_1_295' title='bbox 1270 3579 1298 3615; x_wconf 89' lang='lat' dir='ltr'><strong>a</strong></span> <span class='ocrx_word' id='word_1_296' title='bbox 1348 3563 1563 3631; x_wconf 80' lang='lat' dir='ltr'><strong>negotio</strong></span> <span class='ocrx_word' id='word_1_297' title='bbox 1620 3561 1834 3614; x_wconf 89' lang='lat' dir='ltr'><strong>liberari</strong></span> <span class='ocrx_word' id='word_1_298' title='bbox 1895 3560 2061 3612; x_wconf 87' lang='lat' dir='ltr'><strong>setttel</strong></span> 
     </span>
    </p>
   </div>
   <div class='ocr_carea' id='block_1_39' title="bbox 491 3654 2062 3720">
    <p class='ocr_par' dir='ltr' id='par_1_39' title="bbox 491 3654 2062 3720">
     <span class='ocr_line' id='line_1_39' title="bbox 491 3654 2062 3720; baseline -0.007 -9"><span class='ocrx_word' id='word_1_299' title='bbox 491 3657 806 3720; x_wconf 88' lang='lat' dir='ltr'><strong>morientes,</strong></span> <span class='ocrx_word' id='word_1_300' title='bbox 864 3656 1051 3709; x_wconf 88' lang='lat' dir='ltr'><strong>ttoluut</strong></span> <span class='ocrx_word' id='word_1_301' title='bbox 1106 3655 1158 3708; x_wconf 91' lang='lat' dir='ltr'><strong>in</strong></span> <span class='ocrx_word' id='word_1_302' title='bbox 1195 3665 1364 3708; x_wconf 91' lang='lat' dir='ltr'><strong>totum</strong></span> <span class='ocrx_word' id='word_1_303' title='bbox 1409 3668 1532 3708; x_wconf 88' lang='lat' dir='ltr'><strong>csse</strong></span> <span class='ocrx_word' id='word_1_304' title='bbox 1586 3654 2062 3715; x_wconf 86' lang='lat' dir='ltr'><strong>resurrectionem,</strong></span> 
     </span>
    </p>
   </div>
   <div class='ocr_carea' id='block_1_40' title="bbox 485 3743 2065 3812">
    <p class='ocr_par' dir='ltr' id='par_1_40' title="bbox 485 3743 2065 3812">
     <span class='ocr_line' id='line_1_40' title="bbox 485 3743 2065 3812; baseline -0.004 -10"><span class='ocrx_word' id='word_1_305' title='bbox 485 3758 547 3803; x_wconf 86' lang='grc' dir='ltr'><strong>ιιι</strong></span> <span class='ocrx_word' id='word_1_306' title='bbox 579 3765 682 3802; x_wconf 91' lang='lat' dir='ltr'><strong>non</strong></span> <span class='ocrx_word' id='word_1_307' title='bbox 726 3749 959 3801; x_wconf 81' lang='lat' dir='ltr'><strong>habeant</strong></span> <span class='ocrx_word' id='word_1_308' title='bbox 992 3761 1234 3806; x_wconf 86' lang='lat' dir='ltr'><strong>causam,</strong></span> <span class='ocrx_word' id='word_1_309' title='bbox 1276 3760 1447 3812; x_wconf 85' lang='lat' dir='ltr'><strong>neque</strong></span> <span class='ocrx_word' id='word_1_310' title='bbox 1488 3745 1745 3798; x_wconf 86' lang='lat' dir='ltr'><strong>rationem</strong></span> <span class='ocrx_word' id='word_1_311' title='bbox 1777 3743 1900 3796; x_wconf 74' lang='lat' dir='ltr'><strong>vita:</strong></span> <span class='ocrx_word' id='word_1_312' title='bbox 1929 3759 2065 3811; x_wconf 82' lang='lat' dir='ltr'><strong>pra:-</strong></span> 
     </span>
    </p>
   </div>
   <div class='ocr_carea' id='block_1_41' title="bbox 485 3820 2065 3908">
    <p class='ocr_par' dir='ltr' id='par_1_41' title="bbox 485 3820 2065 3908">
     <span class='ocr_line' id='line_1_41' title="bbox 485 3820 2065 3908; baseline -0.005 -13"><span class='ocrx_word' id='word_1_313' title='bbox 485 3852 635 3896; x_wconf 82' lang='lat' dir='ltr'><strong>stent</strong></span> <span class='ocrx_word' id='word_1_314' title='bbox 668 3850 788 3908; x_wconf 91' lang='lat' dir='ltr'><strong>post</strong></span> <span class='ocrx_word' id='word_1_315' title='bbox 818 3849 1047 3891; x_wconf 88' lang='lat' dir='ltr'><strong>mortem</strong></span> <span class='ocrx_word' id='word_1_316' title='bbox 1068 3836 1236 3905; x_wconf 89' lang='lat' dir='ltr'><strong>judici</strong></span> <span class='ocrx_word' id='word_1_317' title='bbox 1283 3835 1409 3889; x_wconf 84' lang='lat' dir='ltr'><strong>Deo.</strong></span> <span class='ocrx_word' id='word_1_318' title='bbox 1444 3836 1582 3904; x_wconf 76' lang='lat' dir='ltr'><strong>Ergo</strong></span> <span class='ocrx_word' id='word_1_319' title='bbox 1608 3820 1857 3903; x_wconf 78' lang='lat' dir='ltr'><strong>jurgatur</strong></span> <span class='ocrx_word' id='word_1_320' title='bbox 1891 3846 1944 3889; x_wconf 90' lang='lat' dir='ltr'><strong>et</strong></span> <span class='ocrx_word' id='word_1_321' title='bbox 1970 3836 2065 3888; x_wconf 89' lang='lat' dir='ltr'><strong>ho-</strong></span> 
     </span>
    </p>
   </div>
   <div class='ocr_carea' id='block_1_42' title="bbox 484 3927 2067 3995">
    <p class='ocr_par' dir='ltr' id='par_1_42' title="bbox 484 3927 2067 3995">
     <span class='ocr_line' id='line_1_42' title="bbox 484 3927 2067 3995; baseline -0.005 -8"><span class='ocrx_word' id='word_1_322' title='bbox 484 3945 607 3987; x_wconf 72' lang='lat' dir='ltr'><strong>rum</strong></span> <span class='ocrx_word' id='word_1_323' title='bbox 661 3928 913 3983; x_wconf 90' lang='lat' dir='ltr'><strong>voluntas</strong></span> <span class='ocrx_word' id='word_1_324' title='bbox 965 3928 1183 3981; x_wconf 85' lang='lat' dir='ltr'><strong>decreto</strong></span> <span class='ocrx_word' id='word_1_325' title='bbox 1230 3927 1690 3981; x_wconf 87' lang='lat' dir='ltr'><strong>resurrectionis:</strong></span> <span class='ocrx_word' id='word_1_326' title='bbox 1730 3928 1855 3995; x_wconf 88' lang='lat' dir='ltr'><strong>quia</strong></span> <span class='ocrx_word' id='word_1_327' title='bbox 1904 3927 2067 3994; x_wconf 82' lang='lat' dir='ltr'><strong>igitur</strong></span> 
     </span>
    </p>
   </div>
   <div class='ocr_carea' id='block_1_43' title="bbox 488 4020 2067 4087">
    <p class='ocr_par' dir='ltr' id='par_1_43' title="bbox 488 4020 2067 4087">
     <span class='ocr_line' id='line_1_43' title="bbox 488 4020 2067 4087; baseline -0.002 -12"><span class='ocrx_word' id='word_1_328' title='bbox 488 4032 638 4075; x_wconf 87' lang='lat' dir='ltr'><strong>tanta</strong></span> <span class='ocrx_word' id='word_1_329' title='bbox 675 4030 728 4075; x_wconf 91' lang='lat' dir='ltr'><strong>et</strong></span> <span class='ocrx_word' id='word_1_330' title='bbox 762 4020 887 4073; x_wconf 89' lang='lat' dir='ltr'><strong>talia</strong></span> <span class='ocrx_word' id='word_1_331' title='bbox 922 4028 1051 4072; x_wconf 90' lang='lat' dir='ltr'><strong>sunt</strong></span> <span class='ocrx_word' id='word_1_332' title='bbox 1099 4033 1218 4086; x_wconf 71' lang='lat' dir='ltr'><strong>qua:</strong></span> <span class='ocrx_word' id='word_1_333' title='bbox 1266 4029 1599 4086; x_wconf 66' lang='lat' dir='ltr'><strong>qumruntur,</strong></span> <span class='ocrx_word' id='word_1_334' title='bbox 1653 4020 1900 4073; x_wconf 82' lang='lat' dir='ltr'><strong>oratione</strong></span> <span class='ocrx_word' id='word_1_335' title='bbox 1932 4034 2067 4087; x_wconf 84' lang='lat' dir='ltr'><strong>opus</strong></span> 
     </span>
    </p>
   </div>
   <div class='ocr_carea' id='block_1_44' title="bbox 486 4108 2066 4181">
    <p class='ocr_par' dir='ltr' id='par_1_44' title="bbox 486 4108 2066 4181">
     <span class='ocr_line' id='line_1_44' title="bbox 486 4108 2066 4181; baseline -0.002 -14"><span class='ocrx_word' id='word_1_336' title='bbox 486 4122 590 4175; x_wconf 84' lang='lat' dir='ltr'><strong>est,</strong></span> <span class='ocrx_word' id='word_1_337' title='bbox 625 4120 682 4164; x_wconf 92' lang='lat' dir='ltr'><strong>ut</strong></span> <span class='ocrx_word' id='word_1_338' title='bbox 712 4111 883 4165; x_wconf 89' lang='lat' dir='ltr'><strong>victor</strong></span> <span class='ocrx_word' id='word_1_339' title='bbox 917 4121 1135 4179; x_wconf 90' lang='lat' dir='ltr'><strong>superet</strong></span> <span class='ocrx_word' id='word_1_340' title='bbox 1165 4111 1464 4165; x_wconf 89' lang='lat' dir='ltr'><strong>universos.</strong></span> <span class='ocrx_word' id='word_1_341' title='bbox 1490 4108 1604 4165; x_wconf 89' lang='lat' dir='ltr'><strong>Non</strong></span> <span class='ocrx_word' id='word_1_342' title='bbox 1635 4111 1944 4181; x_wconf 79' lang='lat' dir='ltr'><strong>ignoramus</strong></span> <span class='ocrx_word' id='word_1_343' title='bbox 1972 4128 2066 4164; x_wconf 88' lang='lat' dir='ltr'><strong>au-</strong></span> 
     </span>
    </p>
   </div>
   <div class='ocr_carea' id='block_1_45' title="bbox 490 4204 2067 4275">
    <p class='ocr_par' dir='ltr' id='par_1_45' title="bbox 490 4204 2067 4275">
     <span class='ocr_line' id='line_1_45' title="bbox 490 4204 2067 4275; baseline -0.001 -18"><span class='ocrx_word' id='word_1_344' title='bbox 490 4218 598 4258; x_wconf 88' lang='lat' dir='ltr'><strong>tem</strong></span> <span class='ocrx_word' id='word_1_345' title='bbox 640 4215 687 4259; x_wconf 78' lang='lat' dir='ltr'><strong>et</strong></span> <span class='ocrx_word' id='word_1_346' title='bbox 714 4204 865 4267; x_wconf 89' lang='lat' dir='ltr'><strong>illud,</strong></span> <span class='ocrx_word' id='word_1_347' title='bbox 897 4206 1022 4273; x_wconf 83' lang='lat' dir='ltr'><strong>quia</strong></span> <span class='ocrx_word' id='word_1_348' title='bbox 1047 4205 1199 4259; x_wconf 90' lang='lat' dir='ltr'><strong>multi</strong></span> <span class='ocrx_word' id='word_1_349' title='bbox 1232 4214 1552 4275; x_wconf 84' lang='lat' dir='ltr'><strong>putaverunt</strong></span> <span class='ocrx_word' id='word_1_350' title='bbox 1591 4204 1754 4257; x_wconf 85' lang='lat' dir='ltr'><strong>Deum</strong></span> <span class='ocrx_word' id='word_1_351' title='bbox 1786 4204 1923 4257; x_wconf 84' lang='lat' dir='ltr'><strong>nihil</strong></span> <span class='ocrx_word' id='word_1_352' title='bbox 1951 4220 2067 4255; x_wconf 85' lang='lat' dir='ltr'><strong>arn-</strong></span> 
     </span>
    </p>
   </div>
   <div class='ocr_carea' id='block_1_46' title="bbox 491 4293 2065 4366">
    <p class='ocr_par' dir='ltr' id='par_1_46' title="bbox 491 4293 2065 4366">
     <span class='ocr_line' id='line_1_46' title="bbox 491 4293 2065 4366; baseline -0.002 -16"><span class='ocrx_word' id='word_1_353' title='bbox 491 4298 632 4366; x_wconf 86' lang='lat' dir='ltr'><strong>plius</strong></span> <span class='ocrx_word' id='word_1_354' title='bbox 661 4308 819 4364; x_wconf 87' lang='lat' dir='ltr'><strong>posse</strong></span> <span class='ocrx_word' id='word_1_355' title='bbox 847 4311 1006 4363; x_wconf 88' lang='lat' dir='ltr'><strong>quam</strong></span> <span class='ocrx_word' id='word_1_356' title='bbox 1041 4310 1160 4352; x_wconf 89' lang='lat' dir='ltr'><strong>nos.</strong></span> <span class='ocrx_word' id='word_1_357' title='bbox 1197 4294 1389 4349; x_wconf 89' lang='lat' dir='ltr'><strong>Incerti</strong></span> <span class='ocrx_word' id='word_1_358' title='bbox 1431 4303 1556 4347; x_wconf 91' lang='lat' dir='ltr'><strong>sunt</strong></span> <span class='ocrx_word' id='word_1_359' title='bbox 1590 4293 1730 4345; x_wconf 89' lang='lat' dir='ltr'><strong>enim</strong></span> <span class='ocrx_word' id='word_1_360' title='bbox 1761 4302 1815 4345; x_wconf 88' lang='lat' dir='ltr'><strong>et</strong></span> <span class='ocrx_word' id='word_1_361' title='bbox 1851 4302 2065 4347; x_wconf 85' lang='lat' dir='ltr'><strong>movent</strong></span> 
     </span>
    </p>
   </div>
   <div class='ocr_carea' id='block_1_47' title="bbox 486 4383 2064 4451">
    <p class='ocr_par' dir='ltr' id='par_1_47' title="bbox 486 4383 2064 4451">
     <span class='ocr_line' id='line_1_47' title="bbox 486 4383 2064 4451; baseline -0.004 -9"><span class='ocrx_word' id='word_1_362' title='bbox 486 4398 542 4442; x_wconf 88' lang='lat' dir='ltr'><strong>et</strong></span> <span class='ocrx_word' id='word_1_363' title='bbox 568 4387 842 4441; x_wconf 90' lang='lat' dir='ltr'><strong>adducunt</strong></span> <span class='ocrx_word' id='word_1_364' title='bbox 876 4388 927 4438; x_wconf 90' lang='lat' dir='ltr'><strong>itt</strong></span> <span class='ocrx_word' id='word_1_365' title='bbox 958 4387 1134 4439; x_wconf 89' lang='lat' dir='ltr'><strong>medio</strong></span> <span class='ocrx_word' id='word_1_366' title='bbox 1169 4385 1469 4438; x_wconf 85' lang='lat' dir='ltr'><strong>istiusmodi</strong></span> <span class='ocrx_word' id='word_1_367' title='bbox 1501 4386 1874 4451; x_wconf 68' lang='lat' dir='ltr'><strong>quaestionem.</strong></span> <span class='ocrx_word' id='word_1_368' title='bbox 1920 4383 2064 4437; x_wconf 81' lang='lat' dir='ltr'><strong>Mor-</strong></span> 
     </span>
    </p>
   </div>
   <div class='ocr_carea' id='block_1_48' title="bbox 2080 1803 2121 1858">
    <p class='ocr_par' dir='ltr' id='par_1_48' title="bbox 2080 1803 2121 1858">
     <span class='ocr_line' id='line_1_48' title="bbox 2080 1803 2121 1858; baseline 0 0"><span class='ocrx_word' id='word_1_369' title='bbox 2080 1803 2121 1858; x_wconf 85' lang='grc' dir='ltr'>Β</span> 
     </span>
    </p>
   </div>
   <div class='ocr_carea' id='block_1_49' title="bbox 2089 3150 2129 3203">
    <p class='ocr_par' dir='ltr' id='par_1_49' title="bbox 2089 3150 2129 3203">
     <span class='ocr_line' id='line_1_49' title="bbox 2089 3150 2129 3203; baseline 0 -4"><span class='ocrx_word' id='word_1_370' title='bbox 2089 3150 2129 3203; x_wconf 81' lang='lat' dir='ltr'><strong><em>C</em></strong></span> 
     </span>
    </p>
   </div>
   <div class='ocr_carea' id='block_1_50' title="bbox 2141 524 3717 607">
    <p class='ocr_par' dir='ltr' id='par_1_50' title="bbox 2141 524 3717 607">
     <span class='ocr_line' id='line_1_50' title="bbox 2141 524 3717 607; baseline -0.006 -18"><span class='ocrx_word' id='word_1_371' title='bbox 2141 537 2311 607; x_wconf 87' lang='lat' dir='ltr'><strong>gitant</strong></span> <span class='ocrx_word' id='word_1_372' title='bbox 2344 546 2605 605; x_wconf 89' lang='lat' dir='ltr'><strong>quantum</strong></span> <span class='ocrx_word' id='word_1_373' title='bbox 2658 537 2889 586; x_wconf 85' lang='lat' dir='ltr'><strong>interest</strong></span> <span class='ocrx_word' id='word_1_374' title='bbox 2944 530 3084 583; x_wconf 87' lang='lat' dir='ltr'><strong>inter</strong></span> <span class='ocrx_word' id='word_1_375' title='bbox 3139 527 3303 580; x_wconf 83' lang='lat' dir='ltr'><strong>Deum</strong></span> <span class='ocrx_word' id='word_1_376' title='bbox 3360 535 3414 577; x_wconf 89' lang='lat' dir='ltr'><strong>et</strong></span> <span class='ocrx_word' id='word_1_377' title='bbox 3467 524 3717 579; x_wconf 80' lang='lat' dir='ltr'><strong>homines</strong></span> 
     </span>
    </p>
   </div>
   <div class='ocr_carea' id='block_1_51' title="bbox 2140 618 3713 693">
    <p class='ocr_par' dir='ltr' id='par_1_51' title="bbox 2140 618 3713 693">
     <span class='ocr_line' id='line_1_51' title="bbox 2140 618 3713 693; baseline -0.01 -10"><span class='ocrx_word' id='word_1_378' title='bbox 2140 638 2401 683; x_wconf 88' lang='lat' dir='ltr'><strong>mortuos.</strong></span> <span class='ocrx_word' id='word_1_379' title='bbox 2429 627 2720 682; x_wconf 87' lang='lat' dir='ltr'><strong>Gentilium</strong></span> <span class='ocrx_word' id='word_1_380' title='bbox 2760 626 2923 693; x_wconf 81' lang='lat' dir='ltr'><strong>igitur</strong></span> <span class='ocrx_word' id='word_1_381' title='bbox 2947 622 3098 675; x_wconf 89' lang='lat' dir='ltr'><strong>multi</strong></span> <span class='ocrx_word' id='word_1_382' title='bbox 3124 619 3287 673; x_wconf 89' lang='lat' dir='ltr'><strong>semel</strong></span> <span class='ocrx_word' id='word_1_383' title='bbox 3320 618 3713 687; x_wconf 83' lang='lat' dir='ltr'><strong>providentiam</strong></span> 
     </span>
    </p>
   </div>
   <div class='ocr_carea' id='block_1_52' title="bbox 2142 710 3720 787">
    <p class='ocr_par' dir='ltr' id='par_1_52' title="bbox 2142 710 3720 787">
     <span class='ocr_line' id='line_1_52' title="bbox 2142 710 3720 787; baseline -0.008 -13"><span class='ocrx_word' id='word_1_384' title='bbox 2142 722 2193 774; x_wconf 91' lang='lat' dir='ltr'><strong>in</strong></span> <span class='ocrx_word' id='word_1_385' title='bbox 2230 718 2312 774; x_wconf 92' lang='lat' dir='ltr'><strong>his</strong></span> <span class='ocrx_word' id='word_1_386' title='bbox 2334 720 2583 774; x_wconf 89' lang='lat' dir='ltr'><strong>omnibus</strong></span> <span class='ocrx_word' id='word_1_387' title='bbox 2610 718 2907 787; x_wconf 86' lang='lat' dir='ltr'><strong>cjicieutes,</strong></span> <span class='ocrx_word' id='word_1_388' title='bbox 2934 723 2985 767; x_wconf 85' lang='lat' dir='ltr'><strong>ct</strong></span> <span class='ocrx_word' id='word_1_389' title='bbox 3020 731 3047 766; x_wconf 90' lang='lat' dir='ltr'><strong>a</strong></span> <span class='ocrx_word' id='word_1_390' title='bbox 3076 713 3182 766; x_wconf 89' lang='lat' dir='ltr'><strong>Deo</strong></span> <span class='ocrx_word' id='word_1_391' title='bbox 3231 711 3352 764; x_wconf 87' lang='lat' dir='ltr'><strong>vivo</strong></span> <span class='ocrx_word' id='word_1_392' title='bbox 3393 710 3720 778; x_wconf 81' lang='lat' dir='ltr'><strong>semetipsos</strong></span> 
     </span>
    </p>
   </div>
   <div class='ocr_carea' id='block_1_53' title="bbox 2142 804 3718 875">
    <p class='ocr_par' dir='ltr' id='par_1_53' title="bbox 2142 804 3718 875">
     <span class='ocr_line' id='line_1_53' title="bbox 2142 804 3718 875; baseline -0.006 -11"><span class='ocrx_word' id='word_1_393' title='bbox 2142 811 2479 875; x_wconf 80' lang='lat' dir='ltr'><strong>fraudantes,</strong></span> <span class='ocrx_word' id='word_1_394' title='bbox 2525 811 2638 861; x_wconf 82' lang='lat' dir='ltr'><strong>ausi</strong></span> <span class='ocrx_word' id='word_1_395' title='bbox 2673 818 2797 864; x_wconf 89' lang='lat' dir='ltr'><strong>sunt</strong></span> <span class='ocrx_word' id='word_1_396' title='bbox 2829 810 3032 867; x_wconf 86' lang='lat' dir='ltr'><strong>dicere,</strong></span> <span class='ocrx_word' id='word_1_397' title='bbox 3067 804 3207 874; x_wconf 90' lang='lat' dir='ltr'><strong>quod</strong></span> <span class='ocrx_word' id='word_1_398' title='bbox 3253 812 3307 857; x_wconf 87' lang='lat' dir='ltr'><strong>et</strong></span> <span class='ocrx_word' id='word_1_399' title='bbox 3355 813 3600 871; x_wconf 86' lang='lat' dir='ltr'><strong>repetere</strong></span> <span class='ocrx_word' id='word_1_400' title='bbox 3632 814 3718 855; x_wconf 87' lang='lat' dir='ltr'><strong>tu-</strong></span> 
     </span>
    </p>
   </div>
   <div class='ocr_carea' id='block_1_54' title="bbox 2146 896 3719 965">
    <p class='ocr_par' dir='ltr' id='par_1_54' title="bbox 2146 896 3719 965">
     <span class='ocr_line' id='line_1_54' title="bbox 2146 896 3719 965; baseline -0.008 -8"><span class='ocrx_word' id='word_1_401' title='bbox 2146 915 2255 957; x_wconf 91' lang='lat' dir='ltr'><strong>tum</strong></span> <span class='ocrx_word' id='word_1_402' title='bbox 2289 920 2393 957; x_wconf 90' lang='lat' dir='ltr'><strong>non</strong></span> <span class='ocrx_word' id='word_1_403' title='bbox 2427 913 2529 958; x_wconf 90' lang='lat' dir='ltr'><strong>est.</strong></span> <span class='ocrx_word' id='word_1_404' title='bbox 2571 901 2649 955; x_wconf 92' lang='lat' dir='ltr'><strong>llli</strong></span> <span class='ocrx_word' id='word_1_405' title='bbox 2678 901 2822 954; x_wconf 88' lang='lat' dir='ltr'><strong>enim</strong></span> <span class='ocrx_word' id='word_1_406' title='bbox 2854 899 2970 953; x_wconf 85' lang='lat' dir='ltr'><strong>sine</strong></span> <span class='ocrx_word' id='word_1_407' title='bbox 3018 896 3127 950; x_wconf 91' lang='lat' dir='ltr'><strong>Deo</strong></span> <span class='ocrx_word' id='word_1_408' title='bbox 3170 903 3388 965; x_wconf 82' lang='lat' dir='ltr'><strong>agentes</strong></span> <span class='ocrx_word' id='word_1_409' title='bbox 3438 909 3586 962; x_wconf 89' lang='lat' dir='ltr'><strong>spem</strong></span> <span class='ocrx_word' id='word_1_410' title='bbox 3638 906 3719 945; x_wconf 85' lang='lat' dir='ltr'><strong>re-</strong></span> 
     </span>
    </p>
   </div>
   <div class='ocr_carea' id='block_1_55' title="bbox 2143 985 3719 1057">
    <p class='ocr_par' dir='ltr' id='par_1_55' title="bbox 2143 985 3719 1057">
     <span class='ocr_line' id='line_1_55' title="bbox 2143 985 3719 1057; baseline -0.008 -7"><span class='ocrx_word' id='word_1_411' title='bbox 2143 995 2500 1050; x_wconf 86' lang='lat' dir='ltr'><strong>surrectionis</strong></span> <span class='ocrx_word' id='word_1_412' title='bbox 2526 994 2860 1046; x_wconf 87' lang='lat' dir='ltr'><strong>interimunt.</strong></span> <span class='ocrx_word' id='word_1_413' title='bbox 2902 990 3001 1057; x_wconf 82' lang='lat' dir='ltr'><strong>Qui</strong></span> <span class='ocrx_word' id='word_1_414' title='bbox 3034 988 3176 1043; x_wconf 89' lang='lat' dir='ltr'><strong>enim</strong></span> <span class='ocrx_word' id='word_1_415' title='bbox 3210 1002 3341 1041; x_wconf 88' lang='lat' dir='ltr'><strong>eum</strong></span> <span class='ocrx_word' id='word_1_416' title='bbox 3371 986 3458 1052; x_wconf 86' lang='lat' dir='ltr'><strong>qui</strong></span> <span class='ocrx_word' id='word_1_417' title='bbox 3497 985 3719 1038; x_wconf 65' lang='lat' dir='ltr'><strong>suscitat</strong></span> 
     </span>
    </p>
   </div>
   <div class='ocr_carea' id='block_1_56' title="bbox 2147 1077 3717 1156">
    <p class='ocr_par' dir='ltr' id='par_1_56' title="bbox 2147 1077 3717 1156">
     <span class='ocr_line' id='line_1_56' title="bbox 2147 1077 3717 1156; baseline -0.011 -14"><span class='ocrx_word' id='word_1_418' title='bbox 2147 1099 2361 1156; x_wconf 76' lang='lat' dir='ltr'><strong>negant,</strong></span> <span class='ocrx_word' id='word_1_419' title='bbox 2391 1085 2601 1139; x_wconf 86' lang='lat' dir='ltr'><strong>diﬂicile</strong></span> <span class='ocrx_word' id='word_1_420' title='bbox 2631 1094 2715 1139; x_wconf 85' lang='lat' dir='ltr'><strong>est</strong></span> <span class='ocrx_word' id='word_1_421' title='bbox 2756 1093 2814 1136; x_wconf 92' lang='lat' dir='ltr'><strong>ut</strong></span> <span class='ocrx_word' id='word_1_422' title='bbox 2839 1081 3201 1135; x_wconf 77' lang='lat' dir='ltr'><strong>confiteantur</strong></span> <span class='ocrx_word' id='word_1_423' title='bbox 3248 1077 3717 1131; x_wconf 80' lang='lat' dir='ltr'><strong>resurrectionem.</strong></span> 
     </span>
    </p>
   </div>
   <div class='ocr_carea' id='block_1_57' title="bbox 2144 1171 3722 1247">
    <p class='ocr_par' dir='ltr' id='par_1_57' title="bbox 2144 1171 3722 1247">
     <span class='ocr_line' id='line_1_57' title="bbox 2144 1171 3722 1247; baseline -0.009 -12"><span class='ocrx_word' id='word_1_424' title='bbox 2144 1181 2252 1235; x_wconf 89' lang='lat' dir='ltr'><strong>Sed</strong></span> <span class='ocrx_word' id='word_1_425' title='bbox 2294 1180 2661 1247; x_wconf 87' lang='lat' dir='ltr'><strong>relinquamus</strong></span> <span class='ocrx_word' id='word_1_426' title='bbox 2693 1177 2884 1230; x_wconf 89' lang='lat' dir='ltr'><strong>horum</strong></span> <span class='ocrx_word' id='word_1_427' title='bbox 2906 1171 3409 1241; x_wconf 72' lang='lat' dir='ltr'><strong>importunitatem,</strong></span> <span class='ocrx_word' id='word_1_428' title='bbox 3441 1179 3499 1221; x_wconf 92' lang='lat' dir='ltr'><strong>ut</strong></span> <span class='ocrx_word' id='word_1_429' title='bbox 3529 1184 3554 1219; x_wconf 89' lang='lat' dir='ltr'><strong>a</strong></span> <span class='ocrx_word' id='word_1_430' title='bbox 3593 1183 3722 1237; x_wconf 65' lang='lat' dir='ltr'><strong>pueo</strong></span> 
     </span>
    </p>
   </div>
   <div class='ocr_carea' id='block_1_58' title="bbox 2146 1264 3722 1327">
    <p class='ocr_par' dir='ltr' id='par_1_58' title="bbox 2146 1264 3722 1327">
     <span class='ocr_line' id='line_1_58' title="bbox 2146 1264 3722 1327; baseline -0.009 0"><span class='ocrx_word' id='word_1_431' title='bbox 2146 1274 2219 1327; x_wconf 89' lang='lat' dir='ltr'><strong>ris</strong></span> <span class='ocrx_word' id='word_1_432' title='bbox 2251 1272 2659 1327; x_wconf 74' lang='lat' dir='ltr'><strong>convincuntur.</strong></span> <span class='ocrx_word' id='word_1_433' title='bbox 2707 1267 2816 1321; x_wconf 81' lang='lat' dir='ltr'><strong>Nec</strong></span> <span class='ocrx_word' id='word_1_434' title='bbox 2856 1267 2998 1321; x_wconf 87' lang='lat' dir='ltr'><strong>enim</strong></span> <span class='ocrx_word' id='word_1_435' title='bbox 3034 1264 3098 1316; x_wconf 88' lang='lat' dir='ltr'><strong>ad</strong></span> <span class='ocrx_word' id='word_1_436' title='bbox 3132 1275 3321 1317; x_wconf 91' lang='lat' dir='ltr'><strong>omnes</strong></span> <span class='ocrx_word' id='word_1_437' title='bbox 3372 1272 3579 1315; x_wconf 82' lang='lat' dir='ltr'><strong>certare</strong></span> <span class='ocrx_word' id='word_1_438' title='bbox 3624 1276 3722 1314; x_wconf 83' lang='lat' dir='ltr'><strong>nos</strong></span> 
     </span>
    </p>
   </div>
   <div class='ocr_carea' id='block_1_59' title="bbox 2146 1353 3721 1437">
    <p class='ocr_par' dir='ltr' id='par_1_59' title="bbox 2146 1353 3721 1437">
     <span class='ocr_line' id='line_1_59' title="bbox 2146 1353 3721 1437; baseline -0.011 -17"><span class='ocrx_word' id='word_1_439' title='bbox 2146 1382 2244 1437; x_wconf 87' lang='lat' dir='ltr'><strong>par</strong></span> <span class='ocrx_word' id='word_1_440' title='bbox 2274 1376 2376 1429; x_wconf 91' lang='lat' dir='ltr'><strong>est,</strong></span> <span class='ocrx_word' id='word_1_441' title='bbox 2406 1379 2577 1433; x_wconf 88' lang='lat' dir='ltr'><strong>neque</strong></span> <span class='ocrx_word' id='word_1_442' title='bbox 2616 1364 2682 1416; x_wconf 89' lang='lat' dir='ltr'><strong>ad</strong></span> <span class='ocrx_word' id='word_1_443' title='bbox 2706 1357 3150 1428; x_wconf 81' lang='lat' dir='ltr'><strong>omttesjurgari;</strong></span> <span class='ocrx_word' id='word_1_444' title='bbox 3189 1356 3453 1423; x_wconf 84' lang='lat' dir='ltr'><strong>siquidem</strong></span> <span class='ocrx_word' id='word_1_445' title='bbox 3508 1369 3603 1407; x_wconf 90' lang='lat' dir='ltr'><strong>nec</strong></span> <span class='ocrx_word' id='word_1_446' title='bbox 3655 1353 3721 1403; x_wconf 85' lang='lat' dir='ltr'><strong>ad</strong></span> 
     </span>
    </p>
   </div>
   <div class='ocr_carea' id='block_1_60' title="bbox 2148 1444 3718 1519">
    <p class='ocr_par' dir='ltr' id='par_1_60' title="bbox 2148 1444 3718 1519">
     <span class='ocr_line' id='line_1_60' title="bbox 2148 1444 3718 1519; baseline -0.008 -10"><span class='ocrx_word' id='word_1_447' title='bbox 2148 1457 2366 1517; x_wconf 76' lang='lat' dir='ltr'><strong>insanos</strong></span> <span class='ocrx_word' id='word_1_448' title='bbox 2398 1454 2776 1508; x_wconf 83' lang='lat' dir='ltr'><strong>consuevimus</strong></span> <span class='ocrx_word' id='word_1_449' title='bbox 2823 1453 2887 1504; x_wconf 90' lang='lat' dir='ltr'><strong>de</strong></span> <span class='ocrx_word' id='word_1_450' title='bbox 2916 1447 3335 1519; x_wconf 80' lang='lat' dir='ltr'><strong>cogitationibus</strong></span> <span class='ocrx_word' id='word_1_451' title='bbox 3361 1446 3508 1499; x_wconf 84' lang='lat' dir='ltr'><strong>sanis</strong></span> <span class='ocrx_word' id='word_1_452' title='bbox 3535 1444 3674 1513; x_wconf 90' lang='lat' dir='ltr'><strong>loqui</strong></span> <span class='ocrx_word' id='word_1_453' title='bbox 3706 1462 3718 1496; x_wconf 96' lang='lat'>:</span> 
     </span>
    </p>
   </div>
   <div class='ocr_carea' id='block_1_61' title="bbox 2144 1540 3725 1619">
    <p class='ocr_par' dir='ltr' id='par_1_61' title="bbox 2144 1540 3725 1619">
     <span class='ocr_line' id='line_1_61' title="bbox 2144 1540 3725 1619; baseline -0.008 -15"><span class='ocrx_word' id='word_1_454' title='bbox 2144 1551 2237 1619; x_wconf 86' lang='lat' dir='ltr'><strong>qui</strong></span> <span class='ocrx_word' id='word_1_455' title='bbox 2274 1562 2452 1603; x_wconf 91' lang='lat' dir='ltr'><strong>autem</strong></span> <span class='ocrx_word' id='word_1_456' title='bbox 2501 1548 2868 1615; x_wconf 85' lang='lat' dir='ltr'><strong>imprudenter</strong></span> <span class='ocrx_word' id='word_1_457' title='bbox 2917 1544 2990 1596; x_wconf 89' lang='lat' dir='ltr'><strong>ita</strong></span> <span class='ocrx_word' id='word_1_458' title='bbox 3030 1543 3335 1611; x_wconf 79' lang='lat' dir='ltr'><strong>jurgantur,</strong></span> <span class='ocrx_word' id='word_1_459' title='bbox 3368 1556 3471 1593; x_wconf 89' lang='lat' dir='ltr'><strong>non</strong></span> <span class='ocrx_word' id='word_1_460' title='bbox 3513 1540 3578 1592; x_wconf 90' lang='lat' dir='ltr'><strong>ad</strong></span> <span class='ocrx_word' id='word_1_461' title='bbox 3607 1557 3725 1600; x_wconf 50' lang='grc' dir='ltr'>ηομ.</span> 
     </span>
    </p>
   </div>
   <div class='ocr_carea' id='block_1_62' title="bbox 2148 1632 3725 1709">
    <p class='ocr_par' dir='ltr' id='par_1_62' title="bbox 2148 1632 3725 1709">
     <span class='ocr_line' id='line_1_62' title="bbox 2148 1632 3725 1709; baseline -0.008 -13"><span class='ocrx_word' id='word_1_462' title='bbox 2148 1643 2243 1696; x_wconf 91' lang='lat' dir='ltr'><strong>sed</strong></span> <span class='ocrx_word' id='word_1_463' title='bbox 2269 1642 2334 1695; x_wconf 90' lang='lat' dir='ltr'><strong>ad</strong></span> <span class='ocrx_word' id='word_1_464' title='bbox 2368 1643 2537 1709; x_wconf 84' lang='lat' dir='ltr'><strong>ipsum</strong></span> <span class='ocrx_word' id='word_1_465' title='bbox 2570 1640 2809 1691; x_wconf 87' lang='lat' dir='ltr'><strong>ordinem</strong></span> <span class='ocrx_word' id='word_1_466' title='bbox 2830 1635 3156 1701; x_wconf 70' lang='lat' dir='ltr'><strong>ciliciorum,</strong></span> <span class='ocrx_word' id='word_1_467' title='bbox 3190 1644 3243 1687; x_wconf 87' lang='lat' dir='ltr'><strong>et</strong></span> <span class='ocrx_word' id='word_1_468' title='bbox 3269 1634 3335 1687; x_wconf 86' lang='lat' dir='ltr'><strong>ad</strong></span> <span class='ocrx_word' id='word_1_469' title='bbox 3370 1632 3585 1700; x_wconf 80' lang='lat' dir='ltr'><strong>opiﬁcia</strong></span> <span class='ocrx_word' id='word_1_470' title='bbox 3610 1646 3725 1698; x_wconf 81' lang='lat' dir='ltr'><strong>qua:</strong></span> 
     </span>
    </p>
   </div>
   <div class='ocr_carea' id='block_1_63' title="bbox 2148 1723 3727 1804">
    <p class='ocr_par' dir='ltr' id='par_1_63' title="bbox 2148 1723 3727 1804">
     <span class='ocr_line' id='line_1_63' title="bbox 2148 1723 3727 1804; baseline -0.008 -19"><span class='ocrx_word' id='word_1_471' title='bbox 2148 1734 2296 1804; x_wconf 86' lang='lat' dir='ltr'><strong>jussa</strong></span> <span class='ocrx_word' id='word_1_472' title='bbox 2346 1742 2667 1799; x_wconf 91' lang='lat' dir='ltr'><strong>sequuntur,</strong></span> <span class='ocrx_word' id='word_1_473' title='bbox 2703 1731 2767 1782; x_wconf 90' lang='lat' dir='ltr'><strong>ad</strong></span> <span class='ocrx_word' id='word_1_474' title='bbox 2818 1729 2950 1781; x_wconf 90' lang='lat' dir='ltr'><strong>solis</strong></span> <span class='ocrx_word' id='word_1_475' title='bbox 2987 1728 3197 1781; x_wconf 88' lang='lat' dir='ltr'><strong>scilicet</strong></span> <span class='ocrx_word' id='word_1_476' title='bbox 3236 1740 3479 1789; x_wconf 85' lang='lat' dir='ltr'><strong>cursum,</strong></span> <span class='ocrx_word' id='word_1_477' title='bbox 3526 1724 3590 1776; x_wconf 89' lang='lat' dir='ltr'><strong>ad</strong></span> <span class='ocrx_word' id='word_1_478' title='bbox 3626 1723 3727 1776; x_wconf 80' lang='lat' dir='ltr'><strong>im-</strong></span> 
     </span>
    </p>
   </div>
   <div class='ocr_carea' id='block_1_64' title="bbox 2154 1813 3724 1884">
    <p class='ocr_par' dir='ltr' id='par_1_64' title="bbox 2154 1813 3724 1884">
     <span class='ocr_line' id='line_1_64' title="bbox 2154 1813 3724 1884; baseline -0.008 -7"><span class='ocrx_word' id='word_1_479' title='bbox 2154 1824 2500 1877; x_wconf 87' lang='lat' dir='ltr'><strong>mutationem</strong></span> <span class='ocrx_word' id='word_1_480' title='bbox 2530 1822 2691 1884; x_wconf 73' lang='lat' dir='ltr'><strong>luam,</strong></span> <span class='ocrx_word' id='word_1_481' title='bbox 2736 1820 2801 1873; x_wconf 90' lang='lat' dir='ltr'><strong>ad</strong></span> <span class='ocrx_word' id='word_1_482' title='bbox 2828 1819 3109 1873; x_wconf 87' lang='lat' dir='ltr'><strong>stellarum</strong></span> <span class='ocrx_word' id='word_1_483' title='bbox 3143 1819 3359 1877; x_wconf 88' lang='lat' dir='ltr'><strong>choros,</strong></span> <span class='ocrx_word' id='word_1_484' title='bbox 3394 1818 3461 1868; x_wconf 90' lang='lat' dir='ltr'><strong>ad</strong></span> <span class='ocrx_word' id='word_1_485' title='bbox 3491 1813 3724 1868; x_wconf 78' lang='lat' dir='ltr'><strong>transla—</strong></span> 
     </span>
    </p>
   </div>
   <div class='ocr_carea' id='block_1_65' title="bbox 2154 1906 3728 1983">
    <p class='ocr_par' dir='ltr' id='par_1_65' title="bbox 2154 1906 3728 1983">
     <span class='ocr_line' id='line_1_65' title="bbox 2154 1906 3728 1983; baseline -0.01 -13"><span class='ocrx_word' id='word_1_486' title='bbox 2154 1917 2351 1970; x_wconf 86' lang='lat' dir='ltr'><strong>tionem</strong></span> <span class='ocrx_word' id='word_1_487' title='bbox 2387 1914 2642 1969; x_wconf 91' lang='lat' dir='ltr'><strong>horarum</strong></span> <span class='ocrx_word' id='word_1_488' title='bbox 2675 1911 2787 1983; x_wconf 74' lang='lat' dir='ltr'><strong>(N)</strong></span> <span class='ocrx_word' id='word_1_489' title='bbox 2820 1926 2939 1980; x_wconf 70' lang='lat' dir='ltr'><strong>qua:</strong></span> <span class='ocrx_word' id='word_1_490' title='bbox 2967 1924 3063 1977; x_wconf 84' lang='lat' dir='ltr'><strong>per</strong></span> <span class='ocrx_word' id='word_1_491' title='bbox 3083 1922 3254 1962; x_wconf 90' lang='lat' dir='ltr'><strong>annos</strong></span> <span class='ocrx_word' id='word_1_492' title='bbox 3274 1906 3406 1961; x_wconf 80' lang='lat' dir='ltr'><strong>Cilici</strong></span> <span class='ocrx_word' id='word_1_493' title='bbox 3435 1916 3728 1959; x_wconf 87' lang='lat' dir='ltr'><strong>consueve-</strong></span> 
     </span>
    </p>
   </div>
   <div class='ocr_carea' id='block_1_66' title="bbox 2154 1998 3727 2073">
    <p class='ocr_par' dir='ltr' id='par_1_66' title="bbox 2154 1998 3727 2073">
     <span class='ocr_line' id='line_1_66' title="bbox 2154 1998 3727 2073; baseline -0.008 -12"><span class='ocrx_word' id='word_1_494' title='bbox 2154 2017 2297 2073; x_wconf 87' lang='lat' dir='ltr'><strong>rtmt,</strong></span> <span class='ocrx_word' id='word_1_495' title='bbox 2347 2007 2412 2060; x_wconf 89' lang='lat' dir='ltr'><strong>ad</strong></span> <span class='ocrx_word' id='word_1_496' title='bbox 2448 2005 2679 2059; x_wconf 73' lang='lat' dir='ltr'><strong>olﬁcium</strong></span> <span class='ocrx_word' id='word_1_497' title='bbox 2730 2004 2915 2067; x_wconf 90' lang='lat' dir='ltr'><strong>maris,</strong></span> <span class='ocrx_word' id='word_1_498' title='bbox 2959 2000 3027 2055; x_wconf 91' lang='lat' dir='ltr'><strong>ad</strong></span> <span class='ocrx_word' id='word_1_499' title='bbox 3069 2010 3289 2063; x_wconf 74' lang='lat' dir='ltr'><strong>terram,</strong></span> <span class='ocrx_word' id='word_1_500' title='bbox 3328 1999 3392 2051; x_wconf 91' lang='lat' dir='ltr'><strong>ad</strong></span> <span class='ocrx_word' id='word_1_501' title='bbox 3425 2011 3630 2058; x_wconf 88' lang='lat' dir='ltr'><strong>aerem,</strong></span> <span class='ocrx_word' id='word_1_502' title='bbox 3660 1998 3727 2049; x_wconf 88' lang='lat' dir='ltr'><strong>ad</strong></span> 
     </span>
    </p>
   </div>
   <div class='ocr_carea' id='block_1_67' title="bbox 2152 2086 3731 2169">
    <p class='ocr_par' dir='ltr' id='par_1_67' title="bbox 2152 2086 3731 2169">
     <span class='ocr_line' id='line_1_67' title="bbox 2152 2086 3731 2169; baseline -0.009 -18"><span class='ocrx_word' id='word_1_503' title='bbox 2152 2100 2409 2169; x_wconf 83' lang='lat' dir='ltr'><strong>pluviam,</strong></span> <span class='ocrx_word' id='word_1_504' title='bbox 2436 2106 2490 2151; x_wconf 91' lang='lat' dir='ltr'><strong>et</strong></span> <span class='ocrx_word' id='word_1_505' title='bbox 2514 2097 2578 2149; x_wconf 89' lang='lat' dir='ltr'><strong>ad</strong></span> <span class='ocrx_word' id='word_1_506' title='bbox 2604 2094 2785 2149; x_wconf 91' lang='lat' dir='ltr'><strong>omnia</strong></span> <span class='ocrx_word' id='word_1_507' title='bbox 2815 2108 2933 2161; x_wconf 65' lang='lat' dir='ltr'><strong>qua:</strong></span> <span class='ocrx_word' id='word_1_508' title='bbox 2958 2100 3281 2159; x_wconf 88' lang='lat' dir='ltr'><strong>sequuntur,</strong></span> <span class='ocrx_word' id='word_1_509' title='bbox 3310 2088 3376 2141; x_wconf 89' lang='lat' dir='ltr'><strong>ad</strong></span> <span class='ocrx_word' id='word_1_510' title='bbox 3400 2086 3577 2142; x_wconf 81' lang='lat' dir='ltr'><strong>ofﬁcia</strong></span> <span class='ocrx_word' id='word_1_511' title='bbox 3601 2096 3731 2140; x_wconf 67' lang='lat' dir='ltr'><strong>tcta-</strong></span> 
     </span>
    </p>
   </div>
   <div class='ocr_carea' id='block_1_68' title="bbox 2155 2177 3730 2254">
    <p class='ocr_par' dir='ltr' id='par_1_68' title="bbox 2155 2177 3730 2254">
     <span class='ocr_line' id='line_1_68' title="bbox 2155 2177 3730 2254; baseline -0.01 -8"><span class='ocrx_word' id='word_1_512' title='bbox 2155 2204 2288 2254; x_wconf 85' lang='lat' dir='ltr'><strong>tum,</strong></span> <span class='ocrx_word' id='word_1_513' title='bbox 2320 2193 2385 2244; x_wconf 90' lang='lat' dir='ltr'><strong>ad</strong></span> <span class='ocrx_word' id='word_1_514' title='bbox 2415 2191 2715 2254; x_wconf 90' lang='lat' dir='ltr'><strong>hominum,</strong></span> <span class='ocrx_word' id='word_1_515' title='bbox 2744 2188 2811 2240; x_wconf 90' lang='lat' dir='ltr'><strong>ad</strong></span> <span class='ocrx_word' id='word_1_516' title='bbox 2836 2185 3173 2247; x_wconf 87' lang='lat' dir='ltr'><strong>animalium,</strong></span> <span class='ocrx_word' id='word_1_517' title='bbox 3205 2182 3271 2236; x_wconf 86' lang='lat' dir='ltr'><strong>ad</strong></span> <span class='ocrx_word' id='word_1_518' title='bbox 3298 2182 3476 2234; x_wconf 90' lang='lat' dir='ltr'><strong>avium</strong></span> <span class='ocrx_word' id='word_1_519' title='bbox 3504 2177 3730 2233; x_wconf 59' lang='lat' dir='ltr'><strong>diversia</strong></span> 
     </span>
    </p>
   </div>
   <div class='ocr_carea' id='block_1_69' title="bbox 2155 2271 3735 2349">
    <p class='ocr_par' dir='ltr' id='par_1_69' title="bbox 2155 2271 3735 2349">
     <span class='ocr_line' id='line_1_69' title="bbox 2155 2271 3735 2349; baseline -0.009 -11"><span class='ocrx_word' id='word_1_520' title='bbox 2155 2295 2312 2349; x_wconf 79' lang='lat' dir='ltr'><strong>tates,</strong></span> <span class='ocrx_word' id='word_1_521' title='bbox 2368 2282 2435 2336; x_wconf 89' lang='lat' dir='ltr'><strong>ad</strong></span> <span class='ocrx_word' id='word_1_522' title='bbox 2474 2281 2741 2342; x_wconf 88' lang='lat' dir='ltr'><strong>vultuum,</strong></span> <span class='ocrx_word' id='word_1_523' title='bbox 2799 2278 2866 2331; x_wconf 90' lang='lat' dir='ltr'><strong>ad</strong></span> <span class='ocrx_word' id='word_1_524' title='bbox 2900 2276 3201 2346; x_wconf 84' lang='lat' dir='ltr'><strong>specierum</strong></span> <span class='ocrx_word' id='word_1_525' title='bbox 3244 2273 3506 2338; x_wconf 86' lang='lat' dir='ltr'><strong>habitum,</strong></span> <span class='ocrx_word' id='word_1_526' title='bbox 3562 2280 3618 2324; x_wconf 92' lang='lat' dir='ltr'><strong>ut</strong></span> <span class='ocrx_word' id='word_1_527' title='bbox 3661 2271 3735 2325; x_wconf 86' lang='lat' dir='ltr'><strong>sit</strong></span> 
     </span>
    </p>
   </div>
   <div class='ocr_carea' id='block_1_70' title="bbox 2155 2370 3735 2444">
    <p class='ocr_par' dir='ltr' id='par_1_70' title="bbox 2155 2370 3735 2444">
     <span class='ocr_line' id='line_1_70' title="bbox 2155 2370 3735 2444; baseline -0.007 -14"><span class='ocrx_word' id='word_1_528' title='bbox 2155 2376 2446 2444; x_wconf 80' lang='lat' dir='ltr'><strong>unicuique</strong></span> <span class='ocrx_word' id='word_1_529' title='bbox 2504 2374 2837 2429; x_wconf 84' lang='lat' dir='ltr'><strong>conveniens</strong></span> <span class='ocrx_word' id='word_1_530' title='bbox 2891 2386 3037 2435; x_wconf 88' lang='lat' dir='ltr'><strong>esca,</strong></span> <span class='ocrx_word' id='word_1_531' title='bbox 3106 2370 3471 2423; x_wconf 91' lang='lat' dir='ltr'><strong>membrorum</strong></span> <span class='ocrx_word' id='word_1_532' title='bbox 3529 2375 3735 2437; x_wconf 85' lang='lat' dir='ltr'><strong>partes,</strong></span> 
     </span>
    </p>
   </div>
   <div class='ocr_carea' id='block_1_71' title="bbox 2155 2457 3731 2532">
    <p class='ocr_par' dir='ltr' id='par_1_71' title="bbox 2155 2457 3731 2532">
     <span class='ocr_line' id='line_1_71' title="bbox 2155 2457 3731 2532; baseline -0.006 -12"><span class='ocrx_word' id='word_1_533' title='bbox 2155 2468 2396 2521; x_wconf 88' lang='lat' dir='ltr'><strong>dentium</strong></span> <span class='ocrx_word' id='word_1_534' title='bbox 2429 2464 2661 2531; x_wconf 88' lang='lat' dir='ltr'><strong>numeri,</strong></span> <span class='ocrx_word' id='word_1_535' title='bbox 2713 2463 3036 2532; x_wconf 82' lang='lat' dir='ltr'><strong>unguiarum</strong></span> <span class='ocrx_word' id='word_1_536' title='bbox 3084 2477 3368 2525; x_wconf 67' lang='lat' dir='ltr'><strong>mensurae,</strong></span> <span class='ocrx_word' id='word_1_537' title='bbox 3416 2457 3731 2528; x_wconf 78' lang='lat' dir='ltr'><strong>Capillorunt</strong></span> 
     </span>
    </p>
   </div>
   <div class='ocr_carea' id='block_1_72' title="bbox 2154 2553 3737 2627">
    <p class='ocr_par' dir='ltr' id='par_1_72' title="bbox 2154 2553 3737 2627">
     <span class='ocr_line' id='line_1_72' title="bbox 2154 2553 3737 2627; baseline -0.006 -13"><span class='ocrx_word' id='word_1_538' title='bbox 2154 2560 2350 2624; x_wconf 80' lang='lat' dir='ltr'><strong>ollicia,</strong></span> <span class='ocrx_word' id='word_1_539' title='bbox 2383 2558 2704 2627; x_wconf 88' lang='lat' dir='ltr'><strong>compositio</strong></span> <span class='ocrx_word' id='word_1_540' title='bbox 2734 2560 3102 2612; x_wconf 87' lang='lat' dir='ltr'><strong>membrorum</strong></span> <span class='ocrx_word' id='word_1_541' title='bbox 3150 2574 3163 2609; x_wconf 88' lang='lat'><strong>:</strong></span> <span class='ocrx_word' id='word_1_542' title='bbox 3203 2556 3316 2609; x_wconf 77' lang='lat' dir='ltr'><strong>lucc</strong></span> <span class='ocrx_word' id='word_1_543' title='bbox 3346 2556 3525 2608; x_wconf 87' lang='lat' dir='ltr'><strong>omnia</strong></span> <span class='ocrx_word' id='word_1_544' title='bbox 3569 2553 3737 2612; x_wconf 57' lang='lat' dir='ltr'><strong>silet~</strong></span> 
     </span>
    </p>
   </div>
   <div class='ocr_carea' id='block_1_73' title="bbox 2161 2646 3734 2719">
    <p class='ocr_par' dir='ltr' id='par_1_73' title="bbox 2161 2646 3734 2719">
     <span class='ocr_line' id='line_1_73' title="bbox 2161 2646 3734 2719; baseline -0.004 -14"><span class='ocrx_word' id='word_1_545' title='bbox 2161 2653 2233 2705; x_wconf 92' lang='lat' dir='ltr'><strong>tio</strong></span> <span class='ocrx_word' id='word_1_546' title='bbox 2261 2653 2500 2705; x_wconf 85' lang='lat' dir='ltr'><strong>clamant</strong></span> <span class='ocrx_word' id='word_1_547' title='bbox 2532 2650 2801 2719; x_wconf 75' lang='lat' dir='ltr'><strong>opificem,</strong></span> <span class='ocrx_word' id='word_1_548' title='bbox 2832 2662 2887 2704; x_wconf 91' lang='lat' dir='ltr'><strong>et</strong></span> <span class='ocrx_word' id='word_1_549' title='bbox 2917 2650 3250 2719; x_wconf 90' lang='lat' dir='ltr'><strong>provisorem</strong></span> <span class='ocrx_word' id='word_1_550' title='bbox 3272 2647 3511 2702; x_wconf 91' lang='lat' dir='ltr'><strong>omnium</strong></span> <span class='ocrx_word' id='word_1_551' title='bbox 3544 2646 3734 2700; x_wconf 86' lang='lat' dir='ltr'><strong>Deum.</strong></span> 
     </span>
    </p>
   </div>
   <div class='ocr_carea' id='block_1_74' title="bbox 2158 2742 3738 2813">
    <p class='ocr_par' dir='ltr' id='par_1_74' title="bbox 2158 2742 3738 2813">
     <span class='ocr_line' id='line_1_74' title="bbox 2158 2742 3738 2813; baseline -0.004 -16"><span class='ocrx_word' id='word_1_552' title='bbox 2158 2745 2293 2811; x_wconf 81' lang='lat' dir='ltr'><strong>Quia</strong></span> <span class='ocrx_word' id='word_1_553' title='bbox 2331 2745 2495 2813; x_wconf 83' lang='lat' dir='ltr'><strong>igitur</strong></span> <span class='ocrx_word' id='word_1_554' title='bbox 2544 2744 2645 2796; x_wconf 89' lang='lat' dir='ltr'><strong>ista</strong></span> <span class='ocrx_word' id='word_1_555' title='bbox 2706 2743 2832 2797; x_wconf 69' lang='lat' dir='ltr'><strong>caeci</strong></span> <span class='ocrx_word' id='word_1_556' title='bbox 2892 2758 2998 2795; x_wconf 90' lang='lat' dir='ltr'><strong>non</strong></span> <span class='ocrx_word' id='word_1_557' title='bbox 3061 2742 3332 2806; x_wconf 87' lang='lat' dir='ltr'><strong>viderunt,</strong></span> <span class='ocrx_word' id='word_1_558' title='bbox 3376 2755 3472 2807; x_wconf 90' lang='lat' dir='ltr'><strong>per</strong></span> <span class='ocrx_word' id='word_1_559' title='bbox 3521 2755 3583 2794; x_wconf 88' lang='lat' dir='ltr'><strong>ea</strong></span> <span class='ocrx_word' id='word_1_560' title='bbox 3619 2753 3738 2806; x_wconf 75' lang='lat' dir='ltr'><strong>qua:</strong></span> 
     </span>
    </p>
   </div>
   <div class='ocr_carea' id='block_1_75' title="bbox 2160 2827 3739 2895">
    <p class='ocr_par' dir='ltr' id='par_1_75' title="bbox 2160 2827 3739 2895">
     <span class='ocr_line' id='line_1_75' title="bbox 2160 2827 3739 2895; baseline -0.004 -7"><span class='ocrx_word' id='word_1_561' title='bbox 2160 2834 2411 2888; x_wconf 86' lang='lat' dir='ltr'><strong>videntur</strong></span> <span class='ocrx_word' id='word_1_562' title='bbox 2442 2832 2765 2887; x_wconf 84' lang='lat' dir='ltr'><strong>invisibilem</strong></span> <span class='ocrx_word' id='word_1_563' title='bbox 2794 2852 2807 2886; x_wconf 89' lang='lat'><strong>:</strong></span> <span class='ocrx_word' id='word_1_564' title='bbox 2842 2833 3064 2886; x_wconf 89' lang='lat' dir='ltr'><strong>stultum</strong></span> <span class='ocrx_word' id='word_1_565' title='bbox 3108 2840 3193 2885; x_wconf 91' lang='lat' dir='ltr'><strong>est</strong></span> <span class='ocrx_word' id='word_1_566' title='bbox 3225 2833 3289 2883; x_wconf 90' lang='lat' dir='ltr'><strong>de</strong></span> <span class='ocrx_word' id='word_1_567' title='bbox 3314 2829 3587 2883; x_wconf 88' lang='lat' dir='ltr'><strong>coloribus</strong></span> <span class='ocrx_word' id='word_1_568' title='bbox 3625 2827 3739 2895; x_wconf 80' lang='lat' dir='ltr'><strong>jur-</strong></span> 
     </span>
    </p>
   </div>
   <div class='ocr_carea' id='block_1_76' title="bbox 2158 2920 3741 2996">
    <p class='ocr_par' dir='ltr' id='par_1_76' title="bbox 2158 2920 3741 2996">
     <span class='ocr_line' id='line_1_76' title="bbox 2158 2920 3741 2996; baseline -0.004 -18"><span class='ocrx_word' id='word_1_569' title='bbox 2158 2926 2273 2996; x_wconf 80' lang='lat' dir='ltr'><strong>gari</strong></span> <span class='ocrx_word' id='word_1_570' title='bbox 2307 2927 2372 2979; x_wconf 90' lang='lat' dir='ltr'><strong>ad</strong></span> <span class='ocrx_word' id='word_1_571' title='bbox 2408 2941 2582 2981; x_wconf 77' lang='lat' dir='ltr'><strong>czecos</strong></span> <span class='ocrx_word' id='word_1_572' title='bbox 2633 2940 2648 2979; x_wconf 88' lang='lat'><strong>:</strong></span> <span class='ocrx_word' id='word_1_573' title='bbox 2689 2926 2818 2994; x_wconf 88' lang='lat' dir='ltr'><strong>quid</strong></span> <span class='ocrx_word' id='word_1_574' title='bbox 2848 2924 2991 2978; x_wconf 89' lang='lat' dir='ltr'><strong>enim</strong></span> <span class='ocrx_word' id='word_1_575' title='bbox 3022 2920 3294 2977; x_wconf 72' lang='lat' dir='ltr'><strong>eﬂicactus</strong></span> <span class='ocrx_word' id='word_1_576' title='bbox 3322 2930 3405 2975; x_wconf 90' lang='lat' dir='ltr'><strong>est</strong></span> <span class='ocrx_word' id='word_1_577' title='bbox 3431 2921 3523 2975; x_wconf 87' lang='lat' dir='ltr'><strong>Dei</strong></span> <span class='ocrx_word' id='word_1_578' title='bbox 3559 2921 3741 2990; x_wconf 81' lang='lat' dir='ltr'><strong>provi-</strong></span> 
     </span>
    </p>
   </div>
   <div class='ocr_carea' id='block_1_77' title="bbox 2160 3014 3740 3087">
    <p class='ocr_par' dir='ltr' id='par_1_77' title="bbox 2160 3014 3740 3087">
     <span class='ocr_line' id='line_1_77' title="bbox 2160 3014 3740 3087; baseline -0.004 -15"><span class='ocrx_word' id='word_1_579' title='bbox 2160 3018 2379 3072; x_wconf 80' lang='lat' dir='ltr'><strong>dentia?</strong></span> <span class='ocrx_word' id='word_1_580' title='bbox 2405 3018 2531 3087; x_wconf 86' lang='lat' dir='ltr'><strong>quid</strong></span> <span class='ocrx_word' id='word_1_581' title='bbox 2581 3028 2759 3072; x_wconf 86' lang='lat' dir='ltr'><strong>autem</strong></span> <span class='ocrx_word' id='word_1_582' title='bbox 2792 3017 2954 3072; x_wconf 87' lang='lat' dir='ltr'><strong>breve</strong></span> <span class='ocrx_word' id='word_1_583' title='bbox 2984 3018 3124 3085; x_wconf 91' lang='lat' dir='ltr'><strong>quod</strong></span> <span class='ocrx_word' id='word_1_584' title='bbox 3158 3025 3376 3085; x_wconf 88' lang='lat' dir='ltr'><strong>putatur</strong></span> <span class='ocrx_word' id='word_1_585' title='bbox 3426 3029 3530 3067; x_wconf 90' lang='lat' dir='ltr'><strong>non</strong></span> <span class='ocrx_word' id='word_1_586' title='bbox 3581 3014 3633 3068; x_wconf 92' lang='lat' dir='ltr'><strong>itt</strong></span> <span class='ocrx_word' id='word_1_587' title='bbox 3682 3028 3740 3065; x_wconf 86' lang='lat' dir='ltr'><strong>se</strong></span> 
     </span>
    </p>
   </div>
   <div class='ocr_carea' id='block_1_78' title="bbox 2163 3105 3738 3176">
    <p class='ocr_par' dir='ltr' id='par_1_78' title="bbox 2163 3105 3738 3176">
     <span class='ocr_line' id='line_1_78' title="bbox 2163 3105 3738 3176; baseline -0.004 -15"><span class='ocrx_word' id='word_1_588' title='bbox 2163 3109 2427 3176; x_wconf 68' lang='lat' dir='ltr'><strong>aequalem</strong></span> <span class='ocrx_word' id='word_1_589' title='bbox 2476 3124 2504 3160; x_wconf 87' lang='lat' dir='ltr'><strong>a</strong></span> <span class='ocrx_word' id='word_1_590' title='bbox 2548 3107 2843 3175; x_wconf 81' lang='lat' dir='ltr'><strong>majoribus</strong></span> <span class='ocrx_word' id='word_1_591' title='bbox 2888 3107 3191 3161; x_wconf 89' lang='lat' dir='ltr'><strong>invenietur</strong></span> <span class='ocrx_word' id='word_1_592' title='bbox 3218 3105 3417 3160; x_wconf 87' lang='lat' dir='ltr'><strong>habere</strong></span> <span class='ocrx_word' id='word_1_593' title='bbox 3449 3105 3738 3173; x_wconf 85' lang='lat' dir='ltr'><strong>providen-</strong></span> 
     </span>
    </p>
   </div>
   <div class='ocr_carea' id='block_1_79' title="bbox 2166 3196 3738 3265">
    <p class='ocr_par' dir='ltr' id='par_1_79' title="bbox 2166 3196 3738 3265">
     <span class='ocr_line' id='line_1_79' title="bbox 2166 3196 3738 3265; baseline -0.004 -13"><span class='ocrx_word' id='word_1_594' title='bbox 2166 3200 2332 3253; x_wconf 86' lang='lat' dir='ltr'><strong>tiam?</strong></span> <span class='ocrx_word' id='word_1_595' title='bbox 2357 3199 2467 3254; x_wconf 89' lang='lat' dir='ltr'><strong>Cur</strong></span> <span class='ocrx_word' id='word_1_596' title='bbox 2491 3201 2635 3254; x_wconf 89' lang='lat' dir='ltr'><strong>enim</strong></span> <span class='ocrx_word' id='word_1_597' title='bbox 2668 3199 3014 3254; x_wconf 80' lang='lat' dir='ltr'><strong>formicarum</strong></span> <span class='ocrx_word' id='word_1_598' title='bbox 3043 3198 3283 3253; x_wconf 84' lang='lat' dir='ltr'><strong>salvatur</strong></span> <span class='ocrx_word' id='word_1_599' title='bbox 3313 3211 3481 3265; x_wconf 83' lang='lat' dir='ltr'><strong>genus</strong></span> <span class='ocrx_word' id='word_1_600' title='bbox 3508 3197 3560 3249; x_wconf 92' lang='lat' dir='ltr'><strong>in</strong></span> <span class='ocrx_word' id='word_1_601' title='bbox 3584 3196 3738 3248; x_wconf 86' lang='lat' dir='ltr'><strong>simi-</strong></span> 
     </span>
    </p>
   </div>
   <div class='ocr_carea' id='block_1_80' title="bbox 2165 3286 3738 3359">
    <p class='ocr_par' dir='ltr' id='par_1_80' title="bbox 2165 3286 3738 3359">
     <span class='ocr_line' id='line_1_80' title="bbox 2165 3286 3738 3359; baseline -0.003 -17"><span class='ocrx_word' id='word_1_602' title='bbox 2165 3289 2428 3345; x_wconf 78' lang='lat' dir='ltr'><strong>litudine?</strong></span> <span class='ocrx_word' id='word_1_603' title='bbox 2452 3307 2548 3345; x_wconf 87' lang='lat' dir='ltr'><strong>cur</strong></span> <span class='ocrx_word' id='word_1_604' title='bbox 2574 3291 2753 3359; x_wconf 87' lang='lat' dir='ltr'><strong>apium</strong></span> <span class='ocrx_word' id='word_1_605' title='bbox 2782 3304 2835 3344; x_wconf 91' lang='lat' dir='ltr'><strong>et</strong></span> <span class='ocrx_word' id='word_1_606' title='bbox 2861 3291 3198 3355; x_wconf 85' lang='lat' dir='ltr'><strong>operatioues</strong></span> <span class='ocrx_word' id='word_1_607' title='bbox 3224 3288 3275 3341; x_wconf 92' lang='lat' dir='ltr'><strong>in</strong></span> <span class='ocrx_word' id='word_1_608' title='bbox 3301 3300 3589 3342; x_wconf 90' lang='lat' dir='ltr'><strong>commune</strong></span> <span class='ocrx_word' id='word_1_609' title='bbox 3619 3286 3738 3337; x_wconf 58' lang='lat' dir='ltr'><strong>rel-</strong></span> 
     </span>
    </p>
   </div>
   <div class='ocr_carea' id='block_1_81' title="bbox 2165 3379 3738 3447">
    <p class='ocr_par' dir='ltr' id='par_1_81' title="bbox 2165 3379 3738 3447">
     <span class='ocr_line' id='line_1_81' title="bbox 2165 3379 3738 3447; baseline -0.006 -10"><span class='ocrx_word' id='word_1_610' title='bbox 2165 3383 2387 3446; x_wconf 90' lang='lat' dir='ltr'><strong>dnntttr,</strong></span> <span class='ocrx_word' id='word_1_611' title='bbox 2411 3393 2465 3437; x_wconf 92' lang='lat' dir='ltr'><strong>et</strong></span> <span class='ocrx_word' id='word_1_612' title='bbox 2491 3383 2670 3437; x_wconf 89' lang='lat' dir='ltr'><strong>habita</strong></span> <span class='ocrx_word' id='word_1_613' title='bbox 2693 3382 2929 3436; x_wconf 89' lang='lat' dir='ltr'><strong>minimis</strong></span> <span class='ocrx_word' id='word_1_614' title='bbox 2952 3382 3003 3435; x_wconf 91' lang='lat' dir='ltr'><strong>in</strong></span> <span class='ocrx_word' id='word_1_615' title='bbox 3029 3380 3328 3435; x_wconf 79' lang='lat' dir='ltr'><strong>substantia</strong></span> <span class='ocrx_word' id='word_1_616' title='bbox 3348 3380 3371 3433; x_wconf 68' lang='grc' dir='ltr'><em>ἲ</em></span> <span class='ocrx_word' id='word_1_617' title='bbox 3391 3394 3509 3447; x_wconf 73' lang='lat' dir='ltr'><strong>quae</strong></span> <span class='ocrx_word' id='word_1_618' title='bbox 3524 3379 3738 3447; x_wconf 79' lang='lat' dir='ltr'><strong>quidem</strong></span> 
     </span>
    </p>
   </div>
   <div class='ocr_carea' id='block_1_82' title="bbox 2164 3470 3738 3546">
    <p class='ocr_par' dir='ltr' id='par_1_82' title="bbox 2164 3470 3738 3546">
     <span class='ocr_line' id='line_1_82' title="bbox 2164 3470 3738 3546; baseline -0.005 -20"><span class='ocrx_word' id='word_1_619' title='bbox 2164 3485 2218 3527; x_wconf 89' lang='lat' dir='ltr'><strong>et</strong></span> <span class='ocrx_word' id='word_1_620' title='bbox 2250 3474 2300 3526; x_wconf 90' lang='lat' dir='ltr'><strong>in</strong></span> <span class='ocrx_word' id='word_1_621' title='bbox 2330 3473 2532 3546; x_wconf 82' lang='lat' dir='ltr'><strong>volatu,</strong></span> <span class='ocrx_word' id='word_1_622' title='bbox 2567 3485 2619 3527; x_wconf 90' lang='lat' dir='ltr'><strong>et</strong></span> <span class='ocrx_word' id='word_1_623' title='bbox 2661 3487 2940 3543; x_wconf 87' lang='lat' dir='ltr'><strong>processu,</strong></span> <span class='ocrx_word' id='word_1_624' title='bbox 2976 3482 3029 3526; x_wconf 90' lang='lat' dir='ltr'><strong>et</strong></span> <span class='ocrx_word' id='word_1_625' title='bbox 3060 3486 3332 3539; x_wconf 79' lang='lat' dir='ltr'><strong>regressu,</strong></span> <span class='ocrx_word' id='word_1_626' title='bbox 3389 3481 3443 3523; x_wconf 86' lang='lat' dir='ltr'><strong>et</strong></span> <span class='ocrx_word' id='word_1_627' title='bbox 3485 3470 3534 3522; x_wconf 91' lang='lat' dir='ltr'><strong>iu</strong></span> <span class='ocrx_word' id='word_1_628' title='bbox 3575 3482 3738 3534; x_wconf 82' lang='lat' dir='ltr'><strong>opere</strong></span> 
     </span>
    </p>
   </div>
   <div class='ocr_carea' id='block_1_83' title="bbox 2165 3559 3735 3630">
    <p class='ocr_par' dir='ltr' id='par_1_83' title="bbox 2165 3559 3735 3630">
     <span class='ocr_line' id='line_1_83' title="bbox 2165 3559 3735 3630; baseline -0.006 -13"><span class='ocrx_word' id='word_1_629' title='bbox 2165 3567 2517 3619; x_wconf 87' lang='lat' dir='ltr'><strong>consentiunt</strong></span> <span class='ocrx_word' id='word_1_630' title='bbox 2542 3565 2667 3619; x_wconf 85' lang='lat' dir='ltr'><strong>sibi.</strong></span> <span class='ocrx_word' id='word_1_631' title='bbox 2699 3564 2830 3630; x_wconf 80' lang='lat' dir='ltr'><strong>Quis</strong></span> <span class='ocrx_word' id='word_1_632' title='bbox 2868 3565 2994 3618; x_wconf 77' lang='lat' dir='ltr'><strong>fecit</strong></span> <span class='ocrx_word' id='word_1_633' title='bbox 3035 3563 3171 3615; x_wconf 84' lang='lat' dir='ltr'><strong>mel?</strong></span> <span class='ocrx_word' id='word_1_634' title='bbox 3200 3563 3386 3630; x_wconf 87' lang='lat' dir='ltr'><strong>utique</strong></span> <span class='ocrx_word' id='word_1_635' title='bbox 3427 3559 3735 3629; x_wconf 53' lang='lat' dir='ltr'><strong>quienusti.</strong></span> 
     </span>
    </p>
   </div>
   <div class='ocr_carea' id='block_1_84' title="bbox 2167 3649 3739 3726">
    <p class='ocr_par' dir='ltr' id='par_1_84' title="bbox 2167 3649 3739 3726">
     <span class='ocr_line' id='line_1_84' title="bbox 2167 3649 3739 3726; baseline -0.006 -16"><span class='ocrx_word' id='word_1_636' title='bbox 2167 3659 2269 3710; x_wconf 86' lang='lat' dir='ltr'><strong>tuit</strong></span> <span class='ocrx_word' id='word_1_637' title='bbox 2302 3658 2648 3724; x_wconf 76' lang='lat' dir='ltr'><strong>medicinam,</strong></span> <span class='ocrx_word' id='word_1_638' title='bbox 2696 3672 2817 3726; x_wconf 65' lang='lat' dir='ltr'><strong>qua:</strong></span> <span class='ocrx_word' id='word_1_639' title='bbox 2863 3672 2926 3711; x_wconf 91' lang='lat' dir='ltr'><strong>eo</strong></span> <span class='ocrx_word' id='word_1_640' title='bbox 2960 3656 3024 3709; x_wconf 89' lang='lat' dir='ltr'><strong>ad</strong></span> <span class='ocrx_word' id='word_1_641' title='bbox 3056 3655 3319 3709; x_wconf 85' lang='lat' dir='ltr'><strong>medelam</strong></span> <span class='ocrx_word' id='word_1_642' title='bbox 3355 3656 3521 3713; x_wconf 80' lang='lat' dir='ltr'><strong>utitur</strong></span> <span class='ocrx_word' id='word_1_643' title='bbox 3570 3649 3739 3704; x_wconf 64' lang='lat' dir='ltr'><strong>homio</strong></span> 
     </span>
    </p>
   </div>
   <div class='ocr_carea' id='block_1_85' title="bbox 2169 3742 3741 3818">
    <p class='ocr_par' dir='ltr' id='par_1_85' title="bbox 2169 3742 3741 3818">
     <span class='ocr_line' id='line_1_85' title="bbox 2169 3742 3741 3818; baseline -0.006 -15"><span class='ocrx_word' id='word_1_644' title='bbox 2169 3766 2318 3803; x_wconf 88' lang='lat' dir='ltr'><strong>num.</strong></span> <span class='ocrx_word' id='word_1_645' title='bbox 2352 3749 2491 3815; x_wconf 86' lang='lat' dir='ltr'><strong>Quid</strong></span> <span class='ocrx_word' id='word_1_646' title='bbox 2524 3744 2666 3802; x_wconf 88' lang='lat' dir='ltr'><strong>enim</strong></span> <span class='ocrx_word' id='word_1_647' title='bbox 2693 3765 2798 3803; x_wconf 92' lang='lat' dir='ltr'><strong>non</strong></span> <span class='ocrx_word' id='word_1_648' title='bbox 2830 3749 3049 3818; x_wconf 88' lang='lat' dir='ltr'><strong>plenum</strong></span> <span class='ocrx_word' id='word_1_649' title='bbox 3081 3756 3163 3800; x_wconf 89' lang='lat' dir='ltr'><strong>est</strong></span> <span class='ocrx_word' id='word_1_650' title='bbox 3200 3744 3571 3814; x_wconf 80' lang='lat' dir='ltr'><strong>providentia?</strong></span> <span class='ocrx_word' id='word_1_651' title='bbox 3614 3742 3741 3812; x_wconf 81' lang='lat' dir='ltr'><strong>quid</strong></span> 
     </span>
    </p>
   </div>
   <div class='ocr_carea' id='block_1_86' title="bbox 2168 3837 3744 3907">
    <p class='ocr_par' dir='ltr' id='par_1_86' title="bbox 2168 3837 3744 3907">
     <span class='ocr_line' id='line_1_86' title="bbox 2168 3837 3744 3907; baseline -0.001 -15"><span class='ocrx_word' id='word_1_652' title='bbox 2168 3856 2272 3893; x_wconf 92' lang='lat' dir='ltr'><strong>non</strong></span> <span class='ocrx_word' id='word_1_653' title='bbox 2314 3842 2511 3894; x_wconf 86' lang='lat' dir='ltr'><strong>clamat</strong></span> <span class='ocrx_word' id='word_1_654' title='bbox 2547 3841 2879 3907; x_wconf 84' lang='lat' dir='ltr'><strong>provisorem</strong></span> <span class='ocrx_word' id='word_1_655' title='bbox 2913 3838 3115 3891; x_wconf 75' lang='lat' dir='ltr'><strong>Deum?</strong></span> <span class='ocrx_word' id='word_1_656' title='bbox 3152 3837 3339 3892; x_wconf 90' lang='lat' dir='ltr'><strong>Nouue</strong></span> <span class='ocrx_word' id='word_1_657' title='bbox 3391 3837 3591 3900; x_wconf 63' lang='lat' dir='ltr'><strong>herba},</strong></span> <span class='ocrx_word' id='word_1_658' title='bbox 3625 3850 3744 3904; x_wconf 64' lang='lat' dir='ltr'><strong>quae</strong></span> 
     </span>
    </p>
   </div>
   <div class='ocr_carea' id='block_1_87' title="bbox 2170 3927 3741 4000">
    <p class='ocr_par' dir='ltr' id='par_1_87' title="bbox 2170 3927 3741 4000">
     <span class='ocr_line' id='line_1_87' title="bbox 2170 3927 3741 4000; baseline -0.004 -14"><span class='ocrx_word' id='word_1_659' title='bbox 2170 3933 2455 3986; x_wconf 83' lang='lat' dir='ltr'><strong>utilitatem</strong></span> <span class='ocrx_word' id='word_1_660' title='bbox 2494 3932 2734 4000; x_wconf 69' lang='lat' dir='ltr'><strong>praebent</strong></span> <span class='ocrx_word' id='word_1_661' title='bbox 2785 3930 3043 3983; x_wconf 83' lang='lat' dir='ltr'><strong>medelis?</strong></span> <span class='ocrx_word' id='word_1_662' title='bbox 3091 3945 3266 3984; x_wconf 82' lang='lat' dir='ltr'><strong>nunne</strong></span> <span class='ocrx_word' id='word_1_663' title='bbox 3296 3929 3471 3999; x_wconf 87' lang='lat' dir='ltr'><strong>pisces</strong></span> <span class='ocrx_word' id='word_1_664' title='bbox 3529 3943 3559 3983; x_wconf 89' lang='lat' dir='ltr'><strong>e</strong></span> <span class='ocrx_word' id='word_1_665' title='bbox 3608 3927 3741 3980; x_wconf 88' lang='lat' dir='ltr'><strong>mari</strong></span> 
     </span>
    </p>
   </div>
   <div class='ocr_carea' id='block_1_88' title="bbox 2168 4020 3743 4093">
    <p class='ocr_par' dir='ltr' id='par_1_88' title="bbox 2168 4020 3743 4093">
     <span class='ocr_line' id='line_1_88' title="bbox 2168 4020 3743 4093; baseline -0.004 -17"><span class='ocrx_word' id='word_1_666' title='bbox 2168 4024 2436 4093; x_wconf 87' lang='lat' dir='ltr'><strong>producti,</strong></span> <span class='ocrx_word' id='word_1_667' title='bbox 2469 4022 2685 4090; x_wconf 87' lang='lat' dir='ltr'><strong>quidam</strong></span> <span class='ocrx_word' id='word_1_668' title='bbox 2727 4022 2944 4090; x_wconf 90' lang='lat' dir='ltr'><strong>quidem</strong></span> <span class='ocrx_word' id='word_1_669' title='bbox 2979 4022 3047 4075; x_wconf 85' lang='lat' dir='ltr'><strong>ad</strong></span> <span class='ocrx_word' id='word_1_670' title='bbox 3075 4037 3249 4086; x_wconf 84' lang='lat' dir='ltr'><strong>escas,</strong></span> <span class='ocrx_word' id='word_1_671' title='bbox 3301 4020 3516 4088; x_wconf 88' lang='lat' dir='ltr'><strong>quidam</strong></span> <span class='ocrx_word' id='word_1_672' title='bbox 3566 4029 3743 4072; x_wconf 90' lang='lat' dir='ltr'><strong>autem</strong></span> 
     </span>
    </p>
   </div>
   <div class='ocr_carea' id='block_1_89' title="bbox 2167 4109 3746 4181">
    <p class='ocr_par' dir='ltr' id='par_1_89' title="bbox 2167 4109 3746 4181">
     <span class='ocr_line' id='line_1_89' title="bbox 2167 4109 3746 4181; baseline -0.004 -13"><span class='ocrx_word' id='word_1_673' title='bbox 2167 4117 2232 4168; x_wconf 91' lang='lat' dir='ltr'><strong>ad</strong></span> <span class='ocrx_word' id='word_1_674' title='bbox 2263 4114 2458 4169; x_wconf 87' lang='lat' dir='ltr'><strong>curas?</strong></span> <span class='ocrx_word' id='word_1_675' title='bbox 2479 4113 2669 4167; x_wconf 82' lang='lat' dir='ltr'><strong>Nonne</strong></span> <span class='ocrx_word' id='word_1_676' title='bbox 2693 4112 2897 4180; x_wconf 84' lang='lat' dir='ltr'><strong>lapides</strong></span> <span class='ocrx_word' id='word_1_677' title='bbox 2937 4114 3113 4176; x_wconf 85' lang='lat' dir='ltr'><strong>incisi,</strong></span> <span class='ocrx_word' id='word_1_678' title='bbox 3143 4124 3200 4167; x_wconf 91' lang='lat' dir='ltr'><strong>ut</strong></span> <span class='ocrx_word' id='word_1_679' title='bbox 3228 4112 3318 4166; x_wconf 90' lang='lat' dir='ltr'><strong>alii</strong></span> <span class='ocrx_word' id='word_1_680' title='bbox 3348 4112 3563 4181; x_wconf 86' lang='lat' dir='ltr'><strong>quidem</strong></span> <span class='ocrx_word' id='word_1_681' title='bbox 3592 4109 3746 4163; x_wconf 78' lang='lat' dir='ltr'><strong>utiles</strong></span> 
     </span>
    </p>
   </div>
   <div class='ocr_carea' id='block_1_90' title="bbox 2168 4202 3746 4272">
    <p class='ocr_par' dir='ltr' id='par_1_90' title="bbox 2168 4202 3746 4272">
     <span class='ocr_line' id='line_1_90' title="bbox 2168 4202 3746 4272; baseline -0.004 -12"><span class='ocrx_word' id='word_1_682' title='bbox 2168 4206 2275 4260; x_wconf 87' lang='lat' dir='ltr'><strong>sint</strong></span> <span class='ocrx_word' id='word_1_683' title='bbox 2302 4208 2367 4259; x_wconf 88' lang='lat' dir='ltr'><strong>ad</strong></span> <span class='ocrx_word' id='word_1_684' title='bbox 2396 4205 2624 4258; x_wconf 65' lang='lat' dir='ltr'><strong>aedilicia</strong></span> <span class='ocrx_word' id='word_1_685' title='bbox 2663 4214 2717 4259; x_wconf 91' lang='lat' dir='ltr'><strong>et</strong></span> <span class='ocrx_word' id='word_1_686' title='bbox 2753 4213 2889 4258; x_wconf 88' lang='lat' dir='ltr'><strong>tecta</strong></span> <span class='ocrx_word' id='word_1_687' title='bbox 2922 4216 2978 4259; x_wconf 89' lang='lat' dir='ltr'><strong>et</strong></span> <span class='ocrx_word' id='word_1_688' title='bbox 3007 4215 3377 4272; x_wconf 85' lang='lat' dir='ltr'><strong>operatnettta,</strong></span> <span class='ocrx_word' id='word_1_689' title='bbox 3420 4202 3513 4256; x_wconf 84' lang='lat' dir='ltr'><strong>alii</strong></span> <span class='ocrx_word' id='word_1_690' title='bbox 3558 4217 3746 4256; x_wconf 66' lang='lat' dir='ltr'><strong>moes-</strong></span> 
     </span>
    </p>
   </div>
   <div class='ocr_carea' id='block_1_91' title="bbox 2169 4294 3747 4367">
    <p class='ocr_par' dir='ltr' id='par_1_91' title="bbox 2169 4294 3747 4367">
     <span class='ocr_line' id='line_1_91' title="bbox 2169 4294 3747 4367; baseline -0.005 -13"><span class='ocrx_word' id='word_1_691' title='bbox 2169 4301 2297 4355; x_wconf 84' lang='lat' dir='ltr'><strong>sarii</strong></span> <span class='ocrx_word' id='word_1_692' title='bbox 2357 4298 2422 4352; x_wconf 88' lang='lat' dir='ltr'><strong>ad</strong></span> <span class='ocrx_word' id='word_1_693' title='bbox 2468 4312 2753 4367; x_wconf 88' lang='lat' dir='ltr'><strong>corporum</strong></span> <span class='ocrx_word' id='word_1_694' title='bbox 2781 4299 3065 4361; x_wconf 87' lang='lat' dir='ltr'><strong>sanitates,</strong></span> <span class='ocrx_word' id='word_1_695' title='bbox 3111 4297 3233 4367; x_wconf 82' lang='lat' dir='ltr'><strong>quia</strong></span> <span class='ocrx_word' id='word_1_696' title='bbox 3265 4304 3319 4350; x_wconf 91' lang='lat' dir='ltr'><strong>et</strong></span> <span class='ocrx_word' id='word_1_697' title='bbox 3356 4294 3747 4348; x_wconf 78' lang='lat' dir='ltr'><strong>inlirntantur?</strong></span> 
     </span>
    </p>
   </div>
   <div class='ocr_carea' id='block_1_92' title="bbox 2170 4391 3750 4455">
    <p class='ocr_par' dir='ltr' id='par_1_92' title="bbox 2170 4391 3750 4455">
     <span class='ocr_line' id='line_1_92' title="bbox 2170 4391 3750 4455; baseline -0.002 -10"><span class='ocrx_word' id='word_1_698' title='bbox 2170 4393 2356 4446; x_wconf 80' lang='lat' dir='ltr'><strong>Nonne</strong></span> <span class='ocrx_word' id='word_1_699' title='bbox 2392 4408 2530 4446; x_wconf 75' lang='lat' dir='ltr'><strong>esca:</strong></span> <span class='ocrx_word' id='word_1_700' title='bbox 2560 4392 2679 4445; x_wconf 64' lang='lat' dir='ltr'><strong>alia:</strong></span> <span class='ocrx_word' id='word_1_701' title='bbox 2706 4392 2827 4446; x_wconf 89' lang='lat' dir='ltr'><strong>aliis</strong></span> <span class='ocrx_word' id='word_1_702' title='bbox 2851 4393 3221 4455; x_wconf 86' lang='lat' dir='ltr'><strong>succedentes,</strong></span> <span class='ocrx_word' id='word_1_703' title='bbox 3250 4400 3303 4445; x_wconf 88' lang='lat' dir='ltr'><strong>et</strong></span> <span class='ocrx_word' id='word_1_704' title='bbox 3335 4391 3450 4443; x_wconf 83' lang='lat' dir='ltr'><strong>alia:</strong></span> <span class='ocrx_word' id='word_1_705' title='bbox 3481 4406 3604 4445; x_wconf 89' lang='lat' dir='ltr'><strong>cum</strong></span> <span class='ocrx_word' id='word_1_706' title='bbox 3634 4391 3750 4443; x_wconf 85' lang='lat' dir='ltr'><strong>aliis</strong></span> 
     </span>
    </p>
   </div>
   <div class='ocr_carea' id='block_1_93' title="bbox 491 4475 2055 4554">
    <p class='ocr_par' dir='ltr' id='par_1_93' title="bbox 491 4475 2055 4546">
     <span class='ocr_line' id='line_1_93' title="bbox 491 4475 2055 4546; baseline -0.004 -14"><span class='ocrx_word' id='word_1_707' title='bbox 491 4490 613 4532; x_wconf 90' lang='lat' dir='ltr'><strong>tuus</strong></span> <span class='ocrx_word' id='word_1_708' title='bbox 636 4490 742 4543; x_wconf 87' lang='lat' dir='ltr'><strong>est,</strong></span> <span class='ocrx_word' id='word_1_709' title='bbox 780 4478 972 4546; x_wconf 83' lang='lat' dir='ltr'><strong>inquit,</strong></span> <span class='ocrx_word' id='word_1_710' title='bbox 1020 4479 1108 4544; x_wconf 91' lang='lat' dir='ltr'><strong>qui</strong></span> <span class='ocrx_word' id='word_1_711' title='bbox 1146 4487 1390 4529; x_wconf 89' lang='lat' dir='ltr'><strong>mortuus</strong></span> <span class='ocrx_word' id='word_1_712' title='bbox 1419 4486 1538 4541; x_wconf 88' lang='lat' dir='ltr'><strong>est;</strong></span> <span class='ocrx_word' id='word_1_713' title='bbox 1574 4486 1627 4527; x_wconf 89' lang='lat' dir='ltr'><strong>et</strong></span> <span class='ocrx_word' id='word_1_714' title='bbox 1662 4475 1807 4528; x_wconf 84' lang='lat' dir='ltr'><strong>illam</strong></span> <span class='ocrx_word' id='word_1_715' title='bbox 1849 4476 2055 4543; x_wconf 87' lang='lat' dir='ltr'><strong>quidem</strong></span> 
     </span>
    </p>
   </div>
   <div class='ocr_carea' id='block_1_94' title="bbox 2159 4475 3751 4554">
    <p class='ocr_par' dir='ltr' id='par_1_94' title="bbox 2173 4482 3751 4554">
     <span class='ocr_line' id='line_1_94' title="bbox 2173 4482 3751 4554; baseline -0.003 -16"><span class='ocrx_word' id='word_1_716' title='bbox 2173 4485 2533 4554; x_wconf 87' lang='lat' dir='ltr'><strong>insequentes,</strong></span> <span class='ocrx_word' id='word_1_717' title='bbox 2564 4485 2849 4538; x_wconf 85' lang='lat' dir='ltr'><strong>ostendunt</strong></span> <span class='ocrx_word' id='word_1_718' title='bbox 2880 4495 3294 4554; x_wconf 63' lang='lat' dir='ltr'><strong>prmparatorem</strong></span> <span class='ocrx_word' id='word_1_719' title='bbox 3335 4482 3538 4537; x_wconf 85' lang='lat' dir='ltr'><strong>Deum?</strong></span> <span class='ocrx_word' id='word_1_720' title='bbox 3561 4482 3751 4537; x_wconf 77' lang='lat' dir='ltr'><strong>Nonne</strong></span> 
     </span>
    </p>
   </div>
   <div class='ocr_carea' id='block_1_95' title="bbox 488 4565 2068 4643">
    <p class='ocr_par' dir='ltr' id='par_1_95' title="bbox 488 4565 2068 4643">
     <span class='ocr_line' id='line_1_95' title="bbox 488 4565 2068 4643; baseline -0.002 -20"><span class='ocrx_word' id='word_1_721' title='bbox 488 4584 698 4643; x_wconf 86' lang='lat' dir='ltr'><strong>partem</strong></span> <span class='ocrx_word' id='word_1_722' title='bbox 752 4573 869 4641; x_wconf 86' lang='lat' dir='ltr'><strong>ejus</strong></span> <span class='ocrx_word' id='word_1_723' title='bbox 913 4570 1090 4640; x_wconf 89' lang='lat' dir='ltr'><strong>aquila</strong></span> <span class='ocrx_word' id='word_1_724' title='bbox 1132 4569 1480 4623; x_wconf 87' lang='lat' dir='ltr'><strong>manducavit</strong></span> <span class='ocrx_word' id='word_1_725' title='bbox 1528 4577 1620 4620; x_wconf 89' lang='lat' dir='ltr'><strong>aut</strong></span> <span class='ocrx_word' id='word_1_726' title='bbox 1660 4567 1855 4621; x_wconf 88' lang='lat' dir='ltr'><strong>vultur.</strong></span> <span class='ocrx_word' id='word_1_727' title='bbox 1905 4565 2068 4620; x_wconf 81' lang='lat' dir='ltr'><strong>Forte</strong></span> 
     </span>
    </p>
   </div>
   <div class='ocr_carea' id='block_1_96' title="bbox 488 4657 2065 4732">
    <p class='ocr_par' dir='ltr' id='par_1_96' title="bbox 488 4657 2065 4732">
     <span class='ocr_line' id='line_1_96' title="bbox 488 4657 2065 4732; baseline -0.006 -13"><span class='ocrx_word' id='word_1_728' title='bbox 488 4679 668 4719; x_wconf 89' lang='lat' dir='ltr'><strong>autem</strong></span> <span class='ocrx_word' id='word_1_729' title='bbox 700 4680 801 4718; x_wconf 90' lang='lat' dir='ltr'><strong>non</strong></span> <span class='ocrx_word' id='word_1_730' title='bbox 827 4664 1105 4732; x_wconf 87' lang='lat' dir='ltr'><strong>patiuntur</strong></span> <span class='ocrx_word' id='word_1_731' title='bbox 1133 4661 1329 4731; x_wconf 69' lang='lat' dir='ltr'><strong>aquila:</strong></span> <span class='ocrx_word' id='word_1_732' title='bbox 1357 4659 1659 4713; x_wconf 88' lang='lat' dir='ltr'><strong>istiusmodi</strong></span> <span class='ocrx_word' id='word_1_733' title='bbox 1686 4657 2065 4713; x_wconf 89' lang='lat' dir='ltr'><strong>humilitatem.</strong></span> 
     </span>
    </p>
   </div>
   <div class='ocr_carea' id='block_1_97' title="bbox 486 4754 2061 4825">
    <p class='ocr_par' dir='ltr' id='par_1_97' title="bbox 486 4754 2061 4825">
     <span class='ocr_line' id='line_1_97' title="bbox 486 4754 2061 4825; baseline -0.005 -15"><span class='ocrx_word' id='word_1_734' title='bbox 486 4757 685 4820; x_wconf 78' lang='lat' dir='ltr'><strong>Aliam,</strong></span> <span class='ocrx_word' id='word_1_735' title='bbox 720 4758 915 4825; x_wconf 88' lang='lat' dir='ltr'><strong>inquit,</strong></span> <span class='ocrx_word' id='word_1_736' title='bbox 951 4755 1158 4824; x_wconf 88' lang='lat' dir='ltr'><strong>accepit</strong></span> <span class='ocrx_word' id='word_1_737' title='bbox 1185 4754 1355 4815; x_wconf 87' lang='lat' dir='ltr'><strong>cauis,</strong></span> <span class='ocrx_word' id='word_1_738' title='bbox 1380 4764 1433 4806; x_wconf 91' lang='lat' dir='ltr'><strong>ct</strong></span> <span class='ocrx_word' id='word_1_739' title='bbox 1460 4766 1650 4807; x_wconf 88' lang='lat' dir='ltr'><strong>canem</strong></span> <span class='ocrx_word' id='word_1_740' title='bbox 1682 4760 1737 4803; x_wconf 92' lang='lat' dir='ltr'><strong>ut</strong></span> <span class='ocrx_word' id='word_1_741' title='bbox 1759 4761 1887 4820; x_wconf 88' lang='lat' dir='ltr'><strong>puta</strong></span> <span class='ocrx_word' id='word_1_742' title='bbox 1921 4765 2061 4803; x_wconf 65' lang='lat' dir='ltr'><strong>saava</strong></span> 
     </span>
    </p>
   </div>
   <div class='ocr_carea' id='block_1_98' title="bbox 486 4843 2066 4912">
    <p class='ocr_par' dir='ltr' id='par_1_98' title="bbox 486 4843 2066 4912">
     <span class='ocr_line' id='line_1_98' title="bbox 486 4843 2066 4912; baseline -0.006 -9"><span class='ocrx_word' id='word_1_743' title='bbox 486 4850 666 4903; x_wconf 83' lang='lat' dir='ltr'><strong>bellua</strong></span> <span class='ocrx_word' id='word_1_744' title='bbox 727 4850 1075 4902; x_wconf 82' lang='lat' dir='ltr'><strong>manducavit</strong></span> <span class='ocrx_word' id='word_1_745' title='bbox 1123 4863 1136 4897; x_wconf 94' lang='lat'>:</span> <span class='ocrx_word' id='word_1_746' title='bbox 1188 4857 1280 4899; x_wconf 87' lang='lat' dir='ltr'><strong>aut</strong></span> <span class='ocrx_word' id='word_1_747' title='bbox 1320 4845 1461 4897; x_wconf 85' lang='lat' dir='ltr'><strong>aliud</strong></span> <span class='ocrx_word' id='word_1_748' title='bbox 1508 4844 1723 4912; x_wconf 83' lang='lat' dir='ltr'><strong>aliquod</strong></span> <span class='ocrx_word' id='word_1_749' title='bbox 1753 4843 1973 4907; x_wconf 84' lang='lat' dir='ltr'><strong>animal,</strong></span> <span class='ocrx_word' id='word_1_750' title='bbox 2013 4856 2066 4895; x_wconf 80' lang='lat' dir='ltr'><strong>et</strong></span> 
     </span>
    </p>
   </div>
   <div class='ocr_carea' id='block_1_99' title="bbox 486 4937 2065 5001">
    <p class='ocr_par' dir='ltr' id='par_1_99' title="bbox 486 4937 2065 5001">
     <span class='ocr_line' id='line_1_99' title="bbox 486 4937 2065 5001; baseline -0.004 -6"><span class='ocrx_word' id='word_1_751' title='bbox 486 4942 631 4996; x_wconf 86' lang='lat' dir='ltr'><strong>istud</strong></span> <span class='ocrx_word' id='word_1_752' title='bbox 660 4940 860 4994; x_wconf 88' lang='lat' dir='ltr'><strong>animal</strong></span> <span class='ocrx_word' id='word_1_753' title='bbox 887 4939 1247 5001; x_wconf 78' lang='lat' dir='ltr'><strong>interfectum,</strong></span> <span class='ocrx_word' id='word_1_754' title='bbox 1280 4937 1620 4991; x_wconf 86' lang='lat' dir='ltr'><strong>combustum</strong></span> <span class='ocrx_word' id='word_1_755' title='bbox 1654 4945 1758 4999; x_wconf 90' lang='lat' dir='ltr'><strong>est,</strong></span> <span class='ocrx_word' id='word_1_756' title='bbox 1794 4946 1886 4989; x_wconf 88' lang='lat' dir='ltr'><strong>aut</strong></span> <span class='ocrx_word' id='word_1_757' title='bbox 1918 4945 2065 4989; x_wconf 88' lang='lat' dir='ltr'><strong>certe</strong></span> 
     </span>
    </p>
   </div>
   <div class='ocr_carea' id='block_1_100' title="bbox 488 5030 2062 5105">
    <p class='ocr_par' dir='ltr' id='par_1_100' title="bbox 488 5030 2062 5105">
     <span class='ocr_line' id='line_1_100' title="bbox 488 5030 2062 5105; baseline -0.007 -17"><span class='ocrx_word' id='word_1_758' title='bbox 488 5035 791 5105; x_wconf 88' lang='lat' dir='ltr'><strong>obputruit,</strong></span> <span class='ocrx_word' id='word_1_759' title='bbox 830 5043 922 5087; x_wconf 89' lang='lat' dir='ltr'><strong>attt</strong></span> <span class='ocrx_word' id='word_1_760' title='bbox 945 5034 1119 5102; x_wconf 85' lang='lat' dir='ltr'><strong>ipsqu</strong></span> <span class='ocrx_word' id='word_1_761' title='bbox 1144 5032 1210 5085; x_wconf 87' lang='lat' dir='ltr'><strong>ab</strong></span> <span class='ocrx_word' id='word_1_762' title='bbox 1245 5031 1348 5083; x_wconf 72' lang='lat' dir='ltr'><strong>alio</strong></span> <span class='ocrx_word' id='word_1_763' title='bbox 1376 5030 1609 5098; x_wconf 87' lang='lat' dir='ltr'><strong>quodatn</strong></span> <span class='ocrx_word' id='word_1_764' title='bbox 1636 5038 1933 5081; x_wconf 87' lang='lat' dir='ltr'><strong>contestttm</strong></span> <span class='ocrx_word' id='word_1_765' title='bbox 1962 5039 2062 5088; x_wconf 79' lang='lat' dir='ltr'><strong>est,</strong></span> 
     </span>
    </p>
   </div>
   <div class='ocr_carea' id='block_1_101' title="bbox 489 5116 2062 5192">
    <p class='ocr_par' dir='ltr' id='par_1_101' title="bbox 489 5116 2062 5192">
     <span class='ocr_line' id='line_1_101' title="bbox 489 5116 2062 5192; baseline -0.008 -13"><span class='ocrx_word' id='word_1_766' title='bbox 489 5125 607 5179; x_wconf 90' lang='lat' dir='ltr'><strong>tieri</strong></span> <span class='ocrx_word' id='word_1_767' title='bbox 653 5127 796 5177; x_wconf 90' lang='lat' dir='ltr'><strong>enim</strong></span> <span class='ocrx_word' id='word_1_768' title='bbox 850 5124 951 5177; x_wconf 85' lang='lat' dir='ltr'><strong>hoc</strong></span> <span class='ocrx_word' id='word_1_769' title='bbox 994 5131 1196 5192; x_wconf 79' lang='lat' dir='ltr'><strong>pmest;</strong></span> <span class='ocrx_word' id='word_1_770' title='bbox 1247 5129 1414 5183; x_wconf 82' lang='lat' dir='ltr'><strong>tanta,</strong></span> <span class='ocrx_word' id='word_1_771' title='bbox 1472 5118 1669 5187; x_wconf 87' lang='lat' dir='ltr'><strong>inquit,</strong></span> <span class='ocrx_word' id='word_1_772' title='bbox 1715 5116 2062 5171; x_wconf 82' lang='lat' dir='ltr'><strong>succeSsione</strong></span> 
     </span>
    </p>
   </div>
   <div class='ocr_carea' id='block_1_102' title="bbox 489 5207 2065 5282">
    <p class='ocr_par' dir='ltr' id='par_1_102' title="bbox 489 5207 2065 5282">
     <span class='ocr_line' id='line_1_102' title="bbox 489 5207 2065 5282; baseline -0.008 -10"><span class='ocrx_word' id='word_1_773' title='bbox 489 5216 654 5277; x_wconf 77' lang='lat' dir='ltr'><strong>facta,</strong></span> <span class='ocrx_word' id='word_1_774' title='bbox 682 5228 737 5270; x_wconf 88' lang='lat' dir='ltr'><strong>et</strong></span> <span class='ocrx_word' id='word_1_775' title='bbox 763 5230 891 5269; x_wconf 88' lang='lat' dir='ltr'><strong>casu</strong></span> <span class='ocrx_word' id='word_1_776' title='bbox 927 5232 1116 5269; x_wconf 91' lang='lat' dir='ltr'><strong>eorum</strong></span> <span class='ocrx_word' id='word_1_777' title='bbox 1146 5214 1235 5282; x_wconf 88' lang='lat' dir='ltr'><strong>qui</strong></span> <span class='ocrx_word' id='word_1_778' title='bbox 1271 5210 1465 5264; x_wconf 89' lang='lat' dir='ltr'><strong>mortui</strong></span> <span class='ocrx_word' id='word_1_779' title='bbox 1513 5223 1637 5263; x_wconf 89' lang='lat' dir='ltr'><strong>sunt</strong></span> <span class='ocrx_word' id='word_1_780' title='bbox 1672 5210 1739 5262; x_wconf 91' lang='lat' dir='ltr'><strong>ab</strong></span> <span class='ocrx_word' id='word_1_781' title='bbox 1773 5207 1877 5261; x_wconf 88' lang='lat' dir='ltr'><strong>alio</strong></span> <span class='ocrx_word' id='word_1_782' title='bbox 1906 5207 1957 5260; x_wconf 89' lang='lat' dir='ltr'><strong>itt</strong></span> <span class='ocrx_word' id='word_1_783' title='bbox 1988 5210 2065 5260; x_wconf 85' lang='lat' dir='ltr'><strong>al-</strong></span> 
     </span>
    </p>
   </div>
   <div class='ocr_carea' id='block_1_103' title="bbox 490 5300 2070 5376">
    <p class='ocr_par' dir='ltr' id='par_1_103' title="bbox 490 5300 2070 5376">
     <span class='ocr_line' id='line_1_103' title="bbox 490 5300 2070 5376; baseline -0.008 -13"><span class='ocrx_word' id='word_1_784' title='bbox 490 5320 687 5368; x_wconf 88' lang='lat' dir='ltr'><strong>terum,</strong></span> <span class='ocrx_word' id='word_1_785' title='bbox 718 5309 1009 5376; x_wconf 87' lang='lat' dir='ltr'><strong>quomodo,</strong></span> <span class='ocrx_word' id='word_1_786' title='bbox 1044 5307 1236 5373; x_wconf 90' lang='lat' dir='ltr'><strong>inquit,</strong></span> <span class='ocrx_word' id='word_1_787' title='bbox 1288 5314 1464 5373; x_wconf 84' lang='lat' dir='ltr'><strong>potest</strong></span> <span class='ocrx_word' id='word_1_788' title='bbox 1512 5301 1651 5355; x_wconf 74' lang='lat' dir='ltr'><strong>Deus</strong></span> <span class='ocrx_word' id='word_1_789' title='bbox 1698 5300 1937 5353; x_wconf 80' lang='lat' dir='ltr'><strong>invenire</strong></span> <span class='ocrx_word' id='word_1_790' title='bbox 1970 5302 2070 5352; x_wconf 84' lang='lat' dir='ltr'><strong>itii-</strong></span> 
     </span>
    </p>
   </div>
   <div class='ocr_carea' id='block_1_104' title="bbox 490 5392 2067 5470">
    <p class='ocr_par' dir='ltr' id='par_1_104' title="bbox 490 5392 2067 5470">
     <span class='ocr_line' id='line_1_104' title="bbox 490 5392 2067 5470; baseline -0.009 -12"><span class='ocrx_word' id='word_1_791' title='bbox 490 5401 659 5458; x_wconf 77' lang='lat' dir='ltr'><strong>tium?</strong></span> <span class='ocrx_word' id='word_1_792' title='bbox 686 5411 936 5470; x_wconf 88' lang='lat' dir='ltr'><strong>tanquam</strong></span> <span class='ocrx_word' id='word_1_793' title='bbox 967 5401 1031 5452; x_wconf 90' lang='lat' dir='ltr'><strong>de</strong></span> <span class='ocrx_word' id='word_1_794' title='bbox 1058 5398 1217 5468; x_wconf 81' lang='lat' dir='ltr'><strong>ﬁgulo</strong></span> <span class='ocrx_word' id='word_1_795' title='bbox 1250 5398 1455 5464; x_wconf 84' lang='lat' dir='ltr'><strong>aliquo,</strong></span> <span class='ocrx_word' id='word_1_796' title='bbox 1491 5404 1578 5447; x_wconf 82' lang='lat' dir='ltr'><strong>aut</strong></span> <span class='ocrx_word' id='word_1_797' title='bbox 1615 5393 1680 5447; x_wconf 91' lang='lat' dir='ltr'><strong>de</strong></span> <span class='ocrx_word' id='word_1_798' title='bbox 1709 5392 1940 5461; x_wconf 88' lang='lat' dir='ltr'><strong>quodam</strong></span> <span class='ocrx_word' id='word_1_799' title='bbox 1978 5409 2067 5444; x_wconf 82' lang='lat' dir='ltr'><strong>ar-</strong></span> 
     </span>
    </p>
   </div>
   <div class='ocr_carea' id='block_1_105' title="bbox 563 5527 2063 5607">
    <p class='ocr_par' dir='ltr' id='par_1_105' title="bbox 563 5527 2063 5607">
     <span class='ocr_line' id='line_1_105' title="bbox 563 5527 2063 5607; baseline -0.009 -15"><span class='ocrx_word' id='word_1_800' title='bbox 563 5537 674 5607; x_wconf 72' lang='grc'><strong>(12)</strong></span> <span class='ocrx_word' id='word_1_801' title='bbox 712 5534 1081 5607; x_wconf 77' lang='lat' dir='ltr'><strong>Intercipt&#39;uut.</strong></span> <span class='ocrx_word' id='word_1_802' title='bbox 1118 5532 1259 5585; x_wconf 81' lang='lat' dir='ltr'><strong>Infra</strong></span> <span class='ocrx_word' id='word_1_803' title='bbox 1292 5529 1656 5607; x_wconf 37' lang='lat'><strong>(201.10755:</strong></span> <span class='ocrx_word' id='word_1_804' title='bbox 1683 5528 1741 5580; x_wconf 84' lang='lat' dir='ltr'><strong>Si</strong></span> <span class='ocrx_word' id='word_1_805' title='bbox 1777 5527 2063 5607; x_wconf 66' lang='lat' dir='ltr'><strong>intercepe-</strong></span> 
     </span>
    </p>
   </div>
   <div class='ocr_carea' id='block_1_106' title="bbox 490 5599 2064 5669">
    <p class='ocr_par' dir='ltr' id='par_1_106' title="bbox 490 5599 2064 5669">
     <span class='ocr_line' id='line_1_106' title="bbox 490 5599 2064 5669; baseline -0.01 -7"><span class='ocrx_word' id='word_1_806' title='bbox 490 5599 666 5662; x_wconf 33' lang='lat' dir='ltr'><strong>finitis,</strong></span> <span class='ocrx_word' id='word_1_807' title='bbox 684 5599 1076 5659; x_wconf 71' lang='lat' dir='ltr'><strong>resurrectionis</strong></span> <span class='ocrx_word' id='word_1_808' title='bbox 1099 5619 1236 5668; x_wconf 77' lang='lat' dir='ltr'><strong>spem</strong></span> <span class='ocrx_word' id='word_1_809' title='bbox 1263 5619 1281 5655; x_wconf 89' lang='lat'><strong><em>:</em></strong></span> <span class='ocrx_word' id='word_1_810' title='bbox 1305 5614 1357 5655; x_wconf 86' lang='lat' dir='ltr'><strong>et</strong></span> <span class='ocrx_word' id='word_1_811' title='bbox 1392 5618 1538 5669; x_wconf 84' lang='lat' dir='ltr'><strong>supr.</strong></span> <span class='ocrx_word' id='word_1_812' title='bbox 1572 5599 1661 5653; x_wconf 88' lang='lat' dir='ltr'><strong>lib.</strong></span> <span class='ocrx_word' id='word_1_813' title='bbox 1696 5614 1733 5659; x_wconf 81' lang='grc' dir='ltr'>ι,</span> <span class='ocrx_word' id='word_1_814' title='bbox 1758 5600 1914 5665; x_wconf 82' lang='lat' dir='ltr'><strong>paulo</strong></span> <span class='ocrx_word' id='word_1_815' title='bbox 1947 5607 2064 5663; x_wconf 85' lang='lat' dir='ltr'><strong>post</strong></span> 
     </span>
    </p>
   </div>
   <div class='ocr_carea' id='block_1_107' title="bbox 492 5669 2060 5734">
    <p class='ocr_par' dir='ltr' id='par_1_107' title="bbox 492 5669 2060 5734">
     <span class='ocr_line' id='line_1_107' title="bbox 492 5669 2060 5734; baseline -0.011 0"><span class='ocrx_word' id='word_1_816' title='bbox 492 5681 703 5734; x_wconf 89' lang='lat' dir='ltr'><strong>initium</strong></span> <span class='ocrx_word' id='word_1_817' title='bbox 772 5690 787 5728; x_wconf 87' lang='lat'><strong>:</strong></span> <span class='ocrx_word' id='word_1_818' title='bbox 864 5673 1032 5725; x_wconf 76' lang='lat' dir='ltr'><strong>Filius</strong></span> <span class='ocrx_word' id='word_1_819' title='bbox 1086 5672 1302 5726; x_wconf 72' lang='lat' dir='ltr'><strong>Verbum</strong></span> <span class='ocrx_word' id='word_1_820' title='bbox 1374 5678 1543 5725; x_wconf 79' lang='lat' dir='ltr'><strong>dictus</strong></span> <span class='ocrx_word' id='word_1_821' title='bbox 1635 5686 1735 5721; x_wconf 70' lang='lat' dir='ltr'><strong>tum</strong></span> <span class='ocrx_word' id='word_1_822' title='bbox 1804 5669 2060 5733; x_wconf 76' lang='lat' dir='ltr'><strong>intercipit</strong></span> 
     </span>
    </p>
   </div>
   <div class='ocr_carea' id='block_1_108' title="bbox 489 5748 682 5805">
    <p class='ocr_par' dir='ltr' id='par_1_108' title="bbox 489 5748 682 5805">
     <span class='ocr_line' id='line_1_108' title="bbox 489 5748 682 5805; baseline -0.021 0"><span class='ocrx_word' id='word_1_823' title='bbox 489 5748 658 5805; x_wconf 79' lang='lat' dir='ltr'><strong>Detth</strong></span> <span class='ocrx_word' id='word_1_824' title='bbox 671 5790 682 5801; x_wconf 95' lang='lat'><strong>.</strong></span> 
     </span>
    </p>
   </div>
   <div class='ocr_carea' id='block_1_109' title="bbox 2170 4576 3747 4652">
    <p class='ocr_par' dir='ltr' id='par_1_109' title="bbox 2170 4576 3747 4652">
     <span class='ocr_line' id='line_1_109' title="bbox 2170 4576 3747 4652; baseline -0.001 -21"><span class='ocrx_word' id='word_1_825' title='bbox 2170 4579 2462 4633; x_wconf 78' lang='lat' dir='ltr'><strong>secundum</strong></span> <span class='ocrx_word' id='word_1_826' title='bbox 2489 4576 2910 4647; x_wconf 85' lang='lat' dir='ltr'><strong>uniuscujusque</strong></span> <span class='ocrx_word' id='word_1_827' title='bbox 2931 4578 3173 4632; x_wconf 88' lang='lat' dir='ltr'><strong>habitum</strong></span> <span class='ocrx_word' id='word_1_828' title='bbox 3193 4578 3437 4652; x_wconf 58' lang='lat' dir='ltr'><strong>attijualis</strong></span> <span class='ocrx_word' id='word_1_829' title='bbox 3462 4592 3747 4639; x_wconf 68' lang='lat' dir='ltr'><strong>mensum,</strong></span> 
     </span>
    </p>
   </div>
   <div class='ocr_carea' id='block_1_110' title="bbox 2172 4668 3748 4741">
    <p class='ocr_par' dir='ltr' id='par_1_110' title="bbox 2172 4668 3748 4741">
     <span class='ocr_line' id='line_1_110' title="bbox 2172 4668 3748 4741; baseline -0.002 -17"><span class='ocrx_word' id='word_1_830' title='bbox 2172 4671 2591 4739; x_wconf 83' lang='lat' dir='ltr'><strong>magnitudines,</strong></span> <span class='ocrx_word' id='word_1_831' title='bbox 2644 4672 3011 4741; x_wconf 84' lang='lat' dir='ltr'><strong>compagines,</strong></span> <span class='ocrx_word' id='word_1_832' title='bbox 3056 4671 3294 4723; x_wconf 88' lang='lat' dir='ltr'><strong>membra</strong></span> <span class='ocrx_word' id='word_1_833' title='bbox 3344 4679 3469 4722; x_wconf 86' lang='lat' dir='ltr'><strong>sunt</strong></span> <span class='ocrx_word' id='word_1_834' title='bbox 3499 4668 3645 4729; x_wconf 83' lang='lat' dir='ltr'><strong>data,</strong></span> <span class='ocrx_word' id='word_1_835' title='bbox 3698 4683 3748 4721; x_wconf 86' lang='lat' dir='ltr'><strong>et</strong></span> 
     </span>
    </p>
   </div>
   <div class='ocr_carea' id='block_1_111' title="bbox 2174 4758 3749 4832">
    <p class='ocr_par' dir='ltr' id='par_1_111' title="bbox 2174 4758 3749 4832">
     <span class='ocr_line' id='line_1_111' title="bbox 2174 4758 3749 4832; baseline -0.003 -16"><span class='ocrx_word' id='word_1_836' title='bbox 2174 4764 2596 4832; x_wconf 89' lang='lat' dir='ltr'><strong>unumquodque</strong></span> <span class='ocrx_word' id='word_1_837' title='bbox 2649 4762 2716 4815; x_wconf 89' lang='lat' dir='ltr'><strong>ad</strong></span> <span class='ocrx_word' id='word_1_838' title='bbox 2773 4778 2925 4817; x_wconf 90' lang='lat' dir='ltr'><strong>suam</strong></span> <span class='ocrx_word' id='word_1_839' title='bbox 2975 4762 3351 4815; x_wconf 86' lang='lat' dir='ltr'><strong>necessitatem</strong></span> <span class='ocrx_word' id='word_1_840' title='bbox 3401 4767 3451 4813; x_wconf 70' lang='lat' dir='ltr'><strong>et</strong></span> <span class='ocrx_word' id='word_1_841' title='bbox 3492 4758 3749 4812; x_wconf 86' lang='lat' dir='ltr'><strong>virtutem</strong></span> 
     </span>
    </p>
   </div>
   <div class='ocr_carea' id='block_1_112' title="bbox 2174 4850 3751 4923">
    <p class='ocr_par' dir='ltr' id='par_1_112' title="bbox 2174 4850 3751 4923">
     <span class='ocr_line' id='line_1_112' title="bbox 2174 4850 3751 4923; baseline -0.003 -17"><span class='ocrx_word' id='word_1_842' title='bbox 2174 4854 2416 4923; x_wconf 81' lang='lat' dir='ltr'><strong>accepit?</strong></span> <span class='ocrx_word' id='word_1_843' title='bbox 2451 4854 2615 4923; x_wconf 84' lang='lat' dir='ltr'><strong>Equis</strong></span> <span class='ocrx_word' id='word_1_844' title='bbox 2641 4854 2785 4907; x_wconf 89' lang='lat' dir='ltr'><strong>enim</strong></span> <span class='ocrx_word' id='word_1_845' title='bbox 2815 4852 3070 4907; x_wconf 88' lang='lat' dir='ltr'><strong>velocitas</strong></span> <span class='ocrx_word' id='word_1_846' title='bbox 3094 4853 3217 4905; x_wconf 88' lang='lat' dir='ltr'><strong>data</strong></span> <span class='ocrx_word' id='word_1_847' title='bbox 3238 4861 3343 4915; x_wconf 88' lang='lat' dir='ltr'><strong>est,</strong></span> <span class='ocrx_word' id='word_1_848' title='bbox 3370 4860 3427 4902; x_wconf 92' lang='lat' dir='ltr'><strong>ut</strong></span> <span class='ocrx_word' id='word_1_849' title='bbox 3457 4850 3751 4918; x_wconf 79' lang='lat' dir='ltr'><strong>insequan-</strong></span> 
     </span>
    </p>
   </div>
   <div class='ocr_carea' id='block_1_113' title="bbox 2176 4940 3749 5014">
    <p class='ocr_par' dir='ltr' id='par_1_113' title="bbox 2176 4940 3749 5014">
     <span class='ocr_line' id='line_1_113' title="bbox 2176 4940 3749 5014; baseline -0.003 -19"><span class='ocrx_word' id='word_1_850' title='bbox 2176 4953 2264 4996; x_wconf 89' lang='lat' dir='ltr'><strong>tur</strong></span> <span class='ocrx_word' id='word_1_851' title='bbox 2297 4955 2352 4998; x_wconf 90' lang='lat' dir='ltr'><strong>et</strong></span> <span class='ocrx_word' id='word_1_852' title='bbox 2378 4944 2622 5014; x_wconf 70' lang='lat' dir='ltr'><strong>fugiant;</strong></span> <span class='ocrx_word' id='word_1_853' title='bbox 2650 4944 2771 4998; x_wconf 87' lang='lat' dir='ltr'><strong>aliis</strong></span> <span class='ocrx_word' id='word_1_854' title='bbox 2799 4943 3121 4997; x_wconf 89' lang='lat' dir='ltr'><strong>animalibus</strong></span> <span class='ocrx_word' id='word_1_855' title='bbox 3148 4942 3427 5005; x_wconf 81' lang='lat' dir='ltr'><strong>fortitudo,</strong></span> <span class='ocrx_word' id='word_1_856' title='bbox 3462 4949 3519 4993; x_wconf 91' lang='lat' dir='ltr'><strong>ut</strong></span> <span class='ocrx_word' id='word_1_857' title='bbox 3548 4940 3749 4992; x_wconf 87' lang='lat' dir='ltr'><strong>sensim</strong></span> 
     </span>
    </p>
   </div>
   <div class='ocr_carea' id='block_1_114' title="bbox 2174 5034 3752 5105">
    <p class='ocr_par' dir='ltr' id='par_1_114' title="bbox 2174 5034 3752 5105">
     <span class='ocr_line' id='line_1_114' title="bbox 2174 5034 3752 5105; baseline -0.004 -16"><span class='ocrx_word' id='word_1_858' title='bbox 2174 5048 2456 5104; x_wconf 84' lang='lat' dir='ltr'><strong>portarent</strong></span> <span class='ocrx_word' id='word_1_859' title='bbox 2490 5036 2724 5105; x_wconf 85' lang='lat' dir='ltr'><strong>pondera</strong></span> <span class='ocrx_word' id='word_1_860' title='bbox 2773 5038 2874 5092; x_wconf 91' lang='lat' dir='ltr'><strong>sibi</strong></span> <span class='ocrx_word' id='word_1_861' title='bbox 2906 5037 3178 5103; x_wconf 90' lang='lat' dir='ltr'><strong>imposita.</strong></span> <span class='ocrx_word' id='word_1_862' title='bbox 3222 5034 3286 5088; x_wconf 75' lang='lat' dir='ltr'><strong>Et</strong></span> <span class='ocrx_word' id='word_1_863' title='bbox 3327 5043 3637 5088; x_wconf 87' lang='lat' dir='ltr'><strong>mensurata</strong></span> <span class='ocrx_word' id='word_1_864' title='bbox 3671 5042 3752 5085; x_wconf 74' lang='lat' dir='ltr'><strong>cst</strong></span> 
     </span>
    </p>
   </div>
   <div class='ocr_carea' id='block_1_115' title="bbox 2176 5123 3759 5197">
    <p class='ocr_par' dir='ltr' id='par_1_115' title="bbox 2176 5123 3759 5197">
     <span class='ocr_line' id='line_1_115' title="bbox 2176 5123 3759 5197; baseline -0.002 -19"><span class='ocrx_word' id='word_1_865' title='bbox 2176 5127 2467 5196; x_wconf 87' lang='lat' dir='ltr'><strong>unicuique</strong></span> <span class='ocrx_word' id='word_1_866' title='bbox 2501 5128 2692 5191; x_wconf 87' lang='lat' dir='ltr'><strong>virtus,</strong></span> <span class='ocrx_word' id='word_1_867' title='bbox 2740 5130 3000 5197; x_wconf 87' lang='lat' dir='ltr'><strong>potentia,</strong></span> <span class='ocrx_word' id='word_1_868' title='bbox 3046 5127 3383 5197; x_wconf 83' lang='lat' dir='ltr'><strong>magnitudo,</strong></span> <span class='ocrx_word' id='word_1_869' title='bbox 3425 5123 3759 5179; x_wconf 78' lang='lat' dir='ltr'><strong>conveniens</strong></span> 
     </span>
    </p>
   </div>
   <div class='ocr_carea' id='block_1_116' title="bbox 2177 5218 3751 5289">
    <p class='ocr_par' dir='ltr' id='par_1_116' title="bbox 2177 5218 3751 5289">
     <span class='ocr_line' id='line_1_116' title="bbox 2177 5218 3751 5289; baseline -0.001 -17"><span class='ocrx_word' id='word_1_870' title='bbox 2177 5233 2321 5283; x_wconf 78' lang='lat' dir='ltr'><strong>esca,</strong></span> <span class='ocrx_word' id='word_1_871' title='bbox 2351 5228 2405 5272; x_wconf 90' lang='lat' dir='ltr'><strong>et</strong></span> <span class='ocrx_word' id='word_1_872' title='bbox 2430 5219 2559 5288; x_wconf 88' lang='lat' dir='ltr'><strong>ipsis</strong></span> <span class='ocrx_word' id='word_1_873' title='bbox 2587 5221 2911 5274; x_wconf 86' lang='lat' dir='ltr'><strong>animalibus</strong></span> <span class='ocrx_word' id='word_1_874' title='bbox 2943 5222 3161 5289; x_wconf 82' lang='lat' dir='ltr'><strong>prOpria</strong></span> <span class='ocrx_word' id='word_1_875' title='bbox 3192 5218 3358 5284; x_wconf 90' lang='lat' dir='ltr'><strong>salus,</strong></span> <span class='ocrx_word' id='word_1_876' title='bbox 3384 5232 3501 5285; x_wconf 77' lang='lat' dir='ltr'><strong>qnze</strong></span> <span class='ocrx_word' id='word_1_877' title='bbox 3531 5228 3751 5285; x_wconf 77' lang='lat' dir='ltr'><strong>guStarc</strong></span> 
     </span>
    </p>
   </div>
   <div class='ocr_carea' id='block_1_117' title="bbox 2180 5307 3749 5379">
    <p class='ocr_par' dir='ltr' id='par_1_117' title="bbox 2180 5307 3749 5379">
     <span class='ocr_line' id='line_1_117' title="bbox 2180 5307 3749 5379; baseline -0.003 -19"><span class='ocrx_word' id='word_1_878' title='bbox 2180 5308 2453 5369; x_wconf 88' lang='lat' dir='ltr'><strong>deberent,</strong></span> <span class='ocrx_word' id='word_1_879' title='bbox 2492 5318 2547 5362; x_wconf 89' lang='lat' dir='ltr'><strong>et</strong></span> <span class='ocrx_word' id='word_1_880' title='bbox 2584 5324 2612 5361; x_wconf 87' lang='lat' dir='ltr'><strong>a</strong></span> <span class='ocrx_word' id='word_1_881' title='bbox 2652 5310 2846 5379; x_wconf 90' lang='lat' dir='ltr'><strong>quibus</strong></span> <span class='ocrx_word' id='word_1_882' title='bbox 2890 5324 2948 5362; x_wconf 88' lang='lat' dir='ltr'><strong>se</strong></span> <span class='ocrx_word' id='word_1_883' title='bbox 2974 5310 3289 5362; x_wconf 82' lang='lat' dir='ltr'><strong>abstinere:</strong></span> <span class='ocrx_word' id='word_1_884' title='bbox 3323 5307 3523 5361; x_wconf 87' lang='lat' dir='ltr'><strong>homini</strong></span> <span class='ocrx_word' id='word_1_885' title='bbox 3568 5315 3749 5358; x_wconf 82' lang='lat' dir='ltr'><strong>autem</strong></span> 
     </span>
    </p>
   </div>
   <div class='ocr_carea' id='block_1_118' title="bbox 2179 5400 3753 5457">
    <p class='ocr_par' dir='ltr' id='par_1_118' title="bbox 2179 5400 3753 5457">
     <span class='ocr_line' id='line_1_118' title="bbox 2179 5400 3753 5457; baseline 0.001 -7"><span class='ocrx_word' id='word_1_886' title='bbox 2179 5409 2232 5451; x_wconf 89' lang='lat' dir='ltr'><strong>et</strong></span> <span class='ocrx_word' id='word_1_887' title='bbox 2264 5400 2331 5452; x_wconf 87' lang='lat' dir='ltr'><strong>ab</strong></span> <span class='ocrx_word' id='word_1_888' title='bbox 2368 5402 2485 5453; x_wconf 89' lang='lat' dir='ltr'><strong>aliis</strong></span> <span class='ocrx_word' id='word_1_889' title='bbox 2517 5402 2845 5457; x_wconf 86' lang='lat' dir='ltr'><strong>animalibus</strong></span> <span class='ocrx_word' id='word_1_890' title='bbox 2884 5402 3349 5456; x_wconf 85' lang='lat' dir='ltr'><strong>irrationabilibus</strong></span> <span class='ocrx_word' id='word_1_891' title='bbox 3384 5415 3511 5454; x_wconf 84' lang='lat' dir='ltr'><strong>usus</strong></span> <span class='ocrx_word' id='word_1_892' title='bbox 3539 5408 3626 5452; x_wconf 86' lang='lat' dir='ltr'><strong>est</strong></span> <span class='ocrx_word' id='word_1_893' title='bbox 3650 5400 3753 5452; x_wconf 80' lang='lat' dir='ltr'><strong>da-</strong></span> 
     </span>
    </p>
   </div>
   <div class='ocr_carea' id='block_1_119' title="bbox 2169 5532 3753 5653">
    <p class='ocr_par' dir='ltr' id='par_1_119' title="bbox 2169 5532 3753 5653">
     <span class='ocr_line' id='line_1_119' title="bbox 2169 5532 3753 5653; baseline 0.003 -68"><span class='ocrx_word' id='word_1_894' title='bbox 2169 5605 2201 5651; x_wconf 64' lang='lat' dir='ltr'><strong><em>d</em></strong></span> <span class='ocrx_word' id='word_1_895' title='bbox 2237 5533 2356 5653; x_wconf 45' lang='lat'><strong>((13)</strong></span> <span class='ocrx_word' id='word_1_896' title='bbox 2387 5534 2483 5588; x_wconf 82' lang='lat' dir='ltr'><strong>Ms.</strong></span> <span class='ocrx_word' id='word_1_897' title='bbox 2518 5534 2582 5588; x_wconf 83' lang='lat' dir='ltr'><strong>Et</strong></span> <span class='ocrx_word' id='word_1_898' title='bbox 2616 5538 2801 5588; x_wconf 78' lang='lat' dir='ltr'><strong>iterum</strong></span> <span class='ocrx_word' id='word_1_899' title='bbox 2824 5538 2911 5605; x_wconf 76' lang='lat' dir='ltr'><strong>qui</strong></span> <span class='ocrx_word' id='word_1_900' title='bbox 2941 5536 3250 5615; x_wconf 61' lang='lat' dir='ltr'><strong>puniuntur,</strong></span> <span class='ocrx_word' id='word_1_901' title='bbox 3280 5537 3325 5589; x_wconf 74' lang='lat' dir='ltr'><strong>si</strong></span> <span class='ocrx_word' id='word_1_902' title='bbox 3352 5535 3649 5603; x_wconf 68' lang='lat' dir='ltr'><strong>scutett&#39;psos</strong></span> <span class='ocrx_word' id='word_1_903' title='bbox 3674 5532 3753 5589; x_wconf 64' lang='grc' dir='ltr'><strong>υἱ-</strong></span> 
     </span>
     <span class='ocr_line' id='line_1_120' title="bbox 2207 5619 2381 5653; baseline 0 0"><span class='ocrx_word' id='word_1_904' title='bbox 2207 5620 2231 5653; x_wconf 80' lang='grc' dir='ltr'><em>ε</em></span> <span class='ocrx_word' id='word_1_905' title='bbox 2254 5619 2381 5653; x_wconf 75' lang='grc' dir='ltr'>ἰιηι.</span> 
     </span>
    </p>
   </div>
   <div class='ocr_carea' id='block_1_120' title="bbox 2207 5619 2381 5655">
    <p class='ocr_par' dir='ltr' id='par_1_120' title="bbox 2207 5619 2381 5655">
     <span class='ocr_line' id='line_1_121' title="bbox 2207 5619 2381 5655; baseline 0.006 -1"><span class='ocrx_word' id='word_1_906' title='bbox 2207 5619 2381 5655; x_wconf 72' lang='lat' dir='ltr'><strong>eoum.</strong></span> 
     </span>
    </p>
   </div>
   <div class='ocr_carea' id='block_1_121' title="bbox 2242 5674 3341 5748">
    <p class='ocr_par' dir='ltr' id='par_1_121' title="bbox 2242 5674 3341 5748">
     <span class='ocr_line' id='line_1_122' title="bbox 2242 5674 3341 5748; baseline 0.003 -23"><span class='ocrx_word' id='word_1_907' title='bbox 2242 5674 2286 5741; x_wconf 61' lang='lat' dir='ltr'><strong>tl</strong></span> <span class='ocrx_word' id='word_1_908' title='bbox 2308 5676 2351 5744; x_wconf 67' lang='grc' dir='ltr'><strong>ί)</strong></span> <span class='ocrx_word' id='word_1_909' title='bbox 2386 5677 2672 5731; x_wconf 84' lang='lat' dir='ltr'><strong>Horarum.</strong></span> <span class='ocrx_word' id='word_1_910' title='bbox 2716 5676 2911 5748; x_wconf 85' lang='grc' dir='ltr'><strong>Ὤρων,</strong></span> <span class='ocrx_word' id='word_1_911' title='bbox 2944 5686 3341 5746; x_wconf 85' lang='lat' dir='ltr'><strong>tempestatum.</strong></span> 
     </span>
    </p>
   </div>
  </div>
