4098 6398
353 347 493 405 ιιι-ιι

1453 344 1543 398 DE
1581 343 2186 400 BESURBECTIONE.
2217 376 2284 388 --
2323 344 2450 397 LIB.
2491 345 2528 399 l'.

3461 340 3600 397 107‘

349 471 451 526 tus,
481 473 534 517 et
562 477 590 515 ι
621 460 817 531 plantis
839 468 892 514 et
914 461 980 514 ab
1008 457 1313 521 arboribus,
1347 473 1374 511 α
1406 456 1689 527 lapidibus,
1719 472 1748 510 a
1779 455 1913 508 mari
1946 461 1992 516 Α
2021 469 2124 508 non
2149 453 2422 530 pertinet?
2463 454 2911 522 quemadmodum
2955 461 3133 506 autem
3168 452 3425 522 pertinet,
3449 453 3492 506 si
3523 454 3596 508 si'

346 564 399 613 st
437 571 466 608 a
498 564 642 606 terra
676 571 689 607 :
725 552 958 618 undique
1000 550 1143 603 enim
1188 549 1515 603 constitutus
1550 558 1634 600 est.
1670 546 1831 600 veluti
1865 547 1918 599 in

347 660 457 700 uno
483 660 708 713 corpore
732 644 962 698 mundus
991 634 1312 707 coniunctius
1343 639 1466 694 sibi.
1503 639 1568 693 Et
1590 637 1921 707 unumquod-

355 751 452 808 que
485 737 697 806 quidem
726 744 863 802 quod
895 733 1092 786 factum
1125 743 1227 796 est,
1265 732 1538 800 propriam
1575 731 1733 784 habet
1759 738 1918 782 uatu-

349 844 462 885 ram
499 838 554 882 et
599 829 862 891 salutem;
896 824 1122 891 plurima
1159 834 1336 876 autem
1378 837 1604 891 quaeque
1638 821 1689 874 in
1722 835 1781 874 se
1828 834 1923 873 ne-

346 922 581 977 cessaria
613 919 866 973 continet.
900 917 1135 984 Denique
1167 921 1246 970 sol
1281 917 1485 984 positus
1513 915 1727 984 quidem
1761 914 1918 968 estin

348 1026 448 1068 suo
474 1010 609 1070 loco,
649 1010 806 1062 habet
841 1016 1016 1060 autent
1064 1007 1336 1074 propriam
1385 1005 1828 1070 magnitudinem,
1868 1013 1923 1057 et

347 1102 588 1175 possidet
621 1111 896 1167 acceptum
929 1114 1082 1152 suum
1131 1097 1412 1167 fulgorem,
1447 1106 1502 1150 et
1552 1096 1818 1150 illuminat
1858 1112 1919 1149 ea

350 1187 490 1262 quae
516 1195 567 1246 in
604 1201 742 1245 terra
787 1191 1070 1251 habentur,
1103 1188 1241 1242 fovet
1273 1195 1327 1241 et
1359 1187 1624 1242 calefacit.
1675 1187 1739 1240 Et
1785 1203 1924 1241 ntmc

350 1286 565 1354 quidem
591 1283 799 1354 longius
837 1282 1153 1344 abscedi-ns,
1186 1281 1330 1334 cedit
1353 1280 1676 1335 confectioni
1710 1282 1922 1344 hiemis,

349 1382 407 1426 ut
433 1382 692 1427 statutum
725 1379 842 1435 est;
886 1385 1025 1422 nunc
1079 1381 1258 1423 autem
1305 1370 1493 1424 iterum
1533 1379 1836 1433 revonatus,
1873 1383 1926 1423 et

349 1465 416 1518 ad
437 1477 714 1515 mensuras
741 1462 1024 1523 accedens,
1054 1475 1159 1514 non
1188 1461 1364 1513 subito
1393 1469 1583 1525 nocet;
1631 1461 1927 1515 exussisset

351 1554 496 1605 enim
536 1552 738 1616 omnia,
790 1553 835 1605 si
867 1552 1044 1605 subito
1072 1551 1137 1603 ad
1175 1565 1235 1603 ea
1281 1551 1452 1618 spatia
1496 1566 1614 1619 qua:
1652 1551 1927 1603 dimiserat

357 1642 707 1707 recnrrisset;
745 1657 918 1712 neque
939 1642 1128 1695 iterum
1153 1658 1256 1695 non
1283 1641 1596 1695 illuminans
1616 1641 1924 1701 intermisit.

357 1746 415 1791 ut
453 1736 658 1791 fruetus
693 1750 795 1788 non
830 1744 1418 1803 coquerentur;neque
1442 1733 1694 1785 advenire
1733 1733 1808 1784 ad
1831 1733 1930 1784 im-

2024 544 2224 598 militer
2253 545 2700 614 moriturjustus,
2725 553 2778 597 et
2801 541 3030 612 impius?
3055 543 3106 597 Is
3135 544 3275 596 enim
3304 544 3396 613 qui
3425 543 3599 597 aliena

2024 636 2185 704 rapit,
2213 636 2408 689 fruitus
2431 647 2514 689 est
2549 651 2668 705 qua:
2698 636 2916 705 diripuit
2952 634 3063 705 (15)
3097 652 3111 689 :
3140 635 3229 703 qui
3273 645 3451 690 autem
3505 652 3600 690 sua

2024 727 2226 789 amisit,
2261 727 2392 780 abiit
2412 742 2633 796 gemens
2665 742 2766 780 non
2797 728 3000 781 habens
3037 742 3187 795 spem
3209 728 3240 781 ?'
3262 729 3365 783 Sed
3393 745 3496 783 non
3521 739 3609 784 est

2025 819 2287 888 iniquitas
2314 822 2452 888 apttd
2487 821 2671 874 Deum.
2704 819 2760 874 Si
2796 819 2940 872 enim
2967 835 3069 872 non
3104 831 3187 874 est
3213 835 3336 890 spes
3359 836 3602 876 resurre-

2024 911 2236 973 ctionis.
2277 918 2330 964 et
2361 909 2610 964 solatium
2637 909 2741 964 illis
2771 910 2858 978 qui
2890 909 3012 964 istic
3049 921 3333 973 uocentur.
3366 921 3421 965 et
3463 927 3590 966 mer-
3641 953 3643 956 ι

2025 1017 2116 1057 cos
2149 1002 2231 1055 bis
2264 1002 2353 1071 qui
2380 1017 2474 1054 sua
2513 1001 2636 1056 istic
2663 1011 2945 1072 spargunt,
2999 1017 3187 1072 magna
3235 1003 3494 1070 iniquitas
3523 1009 3602 1058 est

2026 1095 2164 1162 apud
2187 1094 2412 1163 justum.
2460 1092 2514 1147 Si
2544 1095 2686 1148 enim
2715 1109 2863 1163 :rqna
2893 1096 3191 1148 redduntur
3225 1097 3495 1158 omnibus.
3520 1096 3601 1166 je-

2019 1184 2229 1252 junami
2265 1195 2318 1240 et
2351 1187 2586 1248 ebrioso,
2635 1185 2918 1241 libidinoso
2960 1197 3012 1241 et
3035 1188 3251 1257 pudico,
3291 1189 3520 1257 rapienti
3552 1200 3600 1244 et

2027 1276 2270 1340 donanti,
2315 1277 2580 1332 occidenti
2630 1288 2684 1332 et
2739 1279 2787 1333 ei
2830 1279 2918 1348 qui
2969 1266 3256 1340 occiditur.
3313 1289 3364 1334 et
3417 1280 3464 1333 ei
3513 1281 3621 1350 qui

2029 1366 2344 1434 martyrium
2378 1365 2673 1434 tollit(l6),
2710 1367 2797 1421 ubi
2829 1369 2998 1423 virtus
3033 1378 3115 1423 est
3143 1370 3529 1440 providentiae?
3552 1371 3603 1424 In

2029 1457 2314 1525 praecipuis
2341 1458 2496 1511 enim-
2525 1457 2570 1512 si
2604 1457 2856 1524 defuerit,
2887 1475 2992 1514 non
3030 1462 3135 1515 erit
3163 1461 3309 1515 utilis
3343 1477 3516 1530 neque
3552 1462 3604 1517 in

2031 1549 2288 1602 minimis.
2325 1547 2427 1602 Sed
2465 1565 2568 1604 non
2612 1550 2682 1604 sit
2731 1550 3072 1620 sacrilegium
3123 1551 3263 1606 istud
3323 1552 3604 1607 admittere

2029 1655 2396 1710 quemquam:
2435 1641 2546 1694 sive
2585 1640 2728 1694 enim
2772 1642 3000 1712 gentiles
3045 1651 3170 1696 sunt
3217 1641 3308 1712 qui
3349 1644 3606 1697 adversus

2032 1731 2487 1785 resurrectionem
2529 1742 2723 1797 augent
2759 1735 2913 1786 nobis
2957 1732 3252 1797 rationem,
3293 1732 3382 1802 qui
3421 1733 3606 1788 volunt

355 1833 535 1892 petum
568 1824 742 1880 subito
777 1823 979 1877 currit:
1015 1831 1355 1876 att-mensura:
1380 1831 1435 1875 et
1458 1821 1728 1876 recedenti
1757 1833 1812 1874 ct
1843 1836 1917 1874 re-
1962 1801 2242 1876 Biratione
2301 1838 2359 1876 se
2395 1837 2554 1892 agere
2594 1836 2812 1882 cuncta,
2861 1823 2957 1892 qui
2988 1832 3115 1877 sunt
3160 1823 3554 1878 irrationabiles
3587 1841 3604 1877 :

354 1914 591 1966 currenti
623 1923 746 1978 sunt
771 1914 927 1966 datae.
958 1911 1071 1966 Non
1104 1912 1502 1984 coniunguntur
1531 1915 1646 1967 dies
1677 1913 1924 1966 nectibus

353 2003 618 2061 habentes
655 2000 854 2066 solum;
903 2018 945 2055 ει
977 2003 1259 2056 enintlncc
1302 2004 1374 2056 ita
1413 2013 1615 2067 essent,
1665 2004 1931 2056 arsissent

353 2097 558 2154 Omnia.
593 2097 697 2151 Sed
731 2096 812 2150 sol
843 2095 1057 2163 quidem
1095 2095 1356 2163 per-.dieut
1404 2093 1569 2161 fovet,
1603 2107 1695 2148 ros
1749 2104 1926 2148 autem

356 2200 677 2243 nocturnum
708 2187 1017 2241 consolatur
1039 2186 1307 2240 ardorem.
1338 2185 1403 2239 Et
1430 2200 1679 2240 mensura
1723 2201 1752 2239 a
1785 2196 1928 2239 terra

356 2281 435 2333 sol
468 2281 654 2343 distat,
677 2289 734 2332 ut
762 2293 933 2346 neque
956 2278 1319 2347 propinquans
1350 2287 1588 2339 noceret,
1621 2293 1794 2346 neque
1821 2278 1931 2329 lon-

357 2371 476 2438 gius
499 2369 710 2424 distans
735 2368 922 2436 frigori
947 2367 1478 2424 cederet.,Mensnr:r
1509 2368 1779 2436 igiturbis
1812 2382 1932 2436 qua:

357 2463 410 2514 in
439 2463 574 2515 coelo
608 2473 733 2515 sunt
759 2463 824 2514 ad
853 2477 912 2514 ea
939 2476 1062 2529 qua:
1096 2461 1147 2512 ιιι
1179 2471 1318 2513 terra
1358 2459 1661 2524 habentur;
1696 2475 1794 2512 nec
1824 2474 1929 2512 non

355 2564 410 2607 et
435 2569 552 2622 quae
606 2555 658 2607 in
713 2553 846 2607 mari
893 2553 966 2606 ad.
1005 2561 1226 2614 terram,
1269 2559 1324 2604 et
1357 2551 1461 2605 diei
1495 2553 1560 2603 ad
1590 2562 1838 2613 noctem,
1878 2560 1934 2604 et

358 2646 517 2700 bienti
557 2647 622 2699 ad
667 2657 930 2699 aestatem.
992 2645 1054 2698 Et
1109 2661 1212 2697 non
1256 2653 1402 2697 tanta
1445 2644 1624 2711 eloqui
1687 2653 1930 2713 possunt,

356 2747 551 2805 quanta
600 2739 848 2791 universa
896 2748 1084 2791 natura
1127 2738 1441 2805 proclamat.
1503 2735 1631 2790 ϐεεΙὶ
1684 2748 1933 2790 enarrant

354 2831 578 2899 gloriam
620 2829 737 2894 Dei,
786 2841 1156 2895 aperavautem
1190 2847 1448 2885 "mnuum
1485 2829 1599 2898 ejus
1651 2831 1930 2882 annuntiat

355 2915 742 2990 ﬁrmamentum
778 2925 844 2986 '°,
873 2924 1003 2977 dicit
1027 2923 1313 2992 Propheta.
1351 2923 1404 2975 Ιιι
1440 2922 1545 2975 alio
1578 2932 1758 2974 autem
1790 2922 1936 2990 psal-

358 3029 448 3067 tno
478 3033 506 3066 a
535 3031 746 3067 sursum
791 3030 959 3081 usque
994 3017 1243 3068 deorsum
1284 3014 1460 3066 omnis
1488 3021 1738 3066 creatura
1768 3014 1930 3065 dinu-

363 3119 622 3161 meratur.
670 3108 735 3161 Et
767 3119 912 3161 certe
957 3118 1012 3162 et
1045 3110 1156 3175 ipse
1186 3109 1277 3176 qui
1315 3105 1475 3169 dicit,
1525 3104 1655 3159 σωιξ
1680 3115 1932 3160 enarrari:

2029 1916 2477 1983 quemadmodum
2525 1913 2632 1966 Deo
2661 1914 2869 1978 justitia
2910 1915 3247 1970 salvabitur?
3298 1916 3418 1970 istic
3461 1917 3604 1970 enim

2031 2007 2275 2061 videmus
2306 2021 2686 2075 nonnunquam
2719 2022 2972 2075 perverse
2998 2008 3208 2075 negotia
3241 2008 3374 2077 geri,
3401 2017 3459 2062 ut
3488 2007 3607 2063 illos

2030 2099 2249 2167 quidem
2283 2099 2372 2167 qtti
2399 2109 2620 2152 cantant
2645 2109 2890 2167 putemus
2918 2100 3053 2152 bene
3078 2099 3277 2153 habere
3301 2099 3351 2153 in
3376 2100 3572 2154 mundo
3592 2119 3609 2154 :

2032 2190 2165 2244 alios
2195 2201 2396 2254 autem,
2426 2191 2514 2258 qui
2550 2189 2809 2257 diripiunt
2840 2199 2895 2243 et
2927 2189 3187 2254 ditantur,
3229 2189 3396 2245 hetari
3435 2199 3489 2245 et
3518 2205 3610 2246 sa-

2033 2298 2131 2336 nos
2162 2296 2286 2336 esse
2305 2296 2552 2350 corpore,
2594 2283 2732 2335 forte
2762 2281 2931 2352 magis
2972 2283 3184 2352 iniquos
3210 2297 3372 2352 quam
3409 2283 3612 2351 justos,

2032 2384 2086 2427 et
2140 2389 2520 2443 nonnunquam
2571 2373 2761 2429 melius
2817 2389 3016 2443 corpus
3073 2374 3309 2439 habere,
3366 2386 3419 2429 et
3475 2375 3614 2430 filios

2032 2466 2400 2534 quantplures,
2429 2465 2603 2520 ethos
2631 2465 2948 2529 incolumes,
2971 2478 3025 2521 et
3058 2465 3310 2521 mulieres
3337 2482 3458 2521 cum
3485 2467 3615 2521 vit-is

2033 2557 2207 2610 betam
2247 2558 2442 2626 degere
2487 2557 2676 2617 vitam,
2706 2566 2759 2611 et
2785 2573 3062 2611 servorum
3106 2557 3503 2611 multitudinem
3535 2557 3616 2613 eis

2035 2663 2177 2710 esse,
2213 2658 2266 2702 et
2299 2662 2458 2716 opum
2511 2655 2566 2700 et
2604 2648 3026 2718 possessionum,
3080 2658 3136 2703 et
3188 2649 3402 2704 condita
3443 2648 3613 2703 multa

2033 2741 2335 2795 substantia
2369 2741 2540 2808 larga,
2579 2757 2738 2810 quam
2783 2750 2836 2795 et
2886 2741 3259 2811 transmittunt
3319 2744 3384 2795 ad
3431 2740 3608 2797 filios:

2027 2828 2156 2897 justi
2189 2840 2368 2883 autem
2401 2843 2641 2901 gentqu,
2665 2840 2717 2886 et
2739 2826 2867 2886 cum
2886 2846 3120 2886 maerore
3156 2833 3353 2901 degunt
3381 2832 3434 2886 in
3462 2848 3616 2886 mun-

2035 2923 2142 2978 do:
2164 2931 2216 2975 et
2251 2923 2339 2976 ubi
2368 2933 2448 2977 est
2484 2923 2689 2993 jnstitia
2714 2939 2835 2994 qua:
2867 2941 2895 2977 a
2924 2924 3034 2978 Deo
3072 2924 3195 2980 est?
3227 2925 3293 2978 Et
3320 2925 3365 2980 si
3397 2924 3613 2995 quidem

2034 3014 2098 3066 ad
2138 3011 2349 3066 Judatos
2383 3014 2454 3066 sit
2480 3030 2657 3070 sermo
2681 3054 2697 3080 ,
2740 3015 2868 3085 quid
2896 3016 3097 3084 profuit
3124 3017 3372 3082 Abrahze,
3401 3025 3458 3072 ut
3489 3032 3619 3087 pro-

2038 3105 2348 3158 ntissiOnem
2371 3107 2590 3175 quidem
2613 3109 2905 3177 acciperet,
2938 3108 3002 3161 ad
3027 3109 3412 3177 promissiones
3435 3119 3613 3164 autent
3647 3139 3654 3156 λ

359 3199 584 3268 nimiam
625 3199 736 3259 Dei.
775 3217 876 3253 uott
920 3199 1244 3266 loquentiam
1289 3199 1512 3253 audivit.
1547 3199 1636 3251 Ait
1659 3198 1800 3251 enim
1833 3214 1932 3250 non
1961 3177 2010 3234 (ἶ
2038 3213 2142 3252 non
2174 3200 2479 3268 perveniret
2511 3215 2526 3252 :
2562 3200 2762 3268 quique
2795 3208 3002 3268 patrem
3045 3199 3265 3268 quidem
3305 3199 3618 3254 amantissi-

359 3302 471 3340 esse
501 3287 749 3354 loquelas,
798 3305 958 3355 neque
1006 3304 1266 3341 sermones
1288 3288 1334 3318 “
1367 3304 1381 3340 :
1419 3287 1710 3341 tacentium
1757 3297 1935 3340 autem

361 3393 548 3432 eorum
575 3379 626 3430 in
657 3395 869 3432 omnem
895 3381 1149 3433 mundum
1175 3380 1371 3435 exiisse
1401 3395 1591 3435 sonum
1620 3393 1806 3432 eorum
1840 3379 1934 3430 ait.

362 3469 497 3534 Quia
560 3468 720 3538 igitur
772 3485 864 3538 per
915 3478 1062 3524 tanta
1110 3484 1228 3538 qua:
1260 3470 1493 3523 diximus
1554 3481 1606 3521 et
1647 3470 1934 3528 tacuimus,

362 3562 476 3627 ipsa
507 3577 684 3614 rerum
719 3566 927 3632 negotia
965 3562 1217 3624 clamant,
1247 3571 1298 3615 et
1331 3561 1720 3630 providentiam
1747 3560 1940 3629 pradi—

361 3662 488 3705 cant
538 3652 668 3717 Dei;
704 3655 924 3706 rationis
977 3670 1079 3705 non
1117 3664 1195 3706 est
1231 3653 1296 3705 ad
1324 3667 1418 3705 eos
1454 3652 1542 3718 qui
1593 3649 1940 3719 praescribere

365 3756 610 3798 naturam
643 3746 847 3809 volunt,
871 3756 923 3798 et
954 3744 1183 3798 visibilia
1217 3757 1319 3795 non
1343 3743 1546 3806 videre,
1581 3741 1940 3810 nosmetipsos

366 3837 700 3905 protendere.
760 3838 865 3890 Sed
906 3837 973 3889 ab
1011 3835 1218 3889 illorum
1268 3835 1482 3904 quidem
1543 3833 1940 3899 irreligiosilate

368 3929 594 3982 transire
623 3929 736 3997 jam
773 3940 980 3996 tempus
1015 3945 1110 3983 nos
1145 3929 1418 3987 admonet.
1445 3941 1736 3996 properare
1759 3935 1937 3979 autem

366 4022 430 4072 ad
457 4021 641 4084 aliam,
675 4035 740 4075 ne
783 4023 1060 4075 videamur
1105 4031 1159 4073 et
1196 4020 1556 4075 contaminari
1592 4017 1940 4087 ittspicientts

365 4124 478 4171 eos,
525 4110 614 4178 qui
665 4125 766 4164 non
805 4111 1004 4165 vident.
1053 4109 1282 4163 Tantum
1317 4118 1494 4163 autem
1552 4109 1671 4160 addi
1707 4117 1938 4177 oportet,

367 4202 492 4270 quia
525 4201 768 4256 confessa
799 4201 1134 4270 providentia
1161 4214 1496 4266 consequens
1523 4207 1605 4251 est
1637 4198 1828 4251 adesse
1856 4212 1942 4252 re-

367 4293 782 4354 surrectionem,
819 4292 1271 4360 quemadmodum
1301 4305 1638 4359 consequens
1671 4298 1725 4345 et
1757 4303 1942 4344 neces-

367 4387 512 4441 saria
553 4396 634 4440 est
679 4388 1020 4441 resarrectio.
1073 4387 1202 4440 Sine
1257 4401 1417 4439 causa
1479 4386 1741 4455 justitiam
1813 4385 1941 4439 colit

2039 3307 2207 3355 mum,
2247 3301 2475 3343 matrem
2505 3291 2718 3358 quidem
2752 3291 3023 3355 dilectam,
3057 3294 3285 3359 patriam
3325 3290 3377 3344 in
3402 3306 3506 3360 qua
3536 3300 3620 3345 est

2038 3385 2298 3437 educatus
2333 3381 2550 3450 reliquit
2580 3378 2798 3451 propter
2825 3393 3154 3451 praeceptum
3174 3381 3218 3434 ?'
3243 3381 3410 3436 Scitis
3439 3390 3618 3435 autem

2037 3487 2092 3528 et
2125 3489 2220 3529 vos
2255 3484 2454 3542 quanta
2489 3474 2757 3542 pernicies
2807 3474 2876 3528 sit
2915 3472 3316 3528 consuetudinis
3355 3472 3647 3528 sustinere-

2041 3579 2335 3619 recessum.
2364 3563 2674 3618 Adveniens
2701 3573 2878 3617 autem
2918 3565 2984 3616 ad
3015 3573 3213 3618 terram
3246 3562 3623 3632 repromissio-
3653 3599 3656 3602 ~

2041 3654 2148 3717 nis,
2180 3653 2504 3708 circumibat
2534 3662 2590 3705 ιιι
2615 3653 2933 3722 peregrinus
2963 3663 3016 3709 et
3051 3655 3277 3718 advena,
3306 3655 3621 3709 desiderans

2041 3745 2228 3799 satiari
2272 3761 2434 3814 aqua,
2473 3745 2628 3812 cujus
2670 3746 2788 3814 ipse
2813 3745 2952 3810 fons,
2991 3755 3180 3814 puteus
3218 3754 3335 3800 erat
3363 3746 3624 3809 adinven-

2041 3845 2144 3903 tor,
2187 3837 2278 3906 qui
2311 3837 2358 3889 ei
2391 3836 2600 3890 fructus
2639 3852 2703 3890 ex
2752 3837 3110 3904 promissione
3154 3835 3441 3905 provenit?
3483 3834 3663 3889 Tor-r-r

2042 3940 2278 3983 mentum
2320 3929 2463 3982 enim
2496 3930 2544 3982 ei
2573 3929 2689 3982 erat
2715 3930 2882 3998 ipsius
2912 3929 3285 3999 promissionis
3323 3928 3618 3984 adventus:

2041 4023 2224 4076 videre
2254 4023 2396 4077 enim
2437 4021 2870 4091 promissionem,
2901 4038 3005 4077 non
3032 4022 3266 4091 permitti
3313 4032 3488 4076 autem
3531 4037 3636 4075 ea--

2043 4113 2161 4166 dent
2193 4112 2319 4178 frtti,
2346 4113 2517 4182 magis
2540 4113 2616 4163 ad
2639 4112 3025 4180 blasphemiam
3057 4111 3492 4177 adducebat,sed
3515 4127 3620 4166 non

2041 4203 2336 4258 Abraham.
2374 4204 2646 4256 Abraham
2686 4203 2829 4256 enim
2859 4205 3063 4258 addens
3105 4215 3159 4257 et
3196 4220 3302 4258 non
3340 4203 3661 4274 perfruens...

2044 4303 2101 4344 ttt
2129 4308 2312 4345 mensa
2343 4293 2609 4362 apposita,
2639 4301 2692 4344 et
2719 4293 3022 4360 prohibitus
3047 4292 3339 4362 degustare
3367 4291 3526 4347 etiam
3553 4307 3623 4346 ex

2046 4384 2130 4438 his
2156 4400 2272 4452 qua}
2293 4393 2772 4452 exsuperaveraat,
2799 4384 2870 4438 ita
2895 4384 3148 4438 dimissus
3175 4384 3378 4452 gratias
3407 4384 3622 4452 agebat.

365 4479 576 4550 justus?
607 4480 723 4533 sine
751 4493 911 4532 causa
949 4479 1254 4547 pudicitiam
1292 4486 1437 4530 amat
1464 4479 1724 4545 pudicus?
1764 4487 1819 4531 et
1848 4479 1936 4546 qui
1971 4516 2018 4575 υ
2044 4476 2180 4542 Quid
2211 4491 2339 4546 ergo
2369 4475 2569 4544 profuit
2602 4475 2717 4530 illi?
2745 4475 2848 4530 Sed
2878 4477 3001 4544 quia
3057 4475 3227 4528 lilium
3255 4475 3443 4529 habuit
3463 4483 3627 4575 ipost

370 4571 617 4640 providet
641 4571 720 4623 his
747 4586 864 4637 quae
885 4571 1000 4626 sine
1019 4570 1193 4622 anima
1228 4577 1372 4632 sunt,
1397 4569 1679 4623 arboribus
1705 4579 1754 4622 et
1789 4569 1940 4635 plan-

372 4661 461 4724 tis,
499 4660 655 4725 Dens,
689 4662 961 4715 invenitur
998 4659 1588 4715 rationabilesanimas
1626 4658 1938 4729 negligens?

368 4765 422 4809 et
452 4757 544 4823 qui
578 4755 966 4823 providentiam
1015 4769 1165 4807 suam
1197 4751 1436 4804 formicis
1467 4752 1724 4820 impertit,
1767 4760 1820 4802 et
1848 4765 1938 4802 os-

372 4851 655 4904 tenditeas
677 4862 794 4915 qua:
826 4862 929 4899 non
964 4847 1160 4899 habent
1191 4844 1558 4896 rationabilem
1595 4859 1831 4905 sensum,
1866 4841 1940 4894 si-

376 4939 542 4992 bimet
562 4937 890 4998 consentire,
925 4947 979 4987 et
1001 4935 1357 4988 imitationem
1382 4933 1683 4986 concordia:
1706 4933 1940 4994 habere;

371 5030 416 5084 si
450 5039 626 5082 tamen
673 5038 726 5081 et
763 5037 1010 5097 Oporteat
1043 5029 1145 5079 dici
1185 5025 1489 5080 consentire
1535 5025 1636 5078 sibi
1683 5040 1770 5086 ea,
1824 5040 1944 5094 quae

374 5134 479 5174 non
508 5121 706 5172 habent
736 5134 986 5182 sensum;
1015 5120 1138 5188 quia
1173 5117 1332 5188 igitur
1356 5129 1410 5168 et
1439 5115 1680 5168 formicis
1700 5115 1946 5184 providet

375 5211 536 5276 Dens,
565 5221 619 5264 et
643 5212 790 5264 dedit
836 5213 912 5266 eis
959 5224 1011 5266 et
1051 5211 1384 5277 receptacula
1436 5220 1592 5263 terrm
1635 5219 1688 5261 et
1717 5225 1942 5262 concor-

374 5305 541 5366 diam.
574 5302 812 5356 Omnium
853 5303 974 5356 licet
1017 5304 1122 5355 sint
1155 5313 1341 5355 natura
1384 5300 1727 5359 infirmiores.
1765 5310 1940 5354 tamen

372 5395 476 5460 eis,
503 5410 623 5463 quae
647 5395 908 5458 videmus,
939 5396 1151 5448 donavit
1180 5412 1195 5451 :
1233 5399 1298 5449 de
1327 5395 1495 5448 bobus
1531 5407 1708 5446 autem
1749 5408 1942 5447 secun-

374 5487 500 5543 dum
532 5487 842 5556 Apostolum
879 5488 1108 5556 pertinet
1140 5487 1203 5538 ad
1238 5487 1398 5538 ltenm
1419 5486 1484 5551 ",
1511 5497 1565 5539 et
1602 5487 1667 5539 de
1709 5486 1862 5538 nobis
1893 5483 1941 5538 ei

445 5580 493 5615 ³⁸
528 5580 668 5634 Psal.
707 5595 861 5646 xvttt,
898 5582 950 5634 1.
1046 5580 1088 5613 ³⁸
1130 5581 1257 5634 ibid.
1283 5579 1336 5634 4.
1379 5575 1607 5636 ﬂ‘lCnr.
1647 5595 1721 5645 tt,
1750 5581 1803 5636 9.

450 5693 562 5764 (15)
595 5693 692 5749 Ms.
726 5691 980 5748 Frunims
1003 5705 1074 5747 es!
1101 5710 1216 5761 qua!
1240 5694 1479 5759 diripuit.

451 5767 496 5834 μ
511 5769 563 5834 li)
596 5764 691 5821 Ms.
723 5765 786 5817 Et
818 5769 862 5819 ei
885 5767 972 5831 qui
1005 5765 1309 5830 martyrium
1347 5765 1486 5819 colit.

2044 4579 2239 4635 quanta
2302 4577 2589 4635 tormenta,
2643 4577 2768 4637 post
2821 4577 3051 4634 quantas
3104 4566 3439 4620 orattones?1
3469 4564 3624 4619 Servi

2045 4661 2314 4713 Abraham
2345 4661 2637 4726 habebant,
2661 4669 2716 4715 et
2746 4661 3019 4712 Abraham
3050 4659 3362 4714 desiderans
3398 4674 3500 4712 non
3526 4657 3622 4711 ha-

2046 4753 2206 4807 bebat
2239 4771 2252 4806 :
2284 4757 2374 4808 sed
2405 4755 2686 4824 conjugetn
2736 4752 2989 4817 habebat,
3025 4761 3080 4806 et
3124 4753 3280 4805 istam
3321 4751 3622 4814 honestam,

2051 4861 2273 4915 qna-que
2306 4848 2373 4899 ab
2399 4862 2463 4901 eo
2487 4846 2662 4898 ablata
2696 4854 2796 4909 est,
2833 4854 2886 4897 et
2915 4843 3068 4896 valde
3097 4856 3304 4903 amare,
3327 4856 3430 4894 non
3460 4840 3628 4894 inter-

2052 4935 2261 4998 ficiens,
2298 4946 2350 4988 et
2377 4946 2594 4988 nmtans
2623 4935 2797 4988 locum
2834 4933 2948 5004 (ΓΙ)
2983 4943 3038 4986 et
3081 4933 3276 4996 locum,
3313 4944 3626 5000 persevera-

2052 5027 2148 5078 vit.
2178 5027 2363 5078 Dicant
2413 5041 2544 5096 ergo
2573 5023 2741 5080 Judaei
2777 5040 2896 5092 qua:
2934 5023 3276 5094 provenerint
3302 5022 3531 5076 Abrahae
3561 5035 3624 5074 ex

2055 5107 2413 5186 protniSsione
2465 5120 2516 5170 ιιι
2565 5118 2813 5186 praesenti
2865 5117 2964 5170 hac
3011 5117 3146 5178 vita,
3195 5125 3252 5166 ttt
3288 5114 3629 5168 abscidamus

2049 5224 2235 5263 eorum
2306 5225 2452 5278 spent
2527 5210 2961 5264 resurrectionis.
3018 5209 3123 5261 Sed
3185 5206 3370 5262 habuit
3436 5205 3625 5261 filittm.

2051 5300 2320 5367 Quando?
2346 5304 2498 5356 Circa
2528 5304 2879 5357 centesimum
2929 5317 3125 5356 annum
3179 5302 3335 5354 datus
3361 5310 3444 5354 cst
3479 5300 3527 5353 ei
3566 5298 3632 5352 fi-

2053 5393 2176 5458 lius,
2215 5403 2604 5449 tormentorum
2630 5397 2805 5464 potius
2831 5393 2947 5460 ejus
2968 5402 3022 5446 et
3041 5407 3281 5461 precum.
3313 5389 3449 5459 Quia
3477 5389 3640 5445 enim.

2052 5486 2240 5540 habuit
2288 5496 2344 5541 et
2390 5487 2588 5541 bonum
2626 5486 2815 5550 lilium,
2861 5494 2915 5540 et
2957 5483 3166 5540 laetatus
3217 5484 3272 5538 in
3325 5482 3469 5538 dono
3521 5488 3657 5548 est,

2133 5691 2244 5766 (ΓΙ)
2275 5691 2489 5746 Locum.
2522 5689 2696 5744 Τόπον
2720 5692 2781 5743 ὲκ
2811 5689 2973 5744 τόπου
2999 5687 3279 5761 unciam),
