4098 6398
528 428 665 483 1075

1196 425 1470 484 EUSEBII
1507 424 1983 489 CESARIENSIS
2020 423 2169 481 OPP.
2212 424 2390 480 PARS
2426 425 2517 483 IV.
2552 455 2623 465 —
2660 422 3079 480 DOGMATICA.

3648 413 3781 470 1076

522 558 684 620 putas
733 547 1007 617 accipiens
1052 547 1221 602 ﬁlium
1276 548 1394 603 sine
1440 549 1737 602 tentatione
1792 548 1858 602 de
1911 554 2109 601 czetero
2140 553 2182 603 Α
2213 553 2267 599 et
2309 545 2503 600 borum
2551 542 2672 608 lilii,
2702 553 2758 599 et
2808 542 2883 598 illi
2934 542 3183 597 homines
3222 538 3419 609 quibus
3469 538 3780 608 peregrinus

524 642 761 698 mansit?
789 651 843 695 et
873 657 980 695 non
1014 641 1128 710 ipsa
1172 640 1515 710 pulchritudo
1568 641 1681 705 ﬁlii,
1727 642 1842 711 ipsa
1891 643 2105 709 sapien—

523 734 622 800 tia,
656 734 769 803 ipse
803 732 1127 795 intellectus,
1159 741 1215 785 et
1259 746 1320 785 ea
1371 746 1491 800 quae
1539 731 1591 785 in
1638 745 1703 785 eo
1743 739 1900 784 erant
1946 730 2105 792 bona,

526 835 582 879 et
609 839 949 893 qmecunque
1010 823 1249 877 habebat
1307 832 1366 876 ut
1412 823 1609 877 donum
1655 822 1783 885 Dei,
1837 820 2107 875 amariora

527 922 799 968 tormenta
844 921 1064 982 operata
1113 923 1239 967 sunt
1287 912 1463 983 patri?
1512 911 1639 980 quid
1691 910 1835 966 enim
1891 910 2021 965 dicit
2057 910 2108 964 ei

525 1004 707 1058 Deus?
734 1005 827 1074 qui
861 1005 997 1059 dixit
1037 1005 1148 1073 (l8)
1211 1004 1431 1058 donavit
1466 1004 1513 1057 ei
1557 1003 1727 1058 lilium
1765 1020 1778 1057 :
1818 1002 2106 1064 Abraham,

526 1095 832 1161 Abraham,
862 1097 1038 1163 accipe
1095 1094 1259 1147 lilium
1310 1105 1455 1147 tuum
1502 1092 1680 1157 Isaac,
1730 1108 1881 1162 quem
1929 1092 2107 1159 diligis

528 1185 880 1254 unigenitum,
926 1196 974 1240 et
1026 1186 1210 1255 offeres
1252 1202 1368 1239 eum
1416 1185 1545 1237 mihi
1587 1184 1641 1239 in
1682 1199 1784 1235 uno
1827 1183 2106 1246 montium,

527 1295 680 1346 quem
704 1279 798 1332 tibi
824 1279 1013 1333 dixero
1036 1279 1102 1333 ³⁸.
1129 1278 1185 1332 Si
1216 1278 1665 1346 interceperimus
1696 1275 2108 1330 resurrectionis

528 1384 676 1438 spem
709 1369 845 1441 (l9),
872 1370 1054 1424 statim
1090 1370 1255 1425 habet
1280 1369 1541 1432 dolorem,
1572 1368 1754 1423 statim
1779 1368 1941 1421 habet
1975 1381 2109 1421 mce-

530 1478 707 1518 rorem
741 1462 1039 1519 Abraham.
1079 1462 1200 1517 Noli
1230 1463 1376 1516 enim
1404 1475 1648 1530 quaerere
1682 1461 1726 1514 si
1762 1475 1868 1513 non
1898 1467 1982 1513 est
2008 1472 2107 1512 oc-

529 1554 672 1606 cisus
708 1553 892 1619 Isaac;
932 1553 1026 1607 sed
1073 1567 1141 1607 ex
1173 1568 1281 1621 quo
1318 1551 1599 1621 proposuit
1650 1560 1823 1619 pater,
1863 1556 2107 1602 mortuus

528 1655 612 1698 cst
646 1644 786 1712 patri
826 1643 999 1700 Isaac.
1044 1642 1213 1702 Putas
1239 1643 1366 1711 quia
1398 1652 1453 1696 et
1492 1648 1639 1697 tanta
1667 1651 1784 1695 erat
1813 1640 2107 1694 crudelitas

529 1738 672 1804 apud
702 1736 892 1800 Deum,
926 1745 986 1790 ut
1020 1737 1073 1789 in
1112 1744 1320 1789 tantum
1348 1743 1630 1803 torqueret
1661 1732 1968 1787 Abraham?
1993 1732 2107 1800 ipse

527 1828 673 1882 enim
708 1837 936 1881 testatur
963 1836 1016 1881 et
1047 1827 1179 1881 dicit
1212 1846 1226 1880 :
1258 1826 1379 1880 Scio
1406 1828 1530 1896 quia
1570 1826 1679 1893 ipse
1720 1837 1765 1879 et
1799 1823 1943 1892 ﬁlius
1988 1823 2103 1893 ejus

530 1918 799 1972 mandabit
824 1917 1086 1971 custodire
1114 1916 1275 1985 legem
1308 1926 1355 1970 et
1383 1915 1637 1969 mandata
1678 1912 1892 1967 Domini
1916 1913 1964 1944 “
1998 1933 2010 1968 :
2046 1923 2105 1967 ut
2134 1896 2179 1955 Β

529 2024 595 2062 ex
632 2010 735 2062 hoc
774 2008 1085 2062 testimonio
1114 2007 1389 2061 Abraham
1426 2021 1529 2060 non
1573 2003 1744 2059 solum
1787 2020 1882 2075 per
1906 2014 2105 2060 semet-

527 2099 703 2166 ipsum
740 2099 1021 2169 religiosus
1057 2097 1362 2161 exstiterit,
1403 2098 1496 2151 sed
1547 2107 1601 2152 et
1645 2112 1712 2151 ex
1756 2100 2011 2151 mandato
2048 2106 2104 2151 et

525 2187 660 2251 ﬁlio,
686 2190 777 2259 qui
838 2200 893 2243 et
931 2197 1052 2257 post
1088 2200 1316 2242 mortem
1352 2186 1480 2241 colit
1526 2195 1581 2241 et
1616 2196 1905 2242 veneratur
1935 2186 2102 2241 Deum

528 2296 625 2352 per
656 2296 717 2336 ea
752 2296 870 2349 qua:
899 2280 1177 2335 mandavit
1207 2279 1369 2333 Deus.
1401 2278 1861 2346 Quemadmodum
1890 2280 1993 2335 iste
2020 2280 2103 2333 vi-

528 2389 661 2428 vens
686 2390 789 2429 non
822 2387 1010 2443 poenas
1040 2373 1337 2428 sustinuit?
1364 2373 1508 2428 dedit
1536 2372 1587 2427 ei
1616 2372 1785 2426 ﬁlium
1823 2372 1982 2437 Deus,
2010 2372 2104 2427 de-

528 2467 682 2520 ditet
718 2465 1069 2521 tentationem
1106 2482 1121 2520 :
1168 2464 1213 2520 si
1242 2473 1386 2519 esset
1428 2462 1589 2530 alius,
1637 2462 1866 2518 dixisset
1893 2463 2100 2533 utique,

527 2557 744 2614 Utinam
788 2574 892 2612 non
938 2559 1292 2625 accepissem.
1338 2555 1609 2612 Abraham
1647 2566 1828 2610 autem
1866 2564 1923 2610 et
1962 2554 2104 2610 acci-

527 2648 681 2718 piens
716 2649 920 2718 gratias
953 2648 1085 2718 egit,
1116 2657 1169 2703 et
1201 2646 1434 2702 reddens
1473 2646 1675 2717 gratias
1719 2646 1850 2716 egit,
1891 2647 2101 2701 lucrum

526 2751 716 2812 utpote
755 2742 960 2798 ducens
987 2758 1092 2796 non
1121 2740 1226 2795 frui
1276 2740 1467 2807 lilium,
1497 2740 1591 2794 sed
1624 2738 1840 2804 olferre,
1879 2739 2020 2793 sicut
2050 2747 2104 2792 et

526 2832 728 2890 factum
750 2842 835 2889 est
864 2852 875 2889 :
904 2835 997 2889 sed
1020 2848 1290 2903 quemque
1315 2832 1611 2901 respiciens
1634 2831 1860 2886 habuit:
1889 2830 2103 2899 quando

525 2933 708 2981 autem
739 2924 1052 2992 praecipitur
1080 2923 1221 2980 filius
1249 2921 1472 2979 offerri?
1505 2937 1610 2976 non
1637 2921 1822 2974 statim
1852 2929 1909 2973 ut
1944 2927 2102 2973 natus

525 3026 612 3073 est
649 3035 661 3071 :
701 3032 819 3087 quae
850 3016 995 3070 enim
1030 3030 1203 3083 nuper
1242 3024 1366 3069 nata
1413 3026 1565 3080 sunt,
1615 3012 1844 3067 necdum
1899 3019 2101 3066 tantum

524 3108 730 3167 habent
756 3106 1027 3165 allectum.
1077 3108 1139 3165 Et
1177 3117 1466 3177 antequam
1513 3105 1805 3176 loquantur
1845 3103 2099 3167 infantes,

2210 634 2565 690 cohabitabat
2595 633 2905 696 Abraham,
2931 646 3053 686 cum
3118 629 3352 698 undique
3385 627 3658 683 excelsum
3698 627 3775 681 fa-

2209 735 2357 781 ctum
2388 734 2535 781 esset
2553 726 2752 780 donum
2785 724 2911 788 Dei;
2952 733 3077 776 tunc
3097 721 3228 775 dicit
3262 720 3403 775 Deus
3432 730 3686 789 tanquam
3715 720 3777 773 ad

2209 818 2496 886 quemdam
2546 817 2953 871 adamantinqu
3004 832 3018 867 :
3062 813 3353 877 Abraham,
3388 812 3563 880 accipe
3613 810 3777 878 filium

2209 922 2358 963 tuum
2413 911 2738 981 unigenitum
2786 908 2985 971 Isaac,
3042 922 3192 976 quem
3248 906 3502 958 dilexisti.
3554 903 3778 957 Intueris

2208 1001 2376 1058 Deum
2403 1019 2498 1072 per
2526 1003 2962 1058 adhortationem
2997 1001 3376 1054 dehortantent
3404 1014 3418 1050 :
3449 996 3610 1051 solito
3636 994 3776 1049 enim

2209 1111 2339 1150 usus
2375 1104 2459 1150 est
2495 1095 2564 1149 ad
2617 1094 2891 1148 Abraham
2934 1104 3215 1155 sermone;
3256 1088 3524 1159 siquidem
3559 1097 3613 1140 et
3658 1097 3779 1141 tunc

2209 1202 2332 1242 cum
2373 1187 2693 1257 praeciperet
2734 1186 2782 1239 ei
2829 1198 2982 1239 exrre
3013 1197 3044 1236 e
3080 1182 3253 1250 patria
3286 1196 3404 1243 sua,
3439 1178 3529 1233 tali
3562 1180 3626 1231 ad
3664 1194 3777 1232 eum

2210 1293 2340 1332 usus
2388 1286 2470 1331 est
2517 1290 2802 1341 sermone,
2845 1274 2935 1344 qui
2978 1273 3141 1330 alium
3192 1273 3376 1342 utique
3424 1270 3778 1339 prohibuisset

2209 1368 2380 1423 exire.
2434 1369 2571 1422 Dicit
2614 1368 2758 1421 enim
2803 1367 2850 1420 ei
2899 1384 2912 1420 :
2953 1364 3240 1429 Abraham,
3284 1363 3575 1423 Abraham,
3627 1362 3711 1414 exi
3752 1378 3780 1414 e

2207 1464 2381 1529 patria
2414 1472 2528 1521 tua,
2561 1470 2609 1513 et
2641 1475 2707 1512 ea:
2749 1458 3058 1527 cognatione
3085 1467 3200 1520 tua,
3233 1467 3278 1509 et
3318 1470 3382 1509 ea:
3423 1454 3579 1508 domo
3613 1454 3780 1520 patris

2210 1554 2351 1607 tui"
2379 1571 2391 1606 :
2426 1553 2540 1606 haec
2571 1552 2709 1605 alius
2735 1551 2780 1604 si
2811 1549 3097 1615 audiisset,
3126 1547 3298 1614 magis
3323 1546 3517 1601 fuisset
3538 1545 3781 1599 detentus

2211 1660 2369 1713 quam
2398 1644 2732 1701 ohaudisset.
2774 1640 2881 1695 Sed
2910 1640 3051 1694 sicut
3085 1638 3302 1694 athletis
3342 1637 3659 1693 fortioribus
3691 1638 3780 1707 ju-

2210 1736 2401 1791 bentes
2436 1736 2653 1790 duriora
2682 1734 3002 1804 praecipiunt
3032 1750 3047 1787 :
3078 1741 3292 1801 Oportet
3320 1740 3391 1795 te,
3426 1730 3619 1799 inquit,
3658 1745 3782 1799 por-

2213 1836 2352 1893 tare,
2401 1827 2565 1882 etiam
2614 1826 2659 1880 si
2700 1824 2867 1879 lueris
2914 1823 3062 1878 calce
3111 1836 3434 1891 percussus;
3476 1830 3687 1889 oportet
3728 1830 3781 1874 te

2206 1933 2327 1973 esse
2371 1917 2704 1988 patientem,
2750 1915 2962 1970 etiamsi
3012 1913 3305 1967 adversum
3364 1910 3578 2001 peplum
3631 1921 3780 1963 tuum

2209 2024 2429 2063 manum
2465 2005 2813 2061 adversarius
2842 2004 3178 2075 protenderit
3206 2017 3361 2058 suam
3396 2018 3411 2055 :
3446 2009 3500 2054 et
3524 2015 3779 2070 quaecun-

2205 2116 2311 2171 que
2332 2100 2404 2153 illi
2429 2103 2688 2155 mandare
2710 2106 3056 2160 consuerunt,
3075 2104 3127 2149 et
3143 2094 3467 2149 athletarum
3496 2090 3779 2146 (artissimi

2206 2193 2481 2248 sustinere
2510 2209 2522 2244 :
2566 2192 2638 2245 ita
2680 2200 2735 2245 et
2774 2190 2899 2244 istic
2925 2187 3067 2243 Deus
3100 2202 3255 2243 suum
3288 2185 3546 2239 athletam
3576 2183 3777 2238 adhor-

2208 2295 2348 2351 tans,
2379 2298 2475 2353 per
2503 2283 2666 2337 duros
2693 2296 2813 2337 eum
2858 2280 3108 2335 hortatur
3140 2289 3293 2334 actus
3331 2296 3345 2332 :
3390 2279 3499 2331 Exi
3542 2293 3569 2330 e
3605 2276 3780 2345 patria

2205 2387 2317 2441 tua,
2341 2386 2391 2430 et
2422 2375 2729 2444 cognatione
2754 2384 2869 2439 tua,
2902 2381 2949 2426 et
2977 2388 3040 2427 ea:
3066 2371 3219 2425 domo
3252 2371 3417 2439 patris
3449 2369 3548 2432 tui,
3582 2379 3629 2422 et
3656 2370 3774 2421 veni

2205 2468 2275 2520 ad
2314 2476 2546 2531 terram;
2575 2465 2642 2520 ad
2684 2480 2847 2534 quam
2896 2473 3146 2534 paratum
3189 2470 3372 2533 negat,
3417 2470 3473 2516 et
3509 2461 3777 2531 promittit

2206 2558 2391 2623 aliam,
2434 2568 2488 2613 et
2525 2557 2698 2625 ipsam
2749 2555 3168 2624 promissionem
3231 2554 3286 2608 in
3338 2554 3545 2608 incerto
3601 2552 3773 2621 ponit.

2205 2653 2320 2709 Non
2352 2654 2495 2709 enim
2544 2654 2676 2708 dixit
2726 2653 2869 2706 illam
2906 2662 3140 2713 terram;
3186 2650 3283 2704 sed
3325 2651 3381 2702 in
3433 2662 3649 2712 terram,
3694 2649 3779 2702 in-

2205 2748 2349 2816 quit,
2386 2763 2545 2811 quam
2591 2747 2681 2799 tibi
2723 2747 2993 2799 ostendero
3011 2744 3078 2795 ".
3113 2742 3268 2796 Sicut
3306 2743 3451 2796 enim
3493 2742 3716 2812 ejiciens
3745 2757 3777 2795 e

2204 2838 2398 2908 patria,
2432 2853 2529 2906 per
2568 2852 2631 2893 ea
2659 2852 2778 2906 quae
2807 2837 3159 2905 prohiberent
3184 2835 3365 2904 ejicit;
3402 2835 3474 2887 ita
3510 2841 3565 2887 et
3585 2833 3779 2902 praeci-

2204 2930 2358 2999 piens
2385 2928 2555 2983 ﬁlium
2586 2944 2741 2983 suum
2770 2927 2870 2981 sibi
2900 2925 3115 2991 olierre,
3150 2941 3245 2993 per
3272 2925 3575 2981 istiusmodi
3613 2925 3777 2978 verba

2201 3019 2373 3088 jubet,
2406 3036 2633 3089 perque:
2656 3020 2699 3074 si
2722 3031 2863 3074 esset
2882 3019 3038 3082 alius,
3061 3034 3164 3073 non
3189 3018 3451 3073 obediret.
3471 3017 3772 3083 Abraham,

2207 3110 2401 3180 inquit,
2426 3111 2721 3174 Abraham,
2741 3111 2921 3179 accipe
2945 3122 2997 3163 tu
3020 3128 3034 3175 ;
3060 3125 3161 3164 nec
3197 3126 3293 3179 per
3320 3110 3484 3164 alium
3513 3108 3779 3179 praecipit,

524 3199 763 3268 perdicis
792 3210 885 3254 aut
923 3198 1185 3253 columba:
1219 3196 1395 3251 locum
1436 3197 1503 3252 ad
1543 3197 1814 3267 genitores
1848 3197 2053 3253 habent
2083 3214 2096 3249 :
2131 3240 2172 3297 ο
2207 3202 2511 3267 sedaccipc,
2538 3202 2734 3271 inquit,
2759 3212 2810 3255 tu
2834 3202 3412 3272 filiumtuum,ethnnc
3435 3202 3779 3272 unigenitum,

525 3294 701 3349 visum
736 3293 881 3349 enim
920 3303 1127 3346 tantum
1176 3290 1465 3356 delectant,
1509 3300 1564 3345 et
1617 3290 1971 3360 incomposite
2021 3291 2101 3343 lo-

535 3394 764 3456 quentes
794 3401 808 3437 :
843 3399 965 3438 cum
992 3394 1172 3437 autem
1205 3382 1531 3453 promoverit
1565 3392 1722 3443 (£135,
1750 3392 1802 3435 et
1838 3379 2104 3435 etfulserit

525 3490 756 3541 sensus,
791 3487 846 3530 et
877 3476 1103 3545 emperit
1154 3475 1455 3530 intellectus
1501 3488 1597 3543 per
1632 3473 1870 3542 linguam
1905 3472 2101 3541 promi,

524 3567 812 3625 ﬂoruerint
858 3577 1038 3623 autem
1086 3568 1261 3622 aetatis
1311 3567 1739 3637 pulchritudines
1789 3577 1842 3620 ct
1891 3566 2103 3619 firmata

529 3660 731 3717 fuerint
764 3661 1003 3714 membra
1044 3660 1165 3713 istic
1196 3668 1251 3713 ct
1293 3659 1503 3712 initium
1536 3657 1705 3727 ipsius
1746 3657 2011 3727 corporis,
2047 3666 2105 3711 ut

528 3765 673 3813 rosa,
700 3759 793 3803 aut
827 3748 1019 3806 lilium.
1055 3747 1138 3801 vel
1173 3748 1368 3816 aliquis
1406 3745 1504 3805 llos
1563 3759 1831 3813 maturus,
1866 3757 1958 3800 aut
1990 3746 2103 3800 fru-

524 3852 643 3899 ctus
666 3841 773 3910 jam
816 3853 1066 3910 paratus;
1095 3840 1165 3894 ita
1199 3850 1253 3893 et
1287 3839 1632 3909 pulchritudo
1658 3856 1777 3909 quae
1797 3840 2099 3905 videbatur,

523 3944 577 3988 et
604 3934 839 3990 maxime
871 3933 1181 3987 intellectus
1207 3932 1388 3989 ﬂectet
1416 3933 1711 4001 genitores,
1747 3940 1799 3987 et
1836 3942 2006 3987 totum
2043 3947 2103 3988 se

526 4027 578 4078 in
609 4025 873 4093 genitoris
900 4033 1134 4078 evacuat
1165 4041 1429 4082 amorem.
1463 4023 1681 4081 Movent
1707 4036 1887 4081 autem
1921 4034 1978 4082 et
2004 4026 2100 4081 ﬁlii

526 4115 770 4169 moribus
796 4116 910 4170 suis
938 4127 1189 4185 parentes
1223 4128 1278 4170 et
1304 4116 1644 4170 sermonibus
1673 4128 1729 4170 et
1753 4115 1999 4186 loquelis.
2035 4116 2103 4170 Et

524 4206 983 4277 quemadmodum
1035 4207 1278 4263 extendit
1339 4222 1558 4261 manum
1608 4209 1750 4267 ﬁlius
1823 4226 1839 4262 :
1909 4224 2100 4277 quem-

524 4298 814 4353 admodum
873 4308 1081 4367 patrem
1133 4298 1383 4352 hortatus
1438 4308 1522 4352 est
1570 4308 1664 4353 aut
1713 4313 1807 4368 per
1852 4299 2098 4363 verbum,

521 4401 616 4446 aut
647 4406 743 4462 per
773 4391 1034 4461 linguam,
1076 4399 1171 4444 aut
1204 4405 1298 4459 per
1327 4405 1445 4446 eam
1491 4406 1655 4459 quam
1688 4390 1855 4444 sumit
1895 4405 2096 4444 escam.

522 4484 845 4553 Loqnuntur
873 4492 1054 4537 autem
1082 4491 1139 4535 et
1163 4490 1346 4550 patres
1383 4482 1450 4535 ad
1484 4482 1649 4545 ﬁlios,
1682 4490 1734 4534 et
1764 4480 1976 4535 dulcior
2007 4481 2099 4536 lilii

2205 3293 2282 3345 ait
2318 3312 2331 3352 ;
2365 3292 2637 3361 porrectio
2674 3293 3020 3358 tentationis;
3060 3310 3212 3362 quem
3256 3291 3511 3355 dilexisti,
3553 3291 3727 3361 inquit
3762 3310 3778 3345 :

2205 3385 2635 3439 additamentum
2668 3384 2872 3440 doloris
2897 3385 3038 3439 aliis.
3074 3384 3142 3439 Et
3183 3396 3305 3454 post
3348 3386 3462 3440 lucc
3492 3385 3776 3454 consignat

2208 3474 2468 3544 majorem
2495 3476 2724 3545 plagam,
2755 3476 2893 3531 dixit
2926 3476 3070 3531 enim
3099 3486 3151 3530 et
3177 3491 3370 3530 nomen
3409 3476 3527 3529 ﬁlii.
3552 3476 3689 3529 Nam
3721 3486 3777 3529 et

2203 3568 2249 3623 si
2285 3569 2398 3621 haec
2435 3572 2616 3622 omnia
2645 3579 2827 3622 essent
2858 3566 3033 3622 dulcia
3063 3580 3117 3621 et
3149 3568 3363 3629 idonea,
3395 3577 3638 3620 moveret
3668 3565 3773 3619 vis-

2204 3674 2326 3713 cera
2363 3668 2587 3729 paterna
2610 3699 2625 3724 ,
2670 3669 2728 3711 ut
2760 3658 3001 3725 diceret,
3036 3658 3209 3727 [ilium
3256 3670 3402 3712 tuum
3451 3658 3770 3726 unigenitum

2203 3768 2354 3822 quem
2381 3750 2636 3805 dilexisti.
2674 3750 2777 3805 Sed
2807 3751 2938 3804 nihil
2965 3752 3092 3816 tale,
3119 3760 3378 3819 quantum
3418 3759 3472 3803 et
3502 3763 3779 3817 nuncupa-

2206 3847 2405 3901 tionem
2437 3845 2554 3914 ejus
2576 3844 2946 3909 annuntiaret,
2975 3852 3031 3898 et
3056 3844 3282 3908 diceret,
3315 3841 3473 3895 Isaac
3502 3843 3700 3908 accipe,
3727 3854 3783 3894 et

2204 3939 2390 4007 offeres
2422 3952 2540 3990 eum
2570 3934 2695 3989 mihi
2726 3935 2780 3989 in
2812 3951 2917 3988 uno
2942 3936 3222 3988 montium.
3270 3932 3455 4003 Neque
3482 3933 3602 3987 istic
3630 3932 3785 3986 desi-

2209 4041 2340 4101 gnat
2375 4029 2571 4092 locum,
2606 4029 2699 4081 sed
2729 4028 2872 4081 sicut
2912 4025 3135 4091 eiiciens
3164 4042 3285 4080 eum
3338 4027 3403 4079 de
3447 4026 3642 4092 patria,
3677 4024 3785 4089 ait,

2210 4120 2339 4175 Veni
2365 4122 2433 4174 ad
2464 4129 2659 4174 terram
2691 4135 2849 4189 quam
2880 4119 2978 4171 tibi
3007 4119 3318 4181 ostendero;
3353 4119 3425 4175 ita
3456 4127 3511 4172 et
3544 4117 3667 4171 istic
3697 4116 3787 4171 ili-

2203 4211 2298 4272 cit,
2331 4209 2385 4261 in
2420 4225 2522 4261 uno
2554 4208 2831 4261 montium.
2878 4206 2943 4260 Et
2973 4216 3122 4262 certe
3168 4207 3394 4261 multmn
3441 4205 3787 4263 commodius

2202 4301 2247 4354 si
2282 4300 2335 4353 in
2371 4302 2485 4369 ipso
2514 4298 2730 4353 fervore
2770 4298 2966 4368 negotii
3000 4297 3259 4353 liberatus
3295 4297 3483 4352 fuisset
3514 4297 3786 4352 sollicitu—

2203 4394 2327 4448 dine
2376 4394 2681 4458 Abraham,
2722 4401 2777 4446 et
2828 4408 2933 4447 non
2984 4392 3198 4447 audiret
3233 4393 3445 4448 itineris
3490 4393 3778 4459 laborem,

2204 4492 2504 4539 nocturnos
2536 4483 2815 4553 amplexus
2841 4482 3123 4547 unigeniti,
3153 4482 3640 4547 confabulationes,
3674 4498 3783 4551 per

520 4584 607 4629 est
632 4588 736 4628 vox
759 4573 905 4627 onmi
933 4572 1039 4629 alio
1062 4574 1203 4641 quod
1237 4572 1470 4629 videtur.
1500 4571 1634 4625 Nam
1657 4582 1709 4624 et
1734 4571 1939 4626 frontes
1962 4572 2096 4625 ﬁlio-
2128 4589 2172 4643 ι)
2200 4578 2315 4633 dies
2354 4576 2552 4640 visum,
2592 4586 2795 4629 rnatum
2814 4616 2830 4640 ,
2864 4589 3145 4629 sermones
3165 4615 3180 4640 ,
3235 4575 3413 4645 ipsum
3461 4575 3609 4629 Isaac
3637 4574 3784 4629 dile-

518 4684 639 4722 rum
674 4667 904 4722 illiciunt
942 4678 1222 4735 aspectum
1252 4675 1556 4734 parentum,
1605 4675 1659 4719 et
1702 4664 1849 4719 mille
1897 4665 2003 4718 alia
2040 4674 2095 4719 et

518 4758 623 4813 alia
667 4768 919 4822 movent,
965 4767 1020 4811 et
1057 4758 1236 4812 omnia
1282 4772 1615 4831 quiscunque
1676 4756 1885 4810 locutus
1934 4755 2097 4810 fuerit

520 4850 681 4912 ﬁlius,
735 4850 780 4902 si
822 4863 919 4917 per
963 4859 1176 4903 noctem
1225 4849 1505 4917 amplexus
1554 4855 1669 4915 est,
1720 4846 1765 4901 si
1807 4862 1901 4915 per
1950 4844 2094 4899 diem

518 4939 792 4995 blanditus
822 4948 926 4995 est.
956 4939 1090 4994 Cum
1125 4940 1286 5010 igitur
1328 4940 1441 5002 huic
1471 4940 1649 4995 omnia
1678 4947 2091 5003 concurrerunt,

516 5042 571 5084 et
600 5048 725 5087 cum
757 5042 1031 5087 maturum
1069 5033 1272 5089 factum
1303 5044 1387 5088 est
1425 5033 1625 5087 donum
1672 5033 1803 5097 Dei,
1843 5048 1963 5089 cum
1995 5032 2094 5086 do-

516 5123 729 5178 mestici
774 5123 827 5177 in
857 5138 953 5192 spe
980 5123 1165 5188 fuere,
1196 5138 1319 5177 cum
1364 5121 1556 5175 amicis
1587 5120 1809 5175 allatum
1841 5131 1918 5175 est
1952 5136 2089 5175 nun-

518 5217 676 5278 tium,
703 5230 825 5268 cum
861 5216 1096 5270 reddidit
1114 5218 1255 5269 Deus
1274 5214 1505 5268 Abrahae
1531 5214 1918 5282 promissiones
1941 5229 2089 5278 suas,

512 5303 693 5373 etiam
718 5306 943 5361 haberet
965 5306 1131 5360 lilium
1153 5323 1167 5371 ;
1192 5304 1477 5360 videbatur
1500 5305 1641 5359 cnim
1663 5316 1716 5358 et
1739 5306 1838 5375 Ipsi
1861 5306 2090 5361 Abrahae

513 5397 769 5453 solatium
806 5398 1190 5467 promissionis
1221 5397 1332 5466 jam
1370 5396 1607 5463 factum;
1644 5412 1764 5450 cum
1802 5394 1916 5464 jam
1952 5395 2088 5451 Sara

495 5488 767 5562 .habuerit
800 5490 1246 5556 consolationem,
1280 5488 1469 5557 etiam
1504 5505 1609 5543 non
1658 5491 1727 5545 ab
1766 5489 1960 5544 ancilla
1996 5505 2089 5549 ex-

511 5580 893 5658 probrationes
944 5580 1192 5644 audiret,
1222 5597 1344 5635 cum
1385 5582 1639 5652 cognatio
1670 5581 1896 5635 audiens
1942 5592 2089 5636 esset

510 5672 567 5737 in
602 5674 807 5735 lmtitia,
838 5688 958 5726 Clllll
1002 5672 1154 5742 pueri
1186 5682 1240 5727 et
1268 5674 1432 5738 servi,
1459 5689 1581 5727 cum
1606 5674 1800 5727 domus
1830 5673 2086 5742 majores,

581 5768 629 5798 ³³
648 5767 784 5821 Gen.
812 5784 948 5828 xxn,
968 5767 1023 5821 ‘2.
1099 5767 1141 5798 “
1166 5766 1298 5821 Gen.
1326 5785 1478 5831 xvnt,
1506 5770 1593 5824 l9.
1669 5771 1711 5801 ³⁵
1740 5768 1878 5826 Ceu.
1903 5788 1996 5841 xu,
2028 5772 2074 5825 l.

577 5858 692 5935 (18)
726 5859 828 5933 Qui
856 5863 1011 5921 dixit,
1045 5861 1205 5918 Forte
1235 5864 1365 5919 dixit
1400 5867 1509 5936 qui.

2200 4681 2368 4726 ctum.
2402 4670 2467 4722 Et
2495 4668 2622 4738 quid
2648 4681 2785 4737 opus
2818 4678 2901 4721 est
2933 4666 3084 4737 plnra
3120 4682 3218 4721 nos
3251 4666 3471 4721 dicere?
3502 4668 3785 4720 Abraham

2200 4764 2365 4825 enim,
2412 4760 2506 4831 qui
2560 4760 2886 4814 sententiam
2923 4760 3185 4814 adversus
3223 4760 3390 4815 tilium
3434 4770 3783 4827 susceperat,

2202 4853 2562 4919 descripserat
2606 4850 2707 4904 sibi
2753 4858 2808 4904 et
2857 4851 3039 4905 abibat
3083 4850 3290 4906 habens
3333 4850 3541 4913 filium,
3594 4851 3785 4905 vivum

2202 4944 2418 5011 quidem
2450 4958 2713 5013 quantum
2744 4943 2811 4998 ad
2850 4957 3066 4997 sensum
3110 4943 3231 5006 ﬁlii,
3261 4943 3372 5012 jam
3400 4954 3583 4997 autem
3619 4943 3784 4996 holo—

2202 5047 2448 5091 caustuiu
2485 5046 2746 5104 quantum
2789 5035 2855 5087 ad
2901 5034 3240 5088 inscientiam
3289 5034 3478 5103 patris.
3523 5034 3587 5087 Et
3626 5046 3784 5089 certe

2202 5137 2407 5181 tantam
2440 5129 2746 5196 passionem
2781 5127 2946 5180 habet
2974 5127 3117 5195 quod
3151 5128 3368 5192 dicitur,
3396 5139 3454 5182 ut
3475 5139 3531 5183 et
3556 5145 3654 5183 nos
3678 5132 3781 5197 qui

2198 5219 2447 5272 audimus
2484 5230 2537 5273 et
2566 5220 2817 5282 dicimus,
2852 5218 2923 5272 de
2960 5218 3042 5272 his
3076 5234 3196 5289 quae
3228 5219 3314 5274 ille
3345 5220 3397 5275 in
3434 5222 3780 5290 unigenitum

2196 5311 2364 5364 ﬁlium
2413 5326 2566 5367 suum
2617 5310 2788 5373 ausit,
2846 5312 3176 5367 commoveri
3211 5325 3265 5367 et
3310 5314 3680 5386 collacrymari
3721 5327 3785 5369 et

2194 5403 2503 5458 conturbari
2536 5402 2837 5460 videamur.
2868 5402 2926 5457 Si
2959 5403 3124 5473 igitur
3156 5405 3312 5460 nobis
3342 5406 3528 5462 dicere
3559 5418 3781 5462 tantum

2194 5505 2249 5549 et
2287 5493 2474 5548 audire
2510 5508 2619 5548 non
2646 5502 2730 5547 est
2762 5495 3045 5549 ferendum
3080 5496 3199 5548 sine
3236 5496 3521 5568 lacrymis;
3557 5501 3742 5569 qualis
3764 5542 3784 5566 ,

2198 5593 2385 5655 putas,
2422 5583 2725 5641 invenietur
2756 5599 3008 5639 mensura
3062 5586 3206 5639 illius
3239 5590 3625 5646 conscientiae?
3647 5595 3790 5661 quis

2197 5675 2422 5731 snﬁiciet
2445 5692 2622 5732 sermo
2650 5675 2789 5732 illius
2814 5677 3073 5733 exhibere
3098 5678 3443 5743 dilectionem
3468 5683 3533 5735 ad
3560 5682 3740 5739 Deum
3762 5686 3789 5741 2

2156 5773 2199 5804 ³⁸
2219 5772 2355 5827 Ibid.

2262 5868 2370 5929 (19)
2407 5868 2862 5933 Interceperimus.
2888 5871 2967 5927 Cl.
3000 5874 3269 5931 sunracol.
3300 5874 3428 5930 1071
3457 5873 3521 5930 A.
