4100 6456
386 300 524 356 ΙὈῚῚ

1510 290 1599 346 DE
1632 287 2235 348 BESURRECTIONE.
2273 324 2341 336 —
2379 291 2510 352 LIB.
2545 292 2588 353 Ι.

3496 293 3636 348 ῐο78

387 413 496 470 lter
527 411 687 467 simul
725 411 955 466 faciebat
1014 415 1171 479 pater
1208 419 1330 463 cum
1376 403 1520 472 lilio,
1555 413 1612 459 et
1649 403 1796 459 inter
1850 403 1962 458 haec
1989 408 2178 469 A'eos,
2235 407 2446 463 Manere
2486 409 2573 462 In'c
2618 423 2638 461 :
2675 423 2769 477 ego
2815 417 2987 462 autem
3029 417 3078 461 et
3131 423 3262 478 puer
3304 408 3639 463 ascendentes

392 505 560 562 multa
585 505 801 574 quidem
827 503 1168 565 dicebantur,
1189 498 1342 570 plura
1375 506 1554 553 autem
1581 497 1960 562 audiebantur,

392 607 453 654 et
488 597 698 652 inlinita
741 596 1060 666 agebantur.
1102 591 1270 647 Erant
1303 601 1485 646 autem
1531 592 1715 644 omnia
1767 588 1909 643 bona
1945 603 1961 642 :

333 742 335 745 ,
399 690 492 746 Dei
531 691 675 745 enim
712 688 910 744 donum
942 696 1060 742 erat
1091 685 1262 751 isaac,
1305 695 1364 739 et-
1387 685 1638 752 portabat
1670 699 1700 735 τ⁴
1724 681 1815 751 qui
1844 696 1968 751 por-

2064 500 2404 555 adorabimus
2432 501 2495 555 in
2520 511 2714 568 monte,
2761 509 2820 555 et
2855 501 3231 571 regrediemur.
3262 501 3373 555 Hoc
3420 501 3637 570 quidem

2067 607 2174 646 non
2215 593 2478 662 speravit,
2524 593 2627 650 hoc
2673 594 3227 665 autemimpetravit,
3277 602 3330 647 et
3382 607 3514 647 usus
3556 599 3641 646 est

2069 681 2211 740 Deus
2240 684 2357 754 ejus
2386 683 2567 756 lingua
2606 685 2672 739 ad
2707 685 3068 756 prophetiam.
3111 687 3245 740 cum
3280 698 3410 753 ergo
3447 681 3643 735 dicitur

396 781 580 838 tabat?
611 780 749 834 forte
779 789 954 832 autem
979 793 1083 831 non
1109 776 1268 830 debet
1291 775 1394 830 dici
1421 773 1548 844 quia
1577 771 1969 844 portabat,.sed

2100 776 2341 831 ibraham
2382 777 2648 847 propheta
2673 816 2692 844 ,
2736 786 2791 832 et
2819 776 3085 847 quaeritur
3111 791 3142 830 a
3171 775 3357 830 multis
3398 774 3487 829 ubi
3518 788 3642 842 pro-

401 875 684 934 candebat.
721 873 787 927 E-t
814 873 928 927 dics
964 884 1082 924 una
1107 869 1401 924 transierat
1426 910 1441 936 ,
1472 878 1525 922 et
1557 868 1785 923 necdum
1822 866 1973 922 locus

401 967 804 1022 ostendebatur.
832 965 898 1019 Et
919 979 1026 1019 nox-
1050 964 1116 1018 ad
1150 963 1314 1028 diem,
1344 971 1400 1017 et
1433 959 1661 1016 necdum
1697 959 1761 1013 ad
1793 957 1968 1013 locum

408 1061 672 1130 pervenit.
706 1059 768 1113 Et
817 1057 1087 1111 secundus
1130 1054 1267 1118 dies,
1315 1060 1370 1107 et
1408 1061 1530 1120 post
1559 1049 1700 1104 diem
1752 1063 1879 1111 nox,
1920 1057 1976 1102 et

406 1149 509 1205 alia
551 1165 661 1206 nos
691 1166 706 1204 :
743 1157 798 1203 et
835 1147 1070 1201 nondum
1108 1144 1250 1208 linis,
1281 1145 1377 1201 sed
1409 1143 1690 1213 protensio
1713 1151 1832 1196 erat
1859 1148 1974 1194 ten-

408 1241 631 1297 tationis
657 1239 925 1304 dilatatio,
961 1235 1275 1306 et-quando-
1303 1235 1650 1306 perveniret,
1684 1243 1739 1289 et
1763 1237 1977 1304 quando

407 1336 793 1390 ostenderetur
839 1331 988 1386 lacus
1033 1344 1154 1384 cum
1198 1330 1309 1396 jam
1355 1327 1627 1382 deberet:
1676 1326 1804 1396 quia
1847 1340 1978 1394 ergo

410 1426 596 1480 omnia
639 1439 758 1493 quae
799 1431 926 1478 sunt
973 1429 1027 1476 et
1070 1420 1120 1474 in
1173 1418 1744 1474 Vetere-Testamento
1791 1416 1980 1470 formae

412 1529 572 1574 erant
609 1516 765 1578 Novi,
800 1515 957 1569 tertio
985 1513 1071 1567 die
1109 1520 1164 1567 et
1193 1511 1350 1565 tertia
1384 1520 1542 1566 nocte
1579 1517 1979 1565 sacramentum

415 1609 676 1678 unigeniti
739 1606 859 1660 Filii
922 1605 1012 1660 Dei
1066 1601 1434 1673 prmcurrebat
1487 1613 1584 1671 per
1638 1599 1980 1670 unigenitum

2071 869 2377 940 phetaverit
2413 869 2729 937 Abraham;
2762 871 2906 926 scire
2943 878 3195 943 oportet,
3241 869 3367 940 quia
3406 869 3643 924 maxime

2071 962 2286 1032 quidem
2321 961 2409 1017 cui
2442 961 2700 1017 revelavit
2723 961 2865 1019 Deus
2891 963 3264 1033 semetipsum,
3294 969 3552 1032 quantum
3587 969 3642 1014 et

2075 1051 2332 1123 possibile
2378 1052 2478 1107 l'uit
2519 1053 2754 1109 Abrahze
2796 1062 2855 1109 ut
2895 1054 3232 1110 revelaretur
3257 1054 3343 1120 ei;
3388 1053 3489 1108 iste
3530 1053 3647 1123 ipse

2074 1149 2370 1204 vocabatur
2392 1146 2674 1218 propheta.
2691 1145 2807 1201 Alia
2831 1157 3010 1202 autem
3035 1146 3340 1202 invenimus
3363 1161 3487 1200 eum
3517 1145 3641 1200 istic

2073 1241 2477 1311 prophetantem
2501 1256 2517 1295 :
2545 1255 2703 1295 unam
2735 1238 2950 1310 quidem
2973 1238 3329 1310 prophetiam,
3355 1255 3511 1309 quam
3529 1237 3641 1307 jam

2076 1333 2310 1386 diximus
2359 1347 2374 1386 :
2419 1331 2712 1386 secundam
2759 1339 2938 1386 autem
2971 1345 3126 1396 eam,
3161 1347 3280 1401 quae
3315 1332 3638 1401 insequitur.

2081 1423 2186 1479 Sed
2221 1433 2536 1493 sequentem
2569 1420 2710 1477 forte
2739 1421 2919 1477 dicere
2945 1421 3304 1492 perniciosum
3329 1432 3431 1487 est,
3450 1431 3519 1476 et
3548 1439 3648 1476 an-

2079 1516 2197 1571 dire
2226 1514 2601 1586 perniciosius.
2632 1513 3098 1582 Quemadmodum
3119 1549 3135 1576 ,
3167 1521 3324 1581 putas
3348 1551 3363 1577 ,
3392 1511 3651 1568 sustinuit

2079 1622 2141 1663 ea
2169 1621 2288 1677 quae
2320 1620 2507 1676 passus
2533 1604 2652 1661 est?
2696 1605 3154 1677 quemadmodum»
3184 1603 3443 1659 Charitas
3467 1602 3648 1657 omnia

415 1701 686 1756 Abrahae:
727 1697 851 1768 quia
892 1706 1072 1749 autem
1107 1693 1429 1764 Complelum
1465 1699 1866 1746 sacramentum
1899 1696 1983 1743 θεῖ
2016 1767 2042 1769 ξ
2083 1701 2334 1757 sustinet.
2382 1699 2448 1754 Et
2490 1699 2643 1769 pueri
2694 1698 2908 1768 quidem
2946 1705 3351 1761 remanserunt,
3392 1695 3654 1766 prmecpit

417 1795 580 1850 trium
605 1767 834 1854 dierum,
860 1798 913 1844 et
938 1789 1095 1842 trium
1127 1785 1391 1850 noctium;
1413 1792 1670 1838 ostensus
1699 1788 1784 1836 est
1809 1779 1979 1847 locus,
2014 1767 2058 1823 Β
2083 1793 2225 1848 enim
2266 1767 2549 1860 dominug;
2576 1767 2850 1846 Abram“
2877 1800 3057 1846 amem
3086 1789 3363 1860 accipiens
3395 1789 3569 1859 ignem
3600 1797 3658 1841 ει

415 1885 646 1941 advenit.
671 1892 726 1946 ω
771 1893 980 1948 tempus
1013 1895 1029 1937 :
1065 1876 1203 1932 forte
1239 1884 1418 1929 autem
1457 1873 1662 1944 putatis
1703 1871 1812 1940 jam
1845 1869 1978 1924 Iibe—

417 1990 539 2031 rum
591 1986 713 2028 esse
751 1987 794 2024 a.
827 1967 1124 2024 certamine
1167 1964 1526 2020 tentationum
1571 1961 1869 2016 Abraham.
1916 1958 1984 2012 Et

416 2075 568 2124 certe
594 2074 853 2134 quantum
890 2060 1212 2130 propinquat
1251 2065 1482 2126 tempus,
1517 2064 1727 2108 tantum
1764 2052 1984 2107 tentatio

419 2158 764 2230 protenditur
788 2155 926 2225 ejus.
963 2153 1030 2206 Et
1055 2150 1325 2206 Abraham
1353 2147 1483 2203 dicit
1505 2146 1571 2200 ad
1596 2161 1793 2217 pueros
1820 2163 1836 2199 :
1867 2143 1986 2198 lita-

421 2261 538 2304 uete
561 2248 681 2312 hic;
711 2262 803 2316 ego
831 2253 1004 2298 autent
1040 2251 1090 2295 et
1126 2239 1272 2309 ﬁlius
1292 2238 1631 2294 ascendemus
1655 2237 1707 2291 in
1739 2245 1984 2300 montem,

421 2347 702 2396 adorantes
732 2336 1072 2392 remeabimus
1101 2334 1168 2388 ".
1200 2331 1405 2387 Timuit
1432 2331 1602 2394 enim,
1638 2343 1706 2384 ne
1737 2327 1885 2397 pueri
1921 2326 1989 2380 ad

423 2433 698 2488 dominum
737 2428 986 2484 allectum
1014 2427 1294 2492 habentes,
1341 2431 1397 2478 et
1440 2421 1672 2476 maxime
1704 2418 1771 2473 ad
1804 2417 1990 2489 unige-

427 2523 619 2586 nitum,
664 2514 1223 2591 probiberent..Certe
1267 2512 1391 2582 quia
1422 2523 1694 2580 nunquam
1729 2508 1992 2563 Dominus

426 2610 759 2669 sacriﬁcium
791 2605 1023 2663 hominis
1051 2603 1205 2674 petit.
1238 2601 1537 2657 Audierant
1578 2608 1759 2654 autem
1788 2598 1915 2668 quia
1938 2607 1994 2652 et

425 2705 723 2762 secundum
789 2697 1206 2771 promissionem
1281 2693 1426 2750 Deus
1482 2693 1780 2748 donaverat
1845 2691 1995 2746 lsaac

427 2799 658 2853 Abrahae
684 2812 700 2850 :
744 2795 1015 2848 intuentes
1048 2803 1177 2846 vero
1209 2795 1267 2842 et
1297 2794 1513 2842 atatem
1542 2784 1862 2840 Abrahae-in
1890 2783 1996 2839 alio

427 2887 534 2958 jam
555 2881 1170 2954 tempore-constitutam
1197 2893 1214 2934 :
1246 2878 1370 2947 quia
1393 2876 1556 2947 igitur
1569 2888 1674 2930 non
1693 2873 1998 2929 consentie-

410 2989 564 3036 bant
586 2978 701 3050 (20)
725 2975 937 3046 negotio
963 2974 1045 3029 bis
1071 2986 1191 3042 quae
1217 2969 1732 3027 laciebatAbrabam
1758 2967 2000 3039 :possint

2082 1882 2222 1953 ligna
2253 1891 2309 1936 et
2345 1879 2578 1951 gladium
2599 1919 2613 1942 ,
2643 1879 2888 1933 ascendit
2915 1894 3035 1933 eum
3069 1877 3202 1942 lilio,
3253 1877 3366 1946 ipse
3407 1875 3517 1930 lilio
3555 1889 3652 1929 suo

2086 1975 2368 2046 imponens
2401 1970 2562 2042 ligna.
2607 1969 2850 2025 Et'certe
2893 1968 3096 2023 scimus
3126 1966 3401 2022 Abraham
3445 1981 3539 2035 per
3567 1979 3655 2020 se-

2088 2069 2379 2137 metipsum
2453 2062 2686 2118 vitulum
2754 2073 3057 2134 portantem
3127 2063 3209 2118 ad
3257 2061 3653 2131 susceptionem

2087 2175 2274 2218 eorum
2305 2159 2397 2228 qui
2433 2161 2784 2213 adveneram.
2812 2155 2951 2223 Quid
2979 2167 3158 2212 autem
3186 2171 3329 2212 nunc
3357 2170 3457 2210 nec
3483 2153 3656 2223 parti-

2092 2267 2180 2312 tus
2204 2270 2326 2312 cum
2359 2252 2470 2308 lilio
2497 2252 2705 2322 pondus
2744 2260 2847 2312 est.
2885 2249 2978 2305 sed
3008 2250 3189 2303 omnia
3217 2245 3661 2318 ligna~imposuit

2090 2347 2219 2410 lilio,
2250 2344 2438 2400 volens
2491 2343 2600 2414 jam
2635 2350 2917 2411 acceptum
2949 2339 3151 2395 habere
3192 2338 3424 2394 donum?
3449 2336 3658 2406 signiti-

2091 2437 2250 2493 cabat
2276 2447 2454 2491 autem
2478 2434 2604 2506 quia
2633 2433 2856 2504 incipiet
2884 2433 3170 2497 immolari,
3201 2427 3656 2502 quemadmodum

2093 2540 2318 2601 portare
2339 2543 2560 2584 crucem
2594 2541 2692 2598 per
2731 2526 3104 2597 semetipsum.
3131 2524 3264 2581 Cum
3304 2532 3484 2577 autem
3530 2534 3661 2591 pro-

2095 2629 2338 2677 moveret
2368 2619 2490 2686 iter,
2530 2626 2586 2673 et
2623 2624 3008 2687 agnosceretur
3047 2614 3246 2669 montis
3272 2627 3562 2676 cacumen,
3603 2617 3662 2665 et

2096 2713 2236 2785 ignis
2279 2712 2334 2767 in
2364 2710 2560 2774 medio,
2599 2717 2651 2764 et
2679 2708 2820 2777 ligna
2862 2706 2916 2762 in
2947 2705 3087 2762 collo
3119 2703 3271 2760 lsaac
3303 2701 3662 2766 haberentur,

2097 2801 2382 2875 etgladius
2415 2807 2730 2871 appareret;
2775 2795 2928 2851 Isaac
2954 2794 3190 2865 undique
3219 2792 3480 2864 prudens,
3510 2789 3654 2874 quod

2101 2865 2205 2949 alii
2224 2893 2375 2964 pueri
2408 2865 2511 2946 non
2545 2891 2750 2957 dixere,
2784 2891 2885 2944 iste
2919 2887 3148 2958 requirit
3179 2899 3209 2940 a
3257 2892 3430 2954 patre.
3467 2865 3668 2938 Tenta-

2102 2987 2300 3039 tionem
2330 2988 2514 3052 utpote
2549 2996 2712 3051 quam
2755 2979 2990 3033 habebat
3022 2986 3196 3045 pater,
3231 2973 3503 3044 eloquitur
3545 2972 3666 3028 dul-

431 3071 574 3126 enim
608 3071 788 3124 dicere
826 3085 840 3122 :
886 3065 1013 3131 quid
1050 3062 1210 3119 uﬂ'ers
1246 3064 1354 3118 Deo
1386 3061 1554 3117 lilium
1608 3076 1713 3116 non
1751 3059 1996 3130 petenti?

2103 3075 2350 3139 cissima,
2383 3083 2476 3128 aut
2509 3073 2687 3142 potius
2727 3071 2860 3126 dura
2909 3081 3044 3123 voce
3091 3084 3104 3121 :
3135 3066 3308 3136 magis
3339 3073 3520 3120 antem
3555 3077 3674 3118 non

433 3164 556 3233 quis
578 3161 722 3217 enim
746 3168 801 3215 et
821 3168 948 3214 ante
974 3157 1152 3226 ipsum
1169 3154 1440 3223 justorum
1469 3154 1572 3208 hoc
1595 3159 1688 3206 aut
1708 3167 1872 3208 ausus
1893 3160 1999 3217 est,

437 3260 532 3305 aut
555 3258 766 3304 tentare
799 3261 964 3301 ausus
995 3244 1117 3300 est?
1145 3246 1216 3298 ob
1247 3257 1411 3313 quam
1439 3242 1582 3298 etaim
1617 3255 1834 3296 causam
1857 3249 2003 3309 petat

445 3340 588 3394 Deus
611 3352 757 3403 eum,
789 3350 948 3406 quem
990 3330 1252 3388 donavit?
1293 3345 1392 3384 cur-
1422 3339 1604 3384 autem
1632 3337 1687 3382 et
1713 3326 2004 3382 transierat

442 3432 586 3488 Deus
608 3428 990 3501 promissiones
1009 3424 1174 3480 suas?
1203 3431 1262 3477 ut
1287 3422 1417 3492 quid
1439 3429 1618 3475 autem
1649 3430 1704 3474 et
1725 3419 1904 3483 dedit,
1947 3427 2006 3472 ut

435 3533 491 3580 et
515 3521 765 3590 accipiat,
792 3531 953 3588 quem
989 3514 1259 3570 indulsit?
1285 3513 1401 3568 Hos
1426 3511 1779 3567 rationabiles
1803 3509 2007 3581 cogita-

439 3627 524 3670 tus
549 3616 748 3670 timens
771 3610 1071 3675 Abraham,
1105 3605 1349 3676 praecipit
1377 3604 1562 3676 pueris
1586 3611 1924 3673 exspectare,
1951 3610 2007 3656 et

439 3723 622 3763 secum
670 3719 776 3760 non
819 3705 1146 3765 ascendere,
1183 3712 1252 3752 ne
1287 3697 1412 3768 quis
1454 3695 1524 3750 ob
1570 3709 1820 3750 smorem-
1857 3694 2008 3751 Isaac

443 3797 683 3852 mitteret
728 3808 981 3858 manum,
1019 3800 1080 3846 et
1124 3787 1518 3845 contaminaret
1561 3785 2006 3840 immolationem.

441 3887 581 3955 Quid
609 3897 789 3941 autem
829 3884 956 3954 quia
987 3891 1043 3936 et
1070 3881 1243 3951 ipsam
1279 3878 1494 3941 Saram,
1525 3892 1687 3945 quam
1717 3886 1847 3946 puto
1875 3875 2010 3930 nihil

446 3977 668 4032 latuisse
693 3990 926 4046 unquam
947 3989 1068 4042 qua:
1093 3971 1379 4027 Abraham.
1400 3966 1846 4038 cogitabati~bzec
1866 3967 2009 4020 enim

445 4069 774 4125 conscientia
802 4068 916 4137 ipsa
943 4065 1214 4120 aestimare
1241 4077 1338 4117 nos
1365 4059 1512 4124 facit,
1538 4074 1660 4128 qua:
1688 4058 1742 4111 in
1775 4056 1867 4111 illo
1894 4065 2013 4111 erat

445 4161 717 4232 conjugio.
750 4159 842 4212 llla
873 4173 1032 4228 quam
1073 4155 1204 4210 nihil
1237 4155 1392 4209 latuit
1419 4166 1656 4222 unquam
1691 4165 1810 4220 qua:
1835 4149 2009 4204 Abrac

438 4256 574 4309 .ham
616 4251 822 4314 facere,
857 4259 954 4305 aut
991 4263 1210 4302 movere
1247 4245 1536 4308 voluisset,
1579 4242 1663 4297 vel
1707 4241 2010 4310 cogitare:

449 4346 536 4400 illa
565 4345 838 4416 ignoravit
859 4342 987 4413 quia
1013 4339 1321 4410 uuigenitus
1344 4337 1486 4405 ejus,
1530 4334 1636 4390 illia
1675 4332 2014 4390 sterilislru-

2105 3176 2314 3224 tantum
2353 3180 2539 3236 grave,
2570 3171 2829 3233 quantum
2855 3160 3033 3216 dulce.
3069 3158 3227 3213 Pater
3251 3156 3623 3224 enim,-inquit
3651 3171 3667 3209 :

2105 3257 2300 3314 sulﬁcit
2335 3257 2436 3312 hoc
2463 3257 2526 3309 ad
2558 3251 2878 3308 ﬂectendum
2910 3260 3120 3321 patrem
3164 3268 3179 3305 :
3227 3247 3426 3319 quique
3453 3257 3509 3301 et
3537 3259 3668 3300 con-

2100 3350 2278 3420 jungit
2309 3347 2410 3401 alia
2439 3357 2493 3401 et
2519 3345 2648 3399 dicit
2679 3361 2696 3398 :
2737 3342 2868 3396 Erice
2906 3343 3066 3412 ignis.
3100 3357 3218 3394 ecce
3261 3341 3426 3409 ligna,
3474 3338 3562 3391 ubi
3597 3345 3672 3390 est

2107 3441 2224 3494 ovis
2260 3440 2318 3492 in
2350 3435 2673 3504 sacriﬁcium
2718 3433 2804 3486 “1’
2834 3433 2967 3501 Quis
3013 3432 3152 3487 alius
3200 3440 3468 3501 portasset
3509 3427 3669 3481 istam

2108 3528 2329 3584 vocem?
2377 3526 2453 3581 Ex
2505 3525 2624 3580 aliis
2669 3523 2886 3594 quidem
2937 3522 3246 3577 hominibus
3288 3517 3485 3572 nullus.
3524 3513 3676 3571 iuste

2107 3633 2235 3689 ergo
2282 3618 2424 3673 Deus
2471 3615 2742 3670 Abraham
2793 3611 2999 3668 dilexit.
3050 3607 3444 3664 Adamantinus
3490 3615 3672 3660 autem

2108 3709 2218 3774 ille,
2263 3705 2524 3779 unigeniti
2569 3704 2652 3760 sui
2703 3703 2953 3775 sagittam
3006 3701 3299 3770 accipiens,
3349 3713 3455 3752 non
3501 3695 3672 3751 tacuit

2109 3799 2310 3866 ferens,
2341 3799 2436 3853 sed
2468 3797 2639 3866 potuit
2662 3793 2826 3863 loqui,
2855 3790 3030 3862 potuit
3053 3790 3398 3860 respondere,
3420 3794 3674 3854 etneque

2109 3892 2345 3962 linguam
2373 3886 2571 3944 oliendi
2602 3885 2852 3940 dentibus
2883 3900 2900 3936 :
2935 3892 3157 3953 potuere
3186 3887 3370 3934 autem
3399 3886 3454 3932 et
3485 3875 3676 3930 dentes

2112 3983 2311 4055 aperiri
2341 3990 2397 4037 et
2423 3983 2554 4034 dare
2585 3976 2819 4048 spatium
2852 3975 3100 4046 linguam
3139 3972 3234 4028 sed
3268 3984 3367 4025 nec
3402 3970 3541 4023 forte
3570 3969 3674 4021 ista

2113 4077 2296 4131 dicere
2323 4076 2389 4129 de
2417 4072 2508 4126 illo
2535 4071 2739 4125 licitum
2770 4077 2872 4123 est.
2903 4065 3018 4122 Non
3044 4066 3190 4122 enim
3219 4079 3285 4120 ex
3323 4061 3407 4117 his
3435 4075 3556 4131 quae
3580 4073 3678 4114 nos

2113 4168 2372 4239 patimur,
2403 4165 2544 4220 illius
2583 4163 2856 4217 virtutem
2885 4171 3203 4216 accusemus
3240 4173 3256 4212 :
3291 4154 3388 4210 sed
3427 4161 3484 4208 et
3526 4150 3682 4206 hctus

2115 4273 2170 4318 et
2199 4261 2497 4329 exsultans,
2545 4267 2667 4316 erat
2716 4257 2861 4312 enim
2918 4254 3258 4318 Abraham,
3287 4245 3566 4318 respondit
3617 4242 3685 4297 ad

2117 4355 2284 4410 lilium
2312 4370 2418 4410 non
2451 4354 2742 4412 crudeliter
2772 4365 2947 4421 neque
2971 4349 3283 4407 inhumane,
3314 4341 3409 4396 sed
3437 4336 3687 4402 religiose

449 4448 605 4500 etus,
625 4435 716 4490 ille
746 4450 814 4489 es
843 4434 1114 4506 insperato
1149 4431 1321 4495 illius,
1357 4430 1445 4486 ille
1477 4429 1570 4500 qui
1619 4433 1997 4484 extrazetaten

2119 4455 2174 4500 et
2201 4445 2332 4516 pie:
2378 4443 2502 4498 dicit
2529 4444 2673 4498 enim
2715 4443 2779 4497 ad
2833 4440 3000 4494 lilium
3043 4455 3058 4491 :
3099 4437 3350 4490 Dominus
3397 4429 3688 4500 providebis

453 4537 772 4599 procreatus
799 4537 885 4582 est
919 4544 946 4581 :,
969 4525 1060 4580 illa
1093 4525 1358 4595 ignoravit
1400 4524 1526 4593 quia
1565 4522 1676 4576 Deo
1702 4518 2010 4582 olierretur,

453 4621 542 4690 qui
572 4619 868 4675 donaverat
903 4634 919 4672 :
951 4629 1010 4670 ut
1039 4631 1152 4670 non
1173 4615 1316 4671 sicut
1346 4611 1779 4682 aliquando'risit
1811 4609 2015 4677 impor-

453 4723 580 4767 tune
604 4713 670 4765 in
688 4707 1043 4778 promissione
1065 4706 1202 4776 ejus,
1223 4715 1278 4760 et
1302 4719 1443 4758 nunc
1471 4703 1689 4774 plorans
1712 4701 2017 4769 importune

453 4802 736 4873 iiiipediret
763 4797 1187 4854 immolationem
1221 4815 1235 4852 :
1270 4794 1364 4850 sed
1402 4793 1564 4848 tacita
1602 4806 1692 4847 res
1729 4800 1815 4846 est
1852 4799 1906 4844 et
1947 4789 2016 4844 ad

455 4894 666 4949 Saram.
702 4891 779 4947 Ita
813 4890 958 4946 enim
989 4887 1198 4944 sciebat
1237 4894 1292 4938 et
1319 4883 1636 4948 Abraham,
1657 4890 1712 4935 et
1736 4889 1862 4934 ante
1901 4895 2018 4934 inu-

458 4987 679 5050 lierein,
730 4994 785 5039 et
824 4984 1016 5038 Saram
1065 4978 1449 5050 pmbonorare
1505 4974 1596 5028 Dei
1649 4981 2016 5042 praeceptum;

461 5074 666 5129 sciebat
693 5083 870 5130 autem
901 5082 956 5127 et
985 5082 1108 5127 ante
1152 5069 1487 5139 unigenitum
1531 5080 1688 5121 suum
1713 5103 1728 5128 ,
1773 5079 1895 5120 eum
1925 5066 2017 5134 qui

462 5167 755 5221 donaverat
786 5167 1090 5219 honorare._
1111 5164 1219 5219 Sed
1255 5175 1430 5232 neque
1459 5159 1494 5213 ii
1529 5157 1620 5227 qui
1654 5156 1761 5212 iter
1796 5169 1917 5211 cum
1953 5169 2020 5208 eo

463 5259 730 5325 iecerant,
787 5259 1028 5314 sciebant
1078 5259 1434 5331 mysterium,
1489 5255 1583 5311 sed
1636 5263 2022 5333 sacramentum

466 5369 628 5408 meum
648 5395 663 5418 ,
694 5353 888 5422 inquit,
921 5351 1072 5407 mihi.
1100 5350 1304 5406 Tamen
1349 5349 1572 5420 cupiens
1596 5345 1871 5402 Abraham
1899 5357 2025 5398 sna-

466 5447 588 5502 .lcre
615 5444 796 5515 pueris
823 5453 882 5500 ut
921 5442 1544 5507 remanerent,.locutus
1579 5449 1664 5497 est
1704 5439 1759 5494 id
1798 5436 1866 5490 ad
1905 5450 2021 5500 eos,

470 5539 603 5611 quod
635 5551 734 5592 nec
762 5537 876 5606 ipse
910 5535 1178 5606 speravit,
1221 5548 1318 5588 nec
1357 5533 1531 5589 sensit
1557 5551 1586 5590 :.
1613 5531 1756 5592 dicit.
1783 5528 1927 5585 eiiim
1958 5529 2025 5586 ad

529 5653 580 5685 ’τ’
598 5651 735 5707 Gen.
759 5666 897 5717 ml,
919 5651 972 5707 5.
1034 5649 1081 5682 "
1100 5648 1233 5706 Gen.
1260 5663 1394 5713 nn,
1423 5647 1474 5703 7.
1529 5653 1574 5690 ”
1599 5651 1733 5716 ibld-
1755 5648 1810 5706 8ο

535 5745 646 5815 μθ)
684 5743 924 5816 Negotia.
956 5743 1122 5801 Forte
1151 5745 1373 5812 negotia,
1407 5755 1506 5803 res.

2120 4551 2264 4590 ovem
2287 4533 2548 4603 sacriﬁcio
2578 4548 2697 4596 suo,
2727 4531 2806 4598 [ili
2829 4530 2892 4583 '9.
2918 4528 3059 4582 Ecce
3087 4525 3188 4578 alia
3229 4520 3510 4592 prophetia
3531 4557 3548 4584 ,
3573 4531 3690 4587 qua!

2120 4625 2189 4682 ab
2217 4641 2282 4682 eo
2315 4628 2407 4696 qui
2437 4626 2645 4680 locutus
2671 4632 2795 4688 est,
2828 4619 3177 4689 ignorabatur
3211 4633 3225 4669 :
3257 4612 3563 4684 Oppositum
3596 4625 3692 4661 an-

2122 4726 2229 4772 tem
2255 4725 2374 4771 erat
2399 4714 2540 4785 quod
2565 4714 2662 4777 ait,
2697 4712 2955 4765 Dominus
2980 4706 3268 4778 providebit
3299 4719 3442 4758 ovem
3481 4697 3692 4768 sacri/5»-

2123 4811 2206 4864 cio
2235 4825 2354 4872 suo,
2396 4806 2497 4876 ﬁli.
2541 4805 2694 4859 Sicut
2725 4802 2868 4857 enim
2905 4801 2994 4856 ille
3023 4799 3286 4868 incipiens
3316 4808 3563 4849 sermone
3593 4795 3690 4854 ait,

2123 4913 2272 4973 pater
2297 4916 2317 4956 :
2346 4903 2419 4954 ita
2459 4901 2560 4954 iste
2585 4896 2912 4965 consignatis
2942 4893 3186 4957 verbum,
3229 4889 3377 4952 dicit,
3401 4887 3498 4955 fili.
3528 4885 3692 4938 Andi-

2125 4997 2203 5051 vit
2230 5009 2405 5054 ovem.
2443 5002 2496 5047 et
2541 4989 2749 5060 accepit
2779 4999 2839 5042 ut
2884 5003 2912 5040 a
2957 4995 3135 5056 patre,
3167 4991 3347 5038 certus
3381 4979 3508 5049 quia
3549 4981 3709 5046 quod

2129 5089 2404 5144 inventum
2477 5085 2692 5140 interim
2769 5096 2874 5134 non
2931 5088 3107 5145 erat,
3145 5075 3496 5130 inveniretur.
3553 5069 3692 5124 Cum

2127 5179 2725 5249 autem'pervenissent
2772 5175 2838 5228 ad
2892 5173 3101 5235 locum,
3162 5166 3464 5222 :edillcabat
3523 5165 3697 5217 Abra-

2128 5272 2254 5326 bam
2297 5269 2551 5324 festinans
2581 5269 2772 5332 altare,
2831 5275 2882 5321 et
2934 5280 3056 5320 cum
3097 5258 3512 5320 construxisset,
3548 5270 3699 5310 men-

2133 5366 2284 5419 titur.
2330 5365 2395 5416 ad
2446 5363 2610 5416 lilium
2673 5357 3029 5431 promissione
3075 5354 3187 5426 (ει)
3252 5366 3376 5422 quae
3438 5363 3534 5420 per
3589 5346 3707 5400 lin--

2131 5469 2289 5525 guam
2332 5452 2506 5507 fuerat
2563 5450 2725 5507 facta.
2761 5465 2868 5504 non
2933 5456 3112 5502 tamen
3167 5455 3288 5500 eam
3344 5456 3464 5512 quae
3496 5441 3545 5492 in
3577 5451 3701 5492 cor-

2132 5551 2200 5607 de
2275 5555 2390 5604 erat
2464 5546 2745 5601 abscousa.
2811 5542 2878 5598 Et
2937 5539 3147 5598 accedit
3211 5543 3375 5608 pater
3427 5529 3707 5587 Abraham

2206 5733 2314 5799 (2i)
2351 5726 2724 5786 Rromiuione.
2751 5727 2829 5784 Au
2854 5718 3284 5781 amarissimum?
