4098 6398
515 296 650 352 10⁵19

1183 294 1450 350 EUSEBII
1490 293 1970 348 CJESARIENSIS
2004 292 2154 348 OPP.
2195 291 2373 347 PARS
2410 292 2502 349 ιν.
2539 320 2611 333 -ο
2643 292 3060 347 ΒοωιΑΤιοΑ.

3623 298 3761 355 1080

514 426 564 474 ει
606 416 812 470 accedit
841 415 907 466 ad
932 413 1102 477 Isaac,
1142 423 1197 467 ει
1240 415 1368 482 ligat
1405 431 1418 466 :
1455 413 1624 467 tilium
1658 413 1929 467 Abraham
1963 413 2085 480 Iiga-
2117 419 2159 471 Α
2193 414 2416 465 ιιοηειιι.
2448 411 2670 479 Accepit
2714 410 2992 464 Abraham
3033 411 3331 464 secundum
3379 411 3572 466 ﬁlium.
3596 412 3760 473 Putas

514 509 610 571 vit,
637 522 694 561 ιιι
724 523 821 560 nec
847 507 1131 575 palpitans,
1159 521 1256 558 nec
1279 521 1337 558 se
1367 522 1591 560 movens
1622 508 1859 560 turbaret
1893 507 2084 558 immo—

513 599 790 655 lationem.
815 598 952 664 Qno,
987 609 1162 668 putas,
1193 597 1341 651 vultu
1368 599 1693 668 reSpiciebat
1725 599 1888 651 ﬁlium
1917 598 2087 651 Abra-

513 693 674 747 liam?
704 693 826 761 quis
857 693 905 745 ei
943 701 1063 745 erat
1107 691 1294 746 color?
1341 693 1792 760 quemadmodum
1823 692 1941 745 sine
1971 700 2086 744 tre-

512 797 663 837 more
705 798 898 836 ntauus
927 783 1332 850 operabautur?
1369 783 1515 851 quis,
1564 792 1744 852 putas.
1800 792 1925 835 tunc
1970 792 2088 835 erat

511 869 662 928 lsaac
692 874 744 926 in
779 874 862 927 his
892 875 1235 934 constitutus,
1272 885 1457 929 tacens
1515 882 1608 926 aut
1647 873 1906 941 loquens?
1937 873 2089 926 Scriu

510 975 666 1033 plura
686 967 826 1019 enim
871 967 970 1020 hoc
1005 966 1191 1019 tacuit.
1223 966 1386 1020 Putas
1426 966 1549 1036 quia
1580 966 1741 1035 justis
1773 967 1823 1018 in
1856 965 1940 1019 his
1972 979 2088 1018 ser-

511 1059 762 1112 monibus
799 1073 927 1112 usus
951 1059 1068 1111 est?
1097 1058 1215 1112 Noli
1245 1059 1389 1113 enim
1421 1061 1700 1114 attendere
1735 1059 1780 1113 si
1807 1073 1959 1128 puer.
1991 1058 2084 1112 sed

511 1151 635 1217 quia
672 1151 820 1204 Isaac
850 1159 970 1203 erat
1010 1151 1153 1203 lilius
1179 1152 1433 1205 Abrnhte.
1481 1152 1645 1205 Putas
1693 1167 1801 1204 non
1838 1151 1972 1204 dixit
2017 1150 2083 1203 ad

511 1251 722 1309 patrem
771 1259 785 1294 :
821 1245 1037 1311 quando
1065 1244 1206 1296 Deus
1234 1242 1577 1297 sacriﬁcium.
1611 1241 1888 1295 hominum
1923 1241 2083 1309 depo-

509 1331 658 1385 Scit?
687 1334 816 1402 quid
855 1333 1025 1388 facis?
1055 1336 1251 1389 donum
1293 1348 1411 1387 sum
1447 1333 1538 1390 Dei
1584 1352 1598 1388 :
1631 1335 1746 1386 sine
1770 1332 2082 1401 pwuiteutia

499 1415 637 1474 ‘sunt
665 1438 784 1490 qua:
817 1437 845 1474 a
891 1421 998 1476 Deo
1025 1435 1148 1477 sunt
1178 1424 1315 1477 dona
1349 1440 1362 1475 :
1393 1420 1519 1491 quid
1548 1421 1764 1489 spernis
1806 1421 2086 1491 gratiam?

508 1513 637 1578 quid
666 1527 856 1567 contra
899 1517 1227 1570 voluntatem
1263 1513 1516 1570 donantis
1553 1513 1816 1568 interﬁcis
1844 1513 2084 1566 donum?

510 1603 677 1658 Erant
715 1607 877 1660 multa
909 1624 1030 1676 quae
1082 1608 1412 1661 dicerentur.
1450 1602 1560 1660 Cur
1584 1614 1764 1656 autem
1807 1612 1860 1656 et
1912 1612 2085 1656 mater

510 1713 616 1750 non
647 1701 897 1766 agnovit?
921 1702 964 1752 si
992 1701 1134 1752 enim
1163 1698 1485 1753 rationabile
1510 1695 1763 1764 estquod
1791 1695 1873 1760 ﬁt,
1901 1711 2002 1749 cur
2029 1703 2083 1747 et

508 1806 536 1840 a
569 1794 738 1843 servis
768 1789 1146 1844 abscondisti?
1171 1791 1213 1842 si
1240 1799 1420 1842 autem
1449 1798 1501 1841 et
1527 1789 1629 1842 hoc
1673 1786 1790 1840 ﬁeri
1838 1788 2079 1858 deberet,

507 1899 605 1935 cur
633 1883 761 1936 mihi
794 1883 890 1950 ipsi
927 1882 1028 1936 hoc
1061 1882 1235 1950 ipsum
1270 1895 1376 1933 non
1410 1878 1584 1947 palam
1623 1879 1802 1930 facere
1831 1877 2084 1932 voluisti?

505 1975 939 2042 promissionem,
973 1989 1133 2040 quam
1177 1971 1358 2025 dixisti
1395 1969 1618 2038 exigens
1648 1989 1660 2023 :
1699 1969 1877 2022 dixisti
1912 1969 2079 2032 enim,

504 2065 629 2134 quia
661 2065 801 2118 Deus
829 2081 971 2118 orem
997 2065 1284 2133 providebit
1311 2063 1576 2131 sacriﬁcio
1601 2079 1696 2116 suo
1725 2077 1743 2116 :
1785 2062 1956 2116 ﬁdelis
2000 2076 2081 2124 es,

504 2156 673 2212 redde
725 2156 960 2211 fructum
1016 2155 1170 2219 lidei,
1235 2167 1438 2226 utpote,
1500 2171 1618 2223 quae
1667 2155 1873 2208 dixisti.
1916 2154 2083 2207 Erant

506 2251 670 2304 mutila
708 2267 826 2321 qua:
859 2253 1186 2304 dicerentur.
1245 2251 1308 2304 Et
1352 2265 1457 2305 non
1490 2251 1678 2318 tttiqne
1722 2261 1799 2302 ea
1832 2263 1952 2317 qua:
1981 2263 2081 2301 nos

506 2341 735 2395 dicimus
769 2361 781 2394 :
809 2341 922 2409 ipsa
952 2340 1165 2395 etiamsi
1202 2356 1306 2394 non
1333 2341 1439 2394 sint
1469 2340 1694 2409 scripta.
1716 2339 1824 2406 jam
1858 2353 1956 2392 nos
1983 2340 2083 2391 ad-

501 2415 706 2486 ducunt
734 2432 798 2485 ad
828 2447 963 2484 rem.
1003 2432 1242 2485 Movetur
1273 2432 1415 2485 enim
1449 2445 1647 2485 sensus
1683 2440 2079 2499 consequenter

499 2534 560 2576 ut
613 2538 734 2576 sese
779 2524 1050 2591 negotium
1106 2524 1290 2588 habet,
1323 2534 1379 2577 et
1411 2522 1765 2576 advenientes
1801 2537 1995 2576 sensus
2023 2522 2075 2575 in

500 2617 592 2671 illo
623 2627 749 2672 tunc
786 2629 1026 2684 tempore
1059 2617 1110 2670 in
1152 2633 1260 2686 quo
1290 2617 1406 2671 hare
1433 2617 1734 2684 agebantur
1757 2619 2072 2684 cogitemus.

499 2705 558 2762 Si
591 2707 762 2761 tacuit
797 2705 974 2769 Isaac,
1017 2707 1238 2772 grandis
1271 2705 1561 2759 admiratio
1595 2716 1678 2759 est
1723 2723 1736 2759 :
1785 2721 1829 2758 st
1861 2705 2079 2760 dicebat

498 2797 695 2852 iterum
735 2798 960 2866 aliquid,
992 2799 1095 2851 alia
1129 2798 1438 2852 admiratio.
1473 2799 1942 2864 Quemadmodum
1981 2813 2076 2863 po-

493 2892 600 2944 tuit
651 2892 924 2946 sustinere
977 2890 1168 2959 pater?
1221 2890 1488 2958 quomodo
1535 2891 1831 2943 currebant
1883 2905 2076 2943 manus

489 2981 653 3051 ejus?
688 2981 792 3035 Sed
821 2984 937 3036 ista:
965 2982 1360 3035 admirationes
1400 2982 1450 3034 iu
1480 2979 1600 3033 aliis
1634 2980 1946 3034 hominibus
1978 2980 2075 3034 ba-

2194 503 2462 566 tristatus,
2507 503 2634 570 quia
2702 518 2812 556 non
2876 501 3104 571 perfecit
3154 514 3462 571 promptum
3519 507 3757 560 animum

2196 596 2395 648 suum?
2426 595 2519 648 sed
2577 595 2848 648 Abraham
2883 604 2988 656 est,
3035 596 3207 650 nescit
3260 596 3496 666 trislari,
3543 597 3759 666 Ignorat

2189 685 2540 755 praescribere
2566 685 2616 738 id
2642 685 2784 752 quod
2827 684 3067 750 gaudens
3098 686 3307 753 accepit
3335 703 3349 737 :
3381 702 3484 740 non
3510 690 3633 756 quia
3653 705 3759 745 non

2188 779 2404 834 obtulit.
2439 779 2580 833 Deus
2619 778 2896 846 prtecepit,
2943 777 3182 846 gaudens
3228 780 3424 833 obtulit
3457 796 3472 832 :
3505 785 3597 836 sed
3631 783 3757 850 quia

2188 871 2241 925 in
2269 871 2418 924 nullo
2474 870 2791 925 inobediens
2835 869 2956 925 fuit.
3012 865 3112 922 Ubi
3165 884 3294 938 ergo
3342 879 3426 924 est
3474 873 3758 940 prophetia

2186 977 2348 1032 quam
2381 962 2456 1015 ait
2487 962 2789 1024 Abraham,
2837 958 2973 1014 Deus
3027 960 3318 1025 providebit
3359 961 3624 1029 sacriﬁcio
3661 979 3756 1016 suo

2186 1055 2368 1109 ovem?
2395 1051 2532 1106 Num
2563 1053 2798 1108 otiosum
2830 1052 2932 1104 erit
2983 1051 3185 1105 altare?
3222 1051 3358 1104 Num
3414 1068 3640 1108 vacuum
3676 1064 3758 1109 to-

2189 1155 2297 1200 tum
2329 1143 2470 1213 quod
2499 1145 2698 1196 factum
2737 1144 2857 1197 est?
2881 1143 3016 1210 Quid
3049 1154 3225 1197 autem
3255 1159 3390 1211 opus
3427 1154 3545 1199 erat
3585 1148 3754 1202 videri

2186 1236 2372 1290 ludere
2405 1235 2612 1288 Deum?
2639 1236 2694 1290 Si
2723 1235 2865 1289 enim
2896 1236 2997 1290 iste
3026 1235 3240 1304 quidem
3269 1251 3372 1288 non
3410 1233 3753 1302 offerebatur,

2185 1327 2329 1381 Deus
2366 1338 2541 1380 autem
2591 1328 2848 1396 praecepit
2892 1342 3016 1382 eum
3062 1326 3268 1390 olferri,
3307 1327 3521 1381 oblatus
3551 1338 3752 1395 autem,

2186 1435 2292 1474 non
2323 1429 2407 1474 est
2433 1420 2642 1473 oblatus
2678 1439 2691 1474 :
2727 1421 2856 1488 quid
2881 1420 3247 1474 necessmium
3275 1431 3390 1473 erat
3421 1419 3472 1472 in
3502 1436 3558 1474 re
3584 1437 3598 1472 :
3625 1421 3757 1487 quid

2187 1513 2560 1566 necessarium
2612 1512 2778 1565 erat?
2821 1511 3107 1580 oportebat
3169 1510 3505 1579 praeformari
3545 1510 3753 1567 Novum

2187 1601 2594 1657 Testamentum
2631 1618 2659 1655 a
2688 1601 2882 1656 Vetere
2903 1601 2927 1654 ?
2946 1613 2999 1658 et
3021 1603 3160 1668 apud
3183 1601 3396 1656 Judteos
3425 1603 3638 1668 quidem
3664 1612 3756 1658 aut

2188 1708 2355 1761 parva
2385 1693 2738 1747 inveniuntur
2773 1693 2874 1746 ista
2903 1702 2995 1745 aut
3021 1695 3218 1746 oriosa.
3241 1693 3296 1745 Si
3340 1704 3518 1746 autem
3549 1693 3756 1750 Novum

2117 1758 2160 1812 Β
2188 1758 2430 1837 additum
2488 1782 2650 1838 fuerit
2692 1783 3126 1849 Testamentum,
3156 1793 3210 1837 et
3263 1784 3441 1838 lumen
3497 1786 3758 1840 eﬂ‘ulserit

2188 1889 2409 1940 verum;
2440 1875 2728 1930 utilissima
2759 1885 2813 1930 et
2861 1890 2966 1929 non
3005 1875 3200 1939 otiosa,
3242 1885 3298 1929 et
3349 1879 3654 1932 necessaria
3701 1887 3758 1932 et

2185 1983 2290 2022 non
2310 1966 2575 2036 superﬂua
2607 1968 2958 2037 apparebunt.
2979 1965 3035 2020 Si
3063 1967 3206 2021 enim
3233 1977 3286 2022 et
3316 1968 3753 2037 interrogaveri-

2185 2075 2306 2114 tuus
2335 2059 2570 2123 Judaaos,
2602 2070 2659 2112 ut
2689 2059 2816 2128 quid
2863 2057 3194 2113 oﬁ'erebatur
3222 2059 3371 2112 Isaae
3407 2060 3499 2126 qui
3541 2077 3645 2113 non
3672 2067 3756 2112 est

2182 2151 2416 2212 oblatus,
2448 2151 2643 2205 incerti
2671 2159 2798 2204 sunt
2831 2160 2885 2205 et
2921 2151 3311 2218 imprudentes.
3358 2150 3414 2205 Si
3442 2163 3617 2206 autem
3654 2153 3753 2206 Ec-

2183 2244 2348 2298 clesia
2383 2245 2579 2298 dixerit
2612 2259 2732 2313 qua:
2759 2259 2885 2299 vera
2931 2254 3082 2308 sunt,
3115 2245 3238 2312 quia
3273 2247 3485 2297 oblatus
3514 2255 3597 2298 cst
3645 2261 3753 2300 non

2184 2345 2242 2388 ut
2275 2334 2584 2398 oll'erretur,
2615 2335 2708 2390 sed
2743 2345 2801 2387 ut
2829 2347 3112 2402 appareret
3139 2337 3263 2404 quia
3304 2339 3421 2390 ovis
3451 2336 3592 2405 ligno
3617 2350 3755 2405 pen-

2184 2426 2346 2482 debat
2377 2443 2472 2496 pro
2499 2429 2735 2493 homine,
2785 2437 2842 2482 ut
2874 2428 3203 2482 liberaretur
3232 2428 3394 2482 homo
3445 2443 3476 2482 a
3531 2438 3702 2482 morte
3731 2446 3750 2484 :

2181 2537 2286 2574 non
2316 2521 2618 2574 concedunt
2665 2522 2822 2574 nobis
2851 2519 3023 2575 Judaei
3076 2522 3428 2591 magniﬁcare
3467 2530 3616 2575 vetus
3654 2537 3756 2592 per

2180 2612 2513 2682 agnitionem
2540 2612 2682 2666 novi.
2711 2612 3166 2681 luterrogavimus
3193 2614 3335 2666 enim
3352 2629 3468 2676 eos,
3493 2629 3655 2681 quam
3680 2614 3756 2668 ob

2177 2719 2398 2758 causam
2432 2705 2547 2758 haec
2579 2705 2758 2759 omnia
2814 2705 3015 2758 ﬁebant
3060 2720 3075 2756 :
3121 2705 3335 2758 oblatus
3369 2722 3473 2758 non
3501 2704 3749 2760 oﬁ‘ertur.

2178 2793 2282 2850 Sed
2315 2796 2516 2860 dicent,
2552 2804 2611 2848 ut
2645 2805 3030 2866 agnosceretur
3061 2796 3338 2850 Abraham
3360 2813 3388 2848 a
3427 2795 3554 2850 Deo.
3585 2795 3749 2850 Late-

2176 2888 2269 2942 bat
2295 2889 2436 2942 enim
2463 2903 2585 2942 eum
2625 2899 2679 2942 et
2708 2899 2834 2942 ante
2865 2889 3256 2944 tentationem?
3279 2890 3383 2943 Sed
3407 2900 3464 2942 ιιι
3487 2889 3554 2942 ab
3575 2889 3752 2942 homi-

2178 2977 2358 3032 nibus.
2393 2978 2563 3033 Erant
2591 2978 2711 3046 ejus
2738 2989 2793 3034 et
2825 2979 2946 3034 alite
2972 2980 3300 3034 teutationes
3320 2981 3564 3049 plurima
3594 2995 3609 3032 :
3649 2997 3747 3051 puc

495 3074 697 3141 bentur
729 3093 744 3129 :
782 3074 832 3126 in
864 3072 1137 3127 Abraham
1178 3083 1357 3128 autem
1392 3070 1665 3124 contraria
1691 3078 1812 3124 erat
1837 3070 2071 3124 admira-
2097 3109 2141 3167 Ο
2177 3079 2260 3124 tas
2303 3073 2426 3138 quia
2453 3081 2509 3124 ut
2540 3071 2772 3126 sciretur
2819 3072 2951 3126 nihil
3000 3074 3059 3126 ﬁt
3099 3073 3365 3140 amplius?
3401 3082 3458 3126 ut
3511 3073 3750 3128 lucrare-

498 3167 592 3220 tio.
625 3165 774 3220 Finis
800 3173 980 3220 autem
1007 3163 1278 3219 sermonis
1312 3181 1325 3216 :
1361 3162 1500 3217 forte
1528 3170 1787 3232 urgentur
1814 3161 2072 3216 uniuscu-

492 3257 690 3326 jusque
715 3257 926 3310 viscera
965 3273 977 3309 :
1006 3266 1061 3310 et
1100 3257 1242 3326 quod
1273 3264 1358 3310 est
1387 3255 1690 3308 mirandum
1721 3270 1738 3306 :
1770 3254 1898 3323 quia
1937 3253 2072 3309 certi

493 3361 562 3404 ex
611 3346 909 3415 Scripturis
941 3362 1060 3416 qmc
1104 3347 1213 3400 sint
1263 3355 1403 3406 acta,
1435 3355 1488 3398 et
1525 3345 1649 3414 quis
1696 3344 1859 3399 fuerit
1896 3345 2075 3398 exitus

499 3439 838 3508 negotiorum
868 3479 884 3501 ,
944 3449 1198 3506 tanquam
1248 3435 1617 3505 periclitantes
1662 3450 1949 3498 sermone,
2005 3451 2073 3490 ne

494 3529 622 3598 quid
649 3527 791 3581 aliud
818 3527 1126 3596 proveniret
1154 3527 1295 3596 quod
1329 3536 1409 3579 est
1438 3526 1724 3596 scriptum,
1755 3527 1823 3579 ita
1850 3526 2068 3580 solliciti

495 3633 707 3672 sumus.
752 3617 1030 3684 Completa
1079 3615 1300 3669 fuerunt
1342 3616 1574 3670 Abrahae
1617 3614 1798 3668 omnia
1847 3631 1969 3685 quae
2003 3617 2069 3670 ad

493 3710 836 3765 alacritatem
880 3708 1193 3762 tendebaut.
1226 3707 1450 3777 Ligutus
1481 3707 1548 3762 ab
1589 3722 1653 3762 eo
1693 3706 1869 3762 fuerat
1903 3707 2065 3773 ﬁlius,

491 3811 546 3856 et
565 3801 834 3855 exaltatus
862 3800 913 3853 iu
941 3801 1131 3864 altare,
1157 3810 1209 3855 et
1232 3801 1442 3869 positus
1472 3815 1633 3870 supra
1661 3801 1826 3871 ligna,
1850 3810 1906 3856 et
1927 3800 2070 3856 ﬁlius

492 3895 721 3962 desuper
757 3892 1006 3961 alligatus
1036 3910 1050 3947 :
1081 3901 1135 3946 et
1162 3903 1315 3960 pater
1350 3891 1507 3945 velo‘x
1534 3907 1690 3945 manu
1719 3892 1951 3960 gladium
1975 3909 2068 3961 ap-

489 3982 795 4052 prehendit.
821 3981 938 4046 Quo
957 3993 1178 4050 accepto
1200 3982 1526 4050 prOperabat
1541 3983 1812 4045 occidere,
1837 3998 1942 4036 non
1965 3983 2067 4036 dif-

491 4073 672 4126 ferens
709 4073 909 4140 quippe
949 4072 1288 4126 alacritatem
1315 4087 1378 4125 ac
1406 4073 1627 4126 donum.
1659 4073 1986 4128 Erutautem
2012 4084 2067 4128 et

489 4179 651 4216 manu
688 4173 741 4216 et
774 4165 1054 4218 alacritate
1082 4163 1256 4231 patris
1281 4164 1534 4227 Abrahae,
1561 4165 1651 4218 Dei
1679 4165 1913 4221 velocior
1941 4182 2062 4222 vox.

485 4255 763 4312 Abraham
791 4257 880 4324 qui
916 4254 1203 4310 alacritate
1228 4267 1602 4322 praecesserat,
1626 4267 1898 4325 prgccepto
1927 4272 2064 4325 prte-

484 4361 679 4400 ventus
710 4356 792 4402 est
833 4347 948 4402 Dei.
979 4346 1270 4410 Abraham,
1308 4346 1612 4399 Abraham:
1647 4347 1726 4400 bis
1761 4347 1933 4400 utitur
1967 4363 2062 4403 vo-

2179 3175 2300 3212 mur
2327 3160 2416 3229 qui
2446 3170 2566 3228 post
2603 3162 2716 3215 haec
2759 3161 2949 3217 lucrati
2997 3163 3221 3217 sumus?
3250 3162 3388 3229 Quid
3438 3177 3573 3231 opus
3627 3171 3750 3217 erat

2175 3251 2315 3305 ove?
2344 3262 2470 3320 puta
2498 3252 2625 3320 quia
2654 3262 2708 3307 et
2749 3268 2851 3309 ove
2880 3272 2894 3308 :
2927 3270 3024 3309 cur
3077 3271 3182 3308 non
3221 3266 3405 3308 taurus
3451 3254 3756 3323 apparuit?

2174 3357 2275 3397 cur
2333 3359 2437 3396 nou
2492 3360 2654 3413 capra
2701 3355 2792 3398 aut
2829 3345 3070 3400 vitulus?
3101 3363 3199 3400 cur
3249 3362 3353 3400 non
3411 3347 3516 3400 alia
3553 3360 3750 3414 magna

2175 3433 2500 3496 immolatio,
2530 3437 2622 3488 sed
2671 3436 2830 3489 ovis?
2857 3446 2979 3503 puta
3033 3441 3156 3506 quia
3210 3439 3346 3490 ovis.
3403 3437 3511 3491 Cur
3545 3451 3650 3490 nou
3690 3438 3747 3490 in

2141 3536 2315 3580 -terra
2345 3529 2456 3580 visa
2505 3541 2581 3582 est
2617 3531 2776 3583 ovis?
2826 3549 2926 3584 cur
2956 3547 3060 3584 non
3099 3543 3251 3585 extra
3302 3532 3492 3593 altare,
3537 3540 3630 3584 aut
3691 3531 3744 3584 in

2172 3619 2419 3671 cominus
2448 3621 2695 3688 apparuit
2717 3621 2919 3677 altari?
2955 3624 3010 3676 Si
3039 3624 3255 3692 quidem
3291 3621 3570 3678 hominum
3599 3631 3745 3677 esset.

2173 3707 2487 3763 adiuventio
2521 3718 2614 3762 aut
2647 3712 2967 3778 compositio
3020 3711 3087 3766 de
3133 3726 3255 3775 ove,
3283 3713 3570 3781 oportebat
3611 3712 3748 3765 alibi

2173 3796 2428 3853 inveniri.
2460 3798 2516 3853 Si
2549 3809 2727 3855 autem
2761 3801 2902 3856 Deus
2949 3818 3047 3872 pro
3077 3803 3298 3857 homine
3333 3818 3489 3857 ovem
3529 3804 3742 3871 praebe-

2169 3890 2478 3954 bat,subito
2507 3891 2560 3946 in
2593 3893 2708 3962 ipso
2739 3893 2855 3948 loco
2878 3896 3061 3950 debuit
3088 3896 3177 3949 ubi
3197 3905 3314 3950 erat
3340 3894 3512 3962 Isaac,
3539 3897 3589 3948 iu
3623 3896 3744 3964 ipsc

2167 3982 2362 4042 altare,
2397 3994 2484 4035 aut
2539 3984 2590 4036 in
2631 3995 2791 4048 terra,
2826 3987 3095 4055 autjuxta
3129 3989 3321 4050 altare,
3371 3997 3468 4041 aut
3515 3988 3744 4058 ligatum

2167 4073 2234 4127 ad
2262 4074 2493 4129 radicem
2535 4077 2766 4130 arboris.
2804 4077 2957 4132 Nunc
2992 4089 3170 4133 autem
3216 4089 3446 4148 apparet
3488 4082 3602 4131 ovis
3650 4093 3748 4131 su-

2167 4179 2390 4234 spensa,
2428 4176 2484 4222 et
2523 4183 2552 4222 a
2587 4169 2868 4232 cornibus,
2901 4183 2956 4225 et
2983 4185 3243 4240 suspensa
3274 4173 3326 4225 in
3362 4172 3578 4225 arbore.
3626 4168 3750 4222 Na-

2168 4265 2287 4311 tura
2326 4268 2508 4314 autem
2534 4261 2995 4332 interpretabatur
3026 4264 3167 4334 quod
3202 4273 3322 4317 erat
3354 4262 3648 4317 occultum.
3678 4261 3748 4316 Si

2166 4349 2290 4418 quis
2318 4350 2464 4404 enim
2497 4355 2845 4421 suspenderit
2880 4369 3037 4410 ovem
3070 4372 3099 4408 a
3135 4354 3394 4410 cornibus
3424 4354 3478 4407 in
3519 4353 3744 4414 arbore.

483 4454 567 4503 ce,
603 4440 730 4510 quia
757 4446 810 4492 et
837 4438 905 4492 ab
939 4438 1096 4492 initio
1124 4440 1376 4508 praecepti
1425 4457 1438 4493 :
1481 4440 1607 4508 quia
1642 4439 1785 4492 enim
1838 4439 1975 4494 forte
2005 4448 2062 4494 et
2089 4448 2138 4507 ι)
2167 4439 2220 4495 id
2255 4441 2398 4510 quod
2428 4447 2697 4514 sequitur,
2733 4446 2940 4501 videbit
2967 4447 3108 4516 quod
3140 4457 3261 4501 erat
3311 4446 3573 4500 futurum.
3632 4443 3747 4499 Ne-

484 4531 732 4586 dubitare
762 4532 915 4600 (2'2):
949 4530 1043 4586 sed
1071 4531 1336 4600 praevenit
1382 4531 1474 4600 qui
1518 4532 1774 4599 prmcepit
1809 4549 1821 4584 :
1865 4532 2054 4587 cadent

481 4627 651 4679 utitur
673 4639 827 4680 voce.
861 4623 1015 4678 Sicut
1039 4625 1184 4678 enim
1213 4625 1349 4677 dixit
1384 4634 1564 4685 antea,
1587 4623 1872 4686 Abraham,
1895 4624 2060 4678 Abra-

483 4717 625 4778 ham,
659 4718 838 4780 accipe
853 4717 1022 4784 ﬁlium
1056 4727 1205 4769 tuum
1237 4717 1560 4783 unigenitum
1608 4716 1765 4767 Isaac
1794 4732 1942 4784 quem
1970 4715 2056 4768 di-

482 4807 654 4857 lexisli
685 4824 704 4861 :
741 4805 811 4859 ita
841 4814 898 4859 et
921 4806 1066 4869 istic,
1093 4805 1383 4870 Abraham,
1415 4805 1703 4858 Abraham.
1757 4803 1873 4873 lpse
1907 4806 2052 4860 enim

476 4899 566 4961 qui
599 4897 685 4949 illa
715 4897 991 4965 praecpit,
1021 4906 1075 4950 et
1111 4911 1254 4949 nunc
1303 4895 1572 4964 loquitur,
1625 4909 1680 4950 ct
1732 4896 1884 4957 dicit.
1923 4895 2052 4950 Noli

474 4989 778 5057 contingere
797 4988 966 5055 ﬁlium
998 4999 1144 5040 tuum
1177 4988 1222 5019 '°
1251 5004 1267 5040 :
1307 4987 1479 5040 habeo
1508 4989 1729 5052 donum,
1756 4989 1892 5042 habe
1915 4999 1967 5042 et
1997 4999 2051 5042 ιιι

475 5079 665 5132 ﬁliuni.
701 5079 950 5133 Secundo
976 5078 1068 5132 tibi
1093 5091 1148 5132 et
1176 5080 1278 5132 hoc
1305 5093 1500 5132 munus
1531 5079 1691 5132 dono.
1724 5078 1931 5133 Ellulsit
1961 5089 2048 5133 tua

471 5173 738 5236 'charitas,
769 5172 950 5240 agnita
980 5182 1062 5226 est
1093 5173 1228 5225 ﬁdes
1261 5182 1372 5225 tua.
1410 5171 1578 5224 Erunt
1636 5173 1733 5225 ista
1769 5189 1888 5241 quae
1937 5188 1966 5225 a
2000 5183 2049 5228 te

473 5276 594 5321 acta
633 5277 780 5329 sunt,
845 5268 1152 5322 adhortatio
1190 5283 1380 5320 eorum
1415 5267 1505 5336 qui
1539 5277 1660 5336 post
1707 5266 1872 5321 futuri
1922 5280 2048 5321 sunt

475 5368 545 5410 te.
586 5357 974 5410 Decantabitur
1011 5357 1062 5410 id
1087 5357 1231 5425 quod
1272 5356 1468 5424 fecisti,
1508 5357 1558 5409 in
1588 5360 1872 5427 progenies
1900 5356 2046 5410 futu-

472 5464 580 5502 ras.
621 5447 799 5502 Habes
830 5447 1064 5500 fructum
1091 5449 1234 5509 lidei.
1273 5448 1444 5502 habes
1474 5458 1528 5502 et
1554 5447 1785 5503 fructum
1820 5450 2042 5514 ventris,

468 5537 640 5594 babes
667 5550 720 5593 et
747 5540 949 5593 sterilis
979 5539 1169 5604 ﬁlium,
1203 5540 1368 5594 habes
1398 5549 1452 5592 et
1479 5554 1544 5594 ex
1578 5541 1746 5595 altare
1795 5540 2040 5595 immola-

541 5636 588 5668 ³⁰
622 5635 764 5691 Gen.
796 5653 933 5702 xxtt,
963 5636 1048 5690 12.

540 5731 653 5802 (Eii)
691 5730 964 5786 Dubitare.
1005 5728 1161 5786 Forte
1189 5733 1470 5785 dubitaret.

2165 4549 2317 4588 cesse
2333 4536 2476 4590 enim
2503 4547 2585 4592 est
2611 4539 2768 4593 istam
2797 4541 3009 4609 qureita
3039 4541 3235 4610 pendet
3256 4541 3307 4594 in
3341 4538 3536 4593 arbore
3552 4553 3738 4600 ovem,

2163 4638 2442 4695 separatos
2475 4631 2781 4700 expandere
2816 4631 2980 4700 pedes
3010 4633 3252 4701 priores:
3280 4631 3383 4685 hoc
3399 4630 3543 4684 enim
3562 4644 3742 4698 expe-

2163 4719 2373 4775 ditovis
2405 4735 2524 4790 quae
2570 4721 2642 4775 ita
2701 4723 3071 4793 suspenditur.
3128 4720 3364 4776 Necesse
3391 4729 3476 4775 est
3500 4720 3645 4774 enim
3675 4730 3739 4774 et

2161 4813 2403 4881 separari
2429 4811 2546 4880 ejus
2571 4813 2662 4881 qui
2711 4814 2962 4867 deorsum
2997 4821 3124 4868 sunt
3163 4813 3353 4882 pedes.
3394 4811 3530 4867 Cum
3565 4811 3735 4880 igitur

2160 4905 2280 4959 ovis
2305 4920 2576 4976 suspensa:
2603 4907 2655 4960 in
2684 4905 2850 4975 ligno,
2885 4916 2940 4959 et
2965 4907 3015 4959 iu
3047 4905 3239 4960 arbore
3257 4919 3506 4974 expansa:
3533 4904 3736 4959 fuerint

2163 5011 2354 5049 manus
2378 5006 2434 5049 et
2467 4995 2653 5066 pedes,
2701 5010 2876 5064 neque
2905 4994 3356 5065 interpretatione
3401 4993 3643 5064 indigent
3671 4994 3732 5048 hi

2158 5086 2248 5153 qui
2285 5086 2486 5140 habent
2521 5085 2707 5139 oculos
2738 5086 2958 5139 mentis.
2992 5084 3100 5140 Sed
3129 5087 3253 5154 quis
3279 5084 3471 5153 estqui
3508 5083 3730 5149 pericli-

2161 5179 2376 5232 labatur
2394 5179 2601 5232 occidi?
2655 5177 2837 5230 homo.
2874 5173 3038 5243 'Quid
3069 5188 3152 5232 est
3181 5177 3321 5246 quod
3371 5191 3465 5245 pro
3511 5174 3729 5229 homine

2154 5268 2573 5324 immolabatur?
2622 5269 2740 5323 ovis
2769 5283 3030 5336 suspensa
3076 5269 3127 5322 itt
3162 5268 3326 5337 ligno.
3357 5267 3632 5335 Tanquam
3674 5265 3725 5318 si

2157 5360 2358 5414 diceret
2388 5359 2531 5414 Deus
2559 5359 2626 5412 ad
2656 5359 2928 5412 Abraham
2962 5357 3114 5412 :Non
3147 5369 3268 5411 tuus
3297 5357 3602 5427 tiuigeuitus
3629 5368 3727 5407 ne-

2154 5452 2430 5506 cessarius
2465 5468 2479 5503 :
2512 5452 2602 5505 sed
2631 5460 2813 5505 currat
2845 5451 3063 5521 quidem
3101 5449 3271 5504 forma
3300 5465 3395 5518 per
3420 5435 3754 5509 tuum,ser-.

2155 5552 2312 5596 vetur
2341 5552 2522 5598 autem
2558 5559 2681 5598 utco
2709 5541 2996 5612 Uuigeuito
3027 5544 3170 5612 quod
3193 5540 3270 5596 ﬁt.
3299 5538 3374 5594 lta
3404 5541 3523 5596 ovis
3555 5550 3690 5608 appa
3711 5569 3725 5578 -
