4100 6456
382 257 518 319 1081

1489 258 1576 312 DE
1618 257 2221 315 RESURRECTIONE.
2260 293 2331 304 --
2368 259 2498 316 LIB.
2541 260 2585 317 Ι.

3466 255 3609 316 108ί

355 375 462 429 ruit
495 385 596 440 pro
627 372 871 434 homine,
901 381 956 428 et
989 374 1095 430 hoc
1133 374 1188 428 in
1220 374 1386 444 ligno,
1429 386 1485 430 et
1520 375 1624 430 hoc
1651 391 1933 442 suspensa,
1967 379 2010 434 Α
2042 387 2218 444 autem
2250 377 2456 432 electus
2485 377 2575 430 ille
2607 385 2662 432 et
2696 378 2784 446 qui
2831 385 2956 433 ante
2999 375 3141 433 Esau
3173 375 3350 432 factus
3383 385 3490 440 est,
3521 379 3606 431 vi-

353 466 538 520 ethoc
560 467 715 532 cujus
739 466 1014 521 haeserunt
1049 484 1240 522 manus
1280 479 1336 522 et
1389 469 1552 537 pedes
1583 478 1840 538 tauquam
1875 471 1927 523 in

355 573 522 612 cruce
557 574 570 610 :
597 567 652 612 et
681 560 959 626 prophetia
1004 560 1237 614 Ahrahze
1267 560 1498 614 edicitur
1529 562 1747 629 duplex.
1780 559 1932 626 Quod

356 651 498 704 enim
532 649 628 716 ait,
673 649 815 704 Deus
848 653 1133 717 providebit
1176 669 1316 706 orem
1363 653 1650 719 sacriﬁcio,
1699 652 1776 719 ﬁli
1815 667 1835 705 :
1881 658 1936 706 et

360 753 487 797 tunc
516 745 644 811 quid
673 745 995 810 eompletmn
1019 755 1104 796 est
1133 744 1185 796 in
1215 745 1638 812 comparatione,
1678 745 1935 798 servaba-

361 842 449 886 tur
473 843 652 888 autem
683 834 735 886 itt
764 832 1018 904 mysterio
1053 834 1288 887 Vt'rllttll.
1318 835 1454 899 Quid
1493 833 1654 904 igitur
1697 833 1798 888 sibi
1825 832 1939 885 vult

359 923 464 980 iste
494 941 675 980 sermo
704 927 987 979 incurrens
1016 925 1306 980 ostendere
1348 925 1472 994 quia
1517 925 1792 979 Abraham
1823 920 1935 994 (23)

366 1023 534 1067 totam
574 1031 725 1069 suam
763 1015 925 1068 vitam
957 1015 1216 1083 transegit
1258 1016 1310 1068 itt
1353 1017 1635 1086 angustiis,
1669 1016 1724 1069 in
1761 1027 1939 1071 tenta-

362 1104 620 1168 tionibus;
652 1106 703 1159 in
729 1105 1028 1160 doloribus.
1059 1105 1114 1158 Si
1138 1107 1282 1160 enim
1315 1108 1364 1160 in
1395 1109 1496 1161 ista
1527 1109 1634 1161 vita
1660 1124 1809 1176 spem
1845 1109 1941 1161 lia-

359 1200 536 1258 heret,
572 1197 854 1250 fraudatus
893 1208 1036 1252 esset
1067 1214 1096 1251 a
1148 1214 1266 1267 spe.
1315 1198 1448 1253 Cum
1503 1199 1666 1269 igitur
1724 1199 1938 1269 gloriati

361 1287 763 1344 fuerintJuilazi
814 1289 867 1342 in
914 1289 1213 1352 Abraham,
1246 1291 1622 1344 necessitatem
1668 1291 1940 1344 hahelntnt

359 1392 414 1434 et
451 1381 900 1434 resurrectionem
924 1382 1189 1436 confiteri.
1221 1381 1332 1436 lloc
1358 1382 1422 1434 ad
1453 1382 1593 1435 illam
1622 1382 1942 1436 Sadducato-

363 1487 486 1523 rum
534 1481 770 1540 partem,
819 1471 908 1538 qui
965 1480 1166 1540 negant
1217 1485 1441 1544 prorsus
1487 1472 1938 1524 resurrectionem

365 1562 622 1626 futuram,
654 1573 802 1617 recte
826 1562 1119 1616 diceretur.
1147 1562 1280 1629 Quia
1312 1572 1489 1616 autem
1522 1561 1623 1615 alia
1665 1577 1812 1630 pars,
1839 1563 1943 1616 hoc

362 1664 448 1708 est
496 1653 911 1716 Pharismorum,
951 1655 1403 1708 resurrectionem
1448 1653 1668 1722 quidem
1715 1653 1942 1707 confite-

364 1753 475 1810 tur,
512 1746 963 1800 resurrectionem
993 1756 1173 1802 autem
1209 1746 1370 1801 talem
1417 1745 1550 1800 dicit
1594 1743 1851 1807 futuram,
1883 1753 1940 1797 ut
1972 1727 2015 1785 Β
2049 1755 2236 1808 Dicam
2265 1751 2431 1821 igitur
2460 1752 2614 1804 nobis
2641 1747 2809 1802 Judzri

366 1837 558 1891 iterum
589 1839 942 1891 manducetur
974 1846 1028 1890 et
1061 1837 1295 1900 bibatur,
1342 1846 1397 1889 ct
1424 1835 1686 1905 conjugiis
1727 1845 1940 1902 utatur;

364 1937 424 1981 ttt
459 1944 526 1982 ne
547 1929 762 1997 quidem
791 1939 1135 1997 resurgentes
1181 1939 1398 1983 cessent
1444 1929 1835 1984 manducantes
1887 1938 1942 1982 et

267 2015 281 2032 ⁸
364 2020 631 2086 bibentes,
654 2029 706 2072 et
738 2021 1002 2090 coniugiis
1025 2035 1082 2074 se
1115 2021 1506 2090 coniungentes
1533 2040 1544 2074 :
1579 2033 1770 2076 venter
1794 2021 1939 2076 enim

366 2111 537 2178 magis
558 2119 682 2165 sunt
701 2128 862 2180 quam
895 2112 1160 2166 homines.
1205 2113 1268 2166 Et
1297 2114 1436 2166 sicut
1461 2113 1677 2182 quidam
1707 2115 1943 2168 morien-

369 2203 502 2255 tium
529 2203 618 2270 qni
654 2213 780 2256 ante
831 2201 982 2258 fuere
1017 2204 1068 2257 in
1119 2203 1331 2258 deliciis
1386 2205 1707 2267 viventium,
1746 2214 1942 2274 putant

369 2305 492 2344 esse
525 2289 777 2345 fraudare
802 2291 916 2360 (24)
944 2293 1044 2347 ista
1075 2294 1182 2347 vita
1219 2293 1269 2347 in
1306 2305 1498 2359 morte,
1529 2295 1582 2349 in
1624 2311 1944 2349 monumen-

373 2382 467 2442 tis,
495 2390 549 2434 et
578 2381 719 2435 circa
751 2383 946 2452 januas
979 2386 1352 2454 sepulcrorum
1408 2389 1727 2456 semetipsos
1755 2388 1932 2458 depin-

369 2482 521 2542 gttnt,
551 2483 605 2526 et
630 2472 712 2525 vel
747 2475 798 2526 itt
830 2475 1171 2545 imaginibus,
1202 2489 1256 2532 et
1307 2489 1426 2548 post
1453 2489 1682 2533 mortem
1717 2481 1946 2533 mandu-

369 2573 532 2618 cant:
566 2563 640 2617 ita
675 2574 728 2619 et
753 2564 1063 2620 Iuda-orum
1114 2569 1374 2624 Pharisaei
1401 2571 1587 2624 volunt
1616 2581 1669 2624 et
1699 2579 1821 2639 post
1860 2585 1944 2624 re-

367 2656 762 2710 surrectionem
794 2666 1045 2727 tanquam
1068 2658 1265 2730 depicti
1298 2661 1492 2715 iterum
1541 2664 1867 2716 manducare
1893 2671 1945 2716 et

370 2746 581 2815 bibere,
617 2757 668 2802 et
697 2750 823 2803 nubi
856 2760 910 2804 et
938 2752 1163 2807 nubere.
1217 2751 1562 2808 llecumbttnt
1605 2754 1748 2806 enim
1779 2762 1831 2808 et
1859 2755 1944 2822 pi-

366 2841 537 2894 cturis
570 2842 710 2911 apud
761 2843 1091 2907 istiusmodi,
1117 2853 1169 2898 et
1201 2845 1454 2901 meliores
1507 2862 1618 2900 sua:
1668 2847 1802 2917 (25).
1837 2846 1945 2901 Nos

365 2943 543 2988 autem
577 2935 932 3003 praasiliamus
956 2936 1026 2990 ad
1075 2937 1126 2991 id
1178 2938 1320 3007 quod
1368 2953 1553 2992 verum
1581 2950 1681 2994 est.
1712 2940 1766 2994 Si
1800 2941 1943 2995 enim

373 3026 496 3080 talis
541 3037 687 3081 esset
713 3029 1063 3093 resurrectio,
1093 3044 1481 3085 excusaremus
1516 3032 1703 3101 utique
1757 3048 1942 3086 resur-

2036 470 2170 538 giuti
2206 478 2259 524 et
2308 485 2473 523 unum
2531 485 2700 523 annos
2769 470 2980 533 serviit,
3029 480 3155 524 tunc
3205 469 3445 523 maxime
3477 483 3604 523 cum

2037 561 2400 615 adolescentia
2435 561 2484 616 ei
2514 561 2678 614 dabat
2705 561 2909 630 epulari
2941 581 2956 615 :
2997 571 3052 614 et
3085 560 3150 614 in
3207 561 3444 630 paternis
3474 560 3606 614 dum

2037 663 2238 721 ageret,
2271 663 2556 722 suspectus
2591 663 2704 707 erat
2741 669 2806 707 ne
2838 654 3180 708 occideretur
3216 669 3244 706 a
3282 652 3451 707 fratre
3485 667 3502 706 :
3554 659 3612 708 et

2038 742 2092 797 in
2126 745 2298 798 soceri
2331 746 2489 797 domo
2521 760 2712 799 servus
2767 761 2781 797 :
2829 745 2880 799 in
2936 747 3129 799 itinere
3164 755 3340 799 autem
3375 745 3606 814 lapidem

2038 840 2189 905 ponit
2220 836 2320 890 sub
2349 838 2526 904 capite
2580 854 2697 902 suo,
2730 849 2785 892 et
2829 854 2949 891 cum
2995 839 3143 907 virga
3183 840 3295 892 sola
3349 838 3610 891 ambulat.

2038 926 2164 982 Haec
2190 927 2489 980 nuditatem
2519 927 2735 996 quidem
2768 927 3076 996 significant
3117 928 3286 996 ipsius
3317 927 3552 981 hominis
3590 941 3606 980 :

2040 1027 2383 1072 sacramenta
2411 1030 2588 1072 autent
2636 1035 2756 1088 qua:
2796 1035 2888 1088 per
2914 1018 3079 1074 .lacoh
3120 1021 3342 1083 fiebant,
3401 1030 3610 1088 petram

2039 1119 2447 1179 supportantem
2477 1119 2642 1178 caput
2673 1108 2821 1176 ejus,
2848 1112 2939 1180 qui
2983 1112 3411 1180 persecutionem
3443 1111 3612 1178 patie-

2042 1200 2240 1252 batur:
2278 1208 2333 1252 et
2365 1198 2514 1267 virga
2553 1201 2604 1251 in
2639 1215 2798 1252 manu
2832 1201 3318 1254 ostendensviam
3367 1199 3611 1268 fugienti.

2041 1297 2152 1363 Ego
2177 1308 2307 1348 sane
2335 1293 2511 1347 audivi
2541 1291 2706 1347 Jacob
2734 1295 3022 1359 dicentem,
3045 1295 3166 1362 quia
3188 1310 3276 1361 per
3301 1294 3438 1346 diem
3459 1309 3614 1346 com-

2040 1387 2148 1440 edit
2188 1400 2304 1438 eum
2345 1383 2506 1435 ardor
2541 1382 2704 1442 solis;
2745 1392 2794 1435 et
2841 1385 3006 1450 frigus
3054 1400 3256 1446 semper
3293 1401 3384 1447 per
3413 1393 3614 1436 noctem

2041 1478 2203 1530 sensit
2236 1476 2302 1530 ³⁸.
2341 1475 2396 1528 Si
2449 1476 2545 1527 ista
2607 1475 2888 1528 beatitudo
2922 1485 3024 1540 est,
3063 1475 3216 1529 valde
3246 1475 3430 1528 odihat
3479 1475 3616 1528 Deus

2041 1566 2233 1630 Jacob,
2271 1566 2408 1618 Esau
2462 1572 2580 1617 erat
2635 1574 2816 1617 autem
2875 1564 2926 1617 in
2987 1563 3210 1616 deliciis.
3267 1563 3436 1616 Audio
3490 1576 3616 1615 sane

2045 1662 2212 1713 Deum
2237 1659 2502 1712 dicentem
2541 1652 2745 1708 :Jucob
2773 1656 2957 1717 dilexi,
2995 1653 3137 1706 Esau
3179 1665 3350 1706 autem
3389 1654 3525 1707 ocimi
3549 1653 3616 1706 ³⁸.

2855 1769 2867 1803 ;
2908 1746 2952 1800 si
3005 1746 3105 1799 iste
3135 1755 3216 1800 est
3247 1745 3452 1798 fructus
3491 1760 3588 1812 pro

2048 1843 2345 1905 missionis,
2383 1844 2427 1897 si
2459 1843 2558 1896 ista
2601 1852 2686 1896 est
2709 1854 2848 1908 spes,
2886 1855 3014 1891 num
3043 1839 3161 1893 odit
3193 1838 3332 1892 Dens
3355 1835 3524 1892 Jucob
3554 1838 3619 1893 de

2045 1953 2154 2008 quo
2196 1939 2348 2004 dicit,
2383 1937 2509 2006 quia
2560 1933 2763 1986 dilexi?
2794 1931 2896 1986 Sed
2952 1941 3079 1986 tunc
3121 1947 3244 1985 cum
3287 1931 3542 1984 liberatus
3589 1945 3620 1986 ο

2046 2030 2310 2085 servitute
2340 2037 2508 2090 esset,
2538 2039 2715 2079 nonne
2771 2021 2904 2091 fugit
2931 2032 2988 2075 ut
3019 2021 3358 2076 salvaretur?
3389 2019 3620 2091 [fugientI

2046 2131 2227 2174 autem
2269 2136 2372 2173 non
2401 2127 2481 2171 est
2521 2116 2972 2185 comprehensus,
3024 2123 3078 2169 et
3122 2114 3174 2168 itt
3216 2114 3407 2166 timore
3437 2110 3622 2166 stetit?

2047 2210 2154 2266 Sed
2184 2210 2398 2281 fugiens
2433 2211 2806 2277 insequentem
2841 2222 2899 2261 se
2925 2222 3172 2261 socerum
3213 2220 3388 2259 nonne
3423 2218 3621 2257 occur-

2049 2305 2119 2358 rit
2145 2303 2294 2358 fratri
2324 2301 2465 2356 suo?
2500 2315 2679 2354 nerine
2731 2300 2893 2352 timor
2943 2300 3122 2352 timori
3156 2295 3455 2352 successit?
3514 2294 3622 2348 Sed

2047 2396 2173 2465 quia
2203 2395 2462 2448 liberatus
2481 2401 2534 2445 et
2556 2390 2623 2444 ab
2659 2391 2761 2444 isto
2787 2399 2908 2446 est:
2939 2404 3116 2442 nonne
3150 2388 3338 2441 habuit
3377 2387 3429 2437 itt
3463 2399 3623 2439 seue-

2048 2497 2194 2542 etute
2224 2487 2343 2540 sine
2368 2483 2736 2538 consolatione
2763 2480 3036 2535 dolorem?
3063 2477 3261 2531 Habuit
3288 2476 3427 2530 enim
3456 2473 3624 2528 Jaeob

2060 2589 2112 2636 et
2148 2579 2309 2632 alium
2337 2575 2506 2628 Isaac.
2543 2573 2762 2639 Habuit,
2797 2574 3038 2642 inquam,
3070 2569 3293 2636 Joseph,
3351 2567 3500 2621 illum
3532 2568 3626 2621 bo-

2051 2684 2179 2721 nuut
2226 2676 2280 2721 et
2330 2665 2584 2718 dilectum
2625 2663 2750 2729 sibi,
2806 2662 3000 2714 bonam
3058 2657 3368 2728 progeniem
3426 2672 3624 2709 suam:

2049 2770 2294 2808 amarum
2325 2763 2508 2806 autem
2539 2751 2606 2805 de
2636 2765 2700 2804 eo
2725 2750 2989 2804 dolorem.
3024 2748 3090 2801 Et
3117 2747 3305 2802 habuit
3333 2746 3548 2816 quando
3574 2754 3627 2800 et

2049 2846 2252 2901 Sterilis
2289 2856 2407 2899 erat
2441 2855 2494 2898 et
2536 2843 2696 2898 istius
2728 2852 2928 2906 mater,
2954 2854 3009 2895 et
3033 2839 3204 2894 Jacoh
3241 2854 3345 2892 non
3376 2839 3628 2891 cessabat

2052 2939 2282 2992 orando.
2306 2936 2426 2992 Jam
2466 2944 2727 2990 autemet
2765 2935 2818 2987 in
2842 2931 3192 3004 Opprobrinm
3222 2941 3360 2984 erat.
3394 2930 3628 2984 Dellebat

2053 3030 2195 3085 enim
2234 3029 2454 3092 sterilis,
2491 3037 2546 3083 et
2571 3028 2784 3081 dicebat
2814 3028 2880 3079 ad
2905 3027 3081 3079 virum
3118 3041 3132 3076 :
3165 3024 3245 3077 Da
3282 3022 3408 3076 mihi
3437 3020 3628 3090 ﬁlium,

369 3132 516 3186 gere.
566 3118 762 3174 lterum
811 3123 954 3175 enim
987 3136 1300 3193 exsurgere,
1337 3133 1394 3178 et
1433 3138 1592 3178 arare
1616 3099 1677 3178 et
1717 3133 1936 3191 metere,
1965 3099 2008 3159 α
2053 3131 2143 3174 aut
2175 3121 2375 3173 moriar
2401 3119 2468 3173 ³⁸.
2511 3118 2680 3174 Soror
2710 3127 3025 3187 exaggerat.
3060 3117 3286 3172 Ancillae
3332 3113 3628 3178 habebant,

369 3210 562 3264 iterum
596 3213 922 3268 manducare
947 3224 1003 3268 et
1042 3215 1246 3277 bibere,
1286 3216 1482 3270 iterum
1510 3215 1733 3286 spoliari
1770 3225 1822 3269 3t
1847 3231 1941 3270 ve-

368 3301 510 3368 stiri,
544 3302 738 3358 iterum
775 3304 1013 3360 dormire
1058 3316 1111 3360 et
1163 3307 1410 3377 vigilare.
1461 3308 1564 3361 Sed
1601 3309 1943 3362 advertamus

366 3394 494 3462 quid
513 3395 651 3449 dicat
677 3396 989 3464 Apostolus:
1013 3398 1070 3452 Si
1087 3399 1137 3451 in
1164 3400 1263 3452 ista
1288 3400 1391 3452 vita
1417 3416 1553 3466 spem
1569 3399 1872 3451 haberemus
1890 3401 1942 3452 in

366 3484 596 3551 Christo,
621 3489 1026 3542 miserabiliores
1048 3491 1289 3543 omnibus
1313 3491 1610 3543 hominibus
1627 3488 1939 3544 essemus".

369 3575 426 3631 Si
455 3578 600 3631 enim
633 3579 702 3632 ita
729 3581 917 3634 statuit
941 3581 1081 3635 Deus
1112 3589 1173 3633 ut
1197 3581 1248 3634 in
1275 3582 1405 3650 ipsis
1433 3582 1627 3634 iterum
1662 3581 1850 3646 simus,
1885 3588 1943 3634 ttt

366 3670 495 3739 quid
521 3680 695 3725 noset
722 3671 1002 3740 quiescere
1029 3670 1193 3726 facit?
1246 3671 1359 3727 Hoc
1409 3672 1554 3727 enim
1603 3671 1836 3726 ludentis
1860 3680 1945 3726 est.

369 3761 569 3827 potius,
601 3763 897 3818 concedere
932 3765 1089 3828 mori,
1127 3774 1182 3818 et
1212 3763 1406 3818 iterum
1439 3764 1506 3817 ad
1550 3765 1720 3833 ipsam
1761 3778 1944 3818 resur-

368 3865 494 3918 gere
527 3853 711 3907 vitam.
773 3854 828 3908 Si
872 3856 1018 3909 enim
1064 3855 1136 3909 ita
1189 3870 1614 3924 resurgeremus,
1660 3857 1942 3924 oportebat

367 3943 642 3997 Abraham
674 3954 732 3998 ιιι
770 3961 873 3999 non
911 3947 1185 4002 amitteret
1214 3963 1333 4017 qua:
1365 3947 1452 4002 hic
1490 3957 1636 4011 sunt,
1669 3947 1780 4014 jam
1816 3963 1943 4018 per-

368 4034 476 4090 frui
507 4051 568 4090 ea
604 4053 723 4106 qua:
759 4047 904 4093 esset
930 4039 983 4093 in
1019 4040 1473 4094 resurrectionem
1501 4051 1846 4109 accepturus.
1883 4040 1940 4096 Si

372 4129 518 4182 enim
558 4145 681 4184 cum
713 4130 989 4201 voluptate
1041 4133 1226 4187 bibere
1251 4143 1305 4185 et
1337 4133 1543 4201 epulari
1572 4133 1680 4186 vita
1730 4141 1848 4197 est;
1884 4132 1938 4186 in

369 4234 692 4291 quacunque
725 4223 853 4276 hora
881 4238 984 4278 non
1001 4240 1122 4280 cum
1143 4224 1415 4294 voluptate
1441 4225 1695 4289 bibimus,
1722 4224 1942 4279 frauda-

373 4328 554 4368 remus
583 4331 612 4368 a
639 4317 767 4370 vita.
793 4315 899 4371 Sed
934 4333 1060 4372 vere
1081 4316 1385 4372 Iudaeorum
1417 4329 1591 4371 venter
1609 4328 1682 4371 est
1717 4321 1845 4371 deus
1873 4318 1940 4382 ⁸⁸,

368 4403 509 4458 sicut
540 4404 671 4459 dicit
716 4405 932 4472 Paulus,
965 4407 1056 4479 qui
1090 4418 1177 4463 est
1223 4424 1288 4462 ex
1332 4408 1552 4473 Judazis,
1589 4413 1678 4479 qui
1727 4409 1942 4465 Iudaeos

367 4496 586 4564 quidem
628 4513 823 4566 passus
869 4516 974 4554 non
1008 4511 1110 4562 est.
1142 4502 1355 4555 veritati
1405 4504 1550 4557 enim
1613 4503 1845 4556 credidit
1887 4503 1940 4556 in

364 4585 604 4643 Christo.
630 4590 768 4656 Quid
807 4600 986 4646 autem
1016 4593 1193 4646 dicent
1222 4592 1376 4648 nobis
1426 4605 1483 4649 et
1525 4595 1585 4648 de
1629 4593 1800 4654 Isaac.
1848 4594 1939 4661 qui

357 4678 472 4747 jant
505 4681 738 4738 hahebat
765 4683 1004 4739 dolorem
1037 4685 1459 4740 immolationis?
1509 4685 1709 4738 Habuit
1755 4696 1936 4739 autem

363 4785 418 4827 ct
447 4784 567 4842 post
593 4777 706 4832 lucc
727 4778 944 4833 easdem
982 4779 1125 4848 ipsas
1154 4779 1548 4838 trihulationes,
1584 4794 1720 4848 quas
1755 4788 1808 4832 et
1843 4795 1939 4848 pa-

369 4877 474 4926 ter.
505 4870 763 4942 Conjngis
791 4877 1011 4942 inquam
1035 4888 1168 4938 sua),
1194 4889 1316 4943 qua:
1345 4886 1537 4943 parere
1569 4888 1672 4926 non
1705 4881 1934 4939 poterat,

373 4965 682 5030 nuptiarum
717 4981 1028 5030 mterorem,
1073 4966 1537 5021 commanentitttn
1573 4966 1936 5033 deceptiones,

368 5050 588 5109 fraudes
612 5057 876 5111 laborum.
903 5059 1028 5115 llaec
1057 5060 1222 5113 donat
1256 5058 1396 5114 Deus
1425 5059 1559 5122 suis,
1590 5059 1823 5124 dolores,
1855 5062 1944 5116 tri-

366 5141 696 5210 hulationes,
729 5150 1023 5216 angustias.
1055 5149 1111 5202 Si
1143 5149 1284 5204 Deus
1318 5151 1431 5204 haec
1471 5149 1754 5217 promisit:
1780 5150 1944 5205 Jacob

436 5284 479 5314 ³³
518 5283 682 5338 lCor.
715 5299 806 5345 xv,
841 5284 924 5338 19.
995 5284 1039 5315 ³²
1077 5283 1308 5351 Philipp.
1333 5301 1416 5349 ιιι,
1447 5285 1532 5340 19.
1605 5284 1651 5315 ³⁸
1682 5285 1817 5341 Gen.
1851 5303 1940 5341 xx:

2048 5287 2123 5342 l0.
2191 5283 2238 5317 ³⁵
2264 5283 2494 5338 blalach.
2525 5298 2566 5342 ι.
2600 5279 2669 5344 5’;
2710 5279 2864 5334 llom.
2900 5295 2977 5344 Ix,
3006 5278 3092 5332 15.

441 5417 551 5485 (‘25)
578 5417 741 5472 Forte
772 5434 870 5486 per
901 5421 1403 5481 interrogationem,
1452 5420 1594 5484 Quid
1642 5423 1808 5488 igitur
1843 5424 1942 5476 sibi

369 5492 473 5544 rult
498 5492 593 5540 iste
624 5505 795 5541 sermo
819 5493 1092 5541 incurrens
1115 5489 1138 5541 ?
1161 5497 1218 5540 ut
1243 5491 1517 5558 responsio
1541 5494 1629 5556 sit,
1658 5493 1944 5547 Ustemlere

367 5579 488 5632 quin
512 5559 803 5632 Abraham,
837 5568 946 5611 etc.

440 5631 552 5700 (ﬁt)
596 5631 692 5704 his.
731 5625 933 5704 Putant
965 5645 1020 5683 se
1053 5627 1328 5698 fraudare.
1356 5629 1492 5696 Quid
1535 5633 1577 5687 si
1613 5634 1811 5704 potius,
1851 5651 1942 5702 ρας

366 5698 540 5755 tentes
559 5714 614 5753 se
641 5698 915 5766 fraudare.

2051 3225 2106 3266 et
2133 3213 2300 3267 libera
2354 3229 2460 3266 non
2507 3213 2760 3266 habebat.
2803 3211 2984 3277 Dolor,
3017 3211 3274 3281 gemitus,
3326 3217 3380 3262 et
3411 3207 3629 3262 tristitia

2051 3314 2169 3359 erat
2199 3305 2413 3359 iisdem.
2447 3304 2550 3359 Sed
2582 3304 2840 3358 misertus
2863 3313 2946 3356 est
2971 3304 3051 3357 eis
3071 3300 3364 3370 aliquando
3389 3300 3546 3362 Deus,
3573 3305 3630 3352 et

2054 3409 2217 3452 natus
2271 3407 2358 3452 est
2402 3396 2599 3466 Joseph
2647 3396 2736 3450 ille
2784 3397 2957 3450 bonus
3005 3395 3264 3463 undique,
3293 3405 3521 3461 corpore
3571 3391 3630 3443 in

2053 3499 2286 3553 tantum,
2319 3500 2585 3557 quantum
2617 3497 2848 3542 testatur
2887 3503 3006 3555 qua:
3051 3487 3193 3540 victa
3243 3494 3348 3550 est,
3393 3491 3626 3538 mentem

2053 3596 2235 3636 autem
2266 3581 2378 3653 (Ξϐ)
2408 3591 2669 3651 quantum
2707 3589 2938 3634 testatur
2977 3589 3175 3648 pater:
3218 3576 3308 3646 qui
3357 3589 3628 3646 praeroga-

2057 3673 2134 3725 vit
2161 3673 2267 3735 Itis,
2300 3673 2391 3740 qui
2444 3679 2602 3723 antea
2635 3667 2857 3722 fuerant
2902 3669 3038 3721 nati.
3077 3667 3331 3722 Testatur
3360 3673 3539 3718 autem
3572 3671 3628 3715 et

2053 3767 2195 3833 apud
2245 3763 2538 3836 Egyptqu
2591 3760 2947 3829 dispensatio,
2997 3775 3117 3828 quae
3174 3767 3286 3811 toto
3349 3755 3494 3810 facta
3548 3765 3631 3808 est

2054 3860 2274 3913 mundo.
2312 3857 2565 3912 Testatur
2611 3867 2664 3911 et
2703 3853 2930 3909 scientia
2978 3852 3174 3922 lingua:
3207 3865 3366 3919 quam
3409 3849 3630 3916 ignora-

2052 3951 2142 4005 bat
2179 3968 2192 4004 :
2219 3958 2274 4002 et
2298 3947 2567 4002 mirabilia
2605 3945 2971 4000 intellectibus
2997 3943 3148 4011 pueri
3178 3951 3361 4006 erant;
3393 3939 3487 3994 sed
3512 3938 3629 4009 pul-

2051 4041 2390 4095 chritudines
2425 4040 2508 4092 lite
2536 4037 2778 4103 salvatze,
2809 4035 3084 4090 lwtilicant
3116 4054 3130 4090 ε
3156 4034 3418 4087 bonorum
3447 4041 3627 4084 autem

2053 4148 2213 4188 casus
2261 4134 2382 4186 sine
2411 4132 2605 4184 solatio
2635 4130 2872 4184 dolorem
2905 4129 3186 4198 parabant.
3219 4125 3350 4179 Erat
3384 4124 3548 4196 igitur
3575 4123 3630 4176 in

2054 4232 2248 4279 timore
2280 4225 2448 4294 patris
2471 4221 2671 4292 Joseph
2701 4239 2715 4276 :
2746 4234 2800 4276 et
2827 4239 2951 4276 ettm
3009 4221 3226 4275 adesset
3264 4235 3384 4275 cum
3429 4233 3514 4280 eo,
3564 4233 3632 4270 ne

2052 4319 2193 4373 forte
2237 4316 2360 4370 talis
2404 4333 2508 4370 non
2540 4323 2886 4386 permaneret
2921 4313 3195 4368 salvator:
3227 4312 3298 4365 ita
3331 4308 3626 4369 mordebat,

2051 4420 2103 4465 et
2132 4411 2380 4463 timorem
2409 4407 2693 4472 ingerebat
2720 4408 2860 4477 patri
2891 4421 2988 4475 per
3018 4419 3082 4458 ea
3118 4419 3237 4473 qua:
3287 4401 3629 4470 loquebatur,

2051 4519 2145 4573 per
2166 4519 2227 4558 ea
2257 4517 2376 4572 quae
2405 4502 2607 4567 aiebat,
2659 4516 2754 4571 per
2799 4515 2863 4554 ea
2912 4513 3030 4567 qua:
3057 4496 3288 4550 tacebat.
3329 4493 3467 4560 Quid
3498 4507 3630 4562 ergo

2049 4597 2172 4667 quia
2197 4595 2395 4667 Joseph
2416 4607 2532 4650 erat
2561 4596 2705 4656 talis.
2735 4603 2789 4646 et
2813 4591 3084 4646 secundus
3116 4587 3261 4642 solus
3286 4586 3473 4641 matris
3496 4599 3628 4644 sure,

2047 4703 2102 4744 et
2141 4691 2373 4746 dilectus
2403 4689 2570 4757 patri,
2598 4696 2652 4739 et
2677 4686 2877 4739 fratres
2905 4682 3124 4751 quidem
3152 4677 3632 4749 ejusn'tittebantur

2047 4796 2105 4839 ut
2138 4790 2422 4852 pascerent
2453 4794 2668 4849 gregem
2703 4795 2717 4828 :
2770 4774 2971 4844 Joseph
2998 4783 3178 4826 autem
3209 4772 3274 4824 ad
3303 4770 3622 4824 charitatem

2050 4873 2230 4944 patris
2263 4886 2367 4924 non
2402 4879 2482 4922 est
2513 4869 2716 4922 missus
2744 4882 2866 4921 eum
2910 4865 3200 4926 fratribus;
3228 4861 3352 4930 quia
3397 4859 3630 4914 habebat

2051 4965 2291 5019 tunicam
2324 4962 2658 5030 singularem
2689 4960 2754 5013 ad
2788 4958 3119 5026 agnitionem
3155 4954 3424 5025 praecipue
3447 4951 3629 5006 chari-

2054 5059 2203 5112 tatis.
2235 5055 2349 5110 Non
2381 5053 2667 5109 suffecerat
2692 5051 2858 5106 Jacoh
2889 5050 3068 5104 fratris
3096 5049 3249 5114 livor,
3278 5047 3460 5100 fratris
3490 5045 3630 5099 invi-

2055 5151 2164 5214 dia,
2199 5147 2435 5202 servitus
2468 5146 2519 5200 in
2554 5144 3011 5214 peregrinatione,
3047 5143 3169 5214 fuga
3195 5160 3223 5193 a
3261 5140 3448 5205 fratre,
3480 5153 3630 5194 cout-

3169 5276 3215 5308 ³⁸
3244 5275 3380 5332 Gen.
3411 5290 3540 5334 xxx.
3573 5273 3627 5328 1.

2125 5422 2239 5490 (25)
2275 5421 2374 5475 Ms.
2404 5420 2650 5474 Meliore:
2685 5436 2795 5490 sae.

2136 5482 2251 5562 (26)
2287 5491 2510 5544 Mentem
2545 5502 2740 5544 aliter».
2785 5488 3056 5550 Fortasse,
3091 5498 3259 5562 mente
3291 5483 3508 5562 (honos)
3540 5482 3621 5538 si-

2059 5575 2155 5619 cut
2187 5557 2343 5615 atitra
2377 5578 2592 5628 corpore
2618 5577 2635 5614 :
2661 5576 2851 5614 Sensus
2884 5569 2985 5621 est,
3017 5557 3181 5612 animi
3231 5558 3443 5609 dotibus
3491 5569 3627 5620 prae-

2059 5648 2230 5695 stans,
2290 5633 2429 5686 sicut
2484 5642 2711 5684 testatus
2749 5643 2829 5682 cst
2884 5631 3058 5697 pat'er.
3118 5644 3237 5681 cum
3297 5628 3344 5681 ei
3413 5635 3626 5695 partem

2058 5721 2217 5758 unam
2245 5703 2571 5757 hereditatis
2593 5717 2748 5758 supra
2781 5704 2974 5754 fratres
3001 5699 3267 5753 attribuit.
