4098 6398
547 348 691 407 ξοδδ

1237 347 1508 404 EL‘SEBII
1547 347 2025 404 C’ASSARIENSlS
2063 335 2214 404 ore.
2256 348 2435 403 rans
2475 346 2564 401 tv.
2604 378 2674 388 —
2713 343 3135 402 DOGMATICA.

3678 350 3820 404 108‘

547 467 841 540 prehensio
862 465 1242 534 insequentis:
1280 467 1477 520 obvius
1521 481 1550 519 a
1581 466 1776 520 timore
1825 466 2034 533 frater;
2072 475 2129 519 ιιι
2158 473 2205 526 Α
2233 476 2411 521 autent
2443 464 2841 521 benefactorem
2888 464 3216 533 accipientes
3242 464 3511 525 occidunt.
3546 477 3810 534 quantum

548 562 638 615 vix
670 561 939 629 acciperet
969 559 1133 613 Jacob
1181 574 1211 613 a
1241 560 1412 613 sterili
1464 559 1634 629 ipsius
1682 560 1874 614 matris
1926 575 2071 613 mors
2111 575 2125 611 :

547 654 780 722 desttpra
831 652 948 705 haec
981 652 1163 705 omnia
1201 657 1389 706 decem
1434 660 1487 706 et
1529 663 1735 723 septem
1780 653 1905 707 dum
1945 662 2132 721 ageret

546 758 721 798 minos
748 744 799 797 in
832 754 993 797 :etate
1016 743 1215 813 Ioseph
1271 762 1291 800 :7
1316 754 1451 800 tunc
1487 761 1610 799 cum
1657 757 1925 815 augentur
1967 744 2128 807 bona,

547 836 802 890 excidere
829 834 986 889 bouis
1038 845 1273 900 quantus
1323 844 1407 889 est
1458 836 1651 889 dolor?
1684 836 1749 889 Et
1777 836 1942 888 mittit
1977 846 2131 905 pater

548 928 810 980 dilectum
843 942 999 979 suum
1029 926 1219 991 tilium,
1242 942 1406 995 quem
1436 927 1487 979 itt
1524 928 1706 980 ntttltis
1731 926 1999 981 fratribus
2034 929 2131 980 ha-

547 1018 709 1074 bebat
740 1018 1073 1087 unigenitum
1103 1019 1311 1071 :mittit
1354 1029 1508 1086 pater
1544 1019 1734 1085 lilium,
1786 1030 1840 1073 ut
1886 1021 2131 1074 visitaret

546 1125 641 1167 eoa
671 1113 763 1180 qui
795 1120 954 1164 erant
1001 1110 1052 1164 in
1100 1110 1390 1165 solitudine
1448 1110 1671 1165 fratres.
1739 1110 1881 1165 Puto
1915 1112 2040 1181 quia
2074 1120 2130 1165 ct

550 1204 676 1257 dum
716 1202 911 1270 legitur
942 1200 1102 1255 Vetus
1131 1202 1569 1268 Testamentum,
1606 1204 1779 1273 magis
1808 1202 2012 1257 Novum
2044 1215 2128 1258 est

547 1311 711 1364 quam
741 1292 925 1349 Vetus.
961 1293 1124 1347 Mittit
1153 1304 1309 1362 pater
1356 1294 1523 1347 filium
1556 1310 1710 1349 suum
1749 1312 1908 1365 quem
1959 1297 2128 1350 habe-

550 1388 644 1442 bat
684 1388 734 1439 itt
770 1385 948 1439 locum
995 1385 1254 1454 unigeniti
1312 1402 1326 1438 :
1388 1402 1509 1440 naut
1566 1398 1620 1439 et
1669 1387 1929 1456 singulari
1980 1397 2129 1442 veste

560 1488 912 1549 separaverat
939 1494 1062 1532 eum
1112 1496 1140 1531 a
1178 1479 1477 1532 fratribus:
1512 1480 1675 1533 mittit
1718 1478 1885 1532 ﬁlium
1918 1478 1986 1533 de
2019 1495 2127 1547 quo

550 1573 928 1642 praedictiones
959 1581 1114 1625 erant
1144 1589 1157 1625 :
1196 1573 1579 1639 praedictiones
1619 1582 1797 1625 autem
1844 1588 1981 1642 quas
2012 1572 2127 1641 ipse

548 1667 765 1736 quidem
794 1666 1003 1719 viderat
1030 1663 1255 1734 Joscph,
1298 1681 1404 1719 non
1444 1666 1797 1718 absconderat
1849 1677 2028 1719 autent
2093 1683 2123 1720 a

540 1761 812 1813 fratribus
848 1758 960 1812 suis
993 1775 1007 1811 :
1051 1767 1171 1811 erat
1195 1758 1336 1811 enim
1378 1756 1572 1812 frater.
1617 1756 1839 1811 Dicebat
1872 1758 2015 1811 enim
2054 1760 2118 1811 ad

2232 559 2299 611 ad
2330 557 2697 628 propositum;
2733 565 2789 610 et
2824 554 3148 609 occidissent
3181 555 3388 624 utique,
3418 556 3520 610 nisi
3562 558 3654 625 qtti
3685 573 3810 626 pro-

2242 652 2420 705 hibuit
2441 648 2591 706 Isaac
2616 663 2684 704 ne
2714 648 3079 711 occideretur,
3108 656 3166 700 ut
3195 662 3322 701 vero
3343 659 3655 701 servaretur
3676 667 3801 718 pas-

2232 744 2335 808 sio,
2362 740 2606 811 permisit
2631 750 2685 794 et
2711 737 2830 791 istic
2862 736 3071 790 firmam
3096 752 3214 791 esse
3240 735 3487 791 formam.
3536 737 3809 805 Quemad-

2233 835 2452 889 modum
2495 848 2625 904 ergo
2675 830 2848 885 forma
2897 831 3181 895 occiditur,
3227 839 3282 885 et
3334 847 3439 886 non
3479 832 3795 888 occiditur:

2232 936 2629 996 proposuerunt
2656 923 2903 978 occidere
2933 919 3154 989 Joseph.
3202 920 3321 975 .I'am
3356 923 3422 977 ad
3456 925 3792 993 propositum

2234 1015 2674 1070 iuterficientium
2702 1022 2945 1065 mortuus
2969 1020 3053 1065 est
3084 1010 3280 1080 .loseph
3310 1030 3324 1065 :
3353 1013 3475 1080 quia
3510 1021 3564 1066 et
3600 1028 3799 1084 prapo-

2232 1107 2338 1162 sito
2364 1107 2597 1162 Abraha:
2628 1104 2842 1159 oblatus
2872 1103 3022 1158 Isaac
3067 1112 3188 1167 est,
3240 1113 3293 1156 et
3340 1103 3666 1159 immolatus.
3719 1105 3802 1161 Illi

2232 1211 2412 1255 autem
2446 1216 2551 1253 non
2583 1198 2755 1253 solum
2785 1212 2890 1251 non
2915 1206 3040 1251 sunt
3078 1196 3316 1250 contenti
3371 1197 3644 1265 proposito
3678 1212 3801 1261 suo,

2232 1293 2326 1348 sed
2358 1292 2689 1360 accipientes
2717 1305 2840 1345 eum
2874 1291 3015 1343 facto
3042 1290 3241 1357 impetu
3279 1288 3561 1343 voluerunt
3590 1290 3809 1359 quidem

2232 1386 2501 1446 occidere,
2529 1382 2732 1438 detenti
2759 1391 2938 1436 autem
2976 1383 3042 1435 ab
3077 1397 3188 1435 uno
3221 1391 3365 1445 sunt,
3394 1383 3491 1450 qui
3512 1383 3808 1453 prOpltcta-

2236 1487 2389 1531 verat
2422 1476 2577 1531 fratri
2622 1493 2636 1529 :
2683 1484 2736 1529 et
2783 1474 3004 1528 tttittttnt
3034 1490 3155 1528 eum
3184 1474 3451 1529 viventem
3510 1476 3563 1530 itt
3608 1476 3813 1541 lacum,

2234 1571 2633 1625 annuntiantes
2687 1567 2810 1636 quia
2857 1568 3012 1621 vivus
3066 1567 3338 1622 descendit
3384 1569 3436 1622 itt
3489 1568 3664 1623 lacum
3714 1587 3825 1640 pro

2231 1665 2459 1719 mortuis
2479 1661 2751 1717 Christus.
2780 1658 2998 1713 [laedunt
3016 1669 3193 1712 autem
3221 1658 3550 1725 occidentes,
3576 1662 3816 1715 tunicam

2229 1757 2425 1826 Ioseph
2459 1756 2670 1825 tingunt
2697 1754 2748 1808 in
2783 1751 3045 1821 sanguine
3087 1751 3247 1816 laedi,
3281 1760 3337 1804 ιιι
3367 1761 3515 1807 esset
3568 1752 3807 1821 suspicio

548 1869 674 1907 eos:
702 1850 1046 1915 M‘etebamus,
1073 1850 1265 1920 inquit,
1282 1862 1328 1903 et
1348 1867 1519 1904 meum
1543 1853 1870 1920 manipulum
1899 1862 2123 1905 erectum
2162 1828 2202 1884 Β
2232 1868 2326 1919 per
2374 1850 2710 1916 sanguinem,
2767 1854 2823 1900 ut
2853 1848 2991 1899 inter
3044 1856 3282 1898 mortuos
3316 1844 3449 1899 liber
3492 1845 3699 1900 vivens.
3742 1842 3802 1898 ln

546 1954 663 2009 est;
716 1944 874 1997 vestri
910 1943 1108 1994 'autem
1156 1944 1398 1996 undecim
1456 1944 1681 1996 circuitu
1733 1944 2026 1996 adorabant
2058 1944 2125 1999 ³⁸.

546 2034 689 2091 Bene
719 2036 829 2105 jatn
864 2034 1082 2089 occasio
1108 2050 1227 2088 esse
1265 2035 1450 2105 con-pit,
1489 2046 1543 2088 ιιι
1576 2038 1867 2089 adorarent
1906 2036 2125 2090 fratres.

545 2127 843 2182 Audierant
874 2126 1095 2191 fratres,
1132 2137 1187 2181 et
1219 2128 1408 2181 efﬁcax
1447 2126 1717 2180 somnium
1756 2127 1940 2181 statim
1970 2127 2129 2181 intel-

547 2218 815 2285 texerunt,
847 2228 901 2274 et
940 2221 1093 2273 aiunt
1144 2219 1211 2273 ad
1252 2234 1414 2274 eum:
1458 2220 1603 2272 Num
1648 2220 2049 2272 adomverimus
2084 2230 2130 2273 te

550 2316 683 2368 nos?
724 2314 963 2379 regnabis
989 2316 1125 2366 enim
1170 2321 1260 2365 aut
1283 2313 1479 2366 tenebis
1507 2329 1597 2365 nos
1631 2312 1673 2342 '7
1700 2311 1724 2365 ?
1764 2311 1925 2365 Forte
1950 2323 2128 2366 autem

549 2405 1288 2477 irascebaturprimogenitus
1310 2414 1363 2460 et
1398 2405 1763 2476 primogeniti,
1800 2406 1923 2473 quia
1948 2405 2133 2474 junior

548 2497 762 2553 volebat
794 2498 1047 2553 omnibus
1096 2498 1413 2569 prmrogari.
1447 2497 1629 2551 Voluit
1679 2498 1823 2552 enim
1862 2498 2129 2551 somnium

546 2586 733 2643 videre
784 2599 842 2643 ut
888 2590 989 2644 hoc
1018 2590 1147 2645 velit
1200 2605 1378 2644 :ttttttt
1440 2589 1751 2657 increpatur
1801 2588 2001 2658 aliquis
2032 2604 2130 2642 cur

546 2679 818 2733 somnium
844 2679 1079 2733 viderit?
1114 2680 1313 2734 Tamen
1343 2678 1684 2749 obiurgatum
1711 2678 1911 2749 J‘oseplt
1945 2690 2131 2745 est,et

550 2776 651 2827 hoc
681 2772 921 2827 secundo
946 2773 1094 2827 videt
1138 2783 1230 2827 :et
1272 2788 1338 2826 ne
1370 2774 1585 2841 quidem
1622 2774 1864 2827 secundo
1899 2775 2131 2828 abscon-

548 2866 629 2920 dit
668 2866 735 2919 ab
766 2866 851 2919 his
881 2866 971 2934 qui
1007 2864 1132 2919 irati
1166 2864 1384 2919 fuerant
1405 2867 1468 2919 de
1493 2866 1684 2934 priori.
1715 2865 1789 2919 Ita
1820 2876 1939 2919 erat
1962 2865 2133 2919 frater

546 2957 612 3012 ad
655 2956 878 3013 fratres.
904 2956 984 3010 llli
1014 2964 1197 3009 autem
1238 2973 1302 3010 ex
1335 2959 1570 3011 secunda
1612 2957 1817 3010 visione
1853 2960 2132 3013 tlrmantes

546 3052 811 3120 priorem,
836 3049 1103 3119 duplicem
1138 3049 1407 3103 habebant
1435 3050 1691 3103 invidiam
1729 3063 1781 3103 et
1812 3051 2131 3117 indignatio-

547 3160 669 3197 nent
716 3154 771 3197 et
806 3144 941 3198 iram
984 3143 1247 3197 adversus
1292 3141 1510 3212 Ioseph.
1568 3143 1824 3198 Narravit
1874 3155 1927 3197 et
1985 3143 2126 3212 patri
2156 3172 2197 3230 σε

547 3234 840 3301 somnium,
874 3235 1008 3304 quia
1051 3234 1127 3289 sol
1171 3243 1225 3289 et
1264 3234 1385 3288 luna
1436 3244 1491 3289 et
1541 3235 1792 3288 undecim
1851 3234 2020 3289 stella:
2066 3250 2126 3289 se

547 3328 849 3383 adorabant
880 3330 944 3383 ³⁸.
980 3328 1160 3382 Solent
1198 3329 1417 3399 quidem
1462 3329 1512 3381 in
1574 3328 1699 3382 loco,
1748 3330 1918 3399 patris
1968 3328 2129 3382 intel-

550 3419 675 3490 lige,
707 3419 887 3473 lunam
918 3428 1095 3472 autem
1138 3419 1189 3472 in
1222 3420 1338 3472 loco
1373 3417 1583 3479 matris.
1615 3428 1670 3470 et
1702 3429 1928 3471 caetera.
1968 3416 2131 3471 Vide-

550 3521 640 3565 tur
669 3510 1094 3579 reprehensibile
1126 3525 1287 3576 esse;
1323 3511 1446 3578 quia
1486 3518 1659 3563 mater
1689 3508 1808 3575 ejus
1846 3525 1950 3561 non
1996 3508 2130 3561 vidit

548 3619 672 3656 eum
702 3602 754 3655 in
780 3601 952 3671 gloria
987 3619 999 3654 :
1043 3600 1501 3670 quemadmodum
1553 3614 1685 3669 ergo
1716 3600 2007 3653 adoravit?
2038 3612 2131 3652 aut

550 3710 693 3749 nunc
732 3698 995 3762 quaeritur
1026 3692 1178 3746 locus
1214 3692 1407 3745 matris
1434 3708 1596 3759 quem
1651 3691 1891 3758 implevit
1935 3690 2131 3759 c0njux

554 3787 763 3857 patris?
788 3786 957 3841 Sitttttl
992 3795 1170 3837 autem
1200 3785 1370 3854 magis
1408 3783 1577 3837 stella:
1607 3782 1882 3847 undecim,
1920 3782 2020 3837 hoc
2049 3795 2131 3837 est

552 3878 801 3932 undecim
847 3878 1067 3931 fratres.
1128 3876 1291 3930 Forte
1322 3884 1504 3929 autem
1557 3874 1677 3929 ideo
1732 3890 1799 3929 ex
1855 3875 2129 3930 sideribus

552 3985 674 4042 qua:
722 3971 774 4023 itt
806 3971 946 4024 coelo
972 3979 1098 4023 sunt
1139 3968 1389 4036 apparuit
1436 3968 1729 4031 somnium,
1784 3975 1841 4019 ut
1892 3969 2129 4036 pretiosa

548 4062 927 4115 ostenderetur
960 4065 1241 4129 prosapies
1285 4061 1501 4130 generis
1527 4058 1663 4128 ejus.
1697 4060 1974 4115 Prrefectte
2006 4070 2131 4114 sunt

551 4154 734 4223 itaque
790 4152 1241 4222 praedicationes;
1293 4152 1551 4220 praedicta
1600 4153 1746 4206 enim
1810 4162 1962 4217 sunt,
2013 4168 2132 4222 quaI

548 4255 674 4300 sunt
702 4246 952 4317 prmdicta
985 4244 1121 4315 (‘27).
1152 4244 1214 4297 Et
1247 4255 1375 4297 tuttc
1401 4245 1632 4298 mittitur
1663 4261 1691 4298 a
1724 4256 1875 4314 patre
1898 4245 2002 4310 ,,de
2026 4262 2131 4313 quo

546 4348 600 4395 et
640 4337 1037 4408 prmdictioues.
1088 4336 1463 4390 Przedixerunt
1508 4337 1650 4391 enim
1709 4338 1985 4407 propheta:
2028 4354 2042 4389 :
2078 4347 2133 4392 et

558 4444 689 4487 tunc
739 4432 939 4485 missus
974 4442 1055 4485 est
1108 4428 1278 4483 Filius
1308 4448 1335 4482 a
1378 4430 1538 4483 Patre
1603 4431 1873 4485 Christus.
1929 4430 2128 4499 .loseph

2231 1944 2347 1998 lactt
2376 1944 2555 2012 itaque
2588 1940 2902 1995 interfectus
2926 1935 3242 2006 cstJoseplt;
3278 1937 3625 2007 coinquinata
3661 1940 3821 1992 enim.

2233 2044 2353 2090 erat
2382 2033 2497 2102 ejus
2531 2034 2708 2088 tunica
2741 2050 2772 2088 a
2813 2034 3098 2099 sanguine.
3131 2033 3261 2087 Erat
3309 2043 3492 2088 autem
3534 2034 3721 2088 vivens
3752 2035 3806 2087 in

2241 2129 2358 2183 lacu
2390 2137 2512 2196 post
2568 2125 3004 2181 interfectionem
3042 2142 3161 2196 qua:
3211 2126 3261 2179 itt
3308 2124 3488 2180 tunica
3530 2124 3705 2181 fuerat
3734 2126 3818 2179 fa-

2232 2232 2341 2278 cta.
2375 2221 2686 2276 Transeunt
2728 2220 2946 2286 quidem
2982 2234 3012 2273 e
3056 2220 3331 2289 gentibus,
3389 2217 3586 2288 quibus
3625 2234 3829 2276 serva--

2232 2316 2392 2369 batur
2423 2315 2620 2369 bonum
2650 2314 2792 2382 quod
2818 2323 2935 2366 erat
2973 2313 3024 2367 itt
3052 2314 3167 2366 lacu
3214 2330 3225 2365 :
3265 2321 3319 2366 et
3352 2320 3531 2365 movet
3563 2310 3677 2378 (‘28)
3704 2310 3819 2379 spi-

2235 2411 2338 2463 ritu
2370 2424 2531 2462 ttnttm
2568 2422 2598 2462 e
2651 2406 2918 2460 fratribus
2971 2405 3254 2459 consolare
3299 2386 3456 2458 suum
3490 2418 3729 2457 errorem
3761 2412 3828 2456 et

2234 2504 2415 2558 dicere
2461 2519 2477 2559 :
2516 2519 2617 2555 non
2661 2500 2962 2556 occidamtts
3014 2498 3271 2568 frement.
3307 2497 3589 2551 Amatores
3632 2504 3816 2550 autem

2231 2596 2583 2667 pecuniarum
2630 2594 2781 2647 fuere
2816 2603 2872 2647 et
2920 2590 3231 2647 Iudaeorum
3275 2598 3460 2660 patres
3502 2603 3518 2642 :
3554 2600 3607 2644 et
3649 2586 3818 2641 ludas

2233 2686 2552 2741 consiliator
2587 2699 2811 2749 eorum;
2845 2692 2901 2736 et
2944 2682 3149 2740 dixere,
3183 2678 3306 2733 Non
3349 2679 3681 2741 occidamus,
3733 2677 3819 2730 in-

2233 2779 2373 2849 quit,
2397 2775 2694 2847 eunt,.qttia
2724 2790 2832 2841 non
2861 2790 3047 2829 sumus
3079 2772 3200 2841 ejus
3226 2773 3395 2842 digni.
3439 2770 3554 2825 Non
3602 2778 3674 2824 διι
3716 2784 3817 2821 no-

2233 2871 2441 2925 biscum
2474 2870 2564 2938 qui
2600 2868 2920 2923 b‘enelicitttn
2972 2867 3127 2920 nobis
3195 2864 3457 2935 itnpertit.
3491 2862 3818 2918 Distraltitttt’

2234 2963 2418 3031 itaque
2447 2961 2678 3028 Ιΐιιειξιιιι,
2708 2972 2762 3016 et
2823 2970 3029 3014 tantum
3083 2976 3113 3012 a
3174 2958 3642 3027 comparatoribus
3675 2956 3821 3009 acci~

2246 3057 2395 3125 piunt
2431 3056 2693 3123 pretium,
2721 3063 2984 3124 quantum
3033 3052 3297 3107 dederunt
3331 3060 3385 3106 et
3432 3051 3695 3121 proditori
3724 3049 3821 3105 Ju-

2234 3148 2333 3211 dan,
2386 3158 2444 3200 ut
2475 3156 2527 3199 et
2584 3147 2816 3217 pretium
2873 3146 3203 3200 consentiret
3255 3154 3614 3200 sacramento.
3666 3142 3821 3198 ludat

2232 3250 2411 3294 autent
2446 3248 2563 3291 erat
2601 3238 2880 3292 consilium
2914 3249 2969 3293 et
3022 3247 3151 3293 tunc
3198 3248 3253 3290 ut
3302 3246 3509 3291 tantum
3552 3236 3821 3290 distrahe-

2234 3343 2384 3384 retur
2415 3330 2634 3399 Joseph.
2658 3329 2824 3385 Judas
2851 3339 3030 3387 autem
3060 3342 3167 3395 est,
3215 3330 3305 3400 qui
3343 3342 3397 3385 et
3432 3331 3484 3384 in
3525 3330 3821 3399 livaugelio

2234 3423 2489 3476 distrahit
2531 3421 2779 3477 Domino.
2813 3424 3070 3476 Ascendit
3114 3438 3144 3476 e
3190 3424 3311 3476 lacu
3353 3423 3443 3492 qtti
3482 3421 3594 3487 jam
3641 3422 3822 3474 fuerat

2232 3515 2549 3569 interfectus
2583 3530 2680 3583 per
2716 3515 2951 3568 tunicam
2990 3533 3004 3569 :
3040 3525 3095 3568 et
3136 3515 3187 3569 in
3241 3516 3357 3568 lacu
3410 3524 3626 3583 putatus
3673 3529 3821 3567 utor-

2234 3617 2355 3661 tttus
2386 3648 2400 3671 ,
2462 3608 2761 3678 ingreditur
2818 3607 3147 3678 Egyptum-
3197 3608 3261 3662 Et
3308 3611 3500 3661 iterum
3563 3606 3683 3660 istic
3724 3622 3822 3675 per

2231 3700 2500 3753 insomnia
2560 3710 2614 3755 et
2679 3700 2941 3755 visionem
3018 3701 3219 3755 adunat
3280 3701 3486 3754 fructus
3532 3700 3823 3754 :tlitnonias

2232 3793 2428 3845 mundo
2462 3813 2473 3845 :
2504 3801 2556 3845 et
2605 3807 2765 3861 quem
2814 3790 3204 3846 interfecerunt
3242 3791 3409 3847 Juda'i
3459 3802 3514 3845 et
3554 3792 3823 3846 distraxe-

2234 3893 2381 3945 runt,
2420 3883 2582 3936 isttttn
2626 3884 2859 3939 adorant
2908 3894 3095 3955 gentes
3154 3884 3280 3937 dunt
3331 3894 3644 3953 pascuntur.
3702 3883 3821 3938 l‘ion

2230 3974 2377 4027 enim
2408 3973 2695 4045 Aﬂgyptios
2735 3975 2880 4030 solos
2916 3977 3067 4045 pavit
3116 3975 3352 4043 Joseplt;
3403 3975 3495 4028 sed
3552 3990 3619 4027 ex
3670 3978 3821 4028 ιιιιιιιὶ

2235 4068 2436 4119 mundo
2491 4066 2837 4121 confluebant
2886 4083 3077 4122 omnes
3131 4078 3319 4139 gentes
3370 4077 3424 4120 et
3480 4068 3694 4136 populi,
3751 4068 3823 4120 ad

2238 4157 2465 4212 formam
2532 4170 2718 4229 utpote
2770 4159 2980 4215 Domini
3030 4159 3179 4214 Iesu.
3236 4160 3433 4229 Joseplt
3484 4171 3662 4215 autem
3707 4158 3821 4228 jam

2232 4252 2487 4321 pascebat
2522 4252 2718 4308 fratres
2754 4254 2935 4322 ipsos,
2963 4254 3171 4309 scilicet
3197 4255 3286 4323 qui
3330 4270 3386 4308 se
3431 4254 3823 4319 distraxerant,

2232 4353 2285 4400 et
2311 4344 2538 4412 pretium
2574 4355 2900 4415 acceperunt
2938 4362 3117 4400 suum.
3150 4345 3333 4401 Gratis
3372 4346 3665 4414 accipiens,
3697 4360 3823 4415 gra-

2241 4439 2306 4491 tis
2340 4436 2520 4491 dabat.
2551 4437 2615 4491 Et
2648 4437 2720 4490 illi
2753 4438 2969 4506 quidem
3011 4437 3128 4506 ejus
3168 4447 3494 4505 acceperunt
3538 4438 3769 4506 pretium
3804 4452 3821 4490 :

551 4539 729 4584 autem
793 4526 935 4580 filius
987 4527 1236 4580 veniebat
1284 4542 1310 4579 a
1365 4525 1521 4597 longe
1570 4527 1635 4580 ad
1691 4526 1889 4580 fratres
1944 4524 2130 4580 frater.
2166 4522 2209 4575 ι)
2240 4530 2354 4598 ipse
2383 4540 2562 4582 autent
2592 4530 2753 4583 tritici
2788 4532 3017 4597 pretium
3045 4546 3149 4584 non
3184 4531 3407 4600 accepit.
3441 4529 3540 4585 Ubi
3571 4544 3702 4598 ergo
3724 4544 3820 4583 eos

551 4620 722 4691 Magis
753 4629 930 4672 autem
968 4619 1033 4673 ad
1068 4634 1172 4673 non
1198 4618 1393 4672 fratres
1426 4620 1609 4672 frater.
1644 4619 1719 4672 llli
1750 4630 1929 4673 autem
1950 4618 2134 4669 viden-

553 4724 636 4767 tes
662 4727 785 4765 eutn
826 4726 854 4763 a
914 4710 1072 4778 longe
1118 4710 1446 4772 venientem,
1483 4710 1757 4763 dicuntea
1793 4725 1916 4776 qua:
1962 4716 2019 4760 et
2080 4710 2131 4763 itt

550 4802 841 4872 Evangelii)
866 4801 1064 4870 scripta
1093 4810 1260 4853 sunt:
1296 4800 1405 4855 Iste
1445 4813 1520 4854 est
1562 4802 1750 4865 Iuvres,
1782 4802 1945 4853 venite
1997 4801 2135 4853 occi-

548 4897 734 4948 damus
770 4910 912 4958 eum,
964 4909 1011 4946 et
1048 4904 1226 4948 nostra
1257 4895 1357 4948 erit
1403 4892 1683 4947 hwreditas
1716 4894 1782 4946 3".
1832 4892 1987 4956 Ecce,
2044 4893 2134 4947 ille

553 4988 747 5057 inquit,
797 4988 1079 5041 sonmiatot
1134 4988 1293 5052 venit,
1330 4989 1499 5041 venite
1545 4988 1846 5041 occidantus
1893 5002 2034 5050 eum,
2079 4998 2126 5040 et

552 5082 824 5134 mittamus
848 5081 903 5133 in
936 5097 1098 5134 unum
1129 5098 1156 5136 e
1180 5082 1310 5134 lacis
1335 5081 1403 5145 δι’,
1433 5081 1821 5134 annuntiantes
1854 5078 1978 5148 quia
2023 5094 2129 5133 non

551 5173 727 5227 solum
784 5173 1164 5240 interficiatur,
1197 5176 1291 5228 sed
1330 5174 1642 5228 inferiorem
1671 5174 1845 5227 locum
1884 5172 2126 5227 habebit.

554 5264 842 5333 litJoseph
874 5266 1092 5334 quidem
1143 5268 1624 5338 appropinquavit:
1673 5267 2130 5337 appropinquavit

550 5360 616 5410 ad
648 5356 909 5425 judicium
936 5357 1194 5425 fratrum,
1222 5360 1289 5413 ad
1318 5360 1679 5415 visitationem
1714 5359 1975 5415 malorum
2004 5376 2017 5412 ;
2054 5360 2130 5414 illi

629 5517 675 5548 "
705 5516 839 5571 Gen.
872 5531 1083 5577 xxxv",
1112 5516 1168 5575 '7.
1275 5515 1317 5546 ³⁷
1354 5515 1507 5579 ibid.,
1539 5515 1594 5571 8.

553 5588 599 5621 δ’
642 5588 799 5643 Rom.
839 5602 919 5650 nt,
944 5585 998 5639 5.

1683 5515 1728 5546 ³⁸
1762 5515 1916 5583 ibid.,
1954 5516 2007 5572 9.

630 5742 747 5811 (27)
778 5742 942 5816 Forte
968 5740 1210 5809 perfecta:
1239 5756 1358 5793 sum
1385 5740 1559 5816 itaque
1599 5744 1985 5811 prwdictiones,
2002 5762 2117 5816 per-

557 5814 693 5884 fccta
715 5815 851 5870 enim
880 5820 1003 5868 sunt
1027 5828 1145 5881 qua'
1168 5820 1292 5866 sunt
1327 5812 1609 5867 mwdictn.

2086 5518 2128 5548 ³³
2156 5516 2343 5573 Matth.
2380 5532 2489 5577 ut.
2523 5514 2610 5569 38'.

2240 4623 2329 4691 qui
2364 4620 2650 4674 aliixerttnt
2693 4621 2922 4676 cruciet
2961 4622 3372 4685 distraxerunt,
3414 4621 3585 4689 pascit
3628 4618 3819 4673 Domi-

2240 4730 2340 4766 nus
2371 4711 2566 4766 Jesus?
2604 4712 2677 4767 Ex
2716 4713 2846 4783 ipsis
2886 4712 3074 4767 Petrus
3100 4723 3203 4775 est.
3230 4728 3295 4767 ex
3333 4714 3465 4782 ipsis
3493 4722 3547 4767 et
3576 4712 3816 4777 Paulus,

2236 4816 2290 4858 et
2312 4803 2489 4857 eteteri
2531 4806 2777 4873 apostoli.
2810 4806 2874 4861 Et
2904 4807 3096 4859 fratres
3121 4813 3181 4859 et
3203 4805 3428 4875 apostoli
3473 4805 3540 4857 ad
3583 4802 3806 4858 Paulum

2235 4897 2424 4951 dicunt
2453 4912 2466 4949 :
2502 4894 2733 4951 Intueris
2758 4939 2772 4963 ,
2806 4899 3001 4966 inquit,
3036 4908 3234 4967 quanta
3263 4897 3431 4952 millia
3461 4906 3583 4950 sunt
3621 4897 3675 4951 in
3714 4893 3819 4947 Ju-

2241 4992 2357 5046 dtea
2386 4994 2475 5062 qui
2510 4992 2847 5045 crediderunt
2868 4991 2907 5021 “
2929 4992 2954 5043 ?
2993 4991 3130 5056 Quid
3157 5004 3327 5046 autem
3358 4993 3403 5044 si
3435 5008 3537 5044 non
3576 4990 3805 5043 credide-

2240 5095 2361 5138 runt
2389 5085 2601 5155 quidam
2626 5083 2914 5152 ?'nunquid
2940 5084 3277 5137 incredulitas
3310 5099 3489 5136 eorum
3523 5083 3683 5152 [idem
3713 5081 3815 5134 Dei

2238 5177 2551 5231 evucuavit?
2582 5175 2730 5229 Absit
2756 5187 2928 5229 autem
2971 5175 3034 5230 ⁸³.
3071 5175 3137 5231 Ει
3180 5188 3529 5230 contumaces
3566 5174 3815 5226 volumus

2238 5268 2385 5339 pasci
2416 5284 2509 5336 per
2532 5267 2740 5321 Jesum.
2788 5268 3068 5321 Prohilntit
3109 5282 3202 5321 eos
3240 5267 3395 5321 idolis
3440 5266 3664 5320 servire.
3706 5265 3815 5317 Sed

2238 5377 2418 5416 sermo
2444 5362 2509 5414 ad
2540 5360 2815 5430 proposita
2834 5359 3074 5424 festinat,
3108 5368 3166 5413 ut
3204 5360 3455 5414 ostendat
3481 5366 3534 5413 et
3562 5355 3816 5411 dolorem

2699 5514 2743 5546 ⁸⁸
2768 5514 2905 5570 Gen.
2942 5529 3149 5578 sxxvn,
3182 5512 3275 5568 20.
3351 5514 3393 5547 “
3422 5517 3543 5570 Act.
3570 5527 3687 5577 nt,
3715 5509 3825 5569 ΞΟ*

2298 5744 2413 5816 (28)
2458 5745 2681 5816 Spiritu.
2725 5745 2892 5803 Forte
2925 5746 3163 5818 spiritus.
