4100 6456
342 335 477 395 1085

1470 308 1559 362 DE
1593 294 2192 359 RBSURRECTIONE.
2231 323 2302 335 ι-
2338 289 2469 345 LIB.
2509 288 2552 343 I'.

3429 266 3569 327 I086

337 455 528 519 Iacob,
561 461 618 507 et
649 449 776 520 quia
809 460 914 501 non
942 443 1044 499 ista
1068 438 1180 493 vita
1207 449 1332 506 spes
1367 438 1451 486 est
1481 424 1768 496 religiosis.
1795 421 1904 478 Pn-
1934 424 1980 480 Α
2009 433 2114 472 non
2154 411 2400 486 permisit
2427 423 2550 465 eum
2591 405 2732 460 Deus
2765 421 2779 458 :
2812 396 3004 455 habuit
3049 391 3324 450 solatium.
3373 386 3574 442 Dilexit

1639 519 1646 520 7
2081 509 2093 520 ‘
2350 501 2430 520 ‘7"
2461 504 2655 520 ------‘
2708 506 2860 520 mum
2907 489 3130 520 mla-mna
3169 482 3383 520 fratr-pa,
3436 475 3573 520 nnIrI

343 560 428 606 tas
479 540 968 619 potestsustinere
1035 534 1152 589 sine
1219 524 1471 596 larrymis
1526 519 1715 574 audire
1746 527 1908 570 :cum

345 640 526 698 tunica
564 636 656 692 illa
692 629 952 702 sanguine
978 626 1143 680 tincta
1172 621 1224 674 in
1255 631 1413 672 manu
1445 611 1611 670 Iacob
1633 619 1716 664 est
1738 605 1912 677 posita

348 748 472 788 cum
508 743 642 784 voce
669 725 758 780 illa
788 716 1059 777 conﬁcta?
1088 713 1279 777 Istam,
1308 705 1500 776 inquit,
1527 703 1816 758 invenimus
1839 695 1910 762 “,

351 825 512 879 istam
535 813 800 885 sanguine
819 807 1104 881 pollutam.
1143 811 1375 870 agnosce
1409 793 1562 863 cujus
1598 801 1684 846 est
1707 787 1911 850 tunica,

351 923 586 983 agnosce
615 878 764 961 tuum
791 878 1052 956 dolorem.
1077 893 1243 949 Dolor
1270 890 1486 960 quidem
1507 893 1628 941 erat
1651 881 1821 952 patris
1849 878 1915 933 de

352 975 565 1061 mortuo
587 996 806 1068 Ioseph.
834 993 962 1048 Erat
989 1005 1095 1045 non
1122 984 1378 1042 ferendus
1422 979 1596 1041 dolor,
1646 975 1772 1044 quia
1816 984 1917 1025 nec

353 1105 478 1150 ante
529 1091 716 1147 oculos
766 1101 896 1142 suos
945 1083 1254 1138 decesserat
1294 1073 1436 1128 ﬁlius
1474 1069 1731 1126 :videtur
1771 1063 1915 1118 enim

356 1185 495 1242 istud
521 1182 775 1238 solatium
825 1189 945 1230 esse
992 1171 1117 1241 quia
1165 1165 1336 1230 aﬂ‘nit,
1394 1161 1521 1232 quia
1571 1155 1918 1213 novissimam

355 1279 472 1346 ejus
504 1287 692 1331 vocem
722 1266 983 1336 suscepit,
1013 1261 1138 1331 quia
1163 1269 1220 1313 et
1243 1254 1448 1311 dimisit
1490 1251 1538 1306 ei
1566 1250 1633 1303 ad
1674 1245 1924 1302 consola-

359 1372 559 1426 tionem
610 1363 856 1423 verbum,
884 1333 1017 1426 quia
1064 1348 1320 1419 reliquias
1355 1345 1476 1413 ejus
1527 1333 1923 1396 commendavit

359 1472 538 1519 terra.
572 1457 706 1511 Cum
739 1461 918 1506 autem
945 1452 1190 1500 mortuus
1213 1438 1374 1494 fuerit
1407 1434 1630 1504 Ioseph,
1663 1440 1922 1499 quantum

359 1555 428 1608 ad
456 1549 706 1607 nuntium
735 1547 1038 1613 exspectat,
1075 1543 1333 1607 quantum
1382 1529 1449 1583 ad
1498 1522 1922 1584 distractionem,

362 1658 418 1700 et
447 1645 710 1698 incertmn
751 1634 824 1689 sit
845 1627 1194 1686 homicidium
1218 1631 1310 1676 aut
1341 1633 1512 1684 mors,
1543 1615 1711 1671 incisa
1745 1620 1922 1665 autem

364 1745 491 1794 sunt
516 1733 684 1804 patris
713 1728 940 1782 viscera.
976 1720 1166 1778 Omnia
1212 1714 1540 1784 suspicatur,
1588 1705 1770 1763 omnia
1817 1702 1920 1759 sibi

2008 785 2190 855 jugem
2217 781 2500 850 Egyptius
2527 775 2573 808 “
2641 792 2655 828 :

2009 475 2304 565 enim'eum
2340 501 2432 572 qui
2455 504 2680 562 emerat,
2704 506 2861 564 quem
2906 489 3133 544 oderant
3169 482 3389 536 fratres.
3436 475 3574 543 ind

2011 603 2196 674 igitur,
2259 567 2382 653 istic
2428 602 2586 664 putas
2621 584 2948 645 obdormivit
3000 575 3242 635 invidia?
3279 581 3436 641 putas
3474 567 3578 622 de-

2015 663 2196 762 spexit
2219 663 2461 744 diabolus
2476 679 2897 739 consolationem
2924 668 3162 740 Ioseph?
3181 663 3420 720 Habebat
3445 673 3580 713 con-

2721 785 2817 842 per
2844 766 3125 822 mulierem
3152 759 3314 828 igitur
3338 749 3579 808 diabolus

2021 875 2382 933 machinatur.
2423 868 2694 938 Diligitur,
2726 839 2918 930 inquit,
2951 857 3122 910 bonus
3166 865 3273 905 non
3311 848 3469 900 bene.
3504 839 3581 904 ,Et

2013 984 2142 1023 vere
2169 977 2308 1020 nunc
2338 937 2566 1014 incurrit
2601 957 2655 1009 in
2690 952 2856 1006 feram
2898 944 3115 1013 Ioseph,
3167 949 3221 995 et
3265 937 3580 1005 figmentum

2019 1061 2246 1114 fratrum
2274 1048 2528 1107 transivit
2549 1046 2614 1100 ad
2643 1051 2840 1098 actum.
2871 1036 3060 1091 Mulier
3094 1032 3367 1091 insistens,
3390 1021 3585 1077 mulier

2017 1148 2361 1216 semetipsam
2382 1142 2666 1202 decorans,
2693 1135 2757 1187 ad
2778 1132 3025 1198 laqueum
3045 1122 3222 1178 verbis
3237 1119 3483 1178 illiciens,
3508 1111 3588 1165 las

2017 1206 2356 1312 pidibus(5°!.)
2388 1229 2642 1290 suadens,
2676 1222 2929 1278 odoribus
2952 1215 3189 1284 capiens,
3218 1219 3271 1265 et
3294 1206 3473 1261 varias
3495 1217 3588 1256 ve-

2020 1298 2134 1388 stes
2150 1337 2206 1382 ut
2228 1298 2360 1379 retia
2376 1318 2702 1389 expandens.
2725 1313 2791 1366 Et
2804 1312 3010 1365 intuere
3027 1303 3157 1359 mihi
3175 1298 3514 1370 peregrinum
3534 1299 3590 1345 et

2023 1419 2443 1477 adolescentem.
2471 1411 2685 1464 Intuere
2709 1419 2830 1459 eum
2855 1399 2943 1469 qui
2973 1413 3076 1452 non
3104 1392 3335 1448 habebat
3357 1395 3589 1457 patrem,

2023 1525 2129 1565 non
2161 1515 2390 1560 matrem
2423 1505 2762 1569 praesentem.
2802 1491 3012 1544 Intuere
3052 1485 3367 1538 distractum
3419 1491 3447 1528 a
3482 1472 3590 1526 fra-

2025 1602 2218 1663 tribus,
2245 1605 2299 1652 ct
2324 1601 2508 1648 contra
2543 1586 2854 1658 dignitatem
2909 1576 3234 1633 servientem
3280 1570 3589 1636 ingenuum,

2024 1703 2079 1749 et
2107 1705 2311 1748 memor
2333 1693 2447 1742 esto
2488 1681 2771 1736 verborum
2801 1687 2918 1742 qua:
2941 1687 2970 1724 a
2999 1666 3224 1721 muliere
3268 1656 3594 1730 promeban-

365 1749 491 1794 δυηι
516 1749 684 1804 palrls
713 1749 940 1782 Viscera.
976 1749 1166 1778 Ullllllil
1212 1749 1540 1784 δυδγιυιιυνι,
1589 1749 1770 1763 vn"...-
1817 1749 1920 1759 -..ν-

365 1824 642 1887 describit,
680 1829 735 1877 et
788 1815 983 1872 multas
1021 1819 1220 1866 mortes
1265 1821 1367 1876 pro
1409 1818 1515 1858 una
1558 1800 1822 1855 imitatur.
1861 1794 1922 1849 Si
1950 1773 1994 1829 B
2029 1796 2136 1848 tur.
2165 1795 2219 1839 et
2255 1779 2345 1835 illa
2397 1778 2521 1831 licta
2569 1767 2811 1827 mulieris
2849 1760 3232 1819 blandimenta.
3284 1750 3497 1805 Intuere
3539 1749 3596 1796 et

2049 1879 2079 1887 “
2122 1877 2133 1887 '
2165 1876 2177 1887 '
2294 1871 2337 1887 "
2377 1867 2486 1887 --έιε
2541 1873 2780 1887 “Mm-n-
2829 1871 2856 1887 o
2904 1851 3131 1887 ann-imm.
3209 1837 3596 1887 nmmissiones

364 1919 487 1991 quis
515 1916 745 1972 sustinet
784 1909 866 1966 vel
901 1907 1141 1961 auditum
1165 1941 1181 1966 ,
1228 1914 1334 1954 non
1379 1894 1552 1950 solum
1590 1891 1682 1961 qui
1722 1887 1925 1959 genuit,

367 2011 453 2068 vel
477 2009 570 2080 qui
599 2003 824 2068 audivit,
853 1999 1035 2054 tunica
1065 1990 1364 2061 composita
1413 1997 1467 2042 et
1513 1984 1712 2046 scissa;
1758 1980 1832 2035 ita
1866 1983 1930 2032 ut

369 2113 424 2157 et
453 2103 707 2172 parerent
735 2067 946 2149 morsus
969 2087 1096 2142 fera:
1122 2079 1368 2152 impressi
1400 2092 1497 2148 per
1524 2073 1782 2129 tunicam.
1811 2067 1932 2126 Uti-

375 2161 500 2248 nam
528 2189 813 2247 dixissent,
837 2181 962 2252 quia
987 2187 1040 2234 et
1065 2178 1116 2232 in
1147 2175 1321 2230 lacum
1367 2167 1568 2226 cecidit
1605 2161 1886 2219 ambulans
1910 2175 1927 2214 :

373 2294 430 2340 et
452 2281 736 2336 videbatur
760 2250 1068 2346 ﬁgmentum
1116 2264 1414 2338 proximum
1465 2255 1675 2312 veritati
1719 2250 1930 2309 haberi.

377 2377 484 2433 Sed
522 2371 754 2444 suspecti
779 2378 907 2426 sunt
942 2380 1009 2420 ne
1038 2367 1405 2434 arguerentur.
1439 2351 1766 2422 Requirebat
1789 2347 1933 2404 enim

378 2469 447 2525 ab
468 2467 549 2524 eis
577 2440 832 2533 reliquias
870 2467 1045 2529 pater.
1087 2453 1378 2523 Suspectus
1407 2447 1584 2515 itaque
1623 2440 1789 2497 Iacob
1828 2447 1933 2504 est,

379 2560 506 2631 quia
532 2529 770 2612 mortuus
790 2561 874 2608 est
901 2546 1096 2616 Ioseph
1123 2585 1139 2609 .
1171 2551 1226 2600 et
1262 2555 1387 2597 esca
1419 2539 1592 2592 factus
1636 2541 1720 2588 est
1766 2529 1934 2585 feris:

383 2649 766 2706 nuntiaverunt
815 2641 956 2698 enim
1000 2637 1234 2698 fratres,
1283 2630 1579 2688 testabatur
1635 2633 1692 2680 et
1736 2621 1936 2677 tunica.

384 2742 518 2810 Quis
548 2743 809 2810 portaret,
837 2731 960 2802 quis
980 2727 1270 2786 sustineret
1295 2735 1500 2778 memor
1520 2717 1661 2771 illius
1695 2711 1940 2782 Ioseph?

381 2851 506 2888 cmn
555 2837 698 2887 esset
755 2801 876 2882 cum
925 2831 1079 2894 patre
1153 2825 1441 2883 antequam
1509 2801 1940 2864 distraheretur?

383 2927 568 2981 decem
609 2929 664 2975 et
682 2926 886 2987 septem
913 2911 1070 2967 annis
1107 2916 1225 2963 erat
1260 2905 1310 2960 ei
1342 2911 1606 2965 mortuus,
1661 2906 1718 2952 et
1759 2894 1942 2950 tunica

386 3011 744 3072 immortalem
777 3003 1100 3076 suggerebat
1126 3007 1377 3054 mortem.
1418 2993 1573 3048 Sicut
1608 2990 1752 3046 enim
1780 2987 1945 3041 mise—

388 3107 628 3164 ricordes
671 3111 796 3157 sunt
852 3109 1072 3168 patres,
1121 3101 1504 3158 nonnunquam
1557 3093 1618 3138 ut
1681 3079 1947 3135 retineant

391 3202 588 3270 figuras
615 3197 846 3251 ﬁliorum
879 3205 974 3261 per
1003 3185 1210 3242 colores
1242 3181 1579 3250 depingunt,
1625 3173 1952 3241 easdemque

393 3293 693 3350 recondunt
718 3287 770 3342 in
797 3281 1064 3344 domibus,
1093 3287 1152 3332 ut
1181 3282 1372 3346 putant
1399 3271 1618 3340 quidam
1651 3265 1716 3319 ad
1753 3275 1954 3318 conso-

391 3387 671 3446 lationem.
721 3377 1033 3446 Eliigiantur
1067 3371 1133 3425 ad
1179 3364 1605 3422 admonitionem
1659 3357 1952 3411 dolorum:

394 3483 466 3536 ita
494 3489 550 3533 et
569 3474 749 3530 tunica
782 3470 869 3525 illa
894 3463 1170 3522 recondita
1201 3457 1370 3522 domi,
1416 3464 1472 3508 et
1507 3451 1710 3506 habens
1739 3441 1957 3513 sangui—

395 3588 518 3634 nem
546 3569 1026 3626 ittveterasce-ntem
1055 3570 1158 3610 non
1190 3548 1325 3606 haedi
1355 3551 1595 3617 putatum
1612 3539 1704 3596 sed
1737 3521 1956 3601 Ioseph,

393 3678 452 3723 .et
481 3677 692 3720 morsus
725 3652 1006 3726 compositi
1051 3646 1164 3722 (29)
1213 3653 1269 3700 et
1323 3635 1560 3710 impositi
1604 3633 1862 3693 ferarum,
1906 3631 1962 3681 et

400 3762 503 3817 hoc
531 3751 851 3812 silvestrium
875 3787 891 3812 ,
925 3719 1142 3812 semper
1182 3735 1449 3791 faciebant
1493 3728 1731 3782 dolorem
1756 3719 1920 3776 Iacob
1941 3734 1960 3773 :

403 3849 611 3908 videns,
635 3841 974 3900 condiscens,
1002 3844 1228 3902 tangens
1251 3838 1465 3893 semper
1488 3819 1657 3876 filium
1688 3830 1786 3886 per
1815 3810 1964 3866 illam

406 3941 637 4001 tunicam
669 3933 779 4005 (50)
811 3951 824 3987 :
856 3941 1081 3998 tangens
1113 3936 1231 3976 eam
1253 3929 1310 3973 et
1332 3914 1505 3971 oculis
1543 3911 1750 3965 videns.
1796 3903 1863 3960 Et
1899 3915 1966 3957 ne

403 4033 527 4103 quis
553 3997 906 4099 reprehendat
945 3997 1249 4076 sermonem
1277 4053 1292 4078 ,
1327 4007 1452 4094 quia
1493 4003 1760 4059 dolentem
1795 3997 1968 4051 intro-

405 4127 546 4183 duco
566 4121 766 4190 justum
796 4134 811 4170 :
840 4123 965 4169 sunt
1009 4109 1151 4164 enim
1195 4115 1250 4160 et
1298 4085 1675 4157 misericordes
1713 4087 1968 4159 religiosi.

412 4215 545 4281 Nam
597 4221 650 4267 et
696 4208 1001 4263 audivimus
1055 4217 1176 4258 cum
1229 4188 1694 4253 dicentem:Cunt
1754 4199 1972 4247 omnes,

411 4306 607 4377 inquit,
651 4302 751 4372 ﬁlii
797 4310 843 4353 et
888 4298 1012 4366 lilia:
1065 4292 1405 4348 accessissent
1457 4295 1512 4339 ut
1582 4277 1976 4337 consolarentur

411 4412 552 4462 eum,
588 4411 689 4449 non
708 4391 928 4459 suscepit
948 4402 1122 4441 eorum
1151 4379 1561 4437 consolationem
1585 4373 1660 4438 “;
1693 4385 1796 4423 non
1831 4367 1976 4421 sine-

416 4494 508 4553 hat
537 4489 678 4546 enim
712 4485 891 4541 tunica
919 4481 1178 4552 sanguine
1224 4479 1409 4532 tincta.
1459 4470 1606 4528 Dixit
1650 4467 1792 4521 enim
1820 4477 1836 4526 :
1870 4461 1976 4516 De-

413 4585 658 4652 scendunt
681 4581 748 4635 ad
778 4577 1039 4646 infernum
1060 4589 1176 4628 cum
1204 4571 1380 4624 dolore
1410 4567 1477 4621 ad
1499 4563 1667 4634 ﬁlium
1693 4559 1738 4591 "
1768 4577 1782 4612 τ
1811 4563 1990 4610 tantus
2089 4561 2139 4599 VI

1577 4655 1726 4724 cujus
1760 4646 1989 4721 promis-
2086 4637 2335 4693 detinens
2371 4626 2606 4683 tunicam
2649 4617 2784 4685 ejus,

417 4664 537 4737 erat
581 4675 753 4729 dolor.
789 4671 891 4728 Ubi
921 4682 1049 4739 ergo
1082 4663 1365 4735 promissio
1407 4657 1533 4714 est?

420 4773 622 4827 sionem
662 4764 934 4836 impletam
967 4736 1104 4831 patri
1154 4753 1366 4812 deflenti
1422 4758 1516 4804 aut
1549 4747 1658 4802 filio
1698 4736 1988 4798 morienti?

422 4865 554 4928 Nam
581 4862 679 4918 etsi
709 4875 814 4914 non
841 4865 924 4912 est
950 4863 1214 4914 mortuus,
1248 4857 1430 4903 tamen
1455 4843 1703 4896 timorem
1731 4837 1986 4900 expertus

423 4966 509 5014 est
537 4953 744 5009 mortis.
797 4951 931 5005 Puta
982 4947 1109 5016 quia
1140 4957 1245 4996 non
1293 4948 1377 4994 est
1407 4941 1695 4992 mortuus,
1747 4939 1816 4979 no

426 5047 734 5108 distractus,
779 5058 886 5097 non
938 5037 1171 5094 serviit?
1219 5033 1309 5088 ille
1358 5026 1488 5100 quia
1544 5024 1597 5078 in
1661 5020 1782 5075 sinu
1840 5016 1989 5068 lusus

430 5136 596 5208 patris
620 5135 730 5204 (51)
762 5147 944 5202 agens,
984 5146 1090 5184 non
1118 5125 1436 5181 mittebatur
1478 5116 1650 5178 foras,
1692 5122 1836 5167 nunc
1878 5118 1993 5159 ser-

433 5229 527 5284 vit.
562 5222 743 5280 Servit
771 5191 973 5284 autem,
1007 5228 1062 5272 et
1087 5217 1398 5273 servitutem
1442 5203 1844 5277 Egyptiorum.
1882 5191 1989 5255 Sed

2009 4477 2056 4532 ι)
2084 4459 2269 4508 sancto
2290 4455 2344 4503 et
2373 4441 2568 4516 pudico
2595 4434 2814 4490 vestime

2029 1876 2245 1934 divitias
2273 1867 2491 1941 Egypti
2537 1873 2783 1920 ostensas
2829 1871 2860 1910 a
2903 1851 3154 1919 conjuge,
3209 1837 3598 1914 promissiones

2033 1966 2295 2030 mulieris,
2326 1959 2598 2017 tristitiam
2628 1952 2778 2026 pueri
2807 1966 2822 2004 :
2861 1943 3013 2018 pueri
3053 1937 3375 2009 angustiam,
3405 1927 3597 1984 mulie-

2036 2062 2112 2118 ris
2139 2053 2556 2114 abundantiam;
2589 2023 2906 2118 potestatem
2931 2035 3072 2093 enim
3114 2026 3348 2087 habebat
3372 2023 3598 2083 domus;

2035 2153 2402 2210 additamenta
2418 2136 2752 2197 tentationis.
2776 2131 2994 2187 Dicebat
3017 2124 3161 2180 enim
3185 2119 3378 2174 mulier
3400 2111 3599 2168 multa:

2036 2203 2428 2302 non—audiebat
2448 2242 2628 2290 autem
2654 2227 2899 2299 pudicus.
2933 2214 3264 2287 Depingebat
3286 2208 3387 2264 sibi
3419 2203 3606 2262 oculos

2198 2332 2398 2402 Ioseph
2424 2336 2604 2382 autem
2629 2297 2755 2378 suos
2784 2312 3090 2373 claudebat.
3142 2307 3231 2363 illa
3253 2319 3313 2359 se
3333 2297 3604 2369 lapidibus

2040 2389 2463 2486 coronabat:et
2513 2416 2602 2471 ille
2649 2427 2708 2468 se
2768 2423 2798 2462 a
2857 2403 3125 2474 lapidibus
3187 2411 3254 2450 ne
3313 2389 3609 2446 ollentleret

2042 2513 2412 2576 custodiebat.
2459 2507 2554 2562 Illa
2604 2494 2999 2566 contorquebat
3047 2487 3270 2558 capillos
3330 2495 3512 2536 suos:
3552 2482 3609 2529 et

2043 2612 2134 2668 ille
2154 2606 2366 2662 vitabat
2388 2609 2449 2654 ut
2470 2594 2703 2652 vincula.
2733 2590 2827 2646 Illa
2859 2585 3013 2642 varia
3052 2579 3376 2635 vestimenta
3424 2568 3611 2625 uteba-

2046 2713 2172 2758 tur:
2203 2708 2257 2754 et
2295 2695 2386 2750 ille
2419 2688 2732 2747 intuebatur
2757 2679 3099 2758 opiﬁciorum
3133 2670 3472 2724 varietatem.
3521 2657 3612 2714 Illa

2045 2789 2294 2850 movebat
2321 2783 2668 2855 thymiamata
2697 2757 3004 2830 ad'odoretn
3033 2783 3048 2818 :
3085 2763 3173 2820 ille
3195 2769 3376 2814 autem
3394 2753 3614 2808 odorem

2047 2884 2318 2959 pudicitiae
2361 2880 2599 2936 odorans
2658 2867 2910 2926 domabat
2952 2875 3104 2918 suam
3153 2847 3614 2911 adolescentiam,

2048 2936 2248 2959 μὴν,
2281 2936 2284 2937 ν

2044 2983 2229 3052 junior
2261 2983 2522 3048 quantum
2548 2967 2615 3022 ad
2638 2973 2875 3025 aetatem,
2907 2953 3092 3012 senior
3122 2957 3302 3002 autem
3331 2936 3615 3010 sapientia.

2050 3077 2182 3135 Cum
2212 3082 2390 3127 autem
2417 3080 2522 3120 non
2569 3056 2835 3113 valuisset
2869 3042 3114 3103 mulieris
3155 3034 3620 3094 blandimentum,

2051 3163 2330 3226 transtulit
2361 3153 2791 3214 blandimentum
2830 3141 2896 3195 ad
2932 3141 3063 3190 vim.
3109 3129 3258 3185 Nova
3287 3123 3484 3193 quippe
3505 3127 3622 3171 tra-

2054 3209 2516 3335 gédiawin'pwrimo
2542 3243 2704 3298 liebat
2732 3233 2934 3301 Ioseph
2959 3269 2974 3295 ,
3029 3225 3172 3280 forte
3199 3229 3255 3274 et
3282 3215 3417 3272 solo.
3444 3209 3626 3335 Siqui-

2089 3301 2234 3318 υυι..-
2343 3301 2459 3323 τμη
2496 3301 2502 3302 ,

2054 3301 2176 3408 dem
2198 3365 2227 3403 a
2261 3345 2394 3401 viris
2427 3340 2534 3392 vim
2569 3333 2680 3404 pati
2719 3325 3010 3385 mulieres,
3051 3323 3243 3370 natura
3285 3309 3401 3376 ipsa
3438 3301 3628 3358 mulie-

2057 3459 2177 3501 rum
2205 3436 2440 3495 suadet:
2476 3424 2675 3496 Ioseph
2722 3427 2904 3473 autem
2959 3410 3107 3466 solus
3159 3419 3189 3458 a
3236 3399 3463 3456 muliere
3517 3391 3628 3445 vim

3205 3495 3216 3501 -
3419 3487 3450 3501 ,,
3507 3500 3514 3501 γ
3564 3481 3626 3501 μ,

2059 3481 2177 3501 Ιυηι
2205 3481 2399 3495 nun-ww-
2427 3481 2440 3487 ν
2480 3481 2495 3485 -
2516 3481 2531 3483 -
2552 3481 2560 3482 κ
2606 3481 2622 3496 ⁸

2057 3527 2460 3607 periclitabatur
2495 3517 2798 3590 sustinere.
2850 3501 3092 3560 Accessit
3133 3495 3278 3551 enim
3327 3487 3518 3544 mulier
3561 3481 3631 3536 ad

2755 3604 2766 3607 ’
2896 3598 2910 3607 “
3083 3591 3094 3607 ¹
3135 3606 3138 3607 ν
3177 3588 3359 3607 ηε--ηη
3414 3574 3628 3607 ..Μάνη

2061 3574 2502 3686 :tlolescemem,l
2537 3609 2651 3666 sola
2703 3604 2770 3660 ad
2833 3598 3005 3656 solum
3036 3612 3049 3649 :
3083 3588 3361 3646 hominum
3414 3574 3634 3632 videbat

2063 3720 2259 3778 nullus.
2300 3712 2396 3768 Ille
2421 3716 2599 3763 autem
2631 3701 2722 3772 qui
2757 3697 2826 3751 ab
2851 3686 3161 3748 hominibus
3189 3693 3300 3735 non
3325 3671 3631 3731 videbatur,

2066 3813 2234 3868 Deum
2315 3758 2664 3860 invisibilem'
2715 3784 3046 3844 intuebatur.
3123 3767 3456 3828 Immittebat
3521 3758 3636 3812 fera

2068 3845 2234 3868 υσυιιι
2317 3845 2636 3860 Iuv-u._---__,

2067 3899 2296 3972 ungulas
2319 3907 2444 3950 suas
2494 3886 2563 3942 ad
2609 3880 2848 3937 tunicam
2902 3866 3124 3937 Ioseph.
3178 3861 3269 3916 llle
3316 3864 3495 3911 autem
3541 3845 3636 3916 qui

2840 3967 2852 3972 ‘
2956 3971 2959 3972 '
3069 3959 3081 3970 '
3109 3968 3121 3972 ·
3152 3952 3345 3972 νίνε-Α-ι
3378 3940 3636 3972 hum-Hum

2070 3943 2424 4054 consueverat
2457 3978 2634 4035 tunica
2657 3967 2880 4030 salvari,
2915 3971 2970 4018 et
2993 3959 3083 4030 qui
3109 3952 3347 4010 tunicam
3378 3940 3639 3999 fratribus

3101 4045 3152 4054 ’³⁵
3277 4049 3287 4054 λ
3424 4028 3639 4054 -ιΙει-..ζι

2070 4028 2424 4054 Luna-unm..-
2459 4028 2567 4035 -_-__
2585 4028 2596 4030 ἡ
2867 4028 2876 4030 ν
3013 4028 3025 4030 7

2070 4083 2240 4146 dedit,
2265 4085 2319 4134 et
2345 4091 2374 4130 a
2403 4066 2714 4138 deceptione
2741 4059 2965 4114 fratrum
2987 4059 3073 4105 est
3101 4045 3385 4101 liberatus,
3424 4028 3644 4099 reliquit

2073 4123 2240 4146 υπη,
2267 4123 2319 4134 υ-
2345 4123 2374 4130 _
2408 4123 2489 4126 __,
2533 4123 2550 4138 _

2073 4187 2130 4234 et
2163 4185 2303 4229 nunc
2323 4166 2560 4223 tunicam
2585 4159 2640 4214 in
2671 4168 2831 4210 manu
2859 4141 3131 4203 mulieris,
3166 4142 3226 4189 ut
3263 4146 3369 4186 non
3407 4123 3644 4180 dimitte-

2077 4213 2130 4234 σι
2163 4213 2303 4229 IlI-Iuv
2325 4213 2559 4223 ww-..-._-_e

2077 4279 2160 4326 ret
2180 4278 2332 4322 suam
2358 4258 2590 4314 animam
2625 4251 2678 4305 in
2705 4243 2951 4302 manibus
2990 4225 3333 4303 impudicitiae
3359 4240 3373 4276 :
3404 4229 3458 4274 et
3479 4213 3647 4271 exivit

3210 4321 3220 4326 ·
3460 4325 3465 4326 γ
3557 4303 3644 4326 211--

2078 4303 2160 4326 Ιῠι
2180 4303 2332 4322 συνηυ-
2358 4303 2590 4314 ν-υ..--ν----
2628 4303 2639 4305 -

2078 4360 2251 4418 nudus
2290 4371 2321 4409 a
2354 4350 2554 4414 tunica,
2596 4338 2850 4414 pudicitia
2900 4340 3078 4386 autem
3118 4321 3347 4376 amictus
3381 4325 3500 4374 sua,
3557 4303 3647 4358 illo

2819 4436 2910 4482 nto
2955 4419 3194 4476 indutus.
3245 4403 3436 4460 Mulier
3468 4406 3647 4449 autem

2129 4545 2276 4599 ideus
2301 4488 2452 4611 pueri
2502 4521 2884 4587 constantiam,
2925 4524 2979 4570 et
3025 4501 3293 4580 pudicitiae
3346 4488 3647 4560 imperium,

2863 4608 2874 4611 -
3227 4589 3534 4611 εμ--’-....ι....
3585 4577 3647 4611 ..Α

2831 4608 2973 4662 sicut
3020 4611 3181 4654 canes
3227 4589 3534 4646 irascuntur
3585 4577 3653 4630 ad

2085 4729 2287 4800 lapides
2308 4719 2400 4793 qui
2430 4717 2496 4771 ad
2519 4727 2613 4769 eos
2641 4680 2843 4762 fuerint
2876 4695 3028 4755 missi
3059 4713 3071 4749 :
3100 4699 3155 4746 et
3181 4687 3322 4741 sicut
3346 4680 3656 4747 frequenter

2762 4799 2769 4800 ί
2879 4793 2890 4800 ·
3126 4790 3289 4800 Δμη*
3351 4767 3653 4800 "mamma;

2085 4767 2342 4894 quidamI
2376 4807 2689 4876 effugientes
2759 4793 2960 4852 bestias
2993 4828 3007 4854 ,
3083 4790 3292 4856 partem
3351 4767 3656 4826 vestimenti

2812 4889 2824 4894 ‘
2989 4882 3003 4894 ⁵
3111 4883 3299 4894 γ-μιΑω
3356 4857 3656 4894 -ηιειὶηιοηιί

1821 4857 1986 4885 lcrsua
2127 4857 2304 4876 υιυυιιιι
2378 4857 2529 4876 ..ν-..σί
2545 4857 2581 4861 -,

1821 4938 1852 4976 n
1904 4926 1992 4973 est
2082 4857 2371 4985 jlactantes,
2406 4899 2630 4968 ,faciunt
2669 4906 2762 4948 eas
2812 4889 2946 4942 iram
2989 4882 3045 4936 in
3096 4883 3302 4947 partem
3356 4857 3656 4919 vestimenti

2723 4982 2752 4985 ”
2815 4980 2828 4985 “
3040 4983 3049 4985 Α
3116 4970 3146 4985 ¹⁸
3215 4961 3446 4985 —--—--l--n
3491 4949 3656 4985 hoc“.

2089 4949 2530 5074 :leponere’suam
2568 5007 2585 5051 ;
2615 4982 2790 5042 itailla
2815 4980 2898 5034 lea
2919 5017 2935 5043 ,
2965 4983 3057 5029 aut
3081 4970 3183 5024 alia
3206 4961 3448 5036 quaedam
3491 4949 3660 5008 beatia

2810 5073 2818 5074 '
2864 5071 2874 5074 ‘
3228 5058 3261 5074 ἰ
3286 5070 3343 5074 λα-
3377 5061 3422 5074 Α·
3451 5043 3658 5074 ...ιι-..Πι-

2091 5043 2311 5074 υιγνην-
2328 5043 2354 5050 ν
2379 5043 2525 5048 --ηκν
2572 5043 2582 5051 ,

2091 5097 2230 5156 dira,
2248 5089 2484 5145 tunicam
2507 5077 2686 5153 pudici
2711 5071 3004 5141 accipiens,
3025 5075 3079 5119 et
3101 5058 3347 5117 manibus
3372 5061 3426 5107 et
3451 5043 3662 5119 ungulis

2094 5177 2557 5255 comprehendens
2581 5181 2637 5230 et
2662 5179 2872 5231 tenens,
2899 5171 2956 5218 et
2985 5156 3234 5216 scindens
3257 5147 3492 5205 nndioue
3520 5155 3665 5196 com-

504 5429 553 5463 “
577 5423 711 5481 Gen.
746 5435 946 5482 xxxvu,
979 5415 1069 5472 '52.
1141 5411 1190 5444 “
1215 5408 1343 5466 ibid.
1389 5406 1479 5463 '55.
1552 5401 1750 5462 “ibid.
1811 5397 1869 5430 ⁸³⁸
1908 5393 2046 5450 Gen.
2081 5399 2274 5449 nstx,
2319 5379 2374 5436 7.

509 5627 626 5696 (29)
676 5626 880 5681 Marsus
923 5616 1220 5688 compositi.
1260 5612 1526 5681 Morsuun‘.
1560 5584 1716 5685 ’ποίεε
1759 5603 1998 5663 conﬁctae

443 5702 508 5765 ad
540 5698 826 5765 fallendum
852 5701 1075 5765 patrem.

514 5771 625 5842 (ὅθ)
659 5767 754 5828 bis.
788 5758 890 5825 Per
927 5762 1071 5821 illam
1107 5758 1342 5829 aﬂrclam
1375 5764 1620 5856 ιιυιὶςωη,

2175 5587 2287 5658 (51)
2319 5583 2385 5658 n
2425 5582 2542 5636 sinu
2563 5567 3143 5658 lususnilatris.nPrprin
3175 5565 3292 5645 sinu
3321 5555 3484 5658 patris
3517 5551 3664 5608 lusus

2107 5635 2286 5741 agi};
2316 5635 2632 5741 supr-apag.
2659 5635 2793 5741 ⁸εδδ.
2827 5659 2881 5695 a.
2911 5639 3040 5692 Post
3061 5635 3235 5717 futuri
3260 5637 3379 5686 sunt
3408 5637 3478 5680 ιι.

2180 5728 2288 5804 (52)
2321 5718 2627 5795 lapidibus,
2659 5718 2710 5774 id
2737 5724 2849 5781 est,
2889 5724 3120 5775 qemmts.
