4098 6398
481 341 624 400 1087
1131 335 1402 393 EUSEBII
1441 335 1922 392 CBSARIENSIS
1957 338 2108 391 OPP.
2147 339 2328 390 PAHb
2367 341 2454 390 l‘.
2497 365 2568 376 -—
2603 343 3022 393 DUbMA’l'lLA.
3609 345 3812 398 1088

481 462 722 533 ponebat
761 459 952 514 falsam
995 458 1433 514 adinventionem
1480 472 1632 512 suam
1661 457 1858 528 pudico
1896 457 2068 510 ascri-
2097 459 2144 518 Α
2173 466 2297 508 sunt
2318 470 2346 508 a
2379 457 2802 512 resurrectione.
2835 458 2899 512 Et
2923 459 3166 514 videmur
3185 463 3398 532 quidem
3429 468 3802 532 protrahere

483 557 642 617 hens,
671 563 726 608 et.
751 553 1048 606 honestiam
1075 551 1191 622 (55)
1221 552 1285 604 ad
1303 567 1362 604 se
1385 549 1733 606 transferens.
1769 548 2064 620 lmpudenti
2175 555 2460 601 tractatum
2497 547 2586 600 diu
2619 548 2722 603 hoc
2741 561 3066 617 exposcente
3097 563 3152 606 et
3187 564 3450 608 maturam
3487 555 3798 611 refectio—

483 648 632 702 enim
663 646 861 701 clamat
881 660 1036 708 voce,
1057 657 1108 699 et
1127 655 1390 700 convocat
1413 645 1670 700 adversus
1693 659 1752 698 se
1776 644 2072 699 convictio-

487 755 614 795 nem
643 750 696 793 et
728 739 856 792 dicit
894 758 908 793 :
944 738 1147 804 Venite,
1203 738 1412 807 inquit,
1461 748 1507 791 et
1545 739 1707 790 uidete
1733 753 1752 790 :
1777 735 2070 790 introduxit

487 847 708 901 puerum
742 829 1022 884 Hebra’um
1056 831 1122 882 ⁸⁷.
1151 829 1362 884 Dicitur
1387 829 1726 898 ingenuitas,
1773 838 1830 880 ut
1884 827 2071 880 illudat

491 937 592 976 nos
619 939 632 975 :
661 923 1042 988 snhingressus
1065 932 1145 976 est
1181 922 1333 986 milti,
1368 920 1554 976 volens
1581 921 1685 972 vim
1721 919 1917 973 facere.
1963 919 2070 972 l‘n-

493 1026 577 1070 tas
601 1031 708 1070 non
735 1015 956 1069 οΙΐνιιιΙίι
987 1016 1164 1079 lingua
1203 1013 1566 1085 impudentis?
1601 1014 1855 1068 Miramur
1891 1014 1934 1068 si
1966 1029 2070 1068 non

491 1121 578 1164 est
607 1119 844 1164 mutatus
881 1110 998 1174 ejus
1033 1110 1218 1164 color?
1269 1108 1608 1165 Conscientia
1643 1109 1810 1172 enim,
1859 1106 2071 1162 etiamsi

491 1204 728 1256 occultat
785 1203 1025 1269 laetum,
1078 1213 1256 1256 tamen
1309 1217 1403 1269 per
1455 1202 1630 1256 vultus
1681 1219 1776 1256 sua
1829 1202 2074 1269 producit

495 1297 738 1362 vestigia.
771 1295 1091 1350 Conft-rebat
1135 1307 1311 1349 autem
1340 1296 1404 1347 ad
1437 1296 1744 1362 ﬁgmentum
1777 1295 1924 1348 color
1956 1294 2077 1347 imi-

499 1399 642 1443 tatus
696 1389 827 1459 ('54).
881 1371 1174 1442 Videbatur
1229 1389 1371 1441 enim
1423 1388 1490 1440 ad
1519 1388 1630 1440 vim
1687 1401 1808 1440 esse
1864 1388 2074 1448 durata,

495 1499 657 1552 quam
688 1483 800 1551 ipsa
828 1483 1045 1552 quidem
1073 1483 1298 1543 fecerat,
1330 1497 1544 1548 passam
1574 1491 1752 1535 autem
1794 1497 1852 1534 se
1877 1479 2080 1535 conﬁn-

495 1579 676 1647 gebat.
703 1575 1079 1646 Subingressus
1103 1586 1176 1628 est
1207 1575 1354 1636 mihi,
1397 1575 1570 1646 inquit
1605 1573 1908 1642 impudens.
1939 1570 2078 1626 Sub-

499 1673 774 1739 ingressns
823 1681 905 1724 est
963 1670 1092 1723 mihi
1142 1669 1290 1734 dicit,
1321 1684 1439 1736 qua:
1473 1668 1818 1737 subiugi-csso
1857 1675 1977 1732 est;
2029 1672 2078 1718 et

495 1763 810 1830 clamaui“,
841 1765 934 1818 ait.
980 1764 1042 1818 Et
1069 1773 1216 1817 certe
1269 1778 1376 1816 non
1433 1761 1697 1822 clamasﬁ,
1743 1762 1842 1816 nisi
1894 1771 2077 1830 postea

501 1873 661 1922 quam
685 1872 933 1924 egressus
959 1865 1042 1910 est
1070 1856 1382 1910 adolescens
1417 1873 1430 1909 :
1466 1865 1514 1910 et
1555 1857 1788 1923 reliquit,
1811 1856 1904 1920 ait,
1932 1871 2080 1908 suam

501 1952 755 2014 tunicam,
789 1962 836 2004 et
859 1949 994 2020 fugit
1019 1951 1084 2004 δ’.
1115 1951 1176 2004 Et
1215 1959 1362 2004 certe
1393 1965 1495 2003 non
1540 1959 1622 2004 est
1665 1949 1770 2002 vim
1815 1949 2081 2010 facientis,

499 2053 560 2094 ut
594 2044 856 2112 relinquat
882 2059 1035 2097 suam
1060 2044 1318 2098 tunicam.
1353 2042 1430 2095 Ad
1465 2041 1860 2095 convictionem
1903 2055 2085 2108 super-

499 2137 646 2190 venit
680 2147 728 2190 et
759 2137 1013 2190 dominus
1041 2137 1249 2198 donms,
1274 2136 1362 2204 qui
1391 2150 1607 2188 onmem
1652 2134 1871 2187 domum
1903 2134 2082 2189 credi-

496 2226 657 2282 derat
683 2227 902 2296 Joscph.
934 2229 1318 2282 Acceditienea
1355 2229 1532 2282 fronte
1565 2227 1780 2292 mulier,
1808 2237 1859 2282 et
1891 2229 2084 2282 iterum

501 2325 699 2390 repetit
766 2321 1076 2392 ﬁgmentum
1117 2324 1260 2391 quod
1317 2319 1488 2375 fuerat
1553 2322 1805 2375 meditata
1857 2341 1868 2376 :
1911 2321 2087 2391 lacry-

501 2429 767 2480 ntansqne
796 2425 848 2468 et
876 2411 1096 2476 deﬂens,
1135 2425 1226 2467 aut
1256 2414 1379 2483 quia
1435 2429 1540 2467 non
1593 2416 1766 2482 potuit
1821 2415 2085 2474 obtinere.

503 2517 596 2560 aut
624 2509 748 2576 quia
774 2519 1078 2578 contempta
1103 2517 1208 2570 est,
1240 2519 1330 2560 aut
1360 2508 1482 2576 quia
1535 2523 1640 2561 non
1677 2507 1926 2560 manibus
1963 2523 2096 2560 eum.

503 2598 610 2666 iam
648 2599 985 2669 praefocavit.
1038 2599 1372 2654 Desideriutn
1421 2599 1563 2653 enint
1606 2607 1970 2664 contemptura
2021 2599 2085 2650 ad

504 2689 639 2746 iram
670 2693 1019 2745 convertitur.
1059 2691 1195 2759 Quid
1233 2691 1468 2758 igiturin
1506 2691 1590 2744 his
1609 2691 1828 2760 agitur?
1853 2689 2098 2744 Pudicns.

506 2792 796 2836 accusatur
826 2784 891 2834 ah
924 2783 1209 2852 impudica.
1251 2781 1366 2844 Non
1395 2783 1607 2835 miraris
1632 2783 1754 2852 quia
1784 2797 1886 2835 non
1913 2783 2087 2836 statim

506 2890 791 2942 aggressus
829 2885 910 2930 est
943 2875 1045 2937 vir,
1093 2885 1146 2928 et
1177 2877 1277 2928 hoc
1314 2875 1598 2946 [Egyptins
1645 2875 1831 2929 calida:
1883 2885 2090 2928 naturae

507 2967 668 3019 immo
695 2976 744 3020 et
786 2965 886 3020 loci
925 2967 1147 3021 laniavit
1169 2967 1564 3021 adolescentem
1595 2982 1610 3020 :
1642 2967 1684 3022 si
1706 2967 1925 3035 quidem
1955 2977 2089 3020 telas

509 3055 670 3107 habet
691 3054 1072 3123 suspicionem,
1109 3065 1162 3109 et
1195 3071 1313 3126 quae
1337 3055 1565 3109 vocabat
1591 3066 1644 3110 et
1681 3058 1998 3118 accusabat,
2037 3064 2090 3109 et

507 3147 599 3214 qui
641 3149 705 3200 ad
734 3162 917 3202 vocent
949 3149 1064 3214 ejus
1091 3159 1468 3208 cncurrerant.
1517 3160 1568 3202 et
1600 3149 1778 3202 tunica
1813 3164 1931 3216 qua:
1963 3149 2090 3202 reti-
2117 3154 2162 3214 C

509 3241 757 3306 uehatur,
821 3241 1070 3294 movebat
1123 3241 1396 3294 dominum
1437 3241 1503 3294 ad
1545 3243 1987 3310 indignationem,
2035 3253 2090 3296 et

509 3331 687 3386 honor
714 3333 802 3400 qui
843 3343 959 3386 erat
1002 3334 1158 3386 datus
1185 3335 1231 3386 ei
1261 3333 1352 3403 qui
1406 3333 1583 3386 fuerat
1636 3335 1943 3389 distractus.
1983 3334 2094 3388 Mo-

509 3424 667 3478 vebat
702 3434 879 3477 autem
919 3433 972 3477 et
1012 3425 1372 3495 suspicionem
1419 3425 1781 3495 pulchritudo.
1839 3425 1904 3478 Et
1949 3435 2092 3479 tanta

510 3518 730 3585 quidem
764 3527 1064 3584 erantquam
1089 3519 1153 3572 ad
1189 3519 1345 3572 ﬁdem
1373 3520 1757 3588 provocabant.
1791 3516 2097 3573 Sulliciehat

519 3619 703 3663 autem
742 3609 807 3663 ad
857 3611 1040 3678 operis
1088 3609 1474 3664 dubitationem
1521 3609 1668 3676 pueri
1721 3611 1982 3678 sapientia
2042 3619 2099 3664 et

511 3699 874 3770 pulchritudo.
940 3699 1047 3753 Cur
1103 3700 1245 3753 enim
1311 3715 1434 3754 eum
1505 3715 1608 3752 non
1673 3699 1853 3753 statim
1912 3699 2104 3768 dispa-.

515 3794 658 3846 ravit
679 3791 832 3864 (55)?
855 3795 982 3862 quia
1021 3791 1225 3846 sciebat
1249 3792 1400 3862 pueri
1435 3805 1610 3844 mores
1643 3809 1656 3844 :
1685 3791 1891 3845 medius
1915 3801 2093 3845 autem

516 3881 690 3938 factus
716 3884 836 3936 fidei
874 3893 928 3938 et
970 3883 1332 3937 ittcredttlitati
1362 3882 1659 3947 t‘lilaniat‘il,
1707 3884 1799 3936 sed
1847 3883 2100 3938 dubitans

519 3989 623 4027 non
659 3975 973 4043 diSparavit.
1007 3975 1073 4028 Et
1095 3976 1312 4044 quidem
1350 3974 1522 4043 ipsum
1549 3975 1671 4041 quia
1709 3991 1812 4028 non
1851 3976 2096 4036 credidit,

517 4068 583 4118 ad
608 4081 880 4120 Carcerem
916 4069 1066 4122 misit
1091 4082 1105 4120 :
1130 4067 1220 4135 qui
1248 4079 1298 4121 et
1323 4079 1606 4137 susceptus
1635 4078 1741 4123 est.
1778 4067 1907 4133 Quae
1938 4069 2101 4135 igitur

516 4159 980 4212 dinmnerabimus
1007 4158 1250 4228 Joseph?
1292 4158 1488 4212 bonam
1519 4161 1636 4230 ejus
1665 4161 2096 4228 interfectionem

517 4249 630 4322 (56)
656 4253 896 4304 dicemus
926 4269 938 4305 :
967 4261 1053 4303 aut
1091 4253 1282 4304 bonam
1323 4250 1680 4317 jactationem
1715 4254 1764 4305 in
1810 4253 1959 4316 lacu;
2003 4254 2097 4305 sed

519 4341 950 4405 distractionem,
976 4341 1067 4395 sed
1105 4341 1456 4408 servitutem;
1487 4353 1608 4411 post
1635 4345 1748 4396 haec
1786 4343 1880 4398 sed
1913 4360 2102 4398 exsur-

519 4437 813 4490 rertionem
847 4435 1090 4489 mulieris
1135 4435 1451 4522 itt‘tptttlicaa;
1494 4436 1586 4489 sed
1634 4435 1832 4489 factam
1890 4438 2096 4491 calum-

2173 657 2294 694 nent
2327 651 2533 696 tenere.
2568 638 2674 694 Sed
2701 639 2841 694 forte
2883 657 2979 696 nec
3011 642 3288 698 iit-morari
3324 657 3406 699 est
3429 645 3498 700 ad
3535 650 3720 702 otium
3759 663 3792 711 ;

2172 741 2386 800 oportet
2427 732 2572 786 enim
2623 731 3100 786 constantes-fieri
3141 733 3204 786 ad
3263 747 3520 803 mortem,
3575 749 3636 792 et
3681 739 3792 792 ita

2177 827 2321 880 reﬁci
2346 826 2505 880 escis.
2541 823 2852 878 Ellieiamur
2881 825 3045 894 igitur
3075 835 3130 878 et
3164 843 3260 882 nos
3288 829 3467 896 medii,
3493 841 3548 883 et
3575 845 3792 897 neque

2173 929 2323 972 extra
2359 931 2667 972 mensuram
2699 916 3082 984 protendanuts
3105 933 3410 972 sermonem
3439 937 3452 972 :
3481 936 3586 972 non
3625 919 3786 972 sini!

2175 1012 2317 1065 enim
2355 1018 2566 1078 tempus
2597 1027 2612 1062 :
2641 1025 2815 1078 neque
2860 1010 3051 1063 iterum
3099 1009 3254 1064 valde
3307 1010 3651 1080 colligamus,
3703 1021 3782 1066 ut

2177 1105 2426 1159 fruamur
2444 1114 2500 1158 et
2533 1103 2844 1158 festivitate.
2883 1103 2946 1156 Et
2979 1103 3100 1172 quia
3129 1118 3225 1156 nos
3247 1117 3314 1156 ex
3345 1104 3520 1156 anima
3551 1115 3606 1158 et
3633 1119 3778 1158 cor-

2175 1212 2304 1268 pore
2330 1212 2516 1250 sumus
2540 1195 2844 1264 compositi,
2889 1210 3174 1264 pascamus
3203 1195 3438 1248 animam
3480 1197 3776 1252 tnettsuris
3801 1245 3806 1248 .

2179 1291 2430 1358 propriis,
2465 1299 2520 1342 ut
2571 1299 2624 1343 et
2664 1289 2777 1356 ipsa
2821 1288 3028 1341 reliciat
3062 1304 3302 1357 corpora
3343 1306 3370 1342 a
3425 1290 3768 1345 coastantia.

2181 1384 2284 1437 Sed
2309 1384 2434 1453 quid
2460 1382 2660 1436 vultis?
2689 1382 3023 1435 ditnittemtls
3045 1379 3242 1452 Joseph
3269 1385 3320 1436 in
3344 1399 3622 1439 carcerem
3645 1383 3672 1437 ἲ
3711 1392 3772 1438 et

2179 1489 2337 1544 quem
2371 1475 2512 1528 Dens
2547 1489 2650 1527 non
2683 1472 2900 1541 reliquit
2959 1471 3010 1524 in
3057 1486 3310 1532 carcere.
3359 1489 3456 1530 nos
3505 1491 3796 1531 sermone.

2185 1566 2468 1634 pingentes
2494 1564 2856 1626 relinquemus
2879 1561 3130 1629 ligatum?
3160 1561 3222 1615 Et
3239 1565 3358 1632 qnis
3383 1567 3774 1621 adhortabitur

2183 1657 2494 1726 pudicitiam
2539 1655 2798 1710 studere?
2849 1659 2970 1725 quis
3004 1670 3185 1712 autem
3227 1661 3428 1714 amabit
3471 1661 3774 1716 coittinen-

2186 1750 2337 1812 tiam,
2392 1749 2578 1802 videns
2631 1751 2682 1802 in
2727 1765 2948 1806 carcere
3014 1753 3328 1808 derelictum
3395 1752 3638 1823 Ioseph?
3703 1754 3778 1810 Et

2187 1849 2334 1896 certe
2359 1840 2404 1894 si
2431 1841 2762 1910 relinquatur
2797 1841 2994 1912 Ioseph
3039 1845 3089 1898 in
3123 1860 3363 1910 carcere,
3415 1857 3468 1901 et
3515 1857 3784 1902 mortuus

2186 1929 2350 1984 fuerit
2383 1945 2504 1982 cmn
2549 1933 2831 1999 pmlicitia,
2871 1949 2994 2002 spes
3048 1939 3460 1992 resurrectionis
3505 1954 3614 1993 non
3651 1940 3779 1994 eir-

2187 2021 2501 2075 cumscribit
2529 2037 2700 2092 spem.
2741 2021 2847 2078 Sed
2887 2025 3012 2093 quia
3060 2043 3163 2080 non
3213 2028 3417 2082 dimisit
3459 2045 3582 2082 eum
3623 2030 3786 2084 Deus

2190 2111 2240 2164 in
2311 2127 2556 2175 carcere,
2609 2112 2778 2167 simus
2835 2115 3134 2182 patientes,
3188 2126 3244 2170 et
3312 2118 3594 2172 audiamus
3647 2119 3786 2188 ejus

2187 2221 2484 2276 egressum.
2539 2207 2604 2262 Et
2637 2225 2760 2263 cum
2801 2209 2890 2266 ille
2917 2210 3079 2265 fuerit
3109 2212 3360 2274 emissus,
3411 2223 3536 2268 tunc
3563 2225 3620 2267 et
3665 2231 3784 2270 nos

2190 2301 2527 2354 dimittantur
2561 2316 2682 2354 cum
2719 2317 2805 2356 eo.
2840 2301 3034 2372 Ioseph
3091 2305 3252 2372 igitur
3279 2317 3392 2358 erat
3445 2307 3494 2358 in
3539 2322 3782 2361 carcere

2189 2395 2396 2450 habens
2435 2395 2658 2450 delicias
2703 2409 2771 2449 ex
2827 2397 3082 2452 uberibus
3129 2400 3431 2465 pudicitiae,
3481 2399 3780 2452 honestate

2193 2488 2441 2550 indutus,
2497 2487 2726 2557 diligens
2775 2489 2946 2553 magis
2987 2505 3260 2544 carcerem
3311 2507 3470 2558 quam
3521 2505 3776 2547 amorem

2191 2579 2333 2633 illius
2377 2579 2585 2646 beslim,
2630 2591 2926 2636 amatorem
2973 2583 3198 2636 fetorem
3243 2583 3367 2637 frui.
3422 2587 3582 2640 Istum
3619 2590 3796 2642 enim-

2191 2673 2609 2740 przehonorabat
2658 2675 2968 2745 unguentis.
3025 2678 3118 2728 Ast
3173 2676 3396 2743 pudicus
3437 2679 3778 2746 amplectens

2193 2765 2406 2818 vincula
2465 2765 2656 2834 magis,
2702 2781 2862 2836 quam
2919 2773 3168 2818 ornatum
3227 2765 3528 2837 Egyptian
3579 2785 3776 2822 atnaus

2189 2857 2474 2910 oculorum
2515 2859 2768 2913 tenebras
2814 2869 3036 2928 propter
3065 2859 3241 2914 lumen
3273 2864 3506 2924 aninue;
3541 2862 3774 2916 libenter

2195 2949 2424 3002 audiens
2453 2950 2683 3018 gemitus
2723 2953 3182 3018 carcerishqnam
3229 2954 3416 3008 videns
3471 2954 3677 3024 lapides
3713 2956 3792 3008 in.

2195 3037 2467 3090 luxuriosa
2505 3037 2682 3093 fronte
2735 3049 2788 3093 et
2825 3041 3119 3096 immunda.
3175 3041 3275 3098 Ubi
3313 3059 3442 3114 ergo
3477 3054 3602 3098 sunt
3629 3058 3792 3112 prtem

2195 3129 2458 3184 dictiones
2482 3130 2506 3182 ἲ
2531 3129 2650 3184 Noli
2677 3145 2991 3201 preperare,
3025 3145 3078 3188 et
3107 3136 3312 3190 audies.
3351 3135 3770 3192 lrasciturl’ha—

2196 3261 2291 3298 rao
2316 3243 2524 3298 duobus
2556 3245 2739 3313 pueris
2769 3243 2882 3299 suis
2910 3247 3134 3299 summis
3175 3263 3205 3301 e
3242 3247 3542 3302 ministerio
3569 3247 3636 3310 '°,
3659 3247 3794 3304 ira-.

2198 3347 2290 3390 tus.
2319 3347 2404 3390 est
2437 3337 2662 3400 Pharao,
2711 3337 2836 3405 quia
2895 3340 3163 3407 propitius
3211 3351 3328 3392 erat
3360 3337 3556 3410 Joseph
3611 3341 3774 3397 Deus.

2196 3426 2481 3482 Mittuntur
2509 3429 2574 3480 ad
2614 3443 2909 3492 carcerem,
2935 3442 2988 3484 et
3017 3431 3174 3484 simul
3211 3449 3333 3486 cum
3365 3431 3565 3501 Juseph
3597 3433 3774 3488 reclu-

2198 3521 2416 3572 duntur.
2441 3517 2638 3587 Joseph
2675 3529 2852 3572 autem
2885 3529 2936 3572 et
2970 3520 3021 3572 in
3052 3537 3271 3576 carcere
3309 3532 3362 3575 et
3410 3523 3531 3577 istic
3575 3522 3774 3578 fidelis.

2201 3607 2353 3662 Sient
2406 3609 2550 3672 enim
2608 3609 2870 3662 creditam
2939 3612 3147 3680 accepit
3208 3611 3425 3666 domum
3501 3611 3790 3685 Egyptii,

2200 3700 2489 3754 custodivit
2550 3699 2707 3754 ﬁdem
2767 3701 2946 3758 etiam.
2989 3717 3112 3756 cum
3163 3704 3604 3762 calunmiaretur.
3657 3706 3780 3760 Non

2198 3795 2340 3845 enim
2365 3791 2555 3845 detulit
2582 3792 2861 3859 damnum,
2894 3797 2989 3848 sed
3025 3810 3218 3864 passus
3254 3805 3337 3849 est
3373 3797 3484 3865 ipse
3519 3797 3779 3868 injuriatn

2200 3885 2307 3953 pati
2339 3899 2499 3952 quam
2535 3882 2732 3946 facere,
2783 3893 2838 3938 et
2867 3885 3088 3940 diﬁ‘erre
3123 3889 3338 3940 domum
3382 3889 3499 3956 ejus
3556 3893 3644 3960 qui
3673 3893 3779 3946 sibi

2197 3977 2522 4030 crediderat.
2549 3976 2854 4030 Credtmtur
2895 3989 2946 4032 et
2997 3980 3218 4048 religati.
3249 3981 3299 4032 in
3335 3996 3555 4037 carcere
3596 3985 3644 4037 ei
3674 3987 3768 4053 qui

2199 4069 2393 4121 eratin
2423 4085 2663 4124 carcere.
2729 4071 2851 4128 Flos
2895 4072 3038 4124 enim
3087 4072 3361 4139 pudicitiae
3411 4075 3776 4130 :mnuntiabat

2203 4172 2298 4224 per
2322 4159 2550 4211 frontem
2583 4175 2830 4230 puermn.
2867 4159 2934 4214 Et
2970 4161 3020 4212 in
3055 4169 3199 4213 tmtta
3242 4163 3570 4217 abundantia
3611 4165 3782 4220 habe-

2203 4249 2590 4314 batsolatium,
2613 4261 2670 4306 ut
2703 4253 2813 4322 ipse
2853 4261 2998 4306 esset
3019 4255 3107 4321 qui
3149 4253 3526 4308 consolaretur
3555 4259 3782 4312 tristan—

2205 4353 2301 4396 tes.
2335 4341 2574 4398 Habebat
2605 4345 2745 4400 enim
2794 4345 3026 4399 frontem
3070 4347 3324 4416 pudicitia
3368 4350 3780 4416 germinantem.

2207 4431 2452 4501 Suscepit
2474 4445 2526 4488 et
2561 4451 2756 4505 pueros
2783 4437 3102 4503 Pharaonis,
3131 4455 3332 4509 eosque
3367 4443 3546 4496 statim
3584 4457 3784 4497 conso-

520 4529 664 4582 niam
691 4535 744 4580 et
773 4526 1173 4580 accusationem
1196 4508 1396 4580 falsam
1441 4526 1493 4579 in
1535 4525 1942 4580 adamantinmn
1971 4530 2093 4582 ado-
2133 4508 2173 4562 Ι)
2205 4523 2345 4577 latur
2373 4543 2386 4578 :
2416 4528 2538 4594 quia
2585 4539 2705 4582 erat
2749 4541 3028 4598 susceptor
3083 4543 3136 4585 et
3189 4508 3356 4602 nepos
3415 4535 3667 4598 Abrahae,
3725 4547 3782 4588 et

521 4623 831 4676 leswntam.
867 4618 979 4674 Non
1010 4631 1092 4672 est
1116 4619 1324 4672 locutus
1351 4617 1550 4688 Joseplt
1583 4639 1595 4674 :
1633 4637 1734 4671 non
1785 4619 1912 4673 fecit
1961 4623 2098 4676 satis

523 4714 612 4783 qui
659 4711 1128 4766 calumniabatur:
1164 4727 1268 4765 non
1317 4722 1401 4766 cst
1461 4713 1720 4766 confusus
1777 4727 1873 4780 pro
1919 4711 2098 4780 impu-

521 4807 704 4872 denti;
749 4805 935 4856 maluit
961 4805 1094 4857 mori
1137 4805 1521 4868 ealutnnialtts,
1551 4821 1709 4873 quam
1756 4805 1830 4858 ttti
1875 4807 2100 4860 veritate

523 4901 586 4950 ad
610 4901 857 4952 salutem.
885 4897 1048 4950 Putas
1075 4909 1127 4950 et
1156 4899 1272 4952 istic
1303 4897 1544 4952 imitator
1580 4909 1660 4953 est
1684 4909 1736 4952 et
1763 4897 1931 4951 forma
1961 4899 2098 4968 ejus,

524 4993 612 5058 qui
643 5008 744 5044 non
774 4991 984 5060 aperuit
1014 5005 1106 5044 eos
1138 5005 1291 5044 suum
1341 5005 1457 5044 cum
1495 4990 1940 5045 calumniarettzr.
1991 4989 2097 5044 Sed

526 5081 721 5150 Ioseph
751 5084 943 5136 iterum
995 5085 1060 5134 ad
1099 5097 1398 5136 carcerem.
1458 5083 1522 5136 Et
1572 5085 1658 5138 ubi
1681 5095 1762 5137 est
1791 5083 2096 5139 inda-orum

527 5176 690 5246 spes?
740 5177 844 5230 Sed
903 5177 970 5230 de
1015 5177 1412 5231 resurrectione
1473 5188 1834 5247 proponentes
1883 5179 2095 5240 dicere,

527 5269 850 5326 incurrimus
881 5268 932 5324 in
975 5271 1312 5326 necessarios
1341 5285 1642 5338 sermones,
1679 5271 1771 5342 qui
1796 5287 1910 5340 .tton
1937 5271 2095 5324 alieni

597 5431 641 5464 δ’
669 5432 803 5488 Gen.
837 5450 1024 5502 xxxix,
1061 5435 1148 5492 M.
1224 5436 1268 5468 “'
1303 5435 1434 5490 ibid.

527 5657 562 5716 α
598 5587 706 5672 (ὅςὴ
743 5587 1070 5644 "eueniant.
1103 5589 1466 5655 Honestatem,
1507 5600 1562 5644 ut
1607 5607 1638 5645 a
1681 5591 1953 5647 tnmlestns
1985 5607 2098 5646 mo-

563 5669 721 5713 851m.

597 5675 721 5711 ςιιει.

563 5669 721 5796 egi).
748 5729 846 5784 Ms.
889 5730 1046 5784 Color
1069 5741 1318 5786 mutatus.

601 5797 716 5868 (35)
749 5799 1066 5872 Disponit-it.
1107 5801 1446 5866 Dilaceravit,
1480 5801 1714 5858 medium
1747 5802 1935 5860 diﬁidit

2201 4619 2418 4687 sapiens
2467 4619 2642 4676 valde.
2692 4621 2970 4693 Ingressus
3012 4623 3175 4695 igitur
3224 4629 3274 4680 in
3319 4643 3424 4680 uno
3456 4630 3662 4680 dierum
3711 4628 3778 4681 ad

2201 4725 2400 4778 put-ros
2422 4709 2751 4781 Pharaonis,
2771 4717 2902 4771 vidit
2927 4719 3104 4772 vultus
3133 4737 3318 4773 eorum
3351 4723 3658 4774 immutatos
3677 4761 3693 4786 ,
3724 4733 3782 4776 et

2203 4805 2468 4860 intellexit
2493 4809 2614 4876 quia
2661 4825 2813 4864 mens
2853 4825 3040 4864 eorum
3081 4823 3200 4866 erat
3243 4814 3452 4865 turbata
3484 4831 3498 4866 :
3525 4822 3579 4867 et
3612 4813 3780 4866 inter-

2205 4909 2358 4966 regat
2389 4915 2632 4964 causam,
2675 4915 2794 4967 qure
2827 4902 2924 4954 i5ta
2957 4911 3100 4955 esset
3141 4905 3192 4954 in
3221 4903 3300 4957 eis
3327 4903 3647 4956 imnmtatio.
3697 4901 3776 4956 Illi

2206 4998 2385 5042 autem
2421 5003 2675 5058 promunt
2723 4992 3024 5057 insmunia,
3067 5001 3119 5046 et
3163 4995 3278 5048 hate
3326 4995 3578 5062 duplicia.
3629 4991 3778 5047 Sient

2205 5081 2348 5135 enim
2376 5093 2429 5136 et
2454 5084 2505 5136 in
2537 5093 2760 5152 paterna
2799 5085 2928 5138 vidit
2957 5085 3116 5138 domo
3143 5127 3154 5145 ,
3185 5096 3238 5138 ct
3269 5089 3578 5155 procuravit
3612 5085 3772 5150 Deus,

2206 5173 2328 5227 licet
2363 5183 2414 5225 et
2443 5175 2698 5228 contrarii
2732 5175 2832 5228 sibi
2857 5187 3040 5229 essent
3067 5178 3285 5232 somnii.
3315 5177 3530 5232 Primus
3561 5179 3779 5246 exponit

2205 5269 2473 5323 somnium
2520 5267 2610 5336 qui
2645 5269 2854 5323 viderat
2899 5269 3132 5336 bonum,
3177 5283 3234 5324 ut
3282 5271 3589 5328 adhortatio
3627 5274 3778 5330 ﬁeret

1507 5435 1550 5467 δ’
1580 5435 1708 5488 ibid.
1735 5427 1822 5486 15-
1877 5433 1924 5465 '°
1951 5432 2086 5489 Gen.
2119 5451 2202 5490 XL.

2278 5588 2388 5658 ('56)
2435 5585 2638 5640 Bonam
2698 5603 2810 5655 qua
2863 5585 3278 5658 interiectionem
3360 5581 3628 5658 Videntur
3665 5582 3778 5636 hac

2207 5661 2310 5714 dici
2345 5653 2438 5728 per
2463 5653 2962 5728 interrogationem.
2994 5654 3211 5728 Bonam,
3230 5655 3344 5728 (ius
3369 5653 3780 5728 interfectionem

2207 5723 2484 5834 dicemus"?
2510 5737 2600 5778 aut
2625 5723 2812 5782 bonum
2825 5726 3170 5796 jactationem
3194 5725 3247 5777 in
3279 5725 3396 5778 lacu
3418 5725 3444 5778 .’
3473 5725 3564 5779 sed
3579 5723 3796 5778 dium

2207 5805 2455 5850 etimtem.
2491 5807 2596 5850 etc.

2206 5813 2426 5854 manem
2444 5813 2468 5852 ζ’
2491 5813 2596 5852 εις.
