4098 6398
337 322 482 386 10189

1415 331 1506 388 DE
1545 332 2147 392 RESURRECTIUNE.
2187 371 2259 385 —
2296 335 2424 392 LIB.
2465 337 2507 394 l.
3453 339 3588 402 1οῐἱο

332 445 590 512 'tccundo,
613 458 686 503 ne
706 454 923 502 taceret.
956 443 1012 501 Si
1034 445 1177 503 enim
1220 449 1446 504 fuissent
1470 452 1684 523 utrique
1706 454 1900 508 somnii
1931 471 1976 526 Α
2009 457 2062 509 in
2117 471 2349 511 carcere.
2388 456 2503 512 Non
2535 458 2678 513 enim
2729 459 3036 514 intermittit
3083 460 3224 515 Deus
3281 473 3586 518 sanctorum

338 537 482 602 boni,
535 537 674 594 l'orte
701 539 934 607 suspicio
976 538 1186 606 luisset,
1241 541 1365 610 quia
1427 551 1654 611 utraque
1700 543 1907 596 donans

331 627 468 686 bene
499 631 882 699 interpretatus
911 641 992 686 est
1019 630 1249 700 Joseph,
1299 641 1356 687 ut
1396 648 1490 689 eos
1532 634 1909 690 consolaretur

328 723 529 790 potius,
578 739 738 792 quam
791 739 971 778 veram
1025 724 1525 793 interpretationem
1573 729 1904 782 somniorum

329 815 557 879 diceret,
585 827 637 871 et
671 819 946 873 fortuitum
971 828 1255 888 putaretur
1291 823 1594 893 negotium,
1628 834 1682 877 et
1713 826 1903 878 iterum

331 907 425 977 qui
487 910 842 977 perniciosum
895 912 1104 965 viderat
1157 915 1424 966 somnium
1484 917 1748 970 secundus
1799 933 1902 970 nort

323 998 554 1062 diceret,
603 1009 658 1055 et
702 1016 804 1054 non
859 1003 1012 1055 licret
1062 1003 1251 1072 duplex
1314 1005 1703 1060 testimonium.
1751 1006 1905 1063 Nunc

330 1100 508 1144 autem
530 1093 740 1160 exponit
766 1095 970 1160 primus
996 1093 1085 1161 qui
1107 1094 1304 1149 bonum
1337 1098 1571 1150 habebat
1601 1100 1899 1154 somnium.

322 1179 459 1236 Erat
485 1185 628 1236 enim
668 1199 831 1252 supra
860 1187 1254 1256 viueamregis.
1281 1189 1482 1243 etdicit
1511 1206 1525 1243 :
1566 1188 1732 1244 Vitem
1767 1193 1902 1246 vide-

320 1271 466 1335 bam,
495 1281 543 1325 et
566 1273 619 1327 in
650 1276 748 1328 vite
775 1285 878 1328 tres
909 1277 1063 1343 fundi
1095 1292 1112 1331 :
1146 1288 1194 1331 et
1220 1281 1333 1346 ipsa
1364 1283 1665 1350 germinans
1709 1282 1903 1337 attule-

319 1372 407 1416 rat
439 1374 674 1418 maturos
707 1368 965 1422 botriones
991 1386 1149 1424 urw:
1182 1384 1226 1424 et
1254 1373 1395 1426 calix
1427 1373 1636 1428 Pharao
1664 1377 1714 1428 in
1743 1393 1900 1429 manu

316 1469 436 1507 mea
461 1468 480 1507 :
510 1467 556 1508 et
583 1459 781 1526 sumpsi
810 1477 960 1514 uvam
1002 1476 1046 1516 et
1089 1465 1320 1530 expressi
1366 1483 1476 1520 eam
1513 1469 1568 1520 in
1601 1467 1816 1522 calicem
1846 1471 1901 1524 in

317 1550 561 1604 munibus
620 1548 830 1606 Pharao
895 1555 964 1609 ".
1041 1554 1286 1613 Prudens
1336 1567 1389 1613 et
1462 1561 1898 1628 sapientissimus

323 1639 540 1712 Ioseph,
571 1645 660 1713 qui
695 1663 723 1700 a
754 1646 862 1701 Deo
890 1649 1235 1715 edocebatur,
1259 1655 1440 1707 statim
1471 1657 1537 1708 ad
1575 1656 1899 1725 interpreta-

322 1731 520 1786 tionem
540 1736 708 1787 currit
731 1748 783 1789 et
807 1738 963 1792 dicit:
981 1739 1104 1793 Tres
1127 1741 1282 1810 [undi
1301 1753 1402 1796 tres
1427 1745 1537 1798 dies
1557 1754 1678 1798 sunt
1700 1747 1895 1813 adhuc;

2010 561 2244 610 errores,
2277 549 2503 618 diligens
2536 563 2651 605 eos.
2690 549 2747 604 Si
2779 551 2869 618 qui
2894 561 3232 614 erraverunt,
3255 554 3438 607 statim
3469 570 3588 608 cor-

2010 639 2157 708 rigit,
2185 649 2242 691 ut
2273 656 2376 692 non
2410 651 2626 694 maneat
2657 641 2737 693 eis
2766 642 2817 694 in
2859 641 3084 708 judicio.
3140 641 3283 696 Dixit.
3311 645 3454 698 enim
3487 646 3587 699 ho-

2011 731 2139 783 tniui
2177 748 2191 784 :
2248 730 2450 786 Memor
2505 741 2615 786 esto
2645 733 2766 797 mei,
2807 743 2853 787 et
2899 737 3108 788 educito
3158 752 3237 788 me
3285 737 3350 788 de
3381 753 3588 791 carcere

2008 823 2146 888 isto;
2169 824 2516 878 obliviscetur
2540 835 2589 878 te
2617 826 2798 888 homo,
2839 837 2892 878 ct
2923 827 3275 893 proteadetur
3314 828 3405 880 tibi
3432 829 3586 882 bien-

2010 916 2156 968 nium
2192 925 2418 983 tempus.
2450 915 2553 970 Sed
2602 933 2706 970 non
2750 927 2832 971 est
2857 918 3058 971 oblitus
3092 917 3232 972 Deus
3263 938 3276 973 :
3313 922 3405 974 sed
3440 925 3583 974 assi-

2007 1005 2321 1075 stilioseph
2376 1007 2639 1062 Pharaoni
2691 1011 2941 1077 primoct
2976 1011 3233 1064 secundo.
3285 1009 3410 1064 Erat
3435 1011 3578 1064 enim

2007 1099 2142 1153 visio
2168 1099 2465 1152 Pharaonis
2495 1101 2542 1131 “
2568 1101 2744 1153 Ollllli‘
2771 1101 2838 1154 de
2864 1099 3105 1167 frugibus
3127 1113 3178 1154 et
3207 1103 3437 1154 cultura.
3468 1103 3581 1157 lllic

2005 1192 2147 1245 enim
2173 1193 2337 1245 boves
2376 1191 2586 1246 fetutinas
2617 1204 2804 1258 erant;
2831 1202 3039 1262 septem
3081 1196 3232 1248 home
3259 1205 3477 1261 aspectu
3527 1205 3582 1248 et

2004 1282 2188 1336 electa:
2218 1284 2497 1347 carnibus,
2525 1293 2578 1335 et
2605 1285 2764 1337 culmi
2789 1297 2992 1354 septem
3021 1287 3292 1354 spicarum
3325 1304 3338 1339 :
3369 1299 3585 1356 oportet

2003 1374 2146 1426 enim
2187 1374 2436 1443 conjungi
2486 1375 2753 1427 insomnia
2807 1378 2984 1442 spicas
3016 1387 3222 1445 septem
3273 1377 3478 1443 plenas,
3528 1389 3584 1432 et

2003 1477 2207 1531 septem
2254 1476 2461 1520 tenues.
2512 1467 2648 1532 Quia
2700 1468 2842 1520 enim
2891 1467 3064 1522 cultus
3119 1481 3274 1521 term:
3301 1485 3395 1538 per
3420 1471 3584 1523 boves

2002 1555 2254 1620 cllicitur,
2291 1573 2386 1625 per
2412 1558 2618 1611 cnlmos
2653 1568 2833 1611 autem
2867 1561 3053 1625 stricte,
3085 1559 3150 1612 de
3177 1571 3439 1625 proventu
3484 1578 3585 1612 au-

2002 1658 2108 1702 tem
2139 1659 2192 1702 ct
2235 1649 2376 1703 fame
2405 1662 2564 1704 erant
2610 1653 2879 1706 insomnia
2917 1652 3090 1721 regis;
3122 1667 3216 1720 per
3247 1653 3584 1708 domesticas

1998 1742 2234 1796 visiones
2265 1744 2457 1796 dantur
2481 1753 2534 1797 et
2563 1744 2918 1810 provisiones.
2959 1747 3176 1812 Septem
3229 1756 3385 1800 crant
3417 1749 3580 1814 spica:

321 1826 575 1888 triduum,
628 1837 678 1881 et
725 1831 779 1882 in
818 1841 989 1886 mente
1033 1832 1242 1889 habebit
1293 1834 1503 1889 Pharao
1554 1837 1761 1891 initium
1790 1839 1892 1901 ttti,
1927 1833 1968 1887 Β
1997 1829 2188 1898 Plena“.
2212 1839 2486 1898 θιευριθηι
2521 1846 2697 1884 vacem
2726 1833 2980 1902 Pingues:
3013 1835 3581 1890 succedebaltialllellt

312 1927 368 1970 et
393 1921 625 1974 restituet
644 1933 693 1976 te
717 1939 871 1990 super
898 1926 1096 1978 vincant
1124 1929 1175 1980 in
1202 1929 1366 1998 ofﬁcio
1389 1940 1500 1994 tuo,
1521 1941 1568 1983 et
1597 1931 1748 1984 dabis
1771 1931 1894 1983 cali-

319 2028 426 2064 rem
449 2015 501 2066 in
526 2031 712 2069 manus
740 2016 975 2072 Pharao.
1008 2019 1244 2073 Laztatus
1264 2032 1347 2076 est
1364 2023 1609 2085 audiens,
1635 2031 1688 2077 et
1708 2024 1892 2076 statim

318 2105 543 2159 mutavit
561 2107 794 2162 colorem
813 2109 878 2161 “.
907 2110 1159 2165 llortatus
1173 2123 1350 2166 autem
1374 2125 1426 2167 et
1445 2115 1581 2169 alius
1600 2125 1680 2170 est
1697 2125 1896 2168 seruet-

317 2195 490 2263 ipsum
525 2215 538 2250 :
573 2199 802 2254 habebat
830 2211 883 2255 et
921 2202 1035 2271 ipse
1058 2205 1290 2258 similem
1339 2207 1629 2261 visionem.
1680 2206 1747 2260 Et
1777 2223 1890 2276 ego,

319 2290 511 2359 inquit,
531 2294 637 2346 vidi
658 2296 938 2348 somnium.
961 2295 1222 2350 Putabam
1250 2313 1329 2350 me
1360 2299 1461 2351 tria
1480 2301 1709 2352 canistra
1726 2299 1893 2350 halice

310 2382 428 2454 (37)
459 2385 642 2438 tollere
678 2403 833 2455 super
863 2402 1015 2456 caput
1049 2407 1216 2443 meum
1253 2390 1321 2443 ⁸⁸.
1361 2390 1512 2444 Sicut
1537 2392 1644 2444 illic
1679 2391 1804 2453 tria,
1840 2401 1894 2444 et

313 2473 440 2529 istic
464 2476 588 2528 tria.
616 2476 681 2529 Et
706 2479 758 2530 in
789 2479 1018 2532 canistro
1052 2482 1307 2547 superiori
1328 2497 1392 2534 ea:
1409 2481 1644 2534 omnibus
1687 2483 1888 2551 generi-

310 2565 409 2618 bus
440 2566 549 2636 (38)
582 2583 647 2620 ea:
677 2571 861 2636 quibus
895 2567 1109 2623 Pharao
1141 2587 1232 2624 rex
1263 2572 1633 2636 manducabat,
1655 2589 1782 2638 apus
1809 2574 1890 2638 pi-

315 2667 555 2714 storum:
593 2669 712 2713 erat
747 2663 889 2714 etiim
931 2679 1088 2730 supra
1116 2664 1348 2732 pistores
1387 2682 1401 2717 :
1431 2676 1476 2717 et
1514 2665 1747 2718 volatilia
1777 2667 1893 2718 creti

309 2752 642 2804 eomedebant
690 2770 746 2806 ea
796 2756 860 2806 de
909 2759 1140 2809 canistro
1175 2759 1313 2825 quod
1361 2769 1473 2808 erat
1527 2773 1686 2824 supra
1738 2767 1891 2826 caput

309 2857 504 2895 meum.
534 2841 728 2910 Etiam,
758 2844 950 2916 inquit,
969 2857 1016 2898 et
1037 2847 1139 2899 tria
1156 2859 1245 2899 tua
1264 2859 1364 2900 tres
1383 2849 1492 2900 dies
1510 2848 1807 2916 signiﬁcant
1823 2850 1889 2904 “.

310 2931 556 3001 Sedquia
582 2952 686 2990 non
714 2937 1028 2992 ministrasli
1059 2939 1111 2992 in
1145 2955 1304 2992 manu
1332 2941 1493 3009 regis,
1529 2941 1764 2994 volatilia
1797 2959 1893 2995 au-

311 3033 419 3078 tem
446 3029 802 3083 comedebant
833 3047 930 3098 ea;
961 3032 1306 3085 manifestum
1341 3034 1568 3102 estquia
1597 3034 1769 3089 inciso
1803 3050 1892 3088 ca-

313 3114 425 3184 pite
459 3125 567 3180 tuo,
601 3129 655 3172 et
685 3119 840 3174 allixa
898 3135 1062 3175 carne
1097 3122 1267 3188 cruci,
1314 3126 1548 3178 volatilia
1601 3127 1892 3179 manduca-

313 3205 445 3262 ltunt
479 3223 670 3264 carnes
691 3222 829 3265 tuas.
864 3211 973 3268 lloc
994 3215 1135 3268 enim
1163 3217 1737 3271 annuntiatsmnuium
1767 3219 1884 3272 tibi.

313 3297 384 3353 Et
414 3315 537 3353 cum
587 3304 778 3356 tertius
827 3303 1132 3357 advenisset
1158 3305 1291 3369 dies,
1338 3317 1391 3360 et
1425 3308 1565 3376 regis
1603 3308 1890 3361 haberetur

312 3390 527 3455 natalis,
549 3408 754 3448 memor
780 3395 881 3448 fuit
906 3411 1236 3451 sutmnorum
1259 3397 1468 3452 illorum
1494 3399 1885 3454 ministrorum.

309 3482 378 3537 Et
406 3485 481 3539 illi
520 3487 734 3555 quidem
761 3489 853 3558 qui
881 3504 1038 3558 supra
1067 3494 1276 3542 vineam
1311 3500 1431 3544 erat
1459 3491 1708 3545 coacedit
1733 3508 1748 3544 :
1793 3505 1887 3543 vo-

307 3583 465 3628 catus
494 3578 636 3630 enim
681 3587 784 3641 est,
830 3588 885 3631 et
917 3581 1066 3632 stetit
1095 3589 1220 3632 ante
1261 3592 1608 3648 conspecmm
1639 3581 1801 3648 regis,
1837 3591 1889 3633 et

311 3667 456 3721 dedit
476 3667 697 3720 calicem
730 3668 780 3720 in
822 3685 1037 3721 manmu
1065 3668 1183 3736 ejus
1211 3669 1508 3724 secundum
1557 3671 1888 3738 interpreta-

309 3756 512 3809 tionem
539 3755 757 3826 Joseph.
799 3759 1075 3827 Prmpositi
1116 3770 1295 3814 autem
1333 3762 1554 3829 pistoris
1594 3763 1889 3817 admonitio

312 3848 486 3918 magis
527 3848 736 3904 fervere
778 3849 900 3905 fecit
934 3852 1350 3922 indignationem
1392 3857 1557 3923 regis,
1598 3866 1654 3909 et
1683 3856 1886 3909 incide-

311 3940 476 3996 batur
535 3943 730 4011 capite,
785 3954 841 3999 et
885 3945 1125 4000 volatilia
1185 3948 1541 4016 perliciebant
1601 3948 1884 4004 visionem.

312 4036 451 4102 Quid
535 4038 650 4092 lucc
719 4043 785 4092 ad
851 4038 1090 4110 Joscph?
1167 4043 1400 4096 maxime
1472 4042 1691 4112 quidem
1763 4043 1886 4112 quia

312 4128 618 4184 intellectus
676 4140 793 4184 erat
846 4132 898 4185 in
948 4148 1010 4187 eo
1065 4142 1119 4187 et
1181 4135 1435 4189 revelatio
1487 4153 1500 4189 :
1555 4147 1610 4190 et
1661 4135 1783 4205 quia
1836 4145 1889 4188 ct

310 4235 499 4275 eorum
536 4223 624 4290 qui
685 4223 736 4276 in
772 4241 992 4280 carcere
1031 4236 1188 4280 erant
1234 4228 1535 4283 consolatio
1567 4228 1885 4292 habebatur,

311 4312 436 4380 quia
457 4322 513 4368 et
536 4314 642 4369 illic
660 4317 922 4370 creditum
955 4325 1037 4371 est
1059 4317 1129 4371 ei.
1163 4317 1376 4373 Dixerat
1408 4327 1588 4374 autem
1621 4319 1727 4372 vini
1758 4335 1888 4390 prze-

308 4405 522 4474 posito:
558 4405 815 4461 Memento
869 4411 966 4462 mei
1007 4427 1102 4479 per
1155 4413 1478 4479 tentetipsum
1524 4429 1642 4464 eum
1675 4413 1878 4477 ceperit

1996 1923 2174 1976 vaccis
2198 1925 2413 1992 quidem
2445 1925 2732 1993 pinguibus
2754 1941 2931 1980 vaccze
2955 1944 3167 1991 macrae,
3206 1929 3370 1997 spicis
3397 1941 3579 1984 autem

1995 2011 2150 2068 bonis
2180 2027 2234 2069 et
2257 2017 2428 2084 plenis
2448 2017 2611 2085 spica:
2638 2028 2846 2070 termes.
2891 2017 2995 2071 Pro
3030 2031 3234 2090 septem
3268 2023 3437 2090 spicis
3467 2023 3581 2091 ple-

1997 2107 2080 2160 nis
2113 2117 2318 2177 septem
2346 2110 2506 2176 spica:
2531 2119 2738 2166 tenues.
2760 2110 3027 2165 Comestze
3053 2121 3178 2165 sunt
3204 2115 3427 2182 pingues
3458 2128 3583 2168 vac-

1995 2213 2071 2250 ca:
2098 2216 2124 2249 a
2154 2198 2456 2254 macilentis
2479 2202 2676 2266 vaccis,
2704 2212 2760 2256 et
2789 2203 2951 2270 spica:
2983 2219 3011 2256 a
3035 2205 3222 2271 spicis,
3256 2215 3310 2258 et
3341 2205 3394 2258 in
3435 2206 3581 2260 fanus

1997 2290 2296 2344 habebatur
2325 2291 2607 2362 Egyptus,
2665 2305 2718 2349 et
2756 2295 2808 2348 in
2854 2295 3056 2348 turbela
3093 2295 3324 2349 Pharao.
3381 2295 3441 2349 Et
3469 2295 3583 2350 viui

1994 2385 2311 2452 przrpositus
2358 2385 2663 2440 admonitus
2712 2396 2794 2439 est
2843 2385 3030 2441 dicens
3077 2385 3188 2458 (39)
3227 2406 3241 2442 :
3295 2387 3477 2442 Dicam
3509 2403 3579 2442 an

1996 2473 2244 2527 taceam?
2297 2475 2435 2528 Iacui
2489 2483 2637 2528 tanto
2678 2486 2936 2544 tempore.
2987 2478 3092 2531 Sed
3131 2479 3173 2531 si
3217 2495 3321 2531 non
3368 2478 3578 2539 dixero,

1994 2567 2206 2635 perieut
2232 2564 2492 2636 Egyptii.
2521 2567 2718 2632 Meum,
2753 2569 2946 2638 inquit,
2969 2583 3235 2632 errorem,
3264 2584 3438 2622 meum
3459 2585 3582 2638 pec-

1994 2667 2173 2712 catum
2203 2661 2546 2714 admoneam.
2599 2660 2764 2716 Putas
2792 2679 2912 2716 cum
2945 2672 3216 2731 repeteret
3245 2671 3298 2716 et
3336 2663 3581 2717 diceret:

1996 2751 2128 2804 Cum
2159 2751 2328 2804 iratus
2357 2767 2507 2806 esses
2544 2754 2732 2819 nobis;
2765 2754 3062 2807 admonitio
3090 2754 3170 2807 sui
3196 2755 3433 2822 peccati:
3459 2765 3578 2808 crat

1994 2852 2170 2896 autem
2203 2844 2608 2899 taciturnitatis.
2645 2844 2784 2898 Fieri
2819 2846 2966 2898 enim
3001 2855 3175 2914 potest
3207 2847 3586 2916 quiautraque

1996 2935 2308 2990 admonitus
2331 2947 2432 3004 est,
2465 2949 2519 2991 et
2556 2951 2780 3006 utraque
2803 2938 2960 2992 dixit.
2997 2937 3134 3002 Quid
3165 2939 3238 2992 ait
3267 2939 3332 2992 ad
3360 2939 3589 3007 regem?

1994 3025 2231 3094 Peccati,
2269 3029 2462 3098 inquit,
2498 3047 2697 3084 memor
2747 3030 2829 3100 [ui
2863 3031 3015 3084 hodie
3042 3045 3062 3084 :
3095 3029 3308 3084 Pharao
3334 3031 3591 3100 indigna-

1995 3130 2079 3175 tus
2100 3131 2177 3176 est
2199 3127 2372 3192 pueris
2411 3125 2542 3182 suis.
2575 3134 2625 3178 et
2662 3125 2800 3178 misit
2837 3141 2932 3178 nos
2965 3125 3018 3177 in
3048 3141 3344 3190 carcerem;
3388 3127 3440 3178 in
3482 3127 3582 3177 do-

1993 3231 2136 3267 mum
2181 3217 2449 3283 pra-positi
2487 3233 2772 3283 coquorum
2818 3233 2900 3268 me
2931 3225 2981 3269 et
3037 3218 3123 3286 qui
3157 3233 3316 3284 supra
3356 3218 3586 3283 pistores

1991 3316 2124 3360 erat.
2164 3306 2224 3359 Et
2268 3308 2488 3361 vidimus
2537 3311 2798 3360 somnium
2834 3321 3046 3373 uterque
3081 3324 3183 3359 una
3227 3318 3407 3370 nocte;
3461 3325 3581 3376 ego,

1992 3399 2170 3450 itidem
2205 3398 2329 3462 ille;
2363 3400 2714 3468 unusquisque
2730 3400 2991 3450 somnium
3023 3399 3272 3452 vidimus.
3317 3399 3443 3453 Erat
3476 3419 3582 3454 au-

1993 3497 2092 3539 tent
2121 3488 2191 3540 ibi
2223 3489 2489 3540 uobiscum
2517 3488 2820 3540 adolescens
2849 3503 2978 3554 puer
3011 3485 3267 3540 Hebrreus
3305 3488 3585 3556 pra'positi

1991 3595 2276 3650 coqnorum
2309 3594 2327 3633 :
2356 3591 2402 3630 et
2424 3581 2786 3632 enarrarimus
2815 3579 2916 3640 illi,
2939 3590 2987 3632 et
3015 3581 3376 3646 interpretavit
3401 3583 3576 3634 nobis.

1993 3669 2059 3723 Et
2088 3672 2286 3740 factum
2315 3682 2412 3736 est,
2442 3672 2572 3724 sicut
2594 3673 2968 3738 interpretatus
3001 3671 3172 3739 {uerat
3202 3673 3439 3727 nobissic
3464 3691 3579 3728 ere—

1992 3764 2104 3827 nit;
2135 3779 2215 3815 me
2240 3765 2515 3816 restituisti
2548 3764 2605 3816 in
2628 3762 2819 3832 o/ficio,
2851 3763 3000 3814 illum
3037 3773 3214 3816 autem
3233 3768 3574 3834 suspendisli.

1996 3855 2059 3909 Et
2075 3857 2212 3909 misit
2247 3855 2458 3909 Pharao
2490 3854 2869 3918 vocariloseph
2894 3855 2984 3910 "°.
3009 3855 3266 3910 Convicta
3299 3860 3442 3912 enim
3462 3859 3582 3927 iam

1994 3949 2166 4002 fuerat
2197 3949 2584 4017 sapientiorum
2623 3949 2911 4016 sapientia,
2952 3963 3073 4018 qua:
3121 3953 3393 4005 somnium
3432 3955 3581 4022 regis

1994 4037 2334 4106 interpretari
2383 4053 2486 4092 non
2524 4040 2714 4107 potuit.
2756 4038 2823 4092 Et
2849 4039 3148 4094 eduxerunt
3178 4058 3300 4095 eum
3345 4042 3410 4096 de
3444 4059 3573 4096 car-

1991 4145 2137 4193 cere,
2163 4140 2215 4184 et
2254 4133 2602 4186 totomlerunt
2631 4145 2780 4195 eum,
2806 4140 2858 4184 et
2894 4141 3246 4188 innataverunt
3281 4136 3577 4188 vestimen-

1990 4231 2100 4275 tum
2151 4221 2288 4290 ejus.
2337 4223 2531 4276 Iterum
2573 4240 2604 4278 e
2646 4223 2765 4278 lacu
2811 4223 3036 4294 Joseph,
3064 4225 3262 4280 iterum
3295 4242 3325 4281 c
3354 4243 3588 4282 carcere

1989 4313 2139 4378 exiit,
2187 4322 2241 4366 et
2298 4315 2446 4366 venit
2471 4314 2536 4367 ad
2581 4312 2815 4368 Pharao.
2867 4316 3012 4369 Dixit
3044 4327 3226 4370 autent
3261 4316 3477 4372 Pharao
3506 4321 3580 4370 ad

1990 4400 2188 4471 Joseplt
2219 4420 2234 4457 :
2265 4401 2544 4458 Somnium
2605 4407 2734 4470 vidi,
2793 4419 2840 4460 et
2887 4411 2978 4476 qui
3029 4411 3396 4474 interpretetur
3439 4411 3577 4463 illud

309 4500 405 4553 tibi
435 4516 546 4553 esse
593 4503 736 4567 bene,
778 4513 824 4556 et
846 4504 1004 4572 {acies
1037 4505 1089 4556 in
1137 4521 1218 4558 nte
1247 4506 1652 4564 miserationem,
1686 4517 1734 4558 et
1778 4523 1883 4559 me-

1996 4511 2095 4548 non
2128 4505 2204 4548 est
2231 4495 2298 4549 ⁸⁷.
2324 4493 2578 4550 Couvicta
2609 4498 2880 4564 ertimjam
2919 4502 3096 4552 luerat
3125 4498 3426 4570 Egyptus:
3454 4516 3581 4555 eon-

308 4593 538 4644 morabis
564 4594 628 4644 de
653 4609 732 4646 me
783 4593 1050 4648 Pharaoni
1083 4609 1102 4647 :
1137 4607 1182 4649 et
1225 4601 1408 4650 educes
1442 4612 1522 4649 me
1551 4597 1614 4650 de
1641 4598 1743 4650 isto
1767 4613 1882 4650 car-

309 4697 424 4735 cere
459 4695 480 4736 .'
519 4688 766 4752 quoniam
796 4683 936 4752 furto
969 4684 1204 4738 sublatus
1231 4702 1345 4738 sum
1373 4688 1435 4738 de
1467 4697 1608 4738 terra
1635 4685 1885 4739 llebrtco-

309 4787 448 4834 rum,
479 4787 523 4828 et
543 4775 628 4827 ltic
651 4777 778 4827 nihil
806 4776 930 4828 mali
949 4776 1066 4846 feci,
1099 4778 1188 4829 sed
1219 4778 1472 4830 miserunt
1494 4793 1573 4828 me
1602 4777 1652 4828 in
1672 4777 1882 4829 domum

308 4866 411 4918 laci
432 4865 590 4934 hujus
633 4867 701 4919 ⁸⁵.
731 4867 865 4934 Quia
896 4871 1037 4921 enim
1064 4869 1164 4922 hoc
1207 4869 1377 4937 ipsum
1414 4869 1642 4922 credidit
1672 4869 1726 4922 in
1783 4870 1880 4921 ho-

309 4955 476 5019 mine,
505 4957 745 5010 additunt
796 4969 878 5012 est
905 4959 953 5012 ci
988 4960 1287 5014 biennium.
1341 4959 1671 5014 Emendatus
1703 4969 1882 5013 autem

309 5059 392 5102 est
423 5049 491 5102 ob
519 5050 677 5103 istum
706 5065 1008 5106 sermonem
1032 5068 1126 5122 per
1142 5052 1416 5107 biennium
1441 5051 1638 5121 Joseplt
1664 5062 1722 5104 ut
1742 5061 1888 5106 esset

378 5141 423 5214 ⁸1
451 5141 585 5198 Gen.
619 5146 870 5210 xL,9-H.
947 5147 1244 5214 “ibim”,
1267 5149 1354 5203 15.
1429 5149 1475 5181 ⁸³
1501 5147 1736 5204 ἰϋίά.16.

306 5213 352 5245 ⁸⁷
397 5213 525 5268 ibid.
564 5215 645 5270 15.
721 5217 768 5247 ⁸⁸
799 5218 927 5271 ibid.
963 5218 1050 5271 16.

334 5370 343 5377 ,
379 5312 491 5384 (57)
549 5310 672 5366 Tria
711 5314 943 5366 canistra
991 5315 1176 5368 halice.
1229 5315 1424 5369 Ilalicm
1466 5329 1560 5368 seu
1606 5315 1796 5368 alicae:
1831 5313 1884 5366 iu

308 5382 368 5440 S.
387 5382 689 5458 :S‘criptura
719 5384 904 5458 Grzcca
938 5384 1072 5458 τρία.
1093 5384 1568 5458 κανὰᾼχονδριτῶν.

378 5453 492 5525 (58)
532 5457 611 5507 lix
637 5455 873 5507 omnibus
903 5453 1194 5522 generibus.
1237 5453 1293 5508 In
1321 5453 1530 5524 vulgata
1565 5457 1884 5524 interpreta-

310 5523 479 5584 tione,
500 5541 674 5578 omnes
703 5528 844 5576 cibos
871 5526 962 5593 qui
983 5526 1113 5593 ﬁunt
1148 5537 1258 5578 arte
1283 5523 1523 5593 pistoria.

379 5594 490 5666 (59)
525 5595 835 5648 Admonitus
881 5605 954 5646 est
1001 5596 1195 5666 dicens.
1232 5594 1430 5649 Locum
1469 5600 1608 5650 hunc
1640 5595 1883 5649 videmur

307 5664 397 5721 sic
424 5664 713 5734 explanare
745 5680 899 5733 posse
941 5681 1005 5718 ex
1068 5664 1388 5734 Scriptura:
1422 5668 1750 5721 liecordatus
1800 5675 1884 5719 est

306 5737 520 5803 Josephi
571 5739 775 5806 dicens,
827 5735 1008 5806 Dicam
1048 5737 1155 5806 regi
1193 5752 1260 5788 an
1309 5737 1532 5790 tacebo?
1583 5747 1730 5806 tanto
1763 5735 1878 5804 jam

314 5819 551 5878 tempore
576 5805 715 5860 tacui
757 5824 770 5860 :
806 5805 901 5860 scd
919 5808 961 5860 si
999 5805 1341 5872 non'disero,
1370 5809 1575 5875 perient
1597 5805 1830 5872 Egyptii
1862 5823 1873 5858 :

1810 5147 1857 5178 “
1875 5145 2004 5200 ibid.
2024 5145 2208 5200 16-18.

1994 4589 2130 4641 victa
2168 4598 2220 4643 et
2266 4591 2529 4658 sapientia
2575 4592 2704 4658 qua!
2727 4591 3081 4659 pollicebatur
3117 4594 3305 4646 multa.
3335 4592 3443 4663 Ego
3475 4610 3576 4646 an-

1993 4688 2098 4732 tem
2140 4681 2317 4733 audivi
2348 4682 2414 4733 de
2460 4690 2510 4732 te
2547 4682 2812 4746 dicentes,
2868 4682 3055 4734 audire
3083 4691 3135 4736 te
3167 4684 3376 4737 somnia
3412 4694 3462 4737 et
3495 4685 3575 4735 in-

1989 4773 2271 4839 terpretari
2307 4787 2390 4828 ea.
2453 4771 2726 4827 Conlirma
2774 4788 2906 4841 ergo
2963 4775 3122 4827 nobis
3160 4775 3355 4828 famam
3402 4785 3570 4829 tuam.

1990 4860 2296 4933 Religiosus
2337 4875 2515 4918 autem
2565 4862 2764 4933 Joscph
2808 4866 3085 4932 respondit
3125 4867 3190 4919 ad
3242 4881 3461 4937 regem,
3520 4878 3576 4921 et

1989 4955 2124 5008 dixit
2165 4974 2176 5008 :
2209 4954 2335 5008 Sine
2357 4954 2463 5007 Deo
2492 4972 2594 5008 non
2629 4955 3029 5023 respondebitur
3058 4958 3294 5010 salutare
3335 4955 3578 5012 Pharao.

1991 5049 2088 5103 Dei
2116 5051 2252 5103 enim
2274 5059 2372 5113 est,
2404 5051 2599 5120 inquit,
2632 5052 2992 5121 interpretatio
3025 5050 3096 5105 ⁸⁸.
3133 5051 3241 5118 Ego
3284 5052 3416 5105 nihil
3449 5067 3580 5137 pps-

2283 5146 2329 5177 η
2361 5145 2488 5200 ibid.
2517 5145 2600 5199 tt.
2618 5133 2706 5202 15'.
2782 5144 2828 5177 ³·
2850 5145 2988 5200 Gctt.
3007 5161 3115 5200 xu.
3193 5145 3392 5200 “‘ibid.
3412 5133 3575 5201 9-14.

1991 5311 2164 5378 potius
2205 5310 2379 5378 itaque
2409 5325 2616 5370 meum,
2663 5309 2856 5379 inquit,
2887 5327 3152 5375 errorem,
3183 5325 3358 5365 meum
3383 5326 3573 5380 pecca-

1995 5391 2104 5433 tum
2133 5382 2480 5434 conlitebor:
2540 5393 2732 5446 nempe
2780 5398 2902 5434 cum
2945 5381 3212 5435 Pharaoni
3263 5392 3572 5437 reuarraret

1991 5465 2057 5502 ac
2095 5451 2322 5513 diceret,
2370 5452 2503 5506 Cum
2533 5451 2704 5502 iratus
2735 5468 2886 5505 esses
2935 5454 3112 5514 nobis,
3155 5453 3420 5506 confessio
3449 5462 3576 5507 erat

1989 5520 2071 5572 sui
2098 5522 2300 5588 peccati
2337 5537 2440 5590 quo
2468 5521 2600 5587 regis
2649 5522 2779 5572 iram
2825 5532 3213 5589 prouocauerat,
3257 5533 3368 5574 tum
3404 5524 3575 5576 etiam

1991 5593 2399 5652 taciturnitatis,
2431 5595 2572 5660 quod
2607 5592 2812 5658 accepti
2852 5610 2880 5644 a
2913 5591 3147 5660 Josepho
3189 5593 3434 5646 beneiieii
3467 5595 3578 5644 im-

1990 5676 2198 5732 memor
2249 5664 2449 5714 taunliu
2495 5661 2774 5716 siluisset:
2812 5663 2926 5716 lieri
2957 5681 3100 5718 ettttn
3131 5669 3308 5732 potest
3347 5671 3404 5714 ut
3451 5663 3576 5731 ejus

1988 5731 2169 5784 animo
2220 5732 2444 5786 subierit
2497 5741 2818 5800 utrumque,
2868 5743 2922 5787 et
2979 5731 3272 5799 utrumque
3315 5731 3386 5786 sit
3438 5748 3573 5786 catt-

1988 5803 2184 5855 lessus.
