4098 6398
570 310 711 372 1091

1210 312 1479 368 unseen
1517 313 2001 371 cassamassxs
2031 314 2183 371 OPP.
2220 315 2406 370 PARS
2444 288 2536 369 IV.
2577 342 2649 356 -
2686 313 3107 374 DOGMATICA.

3676 321 3830 382 1092

572 441 695 481 sum
750 433 812 481 ut
840 423 1066 496 possim.
1116 422 1351 494 Exponit
1396 435 1576 481 autem
1630 427 1826 498 duplex
1879 428 2147 483 somnium
2177 442 2224 497 Α
2251 438 2300 481 et
2332 426 2411 481 ori
2449 436 2537 481 tuo
2568 428 2767 482 abediet
2817 428 3039 498 populus
3089 429 3253 484 omnis
3300 440 3493 500 praeter
3537 434 3831 491 thronum:

571 517 804 583 Pharao,
837 519 979 586 quod
1009 523 1127 570 erat
1153 514 1206 569 in
1238 532 1341 570 una
1369 518 1591 572 virtute;
1610 518 1722 573 Cur
1747 530 1929 575 autem
1954 536 2147 575 secun-

574 612 699 662 dum
726 608 994 663 somnium
1024 605 1203 659 videt?
1244 616 1305 661 ut
1335 609 1514 664 discas
1542 610 1669 678 quia
1710 621 1867 679 urget
1900 613 2039 666 Deus
2090 621 2149 666 ut

572 708 761 768 parcat
790 696 1122 751 hominibus.
1152 693 1441 761 Putabam,
1472 698 1665 766 inquit,
1696 715 1776 751 me
1802 709 1943 752 stare
1990 698 2149 767 juxta

573 806 719 844 orant
736 789 992 857 ﬂuminis,
1014 796 1064 842 et
1085 789 1236 857 quasi
1262 789 1325 841 de
1353 791 1569 859 ﬂumine
1597 790 1941 843 ascendebant
1959 800 2150 858 septem

573 897 744 936 vaccw
774 881 950 934 electa:
978 880 1247 942 carnibus,
1283 880 1431 933 bona:
1463 890 1697 950 aspectu,
1732 891 1779 934 et
1805 880 2152 945 pascebantur

572 973 644 1027 ad
688 974 876 1041 ripam.
925 971 993 1025 Et
1032 988 1146 1026 ecce
1192 972 1314 1024 alia:
1358 985 1548 1039 septem
1588 988 1756 1026 vacca:
1806 971 2148 1025 ascendebant

573 1075 686 1133 post
728 1064 848 1118 illas
900 1062 966 1118 de
996 1064 1236 1131 ﬂumine,
1274 1063 1510 1129 pessima:
1553 1074 1600 1115 et
1634 1071 1808 1131 turpes
1833 1074 2065 1129 aspectu,
2099 1072 2148 1115 et

574 1173 768 1211 macra:
814 1159 1081 1219 carnibus,
1117 1158 1246 1211 tales
1279 1158 1461 1228 quales
1490 1171 1755 1226 nunquam
1808 1156 1913 1207 vidi
1951 1156 2003 1206 in
2044 1163 2151 1207 tota

573 1248 806 1318 lEgypto
830 1251 1111 1317 turpiores.
1150 1251 1215 1302 Et
1248 1252 1621 1303 devoraverunt
1648 1247 1752 1300 illa:
1766 1256 1957 1314 septem
1984 1261 2152 1299 vacca:

574 1357 767 1394 macra:
795 1352 844 1394 et
878 1351 1051 1408 turpes
1088 1352 1275 1410 septem
1297 1357 1477 1393 vaccas
1506 1341 1664 1393 bonas
1689 1349 1736 1392 et
1768 1338 1974 1403 electas,
2008 1345 2055 1388 et
2080 1338 2156 1389 in-

576 1439 844 1484 traverunt
887 1433 942 1483 in
983 1441 1181 1484 ventres
1220 1446 1435 1493 earum;
1470 1440 1517 1482 et
1548 1445 1652 1482 non
1677 1438 1963 1497 paruerunt
2013 1427 2152 1497 quod

574 1524 874 1577 introissent
921 1524 978 1577 in
1029 1535 1227 1577 ventres
1274 1538 1477 1585 earum,
1507 1532 1681 1590 turpes
1707 1522 1841 1574 sicut
1887 1529 2036 1573 erant
2086 1517 2151 1571 ab

575 1614 749 1668 initio.
784 1614 1018 1683 Snrgens
1041 1627 1212 1669 autem
1244 1633 1428 1669 rursus
1475 1616 1724 1678 dormivi,
1748 1624 1798 1669 et
1825 1616 1929 1669 vidi
1958 1615 2154 1668 iterum

576 1706 632 1759 in
662 1707 855 1759 somnis
892 1722 910 1759 :
932 1717 976 1759 et
1008 1708 1157 1776 quasi
1179 1718 1370 1773 septem
1395 1709 1554 1775 spica:
1585 1707 1933 1760 ascendebant
1955 1708 2008 1759 in
2036 1707 2155 1775 [un-

2246 534 2339 589 ego
2364 528 2413 572 te
2435 536 2656 587 prteero.
2685 519 2831 573 Dixit
2862 518 3075 574 Pharao
3108 521 3177 573 ad
3196 520 3391 590 Ioseph
3422 538 3443 576 :
3476 524 3609 579 Ecce
3633 531 3830 582 consti-

2248 620 2336 663 tuo
2360 619 2404 663 le
2450 611 2597 663 hodie
2620 626 2775 679 super
2797 626 2998 665 omnem
3030 622 3223 667 terram
3263 614 3503 686 Egypti,
3527 618 3711 684 facito,
3734 621 3830 673 its-

2247 701 2381 769 quit,
2408 710 2553 753 tuum
2576 701 2872 756 consilium.
2905 700 3034 766 Quis
3062 711 3111 756 te
3139 706 3473 773 sapientior?
3493 709 3608 779 quis
3635 718 3683 762 te
3702 727 3831 764 sen-

2249 792 2416 845 satior
2444 800 2494 844 et
2519 790 2767 859 fidelior?
2796 802 2844 847 te
2878 794 3014 847 enim
3045 794 3246 849 volebat
3279 796 3422 851 Deus
3452 809 3505 851 ut
3538 816 3700 870 supra
3732 804 3832 856 do-

2249 898 2390 935 mum
2426 899 2561 937 esses
2608 899 2797 949 meam,
2842 902 2998 953 super
3038 903 3237 940 omnem
3270 889 3467 943 scilicet
3508 890 3827 962 Egyptuns.

2252 973 2499 1043 Perﬁcito
2528 985 2675 1027 tuum
2704 975 3001 1040 consilium,
3047 995 3304 1048 conregna
3337 982 3489 1036 mihi.
3525 982 3639 1037 Tibi
3683 987 3829 1039 enim

2251 1066 2383 1120 dans
2418 1066 2706 1138 /Egyptum
2736 1069 2789 1121 in
2812 1080 3087 1138 potestate,
3110 1074 3307 1128 habebo
3350 1082 3399 1128 te
3428 1092 3628 1130 mecum
3656 1079 3713 1131 in
3740 1095 3830 1133 reo

2253 1172 2366 1225 gem
2401 1156 2468 1212 θ’.
2501 1157 2619 1211 .lam
2636 1159 2957 1225 consolatio,
2990 1161 3104 1230 jam
3132 1161 3337 1218 fruetus
3369 1166 3638 1234 pudicitia:
3663 1177 3829 1223 erant

2251 1246 2471 1317 Ioseph.
2495 1248 2599 1304 Sed
2628 1266 2727 1304 nec
2750 1251 2799 1305 in
2830 1251 2915 1306 bis
2944 1252 3117 1308 lactus
3140 1257 3317 1325 arguit
3337 1257 3614 1312 mulierem
3643 1259 3826 1329 impu-
3879 1234 3895 1247 ’

2255 1342 2490 1401 dentem,
2507 1357 2611 1395 non
2631 1342 2803 1396 reddit
2823 1344 2991 1398 vicem
3017 1365 3030 1400 :
3054 1356 3232 1402 tamen
3264 1348 3365 1402 l'uit
3386 1349 3440 1402 in
3458 1349 3825 1417 tribulatione,

2254 1442 2310 1487 et
2340 1433 2391 1486 in
2424 1434 2513 1486 tali
2548 1435 2793 1504 angustia
2826 1444 2969 1488 tanta
2997 1434 3214 1507 Ioseph.
3248 1438 3620 1495 Iacob-autem
3646 1442 3697 1496 in
3725 1442 3829 1496 tri-

2256 1525 2529 1582 bulatione
2582 1536 2717 1592 erat,
2775 1534 2828 1580 et
2872 1525 2983 1593 jam
3023 1545 3147 1583 cum
3196 1530 3304 1601 (Μ)
3339 1532 3594 1587 remissus
3628 1533 3825 1589 luisset

2253 1613 2453 1686 Ioseph
2488 1634 2515 1670 a
2549 1632 2785 1673 carcere.
2811 1620 2947 1687 Quid
2982 1636 3134 1692 ergo,
3171 1622 3351 1677 dicent
3375 1621 3566 1687 Judaei,
3594 1625 3681 1679 ubi
3731 1639 3821 1681 est

2258 1708 2466 1765 fructus
2506 1712 2919 1779 promissionis?
2958 1712 3012 1767 Si
3062 1715 3205 1767 enim
3244 1715 3345 1769 ista
3400 1725 3485 1770 est
3522 1718 3655 1783 vita,
3689 1719 3823 1787 quid

576 1801 644 1854 do
676 1817 780 1855 uno
802 1800 966 1866 plena:
984 1810 1030 1853 et
1058 1802 1226 1853 bomc.
1246 1799 1381 1854 Alite
1396 1812 1571 1854 autem
1595 1810 1788 1867 septem
1804 1800 1962 1865 spica:
1978 1809 2155 1852 tenues
2186 1796 2230 1852 B
2262 1801 2361 1855 hoc
2388 1802 2453 1854 ad
2479 1800 2672 1868 Iacob,
2717 1805 2810 1874 qui
2842 1805 3026 1859 decem
3060 1816 3113 1860 et
3142 1816 3344 1875 septem
3378 1807 3535 1864 annis
3573 1808 3827 1867 luxitlo-

573 1902 623 1946 et
648 1910 679 1945 a
709 1902 856 1944 vento
888 1902 1147 1958 corrupta:
1169 1892 1463 1943 crescebant
1489 1888 1646 1958 juxta
1675 1904 1761 1941 eas
1791 1897 1838 1941 et
1869 1887 2154 1957 glutierunt

574 1995 761 2051 septem
796 1984 951 2049 spicae
980 1990 1155 2037 tenues
1181 1992 1229 2036 et
1256 2000 1289 2035 a
1315 1991 1463 2036 vento
1494 1991 1776 2047 corruptor,
1825 1988 2019 2046 septem
2047 1979 2146 2046 spi-

574 2094 661 2131 cas
688 2076 866 2145 plenas
893 2088 935 2130 et
960 2078 1140 2129 bonas.
1169 2075 1293 2128 Dixi
1313 2091 1435 2143 ergo
1457 2072 1962 2141 interpretatoribus,
1989 2079 2157 2122 etnon

575 2167 677 2237 fuit
706 2168 796 2237 qui
821 2168 1093 2219 dissereret
1133 2166 1281 2219 mihi.
1313 2165 1381 2217 Et
1414 2164 1547 2217 dixit
1587 2161 1779 2230 Ioseph
1804 2162 1870 2213 ad
1896 2158 2110 2213 Pharao
2135 2176 2154 2215 :

575 2256 851 2312 Somnium
888 2255 1096 2309 Pharao
1122 2274 1283 2310 unum
1307 2266 1403 2310 est.
1440 2255 1775 2323 Quaecunque
1814 2252 1951 2305 Deus
1974 2256 2156 2321 faciet,

576 2350 805 2404 ostendit
860 2346 1096 2400 Pharao.
1144 2347 1352 2417 Septem
1384 2362 1552 2401 tacete
1607 2346 1757 2399 boum
1810 2354 2000 2411 septem
2028 2343 2155 2397 anni

574 2448 715 2491 sunt.
758 2438 1032 2494 Somnium
1063 2438 1279 2491 Pharao
1309 2454 1469 2490 unum
1502 2446 1577 2490 est
1610 2451 1628 2488 :
1672 2446 1720 2489 et
1759 2446 1946 2503 septem
1985 2450 2157 2488 vacca:

574 2544 768 2582 macra:
811 2546 927 2599 qua:
956 2528 1299 2583 ascendebant
1327 2540 1441 2597 post
1470 2544 1580 2592 eas,
1621 2536 1817 2595 septem
1859 2525 1986 2578 anni
2012 2535 2156 2577 sunt.

575 2617 645 2672 Et
676 2630 868 2690 septem
902 2622 1059 2691 spica:
1092 2630 1269 2673 tenues
1304 2630 1349 2673 et
1387 2636 1418 2672 a
1451 2629 1596 2673 vento
1634 2628 1916 2689 corruptw,
1964 2629 2157 2687 septem

574 2713 703 2766 anni
740 2722 882 2766 sunt.
924 2711 991 2765 Et
1022 2714 1115 2766 erit
1139 2722 1329 2782 septem
1368 2712 1521 2765 annis
1558 2711 1757 2781 fames:
1783 2727 1958 2766 verum
1983 2719 2157 2763 autem

576 2805 718 2874 quod
754 2804 890 2857 dixit
927 2803 1137 2857 Pharao
1171 2819 1188 2857 :
1224 2818 1547 2873 quacunque
1571 2802 1708 2857 Deus
1732 2803 1910 2872 faciet,
1935 2802 2155 2857 ostendit

575 2896 873 2950 Pharaoni.
907 2893 1043 2949 Ecce
1101 2904 1296 2964 septem
1332 2896 1460 2948 anni
1515 2895 1721 2948 veniunt
1754 2895 2012 2948 ubertatis
2040 2910 2158 2947 nta-

576 3002 695 3056 gna:
754 2988 807 3040 in
846 2987 987 3039 omni
1030 2998 1169 3040 terra
1212 2986 1452 3057 Egypti.
1485 2986 1616 3041 Post
1647 2996 1821 3040 autem
1848 2988 2045 3041 venient
2074 3001 2159 3039 se-

574 3089 711 3149 ptem
749 3080 873 3133 anni
903 3079 1060 3149 famis
1093 3096 1111 3134 :
1155 3090 1333 3150 postea
1358 3080 1727 3134 obliviscantur
1768 3080 2053 3133 ubertatem
2100 3079 2158 3133 in

575 3174 818 3228 universa
854 3171 1109 3242 AE’gypto,
1139 3182 1187 3226 et
1226 3184 1487 3226 consumet
1514 3174 1677 3243 {ames
1709 3188 1908 3225 omnem
1936 3182 2151 3225 terram.
2183 3157 2224 3214 (ἶ

576 3261 759 3333 Neque
789 3274 1098 3333 agnoscetur
1119 3265 1328 3317 ubertas
1357 3279 1511 3332 super
1532 3275 1724 3317 terram
1742 3279 1851 3333 pra:
1871 3263 2010 3332 [ante
2036 3280 2153 3334 qua:

575 3354 757 3425 futura
784 3366 859 3408 est
897 3368 1007 3423 post
1027 3355 1159 3410 ha'c.
1199 3353 1482 3410 Vehemens
1503 3358 1640 3410 enim
1670 3357 1767 3408 erit
1793 3355 1962 3410 valde.
2000 3354 2152 3421 Quod

575 3458 755 3503 autem
788 3450 993 3503 iteravit
1033 3450 1293 3502 somnium
1322 3447 1540 3504 Pharao
1571 3450 1676 3515 bis;
1706 3452 1828 3520 quia
1856 3465 2028 3504 verum
2051 3450 2153 3503 erit

575 3543 788 3595 verbum
827 3544 962 3611 quod
994 3556 1068 3595 est
1119 3559 1149 3594 a
1185 3541 1317 3605 Deo,
1360 3552 1407 3595 et
1437 3552 1679 3611 properat
1732 3540 1874 3594 Deus
1908 3550 1964 3594 ut
1990 3542 2153 3611 faciat

576 3634 694 3691 hoc.
738 3634 895 3689 Nunc
927 3651 1047 3704 ergo
1076 3634 1285 3704 provide
1326 3635 1585 3688 hominem
1613 3645 1905 3698 sensatum,
1934 3645 1979 3687 et
2018 3650 2155 3701 pra:-

575 3743 707 3795 pone
755 3742 874 3779 eum
921 3742 1075 3794 super
1123 3724 1442 3795 ngyptum,
1498 3736 1545 3779 et
1604 3726 1763 3794 faciat
1802 3724 2038 3790 Pharao,
2102 3734 2154 3778 et

576 3827 844 3885 prteponat
865 3817 1100 3870 locorum
1114 3818 1377 3886 principes
1396 3833 1554 3887 super
1583 3828 1800 3880 terram,
1822 3818 1911 3887 qui
1941 3818 2153 3886 quintus

576 3909 751 3976 exigat
790 3906 902 3979 (40)
956 3909 1121 3962 omnis
1154 3908 1359 3977 {ructus
1386 3920 1539 3963 terra:
1565 3908 1787 3979 «Egypti
1819 3921 2011 3978 septem
2051 3926 2155 3961 an-

579 4014 766 4051 norum
808 4002 1079 4071 ubertatis,
1118 4011 1166 4054 et
1214 4001 1463 4070 colligant
1506 4018 1682 4055 omnes
1717 4002 1923 4071 [ructus
1959 4011 2155 4069 septem

578 4076 837 4141 annorum
871 4091 1188 4145 venientium
1230 4092 1420 4143 horum
1460 4091 1714 4145 bonorum
1746 4106 1764 4144 :
1792 4101 1840 4146 et
1874 4092 2154 4161 colligatur

577 4178 898 4250 frumentum
924 4185 1017 4236 sub
1043 4199 1202 4236 manu
1232 4180 1447 4237 Pharao
1488 4198 1502 4212 ·
1532 4192 1580 4237 et
1620 4200 1751 4237 escte
1774 4186 1825 4237 in
1854 4186 2151 4239 civitatibus

574 4274 945 4328 custodiantur
975 4288 992 4325 :
1020 4287 1068 4329 et
1087 4276 1190 4328 sint
1213 4292 1344 4331 escte
1377 4292 1492 4345 qua:
1514 4277 1786 4331 custodita:
1819 4276 2013 4346 fuerint
2047 4286 2156 4330 ter-

576 4379 674 4430 ra’,
703 4362 755 4417 in
786 4374 975 4433 septem
997 4383 1159 4420 annos
1178 4368 1336 4437 famis
1366 4384 1484 4437 qua:
1508 4368 1607 4422 erit
1637 4369 1693 4422 in
1723 4378 1864 4422 terra
1890 4368 2107 4439 ngypti
2131 4382 2153 4421 :

576 4467 622 4509 et
655 4473 757 4508 non
791 4458 1224 4512 exterminabitur
1269 4470 1413 4515 terra
1452 4477 1484 4513 a
1533 4459 1698 4528 fame.
1728 4458 1798 4513 Et
1840 4460 2152 4529 placuerunt

575 4552 686 4601 ha'c
744 4551 895 4602 verba
952 4560 1073 4603 ante
1122 4549 1359 4614 Pharao,
1406 4560 1455 4606 et
1503 4550 1744 4605 omnibus
1787 4553 1963 4620 pueris
2015 4553 2148 4606 suis.

576 4640 831 4710 Nunquid
868 4642 1183 4695 inveniemus
1224 4645 1485 4696 hominem
1510 4643 1670 4697 talem
1698 4645 1788 4715 qui
1821 4645 1973 4697 habet
1992 4647 2155 4713 spiri-

571 4740 681 4781 tum
712 4728 875 4782 Deiin
904 4731 994 4783 se?
1022 4730 1090 4783 Et
1114 4730 1250 4785 dixit
1277 4729 1492 4787 Pharao
1522 4733 1591 4786 ad
1613 4732 1806 4802 Ioseph
1837 4736 1857 4787 ':
1886 4733 2151 4799 Quoniam

579 4818 803 4873 ostendit
822 4821 915 4875 tibi
942 4821 1080 4876 Deus
1110 4823 1285 4875 omnia
1306 4824 1439 4890 haec,
1474 4843 1576 4879 non
1605 4835 1682 4880 est
1725 4825 1820 4879 tibi
1842 4825 1994 4879 homo
2022 4842 2151 4887 pru-

577 4911 805 4976 dentior,
837 4930 928 4967 nec
956 4915 1217 4969 sensatior
1244 4924 1401 4970 te:tu
1422 4919 1524 4972 eris
1540 4934 1697 4987 super
1727 4920 1939 4973 domum
1957 4935 2148 4983 meam,

646 5088 694 5121 "
730 5088 865 5144 Gen.
890 5106 999 5157 xm,
1037 5091 1204 5148 17-“

645 5243 761 5364 φο)
800 5247 1014 5319 Exiget.
1039 5249 1203 5304 Forte
1231 5248 1461 5318 exigant.

668 5314 760 5364 Ml
801 5318 864 5364 Et
903 5321 1007 5364 inm
1032 5335 1171 5364 cum-
1205 5317 1366 5364 Forte
1392 5319 1461 5364 cti

668 5314 760 5389 bl)
799 5318 864 5373 Et
890 5314 1007 5388 j‘am
1032 5335 1172 5375 cum.
1204 5314 1366 5375 Forte
1392 5319 1550 5375 etiam
1584 5334 1721 5374 cum.

2258 1893 2426 1962 seph?
2450 1904 2546 1947 aut
2570 1894 2635 1948 ad
2668 1895 2842 1963 ipsum
2876 1894 3102 1967 Ioseph,
3145 1899 3238 1968 qui
3271 1901 3363 1953 vix
3413 1900 3667 1956 liberatus
3705 1903 3828 1958 est?

2259 1990 2365 2046 Sed
2405 2007 2585 2046 sermo
2627 1993 2843 2062 quidem
2890 1994 3163 2063 impletur,
3195 1998 3466 2066 negotium
3498 2007 3675 2053 autem
3705 2014 3825 2053 ser-

2257 2090 2450 2137 vetur:
2501 2083 2708 2138 licitum
2755 2086 2897 2139 enim
2933 2097 3017 2140 est
3052 2086 3207 2142 nobis
3236 2097 3289 2143 et
3315 2090 3564 2158 sequenti
3618 2091 3822 2161 perfrui

2258 2176 2363 2230 die.
2397 2174 2765 2232 Mensuremns
2795 2187 2972 2232 autem
3012 2188 3239 2249 tempus.
3278 2179 3441 2235 Decet
3469 2182 3613 2235 enim
3658 2182 3829 2251 gratis

2258 2267 2394 2322 dona
2424 2267 2538 2334 Dei,
2565 2278 2619 2322 ul
2645 2266 2891 2336 jejunent
2925 2270 2977 2323 in
3028 2281 3289 2340 tempore,
3332 2282 3387 2326 et
3438 2273 3721 2342 epulantur
3770 2274 3827 2329 in

2258 2368 2517 2428 tempore.
2559 2358 2787 2414 Tantum
2815 2370 2987 2417 estote
3024 2377 3291 2419 memores
3342 2365 3426 2419 ubi
3468 2365 3681 2421 ﬁnimus
3711 2382 3826 2421 ser-

2258 2464 2508 2504 monem:
2548 2451 2766 2506 utsicut
2800 2452 2851 2505 bi
2883 2452 2976 2521 qui
3005 2452 3255 2509 alacriter
3286 2455 3630 2521 manducent,
3670 2469 3727 2513 et
3761 2458 3831 2514 ob

2258 2542 2543 2612 quamdam
2609 2544 2945 2599 occasionem
2997 2558 3349 2617 exsurgentes
3410 2565 3441 2603 a
3502 2565 3685 2605 mensa
3747 2552 3824 2606 nio

2260 2644 2375 2688 tant
2404 2634 2515 2705 (42)
2565 2636 2667 2691 sibi
2714 2639 2957 2707 apposita
2988 2656 3003 2693 :
3034 2640 3105 2693 ita
3150 2650 3204 2695 et
3240 2657 3335 2697 vos
3369 2642 3619 2711 reliquias
3659 2644 3766 2698 alio
3795 2659 3832 2697 ι

2258 2728 2414 2782 nobis
2439 2730 2713 2798 exposcite
2745 2728 2853 2792 die,
2885 2745 2953 2784 ne
2979 2732 3104 2800 quid
3132 2743 3186 2787 et
3216 2734 3598 2789 intermisimus
3639 2752 3654 2789 :
3720 2752 3832 2791 non-

2258 2820 2401 2874 enim
2430 2821 2588 2877 decet
2611 2837 2707 2877 nos
2737 2824 3013 2878 venientes
3050 2824 3116 2878 ad
3148 2824 3566 2880 consolationem
3615 2828 3825 2894 mortis,

2258 2910 2566 2981 relinquere
2591 2910 2757 2967 Iacob
2788 2914 2838 2966 in
2881 2914 3026 2969 luctu
3056 2917 3122 2969 de
3153 2914 3295 2969 lania
3330 2918 3519 2971 mortis
3552 2916 3668 2971 lilii.
3721 2919 3833 2973 Sed

2258 3002 2484 3058 rationis
2520 3013 2603 3058 est
2655 3016 2711 3059 et
2741 3006 2987 3075 sequenti
3032 3004 3399 3076 nosjungere,
3418 3018 3472 3063 et
3499 3009 3725 3065 miscere
3774 3011 3833 3065 in

2258 3095 2591 3152 alacritatem
2625 3097 2920 3167 lugentium
2942 3099 3053 3169 jam
3090 3113 3209 3155 esse
3244 3101 3685 3159 consolationem.
3712 3102 3836 3158 Non

2260 3186 2479 3241 fuissem
2511 3203 2605 3243 vos
2656 3203 2846 3258 passus
2894 3189 2968 3244 ita
3022 3190 3317 3256 dimittere,
3366 3194 3540 3247 adhuc
3572 3193 3839 3250 sollicitus

2259 3288 2481 3348 propter
2511 3280 2676 3335 Iacob
2703 3281 2991 3351 lugentem.
3022 3281 3157 3349 Quia
3197 3284 3360 3354 igitur
3396 3285 3829 3357 incipimusvper-

2260 3368 2507 3423 mittente
2543 3368 2651 3424 Deo
2689 3380 2743 3424 et
2769 3370 3111 3440 probationes
3138 3373 3205 3427 de
3250 3375 3648 3430 resurrectione
3698 3392 3829 3431 con-

2255 3455 2501 3528 jungere,
2529 3457 2639 3527 jam
2670 3461 2825 3515 tidem
2845 3462 3197 3530 przecedentis
3218 3466 3481 3520 sermonis
3501 3467 3835 3524 confidentes

2259 3550 2558 3618 epulemur,
2587 3567 2692 3606 non
2737 3568 2857 3606 cum
2917 3561 3178 3610 mortuis:
3222 3571 3409 3611 omnes
3441 3559 3580 3612 enim
3624 3560 3831 3617 vivunt.

2259 3640 2377 3696 Non
2417 3643 2559 3696 enim
2607 3644 2851 3699 venimus
2880 3644 2946 3698 ad
3000 3657 3365 3713 monumenta,
3418 3650 3509 3704 sed
3555 3652 3622 3704 ad
3656 3651 3832 3706 locum

2260 3735 2775 3801 commendationis;
2808 3752 2913 3792 non
2942 3740 3192 3793 venimus
3218 3740 3285 3793 ad
3338 3752 3599 3814 mortuos,
3631 3744 3723 3796 sed
3766 3746 3830 3796 ad

2259 3827 2547 3882 viventes:
2600 3839 3004 3885 commonentes
3049 3834 3403 3902 nosmetipsos
3453 3847 3542 3902 per
3582 3849 3646 3889 ea
3712 3851 3837 3904 qua:

2260 3918 2488 3974 faciams
2516 3934 2662 3989 spem
2684 3920 2848 3989 ipsius
2866 3924 3294 3978 resurrectionis.
3319 3924 3445 3979 Lseti
3463 3926 3831 3989 convenimus,

2259 4010 2431 4079 majus
2456 4013 2747 4081 gaudentes
2800 4014 3138 4079 recedimus;
3186 4015 3253 4068 ita
3303 4017 3443 4070 enim
3484 4017 3835 4082 conﬁdimus,

2260 4101 2383 4169 quia
2412 4116 2772 4172 resurgemus,
2801 4101 2924 4170 quia
2955 4110 3010 4156 et
3055 4103 3158 4158 ista
3204 4106 3484 4159 credentes
3506 4106 3830 4161 ltetabimur.

2260 4189 2528 4247 Habemus
2563 4204 2744 4249 autem
2769 4196 3099 4252 reconditum
3127 4212 3431 4252 sermonem
3462 4198 3615 4253 nobis
3642 4208 3833 4253 osten-

2259 4282 2497 4349 dentem,
2548 4299 2672 4355 spes
2721 4291 2845 4356 quia
2888 4300 2971 4345 est
3010 4290 3295 4361 religiosis.
3356 4290 3419 4344 Et
3446 4290 3559 4360 jam
3614 4293 3835 4361 quidem

2259 4383 2533 4429 ostensum
2558 4387 2641 4432 est
2680 4394 2708 4432 a
2738 4380 2888 4450 justo
2920 4380 3259 4439 Deo-.tamen
3289 4381 3413 4451 quia
3441 4394 3596 4437 vocat
3624 4392 3836 4454 tempus

2259 4481 2359 4522 nos
2393 4468 2539 4523 reﬁci
2576 4469 2791 4537 debere,
2825 4474 3118 4542 gratiarum
3170 4474 3411 4529 actiones
3450 4476 3837 4544 consignantes

2259 4559 2479 4613 verbum
2503 4560 2726 4631 gloriam
2760 4564 3054 4619 referamus
3082 4567 3273 4621 viventi
3300 4577 3352 4622 et
3374 4567 3513 4623 bono
3538 4577 3593 4623 et
3626 4584 3758 4625 vero
3783 4580 3833 4624 et

2256 4649 2548 4706 viviﬁcanti
2572 4651 2696 4708 Iesu
2714 4655 2960 4711 Christo:
2986 4674 3080 4725 per
3096 4674 3255 4728 quem
3282 4670 3363 4713 est
3398 4661 3505 4715 Deo
3537 4661 3681 4716 Patri
3710 4677 3834 4717 cum

2259 4742 2464 4811 Spiritu
2492 4757 2683 4801 sancto
2710 4748 2880 4818 gloria
2910 4758 2965 4803 et
2990 4750 3181 4817 honor,
3226 4752 3529 4821 imperium,
3561 4752 3833 4820 maiestas,

2258 4845 2312 4889 et
2350 4851 2491 4893 nunc
2522 4846 2576 4893 et
2602 4853 2833 4911 semper,
2858 4850 2911 4897 et
2928 4858 3025 4913 per
3049 4845 3229 4898 omnia
3264 4844 3459 4900 sarcula
3490 4844 3833 4903 saeculorum.

2256 4922 2451 4980 Amen.

2330 5253 2442 5333 (ιι)
2481 5252 2684 5308 Nitant.
2719 5249 2881 5312 Forte
2901 5257 3125 5327 nictent,
3168 5260 3287 5317 dum
3317 5260 3525 5318 scilicet
3548 5261 3617 5316 ad
3646 5262 3829 5333 epulas

2264 5328 2482 5381 relictas
2515 5334 2844 5395 respectant.
