4098 6398
343 389 484 448 1095

1394 372 1488 430 DE
1523 371 2122 432 RESURRECTIONE.
2161 405 2230 417 -—
2265 370 2392 430 LIB.
2433 371 2499 430 ll.

3453 379 3594 438 1098,

347 523 3559 570 -α--ι--ῌ--ο-ῂ--ῄέδά--Ι--ῇ-

1430 677 1793 789 LIBER
1842 695 2506 788 SECUNDUS.

418 1069 694 1128 Laetantur
721 1066 935 1138 quidem
960 1063 1086 1119 cmli
1116 1063 1184 1118 de
1224 1062 1515 1119 festivitate
1546 1061 1820 1131 praesenti,
1865 1060 1916 1115 in
1949 1068 1996 1126 Α
2024 1077 2144 1132 (λειω
2171 1071 2297 1117 ante
2327 1077 2540 1117 crucem
2572 1060 2710 1115 facta
2745 1071 2871 1117 sunt
2905 1064 2994 1132 qui
3046 1063 3144 1119 fuit
3166 1068 3401 1123 ostendit
3429 1087 3442 1123 :
3477 1082 3595 1140 post

339 1181 449 1235 qua
477 1161 758 1217 Dominum
787 1168 1073 1224 suscepere
1101 1154 1358 1209 victorem
1396 1165 1411 1205 ε
1452 1153 1661 1207 laetatur
1681 1160 1736 1206 et
1767 1165 1924 1206 exer-

267 1255 273 1260 ’
341 1256 485 1308 citus
501 1249 813 1319 angelorum
837 1247 1136 1316 suscipiens
1160 1260 1280 1298 cum
1292 1243 1515 1298 victoria
1543 1257 1719 1314 regem
1741 1261 1755 1297 :
1776 1241 1924 1296 lana-

347 1357 432 1400 tnr
457 1353 512 1400 et
536 1343 623 1414 qui
649 1341 850 1412 genuit,
879 1348 932 1393 et
953 1338 1102 1392 misit
1129 1336 1288 1391 Pater
1309 1351 1338 1390 a
1363 1336 1567 1391 dextris
1584 1335 1694 1390 suis
1716 1335 1922 1388 habens

345 1438 723 1493 charissimam
761 1431 980 1495 Filium,
1008 1445 1103 1500 per
1126 1445 1281 1498 quem
1309 1440 1517 1484 mortua
1543 1428 1756 1497 quidem
1780 1443 1925 1481 mors

347 1533 458 1604 (45)
493 1543 595 1596 est,
634 1536 886 1597 corrupta
910 1535 1088 1579 autem
1116 1533 1198 1578 est
1231 1523 1630 1593 corruptela,et
1651 1523 1924 1577 destructa

337 1637 428 1681 est
449 1622 649 1679 diaboli
682 1619 948 1692 Iyrannia,
981 1615 1240 1670 etsalvati
1263 1625 1387 1669 sunt
1414 1615 1678 1680 homines,
1711 1625 1764 1670 et
1795 1631 1925 1681 gau-

340 1717 490 1770 dium
523 1721 843 1782 acceperunt
868 1709 1060 1780 angeli.
1096 1707 1210 1763 Non
1240 1719 1321 1764 est
1339 1723 1530 1774 passus
1554 1715 1731 1761 autem
1753 1705 1925 1774 Spiri-

343 1817 430 1862 tus
453 1815 700 1861 sanctus:
719 1802 812 1856 sed
835 1817 928 1870 per
943 1801 1180 1855 omnium
1207 1799 1482 1853 hominum
1501 1798 1713 1869 linguas
1734 1798 1922 1852 victori

341 1895 534 1949 obtulit
549 1891 897 1958 laudes.Quia
911 1891 1050 1944 enim
1063 1892 1301 1944 omnium
1317 1890 1616 1960 linguarum
1631 1889 1922 1952 eratsalus,

342 1986 460 2041 ideo
477 1987 619 2041 omni
651 1985 830 2054 lingua
855 1997 949 2051 per
964 1995 1058 2035 ora
1082 1981 1445 2050 apostolorum
1479 1979 1686 2034 locutus
1711 1989 1791 2034 est
1811 1974 1925 2050 Spi-

343 2079 499 2132 ritus.
527 2077 589 2130 Et
615 2075 814 2130 exinde
835 2073 944 2144 jam
973 2074 1398 2141 vocabatgentes
1423 2087 1520 2142 per
1549 2073 1881 2126 initiamenta
1905 2088 1921 2126 :

345 2169 672 2238 implebatur
698 2177 876 2220 autem
920 2177 971 2219 et
994 2165 1346 2236 praecedentis
1387 2163 1694 2218 festivitatis
1720 2163 1921 2216 laetitia.

345 2257 549 2312 Pascha
595 2257 738 2310 enim
785 2255 1093 2309 festivitatis
1126 2254 1312 2308 mortis
1353 2261 1747 2308 sacramentum
1783 2252 1834 2306 in
1866 2265 1926 2305 se

349 2349 786 2411 contiuens,tunc
807 2345 1095 2415 recipiebat
1111 2344 1490 2408 fructum,cum
1517 2344 1926 2399 flebatrecursio

2025 1166 2250 1212 mortem
2299 1165 2475 1209 autem
2532 1155 2798 1209 mirabilia
2832 1172 2952 1225 qnze
2996 1172 3092 1224 per
3133 1160 3404 1228 apostolos
3453 1160 3594 1218 facta

2022 1258 2170 1312 sunt,
2205 1248 2532 1302 confirmant
2574 1249 2700 1317 quia
2733 1249 2824 1317 qui
2871 1259 3117 1305 mortuus
3159 1261 3244 1305 est
3297 1257 3596 1310 resurrexit

2024 1350 2079 1395 et
2110 1340 2261 1394 vivit.
2299 1338 2451 1395 Unde
2473 1349 2529 1394 et
2558 1339 2760 1407 majora
2789 1351 3002 1396 servata
3032 1353 3158 1398 sunt
3182 1346 3451 1401 mirabilia
3476 1357 3596 1418 post

2025 1440 2275 1495 mortem,
2300 1445 2458 1499 quam
2484 1446 2546 1485 ea
2578 1447 2698 1501 quae
2716 1442 2841 1487 ante
2875 1445 3100 1490 mortem
3125 1445 3249 1492 sunt
3273 1438 3432 1494 facta.
3459 1440 3596 1508 Quia

2023 1524 2168 1579 enim
2202 1524 2570 1579 incredibilior
2614 1528 2942 1583 resurrectio
2973 1529 3181 1585 Domini
3232 1534 3404 1603 magis
3431 1550 3594 1603 quam

2030 1615 2297 1671 adventus
2321 1617 2436 1686 ejus
2462 1617 2513 1671 in
2550 1620 2772 1686 mundo,
2800 1621 3004 1689 majora
3041 1637 3250 1677 servata
3290 1639 3414 1679 sunt
3445 1630 3596 1701 testi-

2023 1709 2125 1764 bus
2177 1711 2589 1764 resurrectiouis
2620 1713 2910 1778 mirabilia,
2960 1723 3018 1768 ut
3039 1728 3420 1782 agnosceretur
3453 1719 3592 1790 (46')

2025 1803 2150 1873 quia
2183 1813 2425 1858 mortuus
2451 1805 2668 1874 quidem
2705 1815 2807 1870 est,
2837 1807 2929 1862 sed
2963 1809 3344 1864 resurrexitob
3376 1811 3596 1883 dispen-

2023 1895 2310 1961 sationem,
2338 1895 2469 1950 vivit
2498 1904 2676 1949 autem
2720 1907 2938 1967 propter
2970 1899 3240 1955 virtutem.
3286 1901 3417 1968 Quis
3449 1905 3595 1959 enim

2024 2003 2189 2044 ausus
2217 1999 2300 2044 est
2331 1989 2534 2054 dicere,
2564 1991 2689 2059 quia
2725 2005 2834 2046 non
2866 1992 3165 2046 resurrexit
3193 1994 3466 2061 Christus,
3503 2003 3596 2050 aut

2023 2079 2519 2150 confessihilesﬂ?)
2544 2080 2766 2144 inimici,
2789 2091 2882 2135 aut
2906 2083 3021 2137 ficti
3052 2083 3246 2138 amici?
3279 2083 3443 2140 Putas
3461 2102 3596 2156 gen-

2027 2173 2146 2228 tiles
2175 2174 2447 2228 audebunt
2479 2173 2661 2227 dicere
2689 2172 2815 2243 quia
2851 2182 3099 2228 mortuus
3129 2183 3212 2229 est
3253 2183 3307 2229 et
3355 2192 3460 2230 non
3494 2191 3596 2231 re-

2025 2264 2300 2318 surrexit?
2326 2263 2438 2318 Nou
2475 2281 2659 2334 qner
2691 2265 2820 2335 quid
2869 2267 3074 2332 dicant,
3105 2267 3198 2321 sed
3228 2269 3354 2336 quid
3385 2270 3596 2338 patian-

2030 2365 2132 2410 tur.
2161 2355 2216 2409 Si
2257 2357 2397 2410 enim
2423 2366 2568 2411 stant
2589 2373 2774 2412 eorum
2809 2359 3026 2427 templa,
3053 2374 3157 2414 non
3185 2362 3500 2416 resurrexit.
3535 2359 3594 2417 Si

343 2433 553 2492 Domini
580 2437 646 2490 ad
693 2436 876 2490 ctelos.
901 2435 1016 2490 Non
1035 2435 1176 2489 enim
1193 2435 1411 2488 venitnt
1431 2433 1664 2488 moriens
1690 2447 1926 2487 morere-
1954 2423 1998 2478 Β
2029 2465 2135 2505 non
2164 2450 2448 2512 ἀθειτηιίι,
2483 2451 2528 2504 εί
2557 2466 2663 2504 non
2687 2423 3058 2506 ροηοηιείεηέη
3094 2467 3282 2507 eorum
3306 2452 3594 2508 simulacra

343 2533 456 2586 tur,
472 2524 564 2579 sed
585 2535 641 2578 ut
657 2538 750 2579 eos
763 2525 851 2593 qui
871 2525 1064 2579 mortui
1085 2523 1515 2578 fuerantvivilica
1527 2532 1624 2576 ret.
1642 2521 1919 2576 Laetamur

341 2617 508 2687 igitur
523 2616 701 2672 omnia
727 2635 740 2670 :
763 2616 899 2671 forte
915 2625 1093 2669 autem
1117 2627 1172 2670 et
1201 2625 1445 2670 creatura
1463 2633 1476 2668 :
1495 2615 1693 2671 clarior
1707 2616 1922 2669 enimet

336 2709 426 2764 sol
469 2720 585 2774 est,
629 2709 920 2763 secundum
956 2722 1192 2778 pra-scus
1226 2709 1326 2762 hoc
1373 2717 1580 2775 tempus
1624 2707 1923 2770 :prolixior

337 2801 489 2856 enim
504 2811 558 2854 et
580 2800 758 2852 lumen
777 2799 1003 2854 habetur
1024 2798 1136 2870 (M)
1158 2813 1172 2852 :
1197 2809 1252 2854 et
1269 2801 1507 2854 omnium
1526 2802 1822 2868 completus
1837 2807 1922 2854 est

347 2893 557 2947 fruetus
591 2909 605 2946 :
634 2901 690 2945 et
713 2892 1059 2946 consentiunt
1095 2889 1268 2945 ollicia
1303 2890 1709 2960 dispensationi.
1737 2890 1920 2946 Soluta

344 2994 528 3039 autem
558 2984 710 3038 nobis
750 2992 833 3037 est
867 2992 922 3037 et
960 2983 1228 3038 sententia
1258 2999 1271 3036 :
1319 2991 1566 3037 revocata
1621 2992 1704 3038 est
1737 2991 1920 3038 nostra

343 3075 617 3132 restitutio
657 3091 673 3128 :
705 3073 1008 3128 obedientia
1049 3073 1192 3127 enim
1229 3073 1474 3137 veniens,
1513 3071 1916 3138 praevaricatio-

347 3169 436 3222 nis
469 3181 655 3238 poenas
682 3167 836 3234 eiecit
863 3183 879 3220 :
918 3164 1121 3234 iustitia
1145 3164 1547 3218 subintroducta
1581 3163 1920 3233 iniquitatem

345 3262 588 3331 repulit:
622 3260 840 3313 veniens
888 3259 995 3312 vita
1048 3267 1276 3312 mortem
1337 3256 1722 3311 mortificavit:
1776 3255 1918 3310 Deus

349 3350 684 3406 descendens
729 3349 999 3404 hominem
1049 3349 1297 3419 perduxit
1333 3349 1398 3402 ad
1450 3347 1637 3403 caelos.
1676 3346 1921 3416 Undique

348 3442 517 3509 igitur
563 3442 795 3512 fulgores
851 3440 1157 3494 festivitatis
1202 3439 1478 3493 lucescant
1520 3437 1653 3509 (42>).
1695 3438 1919 3493 Sursum

349 3537 525 3600 chori,
594 3537 645 3589 iu
704 3545 846 3588 terra
908 3532 1125 3589 laetitias.
1195 3530 1435 3584 Tristant
1499 3531 1633 3582 bona
1689 3529 1920 3595 malum,

346 3626 496 3694 luget
549 3624 897 3694 semetipsum
960 3621 1244 3676 diabolus:
1294 3621 1447 3674 decet
1507 3621 1648 3674 enim
1678 3635 1800 3674 eum
1843 3619 1923 3673 lu-

345 3731 465 3772 ctus
494 3733 658 3770 suns:
695 3716 882 3783 lugent
914 3715 1093 3768 adhuc
1117 3725 1288 3781 usque
1310 3713 1604 3777 dmnwnes,
1634 3719 1689 3765 et
1715 3721 1920 3764 semet-

351 3811 497 3880 ipsos
519 3808 817 3876 deplorant.
860 3807 1092 3862 Tantum
1145 3805 1287 3860 enim
1333 3814 1390 3858 ut
1437 3805 1712 3858 nominata
1760 3803 1924 3859 fuerit

348 3917 503 3966 crux,
546 3907 844 3967 agnoscunt
888 3899 1122 3968 plagam,
1158 3907 1212 3951 et
1255 3912 1363 3952 non
1394 3895 1658 3950 sufferunt
1701 3911 1919 3952 nomen.

347 3991 419 4047 Et
451 4007 519 4046 ne
549 3992 667 4061 quis
715 4001 864 4060 putet
905 3991 1129 4047 oblitum
1179 4005 1264 4044 me
1296 3989 1461 4044 fuisse
1497 3989 1762 4043 hesterna:
1800 4004 1922 4059 pro-

353 4083 626 4139 missionis
655 4098 812 4146 mete;
846 4082 1266 4152 promiseramus
1293 4082 1438 4136 enim
1467 4080 1528 4134 de
1564 4081 1921 4136 resurrectio-

349 4190 421 4230 ne
477 4175 654 4230 dicere
699 4174 854 4240 heri;
907 4172 1232 4245 exposcebat
1284 4172 1430 4228 enim
1485 4182 1714 4243 tempus.
1768 4172 1923 4227 Sicut

350 4267 497 4322 enim
551 4267 667 4322 heri
698 4266 764 4321 de
795 4265 1192 4322 resurrectione
1241 4276 1418 4321 motus
1456 4275 1540 4320 est
1579 4280 1760 4321 sermo
1791 4283 1806 4322 :
1843 4265 1920 4320 ita

352 4361 476 4430 quia
511 4357 776 4413 festivitas
826 4371 1132 4425 regressum
1186 4357 1394 4410 Domini
1442 4355 1666 4426 requirit
1713 4355 1778 4420 ad
1825 4353 1925 4409 Pa-

353 4461 513 4505 trem.
548 4447 825 4502 Firmatur
865 4457 1044 4501 autem
1097 4445 1373 4500 hominum
1409 4445 1763 4508 resurrectio,
1800 4460 1920 4499 cum

352 4542 660 4613 apparuerit
709 4539 877 4594 Filius
923 4552 1172 4592 reversus
1219 4538 1286 4591 ad
1335 4535 1574 4591 Patrem.
1629 4534 1699 4589 Et
1754 4537 1925 4602 majus

351 4633 656 4688 ostenditur
668 4634 807 4702 quod
824 4629 1152 4702 propositum
1164 4637 1267 4694 est,
1285 4644 1404 4684 cum
1422 4629 1734 4698 apparuerit
1748 4643 1927 4702 resnr-

352 4725 521 4780 rectio
551 4724 663 4792 ejus
684 4690 774 4794 qui
806 4690 1087 4778 suscitavit
1115 4690 1263 4794 (46).
1279 4690 1553 4792 Siquidem
1572 4690 1927 4791 etApostolus

351 4819 537 4874 volens
559 4818 846 4874 ostendere
882 4817 1002 4886 quia
1031 4825 1319 4885 resurgunt
1350 4814 1614 4879 homines,
1645 4815 1712 4868 ad
1748 4829 1926 4868 resur'

355 4913 650 4967 rectionem
689 4910 899 4964 Domini
945 4909 1248 4963 transmisit
1281 4922 1434 4962 suum
1488 4921 1826 4971 sermonem,
1872 4915 1928 4961 et

355 5002 525 5056 dixit:
557 5000 615 5056 Si
646 5001 994 5071 compatimur
1016 5011 1070 5054 ut
1101 5011 1148 5054 et
1178 4999 1337 5053 simul
1377 4999 1729 5070 gloriﬁcemur
1750 4999 1817 5053 '°.
1862 4997 1926 5056 Si

2021 2551 2142 2608 post
2172 2557 2410 2604 crucem,
2445 2558 2549 2596 non
2581 2545 2901 2608 resurrexit,
2925 2543 3013 2612 qui
3036 2545 3217 2614 arguit
3243 2560 3305 2600 ea
3333 2561 3452 2616 qua:
3484 2561 3589 2601 non

2021 2635 2231 2697 vivunt.
2262 2633 2320 2688 Si
2349 2648 2454 2689 non
2478 2634 2825 2704 increpantur
2854 2636 3072 2691 nomine
3106 2637 3283 2692 erucis
3301 2652 3490 2694 eorum
3517 2637 3593 2693 dii

2021 2735 2076 2781 et
2106 2727 2397 2793 daemones,
2443 2743 2547 2782 non
2598 2729 2896 2784 resurrexit
2931 2728 3022 2798 qui
3067 2730 3154 2784 his
3185 2730 3274 2799 qui
3311 2745 3415 2785 non
3466 2739 3593 2786 sunt

2025 2819 2282 2874 terribilis
2338 2819 2612 2875 habetur:
2653 2821 2980 2876 confitentur
3031 2822 3176 2876 enim
3211 2832 3266 2878 et
3321 2827 3592 2877 daemones

2023 2931 2479 2988 resurrectionem
2510 2931 2735 2989 Christi.
2765 2934 2865 3002 Qui
2901 2935 3044 2991 enim
3088 2937 3434 2999 exorcizant,
3469 2951 3595 2990 oru-

2024 3038 2140 3078 cem
2169 3024 2379 3079 Domini
2409 3027 2714 3091 nominant,
2756 3035 2810 3082 et
2855 3029 3302 3083 resurrectionem
3347 3043 3362 3083 :
3401 3038 3454 3082 et
3495 3043 3594 3083 no-

2026 3117 2170 3170 mine
2200 3116 2319 3186 ejus
2347 3117 2440 3187 qui
2477 3128 2722 3172 mortuus
2757 3127 2841 3173 est
2871 3131 2928 3175 et
2974 3120 3272 3176 resurrexit
3302 3120 3591 3189 increpan-

2026 3210 2124 3268 tes,
2158 3218 2263 3256 non
2290 3212 2349 3256 ut
2383 3203 2752 3258 inobedientes
2790 3213 2882 3258 aut
2929 3205 3361 3260 contradicentes
3393 3203 3594 3259 habent

2023 3295 2320 3360 daemones,
2357 3298 2448 3350 sed
2477 3295 2830 3350 obaudientes
2863 3305 2917 3351 et
2959 3297 3360 3351 consentientes
3412 3311 3595 3351 resur-

2022 3387 2336 3441 rectionem.
2393 3386 2498 3441 Sed
2553 3385 2720 3441 Judaei
2777 3387 3025 3442 dubitant
3075 3389 3142 3442 de
3194 3388 3593 3442 resurrectione

2023 3477 2247 3532 Christi.
2284 3477 2500 3533 Utinam
2531 3495 2639 3532 non
2682 3480 3009 3544 dubitarent,
3049 3489 3107 3534 ut
3137 3489 3190 3536 et
3219 3480 3318 3549 ipsi
3345 3495 3594 3551 resurge-

2026 3578 2146 3623 rent
2175 3584 2204 3622 a
2245 3569 2483 3638 peccatis
2509 3570 2641 3631 suis.
2693 3570 2745 3623 iu
2779 3572 2974 3640 quibus
3015 3572 3212 3625 mortui
3237 3581 3292 3625 et
3321 3586 3446 3627 vere
3471 3582 3594 3626 sunt

2025 3659 2254 3713 mortui!
2279 3660 2335 3715 Si
2361 3668 2538 3714 autem
2556 3661 2831 3725 dubitant,
2851 3659 3132 3715 ostendant
3149 3659 3420 3714 civitatem
3443 3675 3592 3713 suam

1950 3774 1992 3830 ρ
2025 3759 2140 3819 post
2171 3763 2232 3803 ea
2265 3764 2382 3818 qure
2408 3749 2522 3803 ausi
2558 3759 2704 3816 sunt,
2740 3759 2997 3803 stantem.
3047 3748 3113 3802 Et
3140 3761 3266 3801 vere
3312 3746 3403 3814 qui
3449 3760 3594 3799 mor-

2027 3851 2148 3895 tuus
2174 3849 2254 3896 est
2286 3851 2529 3896 mortuus
2561 3849 2663 3905 est,
2705 3841 2830 3912 quia
2859 3850 3004 3896 stant
3030 3839 3120 3912 qui
3149 3835 3438 3892 alliserunt
3464 3850 3592 3890 cru-

2023 3932 2092 3986 ci.
2119 3933 2176 3987 Si
2211 3941 2390 3988 autem
2419 3933 2633 3988 deserta
2663 3943 2744 3989 est
2786 3933 2977 3988 civitas
3019 3933 3088 3988 ob
3121 3932 3403 3987 audaciam
3451 3929 3588 3983 inco-

2022 4022 2214 4086 larum.
2241 4024 2331 4094 qui
2368 4034 2488 4092 post
2525 4034 2753 4078 mortem
2779 4024 2990 4080 cruciat
3017 4039 3112 4079 eos
3142 4023 3268 4092 quia
3301 4027 3452 4084 sunt,
3497 4018 3600 4074 uti:-

2020 4127 2127 4182 que
2151 4113 2336 4168 vivens
2359 4115 2411 4166 id
2443 4115 2602 4185 gerit.
2630 4113 2691 4169 Si
2712 4129 2814 4169 non
2833 4116 2999 4169 servit
3025 4129 3211 4169 eorum
3237 4127 3395 4185 gens,
3415 4111 3459 4166 si
3483 4125 3595 4164 non

2023 4214 2427 4260 excusaverunt
2459 4221 2616 4261 suum
2656 4221 2868 4278 regem,
2917 4207 2961 4262 si
3009 4217 3093 4262 est
3130 4223 3251 4262 cum
3286 4206 3418 4276 ipsis
3467 4218 3598 4274 pro-

2025 4295 2222 4364 pheta;
2257 4311 2363 4350 non
2394 4307 2476 4352 est
2529 4297 2703 4353 factus
2732 4298 2908 4354 exitus
2937 4298 3332 4369 praedicationis
3362 4297 3596 4366 prophe-

2027 4396 2224 4440 tarum.
2258 4386 2316 4440 Si
2351 4397 2530 4442 autem
2563 4388 2754 4444 civitas
2779 4406 2966 4446 eorum
2996 4390 3212 4444 deserta
3231 4397 3334 4451 est,
3350 4387 3394 4440 si
3426 4383 3598 4439 altare

2019 4474 2131 4546 jam
2161 4491 2264 4530 non
2296 4487 2379 4531 est
2407 4479 2508 4544 eis,
2559 4495 2660 4534 non
2695 4481 2976 4543 sacerdos,
3009 4493 3112 4532 non
3160 4492 3278 4543 rex,
3330 4490 3434 4529 non
3471 4489 3594 4543 pro-

2026 4565 2206 4632 pheta.
2245 4581 2349 4619 non
2381 4567 2636 4636 Spiritus;
2659 4582 2756 4637 per
2778 4582 2938 4636 quem
2971 4565 3110 4620 ista?
3141 4564 3197 4618 Si
3231 4572 3412 4617 autem
3437 4571 3495 4616 et
3517 4560 3597 4615 di-

2025 4660 2175 4706 catur
2201 4661 2269 4708 ab
2301 4655 2379 4709 eis
2411 4657 2764 4728 impudenter,
2814 4657 2936 4726 quia
2966 4655 3238 4712 civitatem
3289 4668 3471 4709 eorum
3501 4652 3598 4706 de-

2025 4750 2340 4798 struxerunt
2388 4747 2672 4812 homines;
2707 4756 2887 4800 utrum
2927 4746 3259 4802 concedente
3291 4743 3402 4798 Deo
3434 4751 3491 4798 et
3522 4743 3603 4796 ita!

2025 4834 2390 4901 permittente,
2428 4835 2597 4905 magis
2629 4845 2810 4890 autem
2857 4834 3205 4904 mdignante?
3231 4834 3417 4888 dicant
3467 4847 3600 4887 cau-

2026 4935 2139 4975 sam
2189 4925 2414 4990 peccati.
2447 4924 2612 4979 Putas
2637 4936 2856 4996 propter
2887 4923 3289 4980 idololatriam?
3340 4932 3396 4978 et
3451 4930 3599 4977 certe
3618 4919 3638 4993 ἢ

2027 5027 2169 5068 nunc
2198 5014 2336 5070 idola
2366 5031 2473 5070 non
2513 5017 2716 5072 colunt.
2751 5017 2858 5073 Sed
2889 5018 3015 5089 quia
3060 5019 3350 5086 prophetas
3377 5011 3602 5070 occide-
3630 5000 3635 5008 ’

352 5094 546 5146 “om”
582 5111 684 5147 ηοη
713 5101 1012 5164 νεευτθηητι
1043 5109 1205 5163 neque
1248 5091 1489 5147 (ῙῙινίδηη
1516 5094 1800 5146 "mne-’0“
1827 5092 1870 5124 “
1906 5112 1921 5149 ε
1957 5117 2003 5171 ι)
2031 5111 2157 5158 runt
2212 5105 2544 5177 aliquando?
2569 5118 2625 5163 et
2681 5118 2826 5164 certe
2876 5125 2998 5164 cum
3051 5123 3144 5163 eos
3205 5105 3598 5169 interﬁcerent,

353 5191 415 5237 ut
444 5197 512 5237 ex
547 5183 646 5237 hoc
673 5184 1014 5239 manifestum
1045 5185 1138 5250 sit,
1165 5185 1444 5239 hominum
1472 5185 1920 5242 resurrectionem

353 5275 508 5346 sequi
540 5274 748 5330 Domini
778 5278 1252 5334 resurrectionem.
1288 5276 1352 5333 Et
1407 5277 1673 5334 mirabilia
1701 5279 1920 5350 quidem

425 5387 474 5421 “
508 5387 666 5444 Rom.
698 5404 817 5454 vin,
854 5390 942 5445 Π.
1037 5391 1079 5422 ⁶¹
1105 5387 1122 5442 l
1150 5391 1275 5447 Cor.
1302 5408 1392 5459 xv,
1419 5391 1506 5448 16.

572 5524 674 5600 his.
708 5525 814 5600 Per
838 5543 988 5598 quem
1015 5536 1223 5600 mortua
1244 5529 1449 5600 quidem
1482 5548 1642 5586 mors.

447 5595 541 5662 44)
592 5597 694 5651 Ms.
747 5595 1015 5651 Pro’lixius
1037 5599 1172 5650 enim
1227 5595 1273 5654 et
1309 5600 1483 5655 (auten
1525 5605 1766 5659 habetur.
1795 5603 1930 5662 Pro-

356 5664 747 5738 lixioreseuim
786 5679 914 5722 tunc
939 5669 1054 5723 dies
1083 5682 1201 5723 esse
1235 5669 1517 5738 incipiunt.

447 5735 538 5808 45)
573 5736 671 5808 διε.
703 5736 1011 5794 Lucescunt.

449 5805 538 5876 ιϐ)
583 5805 885 5866 Suscitarit.
922 5808 1084 5866 Forte
1103 5809 1399 5865 suscitabit.

2033 5194 2348 5250 habitabant
2370 5198 2648 5253 civitatem
2690 5214 2864 5254 suam.
2893 5198 3000 5253 Sed
3023 5199 3148 5268 quia
3180 5197 3435 5269 templum
3465 5211 3601 5251 con-

2029 5286 2360 5344 taminarunt
2381 5289 2705 5362 aliquando?
2731 5298 2786 5346 et
2805 5299 2951 5346 certe
2979 5292 3408 5346 contaminantes
3435 5285 3610 5344 habe-

2108 5538 2240 5612 (46⁸)
2394 5519 2460 5595 ι
2493 5552 2899 5606 roqnosceretur.

2110 5607 2229 5683 (47)
2280 5611 2378 5666 Ms.
2425 5613 2738 5681 Confessiles
2764 5631 2784 5668 :
2818 5611 2984 5681 aperti
3019 5621 3074 5666 et
3105 5609 3337 5683 professi
3375 5607 3607 5683 inimici,

2035 5683 2171 5806 inll‘ra
2205 5677 2299 5734 lib.
2330 5699 2365 5747 r,
2395 5684 2459 5735 de
2485 5677 2800 5754 incorporali
2827 5677 2946 5754 post
2973 5677 3121 5738 med.
3158 5696 3326 5736 nonne
3352 5677 3608 5748 confessi-

2069 5769 2082 5807 t
2107 5768 2134 5805 e
2161 5761 2257 5819 est,
2287 5761 2391 5808 etc.
