4098 6398
506 5975 530 5991 ἰ

535 360 676 418 1095
1241 359 1510 416 EUSEBII
1547 357 2018 415 CESARIENSIS
2055 357 2203 412 OPP.
2247 355 2426 411 PARS
2463 356 2557 414 IV.
2595 343 2668 396 4-
2703 353 3129 412 DOGMATICA.
3649 357 3784 415 {096

535 481 688 537 bant.
721 477 849 546 Quae
871 492 1004 548 ergo
1027 492 1188 533 causa
1217 489 1297 532 est
1316 487 1374 533 ut
1399 479 1476 534 ira
1509 479 1768 534 adversus
1797 494 1892 534 eos
1923 479 1993 532 sit
2018 478 2108 532 Dei
2137 484 2184 540 Α
2214 493 2316 544 res,
2341 487 2387 530 et
2413 477 2540 543 ipsa:
2571 475 2848 544 fornicata:
2869 485 2990 528 sunt
3025 491 3078 528 tn
3097 472 3330 543 .Eggpto
3358 473 3412 527 in
3438 473 3783 530 adolescentia

539 563 720 619 nunc?
763 564 828 617 Et
876 574 1022 617 certe
1066 565 1359 616 secundum
1417 564 1655 631 ipsorum
1687 579 1994 618 sermonem
2045 573 2105 616 ut
2214 585 2311 622 sua
2350 567 2416 620 ⁸³.
2455 566 2764 622 Foruicatio
2815 575 2996 619 autem
3027 565 3078 617 ili
3114 563 3392 633 Scriptura
3425 566 3498 620 ita
3550 566 3784 632 ponitur,

541 659 710 720 aiunt,
747 658 950 708 utinam
983 654 1270 709 videantur
1323 657 1732 726 religiositatem
1779 656 2004 712 fecisse!
2056 655 2112 710 Si
2215 661 2343 730 quia
2365 661 2662 714 secundum
2694 657 3122 712 misericordiam
3156 657 3485 724 dignabatur
3515 657 3656 712 Dens
3679 669 3787 712 tan-

538 747 682 800 enim
716 744 1009 798 solventem
1037 745 1230 814 legem,
1278 754 1334 800 et
1377 747 1443 799 de
1473 746 1587 815 lege
1613 755 1798 800 contra
1831 745 2112 800 facientem
2217 767 2380 821 quam
2429 749 2762 818 conjungens
2811 749 2911 802 sibi
2947 758 3073 801 tunc
3127 745 3340 816 quidem
3399 749 3740 819 Synagogam
3769 791 3784 814 ,

539 836 858 889 invenerunt
888 835 1167 886 Dominum
1193 832 1596 896 Jesuui,ctnon
1634 835 1854 898 invidia,
1881 836 1972 889 sed
2001 835 2116 888 zelo
2219 857 2360 895 nunc
2387 850 2568 893 autem
2593 837 2912 892 Ecclesiam.
2962 837 3045 891 Ab
3096 852 3160 890 eo
3202 854 3331 907 ergo
3361 838 3450 906 qui
3491 839 3785 892 secundum

541 941 637 993 pro
679 925 792 992 lege
825 923 1110 976 aflixerunt
1141 925 1287 978 cruci
1325 942 1340 979 :
1375 925 1660 994 oportebat
1697 926 1864 980 Deum
1911 936 1965 978 et
2013 925 2115 978 alia
2218 929 2650 984 misericordiam
2685 924 3048 994 coniungebat
3085 927 3342 990 recessio,
3378 938 3433 980 et
3456 926 3790 980 daemonibus

539 1017 620 1068 eis
654 1025 875 1084 peccata
909 1015 1178 1067 dimittere
1205 1015 1372 1082 magis
1401 1027 1622 1084 propter
1645 1015 1799 1067 istam
1828 1015 2115 1080 justitiam,
2219 1021 2544 1088 conjunctio,
2572 1031 2622 1074 et
2650 1019 2977 1080 idololatria,
3003 1018 3292 1073 fornicatio
3333 1020 3627 1072 secundum
3652 1018 3792 1072 Scri-

539 1123 700 1178 qnam
728 1124 869 1162 nunc
891 1109 1070 1162 eosita
1103 1112 1308 1178 punire.
1339 1110 1400 1162 Et
1423 1112 1548 1163 licet
1581 1111 1676 1178 ipsi
1707 1119 1890 1162 essent
1933 1126 2116 1178 pecca-
2222 1124 2437 1182 plorant
2473 1111 2773 1166 reetissime
2830 1109 3159 1164 nominatur.
3197 1110 3332 1176 Quia
3369 1127 3499 1180 ergo
3528 1111 3667 1164 idola
3705 1125 3792 1164 co-

542 1211 709 1265 tores,
741 1211 810 1277 et.
843 1201 946 1253 alia
987 1201 1248 1254 haberent
1299 1212 1557 1269 peccata;
1621 1211 1797 1254 tamen
1854 1198 2118 1253 Dominus
2221 1206 2407 1260 labant
2438 1205 2490 1258 in
2539 1203 2797 1274 Egypto,
2847 1204 2964 1258 ideo
3004 1219 3099 1273 per
3146 1202 3461 1270 prophetam
3513 1203 3627 1254 ait:
3661 1199 3794 1254 Date

545 1289 702 1346 Jesus
730 1333 744 1354 ,
777 1307 933 1360 quem
985 1293 1080 1363 ipsi
1127 1293 1230 1364 legi
1281 1295 1555 1346 contraria
1601 1291 1884 1348 facientem
1915 1296 2116 1358 dixere,
2220 1305 2371 1350 erant
2399 1311 2623 1358 sorores,
2653 1304 2700 1347 et
2753 1295 2880 1360 ipsa:
2911 1293 3184 1360 fornicata!
3213 1301 3334 1344 sunt
3362 1292 3414 1342 in
3445 1287 3794 1342 adolescentia

541 1401 668 1439 cum
699 1387 838 1454 apud
875 1403 969 1439 eos
1019 1398 1185 1449 esset,
1223 1385 1548 1454 prtedicebat
1581 1388 1708 1455 quia
1746 1388 2118 1441 destrueretur
2222 1406 2317 1442 sua
2363 1389 2416 1440 in
2449 1385 2702 1456 .Egypto.
2735 1385 2978 1453 Denique
3019 1395 3073 1440 et
3114 1383 3278 1454 Moysi
3321 1397 3608 1436 successor
3637 1379 3796 1434 Jesus

539 1492 727 1531 eorum
780 1479 1059 1548 templum,
1122 1487 1176 1532 et
1229 1479 1634 1546 depra-daretur
1683 1494 1870 1533 eorum
1928 1481 2120 1534 civitas
2223 1479 2386 1540 Nave,
2425 1479 2687 1532 utandans
2719 1475 2914 1545 populo
2944 1475 3008 1528 de
3046 1491 3143 1530 suo
3189 1475 3334 1528 exitu
3381 1475 3512 1526 dicit
3547 1489 3560 1523 :
3595 1471 3796 1536 Quibus

547 1579 764 1638 propter
786 1569 836 1622 id
862 1572 1002 1638 quod
1039 1575 1294 1625 adversus
1325 1587 1385 1625 se
1415 1572 1704 1626 audebant.
1729 1572 1852 1626 Etsi
1888 1573 1984 1642 ipsi
2018 1575 2118 1627 alia
2225 1571 2376 1626 vultis
2417 1573 2608 1625 servire
2642 1570 2788 1623 diis?
2839 1567 2980 1622 Num
3031 1569 3108 1620 his
3154 1585 3281 1636 quas
3310 1567 3581 1619 coluerunt
3624 1575 3797 1631 patres

555 1661 825 1715 habebant
854 1674 1095 1730 peccata,
1141 1664 1280 1718 Deus
1311 1676 1489 1717 autem
1527 1682 1629 1718 non
1675 1665 1948 1720 videretur
1975 1683 2124 1720 inen-
2223 1665 2376 1717 vestri
2395 1664 2447 1714 in
2475 1661 2707 1732 [Egypto
2727 1661 2814 1715 ⁸δῖ
2849 1660 2984 1728 Quid
3011 1671 3188 1712 autem
3219 1675 3354 1728 opus
3392 1666 3474 1711 est
3503 1657 3794 1725 prophetas

554 1755 685 1819 dax,
721 1766 772 1807 ιιι
801 1756 900 1824 ipsi
943 1756 1337 1824 blasplicmant,
1369 1759 1702 1811 inveniretur
1733 1770 1910 1812 autem
1937 1774 2118 1825 verax,
2221 1753 2453 1809 vocare?
2489 1753 2663 1820 ipsum
2711 1752 2877 1806 lsrael
2911 1761 3098 1804 teStem
3130 1750 3415 1802 adversum
3465 1763 3522 1801 se
3551 1757 3604 1801 et
3647 1747 3798 1816 ipso-

555 1861 748 1916 passus
785 1849 969 1917 utique
1005 1847 1195 1902 fuisset
1242 1850 1348 1903 alia
1393 1865 1579 1903 eorum
1617 1861 1860 1920 peccata,
1906 1863 1961 1906 ut
1993 1869 2122 1905 con-
2150 1831 2194 1884 Β
2225 1861 2340 1899 rum
2369 1859 2555 1898 vocem
2589 1845 2854 1914 produco,
2899 1852 2954 1896 ut
2994 1841 3274 1894 ostendam
3312 1839 3436 1908 quia
3473 1839 3611 1892 idola
3659 1838 3800 1891 cole-

541 1941 852 1994 firmaretur
885 1943 1094 1994 docenti
1119 1943 1428 2010 [traulicatio
1465 1944 1574 2004 illa,
1606 1959 1724 2013 qua:
1755 1953 1809 1997 et
1832 1944 1987 1998 carcis
2023 1958 2120 1997 cx-

2225 1936 2356 1990 hant
2403 1937 2454 1988 in
2504 1933 2763 2004 Egypto.
2795 1935 2930 2000 Quia
2988 1935 3130 1988 enim
3179 1941 3440 1986 exeuntes
3469 1934 3534 1984 de
3561 1929 3801 2000 Aigypto

541 2033 680 2086 stitit
723 2033 1032 2096 manifesta,
1065 2043 1120 2086 et
1155 2037 1460 2090 videntibus
1498 2037 1783 2106 completa.
1833 2035 2122 2105 Apostolus
2223 2037 2380 2082 erant
2414 2029 2464 2080 in
2519 2028 2756 2092 deserto,
2787 2038 2840 2079 et
2888 2024 3102 2096 Moyses
3136 2025 3459 2078 ascenderat
3511 2036 3803 2092 apportari:

541 2127 684 2178 enim
735 2123 932 2178 Paulus
977 2127 1041 2178 ad
1093 2125 1311 2180 Galatas
1364 2127 1610 2182 scribens
1662 2128 1740 2182 ait
1782 2145 1795 2180 :
1836 2125 1972 2192 Quia
2000 2137 2122 2181 ante
2224 2120 2501 2188 sacrilegis
2531 2117 3101 2188 legem,quadraginta
3121 2127 3300 2168 autem
3323 2114 3437 2168 dies
3461 2114 3804 2182 protenderat

542 2215 722 2270 oculos
782 2233 963 2271 eorum
1012 2221 1298 2288 descriptus
1341 2230 1413 2272 est
1465 2221 1618 2274 Jesus
1660 2219 1899 2274 Christus
1953 2221 2124 2273 cruci-
2227 2213 2277 2266 itt
2303 2221 2482 2264 monte
2509 2209 2764 2280 Moyses:
2803 2218 2966 2278 caput
3005 2207 3154 2260 vituli
3185 2207 3288 2260 sibi
3322 2206 3639 2268 COIIllilllle-‘s
3693 2205 3804 2259 013'

541 2309 682 2379 ﬁxus
714 2309 780 2363 ⁶².
815 2309 926 2380 Ego
952 2321 1133 2364 autem
1174 2322 1228 2364 et
1258 2313 1466 2365 audebo
1499 2312 1761 2366 adversus
1798 2329 1888 2366 vos
1919 2313 2120 2376 dicere,
2227 2305 2449 2358 litabant
2503 2303 2617 2356 suis
2677 2303 2875 2372 linguis
2931 2302 3220 2354 adversum
3261 2315 3318 2352 se
3352 2317 3364 2352 :
3403 2297 3506 2351 Isti
3562 2299 3635 2350 dii
3689 2299 3802 2364 tui,

548 2404 672 2471 quia
713 2419 892 2458 sermo
946 2413 1072 2457 ante
1121 2405 1309 2458 oeulos
1360 2415 1570 2458 vestros
1619 2405 1878 2458 describit
1938 2402 2120 2459 .Iesum
2225 2393 2418 2456 Israel,
2443 2394 2532 2464 qui
2562 2393 2848 2446 eduxerunt
2885 2403 2932 2446 te
2983 2392 3212 2445 deterra
3235 2389 3542 2460 {Egypti“.
3574 2389 3684 2444 lloc
3707 2406 3806 2444 au-

543 2493 828 2549 Christum
860 2497 1222 2550 resin-rexisse
1259 2512 1287 2549 τι
1319 2497 1565 2550 mortuis.
1613 2495 1749 2562 Quid
1777 2497 1919 2550 enim
1971 2511 2122 2565 quag-
2229 2500 2334 2544 tem
2371 2488 2736 2550 commendat,
2769 2487 2894 2556 quia
2938 2487 3026 2554 qui
3060 2497 3109 2539 et
3165 2486 3216 2538 itt
3269 2487 3486 2539 deserto
3523 2485 3806 2538 coluerunt

545 2585 662 2642 ris?
699 2603 802 2640 non
836 2587 1082 2642 invenies
1121 2589 1288 2642 solem
1329 2589 1652 2642 clariorem:
1684 2593 1750 2643 ad
1795 2589 2124 2642 satisfactio-

2228 2579 2369 2634 idola
2401 2578 2663 2634 facientes
2706 2577 2806 2630 sibi
2843 2576 2990 2630 vituli
3018 2585 3200 2642 caput,
3227 2583 3282 2628 et
3308 2575 3446 2642 apud
3471 2572 3791 2642 Egyptnm.

545 2693 667 2733 nem
703 2678 814 2748 (48)
845 2681 1260 2736 resurrectionis
1289 2679 1527 2746 Domini,
1561 2681 1844 2750 gentilium
1877 2683 2123 2749 quotidie

2229 2670 2424 2726 Dixere
2442 2669 2584 2724 enim
2608 2667 2736 2722 :Isti
2766 2667 2842 2718 dii
2869 2667 2972 2730 tui,
3001 2664 3198 2728 Israel,
3233 2666 3321 2734 qui
3355 2665 3644 2718 eduxerunt
3667 2675 3716 2716 te
3743 2667 3807 2718 de

542 2769 880 2824 deficientem
911 2769 1200 2824 culturam.
1229 2768 1630 2824 Protenduntur
1653 2781 1830 2826 autem
1867 2769 2126 2824 Ecclesia:
2227 2776 2370 2818 terra
2401 2761 2644 2832 Afgypti.
2680 2758 3064 2815 Accusantium
3097 2773 3194 2810 vox
3225 2767 3306 2811 est
3340 2757 3462 2825 quia
3499 2757 3807 2810 istiusmodi

544 2858 709 2925 bona,
755 2871 802 2914 et
845 2859 1088 2928 quotidie
1117 2869 1394 2914 crescunt.
1444 2856 1708 2914 lniinicus
1760 2875 1891 2930 ergo
1927 2869 1983 2912 ut
2024 2861 2123 2928 ipsi
2230 2855 2638 2910 venerabantur
2681 2851 2847 2913 idola,
2884 2851 3060 2904 ethos
3085 2849 3336 2903 colebant
3365 2858 3420 2902 et
3459 2847 3510 2901 in
3552 2847 3806 2917 Egyptn,

544 2959 734 3019 putant
760 2949 908 3018 legis,
942 2951 1032 3017 qui
1065 2950 1300 3002 vindieat
1333 2949 1385 3001 iu
1436 2950 1694 3004 adversos
1724 2959 1779 3004 et
1803 2953 2129 3004 domesticos
2228 2947 2426 3015 quibus
2464 2954 2517 2999 et
2559 2943 2863 2999 reddebant
2895 2942 3132 3012 gratiam
3199 2939 3529 3010 egressionis
3561 2955 3694 2994 suae.
3749 2940 3808 2994 Si

545 3055 695 3101 suos,
748 3038 1037 3101 exaltatur,
1082 3039 1228 3091 vivit.
1269 3039 1433 3092 Putas
1477 3051 1570 3091 aut
1620 3055 1723 3093 non
1783 3041 1967 3093 vivens
2017 3041 2130 3093 haec
2232 3048 2408 3092 autem
2443 3036 2702 3100 dixerint,
2734 3035 2861 3105 quia
2898 3033 3002 3086 alia
3033 3044 3252 3102 peccata
3286 3031 3573 3086 habuimus
3599 3031 3670 3085 ob
3691 3047 3810 3101 qua:

547 3147 669 3202 qua!
701 3149 803 3185 non
837 3133 1076 3185 viventes
1123 3141 1369 3201 possunt,
1421 3133 1535 3200 ipse
1583 3131 1880 3200 operatur?
1910 3133 2125 3186 Occasio
2153 3173 2194 3202 ρ
2232 3141 2285 3184 et
2312 3132 2378 3184 ad
2411 3130 2688 3184 desertmn
2745 3128 3003 3196 perducta
3038 3142 3224 3181 eorum
3270 3125 3498 3190 civitas,
3543 3133 3597 3179 et
3644 3125 3811 3178 servit

546 3221 746 3276 Julia-is
782 3219 926 3274 nulla
964 3221 1147 3274 relicta
1185 3231 1288 3274 est.
1329 3221 1464 3274 Cum
1516 3223 1659 3275 enim
1718 3223 1902 3275 dicunt
1925 3264 1938 3288 ,
1997 3225 2121 3294 quia
2155 3215 2194 3229 ν
2229 3239 2382 3294 gens,
2412 3231 2466 3276 et
2499 3235 2673 3290 neque
2699 3221 2960 3290 propheta
2987 3237 3107 3273 cum
3139 3219 3268 3288 ipsis
3287 3229 3390 3278 est,
3425 3233 3600 3286 neque
3618 3215 3812 3282 altare,

548 3311 651 3364 alia
685 3322 904 3378 peccata
947 3311 1256 3374 habuimus,
1285 3321 1338 3364 et
1392 3309 1514 3363 ideo
1545 3309 1699 3378 ejecti
1741 3325 1930 3365 sumus
1961 3325 2122 3366 nunc.
2229 3331 2330 3370 nec
2363 3331 2479 3378 rex,
2519 3329 2620 3368 nec
2652 3315 2948 3379 sacerdos;
2979 3313 3123 3382 quod
3177 3322 3457 3380 peccatqu
3503 3310 3679 3378 majus
3727 3319 3813 3364 est

549 3401 789 3456 Primum
849 3413 931 3457 est
975 3405 1142 3470 enim,
1195 3403 1410 3472 quando
1455 3421 1560 3456 non
1617 3405 1860 3470 peccavit
1919 3402 2127 3457 lsrael?
2229 3405 2680 3476 irreligiositate?
2708 3405 2764 3458 Si
2801 3415 2984 3458 autem
3024 3404 3266 3458 colentes
3310 3403 3450 3457 idola
3485 3405 3534 3457 in
3574 3401 3815 3474 Aigypto

545 3495 761 3565 quando
802 3511 906 3547 ttnn
943 3509 1033 3547 eos
1059 3505 1139 3548 est
1171 3510 1359 3562 passus
1393 3494 1533 3548 Deus
1567 3496 1668 3548 nisi
1707 3509 1850 3548 nunc
1903 3495 2074 3549 solum
2103 3495 2126 3548 ?
2231 3501 2488 3554 exierunt
2511 3515 2574 3552 ex
2608 3497 2876 3569 Egypto;
2903 3513 3006 3552 non
3027 3495 3371 3550 eratfacilins
3401 3497 3698 3565 irreligiose
3716 3511 3814 3552 eos

546 3585 736 3642 ﬁoune
765 3590 813 3639 in
839 3585 1074 3657 AEgypto
1121 3586 1257 3640 idola
1307 3587 1601 3642 colebant?
1631 3587 1793 3641 Putas
1827 3603 1956 3658 ergo
1992 3587 2122 3656 quia
2231 3603 2453 3662 agentes
2476 3593 2613 3660 apud
2646 3588 2908 3648 Judteatn,
2937 3589 3130 3644 reverti
3167 3589 3218 3640 in
3247 3585 3527 3640 Iudaeam?
3557 3589 3662 3642 Sed
3691 3589 3814 3642 ausi

548 3679 800 3732 colebant
824 3679 960 3732 idola
989 3677 1214 3746 primatu
1250 3678 1406 3731 istaut
1439 3677 1894 3748 irrcligiositatetn
1925 3680 2124 3732 adtttit-
2237 3694 2364 3738 sunt
2381 3685 2583 3750 dicere,
2617 3683 2740 3751 quia
2772 3681 2890 3735 ideo
2916 3696 3058 3734 mine
3083 3681 3475 3734 nou-habemus
3493 3680 3812 3746 prophetas,

547 3781 740 3835 tentes,
759 3771 882 3824 ideo
908 3785 1010 3822 non
1031 3781 1156 3822 sunt
1173 3769 1332 3837 cjecti
1366 3769 1432 3823 de
1451 3767 1728 3839 Egypto?
1749 3771 1811 3823 Et
1839 3781 1984 3825 certe
2003 3786 2124 3824 cum
2229 3777 2353 3846 quia
2387 3775 2527 3828 inter
2545 3787 2731 3844 gentes
2761 3773 2934 3843 sparsi
2957 3773 3218 3825 videatur.
3243 3770 3484 3837 Ubiergo
3500 3773 3646 3824 venit
3669 3771 3816 3840 Moy-

549 3863 734 3917 niultis
763 3862 997 3931 signiset
1023 3861 1280 3930 prodigiis
1308 3871 1363 3916 et
1393 3863 1752 3928 mirabilibus,
1782 3877 1902 3916 cum
1936 3879 2128 3932 percu.
2229 3855 2612 3919 ses?nonnein
2631 3863 2896 3933 Egypto?
2911 3865 2998 3916 ubi
3019 3861 3386 3927 Maria,soror
3403 3862 3609 3933 Moysi?
3633 3877 3818 3916 uouiie

549 3965 794 4009 terentur
828 3953 1062 4024 ΛεωνιῙί
1099 3953 1283 4008 decem
1315 3953 1508 4023 plagis,
1561 3955 1700 4009 liber
1743 3965 1925 4010 autem
1981 3963 2127 4010 esset
2229 3958 2286 4012 in
2313 3957 2582 4029 Egypto?
2620 3958 2708 4012 ubi
2740 3957 3075 4026 septuaginta
3120 3955 3261 4009 duo?
3291 3971 3467 4008 nonne
3507 3957 3558 4008 in
3597 3955 3817 4009 deserto

547 4045 712 4102 Israel
738 4063 765 4098 a
798 4049 982 4100 decem
1017 4046 1188 4115 plagis
1230 4047 1551 4102 cohabitaus
1594 4047 1810 4101 iisdem.
1853 4047 1920 4103 Et
1947 4050 2127 4117 operi-
2229 4049 2656 4119 gentimnﬂ’ost
2681 4048 2794 4102 haec
2817 4059 2996 4102 autem
3016 4049 3102 4101 tibi
3128 4048 3624 4102 Daniel?uonneiu
3644 4048 3820 4118 Baby-

549 4139 648 4192 bus
681 4137 792 4208 (49)
825 4139 1040 4206 quidem
1090 4147 1208 4190 erat
1240 4136 1480 4208 Egypti,
1535 4140 1628 4194 Dei
1675 4150 1856 4194 autem
1905 4141 2124 4195 miseri-
2229 4141 2411 4195 lonia?
2443 4141 2540 4196 Ubi
2593 4152 2700 4196 tres
2730 4141 2848 4211 ejus
2894 4139 3130 4194 fratres?
3181 4157 3358 4196 nonne
3413 4141 3465 4194 in
3516 4141 3816 4212 Babylonia

549 4231 728 4285 cordia
759 4247 786 4281 a
820 4229 988 4298 plagis
1013 4227 1393 4299 IEgypliul‘ulu
1442 4229 1782 4284 habebantur
1831 4231 2122 4288 immunes.
2231 4235 2370 4302 apud
2417 4233 2642 4303 gentes?
2676 4233 2777 4288 Ubi
2819 4235 3022 4304 degunt
3061 4235 3153 4304 qui
3201 4234 3494 4304 jejunant?
3541 4251 3727 4288 nonne
3761 4235 3813 4287 in

551 4322 608 4378 Si
637 4325 798 4392 igitur
830 4329 1048 4391 propter
1077 4321 1380 4375 istiusmodi
1406 4333 1624 4390 peccata
1651 4323 1822 4392 plaga:
1845 4333 1997 4388 sunt,
2035 4323 2128 4377 de-
2229 4325 2521 4396 gentibus?
2549 4327 2636 4380 ubi
2671 4324 2894 4380 ﬂamma
2935 4326 3202 4396 ignoravit
3225 4343 3378 4380 suam
3405 4325 3692 4380 naturam?
3725 4325 3816 4379 tibi

550 4415 778 4469 buerant
807 4430 858 4466 ιιι
888 4412 1121 4483 Αἰςγμιυ
1151 4429 1273 4466 cum
1300 4415 1712 4468 adducebantur
1741 4415 1911 4484 plagae
1943 4415 2131 4469 adver-
2229 4417 2526 4472 Zacharias
2573 4417 2872 4485 propheta?
2905 4419 2992 4472 ubi
3048 4419 3281 4487 Angelus
3328 4415 3484 4488 (50)?
3544 4417 3598 4471 Si
3635 4429 3818 4472 autem

551 4525 642 4562 sus
673 4505 974 4577 .‘Egyptios,
1007 4505 1120 4558 dari
1152 4515 1204 4558 et
1239 4502 1467 4568 iudicis,
1496 4508 1587 4576 qui
1615 4521 1739 4560 cum
1763 4507 2125 4560 coliabitanti-
2161 4517 2204 4570 ι)
2235 4510 2408 4580 prima
2450 4519 2506 4564 et
2541 4510 2716 4576 media
2751 4510 2802 4562 iti
2837 4511 3115 4580 gentibus,
3165 4525 3288 4564 cum
3347 4511 3478 4579 ipsis
3503 4522 3660 4564 erant
3697 4527 3818 4580 pro-

553 4601 654 4655 bus
699 4601 834 4653 idola
889 4601 1224 4666 adorabunt,
1298 4599 1388 4667 qui
1443 4613 1500 4651 et
1554 4597 1930 4652 cohabitantes
1976 4599 2135 4652 simul
2237 4600 2434 4668 phette.
2495 4598 2564 4653 Et
2592 4607 2743 4652 certe
2778 4601 2918 4668 apud
2953 4597 3306 4669 Babyloniam
3359 4608 3514 4652 extra
3573 4597 3671 4651 hos
3725 4601 3820 4667 qui

531 4709 674 4758 ,cmu
703 4693 887 4745 iisdem
919 4695 1235 4760 peccabant.
1291 4689 1346 4745 Si
1385 4699 1568 4743 autent
1607 4689 1747 4742 idola
1777 4691 1993 4758 quidem
2038 4705 2135 4744 co-
2235 4683 2476 4762 piatdicti
2507 4701 2668 4760 sunt,
2702 4708 2889 4746 omnes
2913 4691 3086 4746 Judazi
3131 4692 3810 4759 ador-avertuntimaginem

553 4783 694 4839 lebat
723 4785 772 4837 in
805 4781 1037 4855 Egypto
1069 4785 1258 4848 Israel,
1297 4793 1351 4837 et
1381 4798 1487 4834 non
1523 4781 1696 4835 solum
1747 4797 1851 4835 non
1895 4782 2131 4850 accipie-
2237 4784 2404 4853 regis,
2435 4794 2489 4839 et
2516 4799 2622 4838 non
2653 4786 2774 4839 ideo
2811 4783 3044 4838 fraudati
3085 4794 3215 4837 stitit
3261 4800 3287 4837 ιι
3327 4783 3627 4853 prophetis.
3679 4786 3820 4848 Quia

553 4873 644 4927 bat
679 4876 880 4945 plagas,
918 4875 1078 4928 etiam
1104 4875 1402 4943 irreligioso
1435 4887 1652 4944 gerens,
1680 4873 1774 4925 sed
1807 4871 1896 4924 alii
1926 4887 2022 4940 pro
2053 4873 2134 4926 eis
2235 4887 2420 4930 autem
2455 4878 2821 4931 adoraverunt
2879 4876 3197 4946 imaginem,
3237 4876 3590 4929 connuinatio
3637 4875 3822 4928 Nabu-

553 4967 787 5034 quandiu
821 4977 874 5021 et
907 4967 1119 5022 exirent
1151 4967 1273 5033 isti;
1312 4981 1454 5018 nunc
1478 4967 1594 5017 sine
1617 4980 1782 5018 causa
1807 4975 2122 5019 causautur.
2233 4966 2576 5022 chodonosor
2597 4977 2724 5022 tunc
2749 4966 2892 5020 facta
2915 4968 3222 5021 adnuntiat.
3253 4967 3391 5020 Dicit
3415 4968 3558 5021 enim
3589 4982 3602 5017 :
3631 4967 3820 5020 Omnis

552 5057 705 5121 Quod
734 5071 911 5111 autem
951 5057 1090 5111 idola
1119 5055 1369 5110 colebant
1398 5053 1451 5107 in
1477 5051 1714 5124 Egypto
1747 5054 1931 5120 Israel,
1961 5065 2128 5108 testa-
2233 5060 2323 5125 qui
2341 5076 2444 5112 non
2468 5061 2661 5114 cadens
2694 5059 2990 5112 adoraverit
3019 5059 3322 5128 imaginem,
3358 5059 3539 5112 statim
3582 5060 3822 5112 mittetur

551 5151 644 5197 tur
675 5147 890 5212 quidem
920 5158 975 5200 et
1005 5143 1258 5200 Ezechiel
1319 5147 1582 5214 propheta
1641 5159 1970 5213 comparans
1995 5147 2128 5199 duas
2236 5152 2292 5204 in
2343 5151 2609 5208 fornacem
2659 5153 2794 5220 ignis
2845 5152 3082 5205 ardentis
3113 5151 3180 5207 ".
3243 5151 3310 5204 Et
3362 5153 3553 5206 aderat
3599 5153 3830 5218 quidem

551 5251 738 5290 eorum
769 5237 1114 5308 metropoles,
1153 5235 1494 5290 Hierusalem
1554 5237 1672 5290 dico
1711 5245 1764 5288 et
1800 5237 2128 5302 Samariam,
2240 5241 2313 5294 illi
2345 5243 2458 5312 (51)
2494 5244 2672 5298 omnis
2698 5242 2883 5297 lsrael.
2925 5242 3061 5296 Tres
3101 5254 3281 5298 autem
3327 5246 3428 5298 soli
3461 5244 3660 5300 inventi
3687 5251 3820 5297 sunt

553 5327 764 5383 duabus
794 5331 1205 5394 consororibus,
1241 5329 1504 5383 et‘dicit:
1545 5329 1675 5381 Duce
1704 5339 1854 5381 erant
1882 5343 2132 5380 consoro—
2240 5334 2330 5403 qui
2363 5349 2470 5388 non
2511 5334 2872 5389 adoraverant
2905 5351 2921 5400 ;
2975 5336 3028 5389 in
3063 5333 3342 5390 fornacem
3375 5336 3526 5391 missi
3557 5345 3706 5400 sunt,
3755 5347 3818 5388 et

623 5469 670 5502 ⁸³
693 5466 812 5524 Gal.
851 5483 928 5534 tu,
965 5469 1049 5525 Η.
1127 5468 1170 5502 ⁸³
1205 5467 1401 5523 Ezecb.
1431 5483 1587 5529 xxiii,
1621 5467 1676 5520 3.
1750 5466 1796 5496 “
1820 5466 1934 5519 Jos.
1968 5481 2116 5531 μιν,
2145 5468 2232 5522 Η.

1750 5466 1796 5496 ⁸⁸
1820 5466 1934 5519 Jos.
1968 5481 2116 5531 xxrv,
2145 5468 2232 5522 ii.
2311 5469 2355 5501 “
2379 5471 2549 5524 Exod.
2581 5487 2754 5536 xxxii,
2782 5471 2836 5526 4.
2915 5471 2961 5502 ⁸⁸
2985 5471 3117 5526 Dan.
3149 5487 3230 5536 ιιι,
3263 5471 3315 5528 ϐ.

2211 5585 2422 5641 similis
2457 5585 2722 5655 ﬂgyptiis
2742 5597 2856 5642 erat
2883 5585 3070 5642 Israel.

2329 5657 2418 5726 50)
2454 5654 2552 5726 Ι]ρι
2577 5659 2824 5726 Angelus.
2849 5655 3168 5712 Malacinos.

2363 5723 2418 5806 ti)
2451 5725 2562 5781 Illi.
2601 5723 2757 5782 Forte
2785 5731 2914 5782 iluc.

2153 3173 2194 3229 ϐ

1127 5468 1170 5502 ⁸³
1205 5467 1401 5523 Ezecb.
1431 5483 1587 5529 xxiii,
1621 5467 1676 5520 3.
1750 5465 1796 5496 “
1820 5462 1934 5519 Jos.
1968 5481 2116 5531 μιν,
2145 5468 2232 5522 Η.

2311 5469 2355 5501 ⁸⁸
2379 5471 2549 5524 Exod.
2581 5487 2754 5536 χχχιι,
2782 5471 2836 5526 4.

625 5584 738 5655 (48)
776 5584 857 5636 Ad
885 5585 1320 5654 satisfactionem.
1347 5583 1506 5638 Forte
1537 5581 1791 5655 itiGrzeco
1811 5581 2124 5655 fuerith-

535 5652 765 5725 ⁴ὶιιιγιαιι,
789 5661 928 5720 quod
953 5652 1217 5722 interpres
1253 5655 1475 5707 verterit
1507 5652 1958 5725 satisfactionem:
1987 5654 2126 5708 sicut

557 5725 580 5782 Ξ
605 5723 725 5778 Pet.
753 5739 836 5788 ut,
861 5725 944 5790 15,
977 5727 1028 5782 in
1054 5725 1262 5790 vulgata
1289 5723 1750 5790 interpretatione.

628 5795 740 5860 (49)
773 5791 840 5846 Et
867 5797 1124 5849 oneribus.
1145 5792 1363 5848 Sensus
1411 5803 1586 5860 potest
1629 5805 1773 5858 esse,
1819 5791 2122 5846 idololatria

546 5999 970 6336 Χ

546 5999 970 6336 Χ
