4100 6456
403 379 539 434 1097

1451 375 1538 433 DE
1576 377 2178 437 RESURRECTIONE.
2224 411 2287 422 -ο
2327 379 2458 436 LIB.
2498 379 2562 438 ll.

3510 382 3644 438 1098

403 496 472 548 ab
504 493 624 563 igne
639 491 833 548 salvati
859 499 1005 548 sunt.
1038 490 1226 549 Daniel
1252 501 1431 549 autem
1465 495 1663 566 regalia
1693 497 1792 552 sibi
1823 511 1969 552 com-
1997 505 2044 563 Α
2072 504 2429 556 constantiam
2462 498 2598 572 (58),
2633 497 2873 569 pratclpit
2906 513 3028 553 eum
3056 496 3254 556 induci.
3291 498 3404 556 Non
3435 512 3642 584 oporte-

404 590 569 644 missa
592 602 699 643 non
732 587 924 643 aderat
955 602 1214 658 praesens.
1251 587 1307 644 Si
1337 588 1480 643 enim
1521 589 1806 656 adfuisset,
1829 605 1969 646 nun-

403 692 566 747 quam
607 693 637 731 a
659 678 923 748 quadriga
951 680 1122 734 bonus
1148 679 1498 733 remansisset
1527 693 1722 750 equus.
1767 681 1843 735 Ita
1874 695 1972 734 au-

407 779 514 823 tem
558 785 656 824 nec
699 769 990 825 derelictus
1015 777 1099 823 est
1145 767 1327 824 Daniel
1375 769 1446 824 ob
1495 769 1971 826 comminationem

405 857 543 928 ignis
562 872 591 912 a
625 858 883 914 fratribus
909 857 1025 914 suis
1051 867 1106 912 et
1126 857 1343 913 illorum
1363 858 1626 931 martyrio
1662 874 1675 909 :
1710 861 1836 930 quia
1864 860 1970 915 fra-

402 957 513 1003 tres
546 950 764 1019 quidem
799 949 918 1020 ejus
956 950 1010 1003 in
1062 949 1299 1005 medium
1335 950 1623 1021 producti,
1677 951 1731 1006 in
1786 961 1974 1023 aperto

401 1037 721 1109 martyrium
757 1045 1076 1108 posuerunt,
1123 1045 1179 1093 et
1225 1039 1373 1108 passi
1422 1049 1550 1095 sunt
1593 1050 1651 1095 et
1702 1042 1915 1098 liberati
1953 1060 1968 1096 :

403 1127 591 1183 Daniel
617 1138 797 1182 autem
853 1138 976 1199 post
1007 1129 1122 1184 hzec
1153 1138 1426 1201 praecepto
1474 1131 1772 1189 exsistente
1829 1134 1973 1205 regis

401 1218 607 1275 nullum
637 1219 836 1274 debere
871 1234 1048 1290 neque
1087 1219 1254 1274 alium
1280 1222 1511 1278 adorare
1542 1224 1743 1289 Deum,
1797 1241 1974 1296 neque

399 1325 610 1383 regem,
658 1312 766 1368 nisi
821 1312 996 1368 solum
1032 1329 1238 1384 regem,
1269 1323 1324 1370 et
1371 1330 1530 1386 quem
1557 1317 1754 1387 putas?
1781 1317 1974 1374 Persa-

402 1421 519 1459 rum
555 1422 571 1460 :
613 1404 726 1474 ipse
755 1415 935 1460 autem
966 1406 1272 1476 ingrediens
1311 1407 1528 1463 domum
1563 1422 1740 1476 suam,
1771 1419 1971 1466 etcum

400 1505 581 1565 posset
607 1495 777 1552 latere
805 1505 859 1552 et
891 1498 1101 1552 occulte
1133 1498 1360 1553 adorare
1389 1499 1577 1564 Deum,
1609 1501 1784 1570 palam
1832 1502 1971 1557 ado-

401 1601 529 1642 rans
557 1603 661 1642 non
690 1589 906 1659 negavit
940 1588 1278 1659 religionem,
1311 1591 1405 1647 sed
1433 1591 1622 1646 maluit
1649 1595 1820 1666 magis
1847 1611 1970 1651 esca

401 1677 516 1733 dari
553 1679 815 1744 leonibus,
846 1694 1009 1750 quam
1045 1680 1284 1736 fraudari
1327 1697 1386 1737 se
1424 1684 1493 1739 ab
1535 1685 1855 1742 adoratione
1892 1687 1972 1742 vi-

402 1767 581 1823 ventis
608 1769 721 1824 Dei.
745 1768 866 1824 Noli
901 1771 1045 1825 enim
1077 1785 1341 1841 quaerere,
1373 1774 1420 1830 si
1465 1773 1654 1831 Daniel
1685 1791 1793 1832 non
1823 1787 1907 1834 est
1939 1796 1967 1834 a

2073 589 2165 644 hat
2193 591 2340 644 enim
2383 589 2668 645 Dominum
2714 588 2896 644 Jesum
2939 591 3056 644 sine
3103 594 3310 646 victore
3362 592 3639 646 recedere.

2073 673 2422 732 Introduceos
2444 690 2622 734 autem
2657 693 2779 733 eum
2809 717 2826 742 ,
2857 677 3040 733 oumia
3074 687 3343 734 tormenta
3373 680 3644 746 movebat,

2071 774 2127 819 et
2158 773 2302 820 tanta
2330 765 2419 821 uni
2455 767 2712 834 vincenti,
2745 780 2946 838 quanta
2985 771 3237 826 omnibus
3266 771 3349 825 his
3382 771 3473 840 qui
3527 769 3644 824 fue-

2074 865 2200 910 rant
2225 867 2488 926 superatl.
2520 857 2865 915 Contendens
2887 859 3029 915 enim
3053 875 3122 916 ne
3142 860 3443 916 solveretur
3469 846 3643 916 victo-

2075 947 2153 1001 ria
2179 962 2274 1002 sua
2308 963 2404 1017 per
2430 949 2588 1005 unius
2617 949 2772 1006 istius
2795 951 3102 1017 victoriam,
3127 960 3183 1007 et
3216 962 3472 1021 reputans
3499 951 3641 1020 apud

2072 1051 2150 1102 se,
2186 1038 2309 1108 quia
2339 1048 2395 1094 et
2432 1037 2487 1093 in
2529 1040 2721 1095 stadiis
2755 1039 2875 1095 finis
2902 1041 3236 1096 currentium
3261 1040 3542 1111 quaeritur,
3590 1049 3643 1095 et

2071 1130 2196 1198 quia
2225 1130 2270 1184 si
2303 1129 2404 1184 iste
2431 1128 2644 1197 vicerit,
2695 1144 2790 1185 nec
2822 1140 2881 1185 ut
2923 1129 3050 1185 victi
3082 1140 3242 1186 erunt
3283 1131 3373 1200 qui
3427 1129 3644 1185 fuerant

2073 1222 2348 1289 superati;
2401 1222 2658 1278 universa
2695 1224 2744 1280 ei
2799 1223 3078 1279 admoveri
3137 1233 3405 1278 tormenta
3463 1222 3638 1293 jubet.

2073 1315 2271 1371 Volens
2297 1316 2442 1371 enim
2472 1313 2690 1371 ﬂectere
2726 1314 3000 1384 juvenem,
3044 1326 3098 1371 et
3129 1315 3300 1372 oculis
3331 1317 3639 1388 torquebat,

2071 1413 2128 1461 et
2148 1406 2397 1462 dentibus
2420 1408 2745 1474 minabatur,
2771 1416 2826 1463 et
2850 1408 3101 1464 manibus
3128 1409 3490 1478 torquentium
3518 1425 3644 1466 suas

2071 1500 2423 1571 protendebat
2462 1514 2673 1564 manus,
2717 1508 2772 1555 et
2810 1501 2877 1555 ab
2917 1500 3031 1570 ipsa
3071 1503 3150 1556 ira
3197 1503 3357 1556 etiam
3400 1503 3467 1558 de
3515 1503 3644 1559 sede

2074 1585 2390 1640 movebatur
2417 1601 2535 1642 sua.
2586 1585 2720 1641 Cum
2763 1594 2945 1642 autem
2993 1586 3348 1659 fatigarentur
3375 1599 3636 1661 torquen-

2075 1684 2175 1740 tes,
2209 1686 2390 1732 etnon
2419 1679 2638 1751 cederet
2659 1678 2750 1748 qui
2786 1679 3158 1749 torquebatur,
3187 1690 3349 1751 atque
3390 1683 3641 1738 obtusum

2073 1773 2128 1820 et
2154 1764 2420 1821 deﬂexum
2438 1748 2635 1822 fuisset
2661 1748 3022 1831 ferrum,inon
3054 1777 3136 1823 est
3162 1748 3333 1825 ﬂes—us
3363 1772 3452 1840 qui
3487 1774 3644 1827 rade-

399 1861 642 1918 leonibus
663 1863 1071 1919 comestusgsed
1089 1863 1213 1933 quia
1235 1866 1964 1942 proposuitsecomedusgy’
2001 1843 2042 1900 Β
2072 1857 2248 1912 batur.
2297 1858 2432 1914 Cum
2489 1859 2600 1929 jam
2655 1857 2799 1914 nulla
2859 1860 3170 1917 adinventio
3250 1871 3640 1920 tormentorum

399 1955 503 2010 hoc
531 1954 773 2010 adverte.
799 1952 908 2010 Nec
939 1956 1064 2025 quia
1103 1969 1211 2012 non
1241 1957 1583 2028 consumpsit
1616 1957 1830 2015 ﬂamma
1859 1971 1968 2017 tres

399 2046 520 2102 illos
557 2061 753 2117 pueros
785 2046 976 2102 missos
1011 2047 1064 2102 in
1089 2046 1360 2102 fornacem
1393 2048 1530 2118 ignis
1557 2049 1796 2106 ardentis
1816 2091 1833 2118 ,
1874 2053 1968 2108 sed

397 2138 524 2206 quia
549 2138 645 2208 ipsi
680 2137 982 2193 holocausti
1011 2137 1140 2194 facti
1169 2148 1298 2193 sunt
1327 2137 1442 2210 (55)
1473 2146 1732 2210 quantum
1761 2143 1830 2198 ad
1859 2142 1973 2198 ala-

401 2229 647 2284 critatem
670 2244 844 2284 suam.
868 2228 982 2284 Non
1007 2231 1152 2285 enim
1185 2232 1254 2287 ab
1281 2232 1428 2287 exitu
1453 2231 1716 2302 judicium
1745 2243 1847 2302 est,
1875 2237 1971 2292 sed

403 2321 472 2376 ab
501 2319 781 2376 alacritate
792 2335 1024 2388 coronae.
1045 2321 1152 2392 Ego
1171 2333 1348 2380 autem
1370 2325 1508 2391 dico,
1523 2326 1615 2397 qui
1642 2327 1762 2384 ideo
1777 2327 1969 2384 salvati

401 2421 529 2468 sunt
575 2421 723 2478 tunc,
777 2423 834 2468 et
879 2412 1066 2468 Daniel
1114 2429 1144 2468 a
1193 2414 1460 2484 leonibus,
1505 2427 1559 2472 et
1592 2425 1703 2474 tres
1747 2421 1896 2490 pueri
1941 2436 1970 2476 a

404 2501 618 2557 ﬂamma
672 2502 816 2572 ignis
859 2503 1142 2572 ardentis;
1203 2520 1310 2560 non
1368 2517 1590 2575 propter
1640 2507 1971 2566 alacritatem

405 2607 591 2648 eorum
619 2594 708 2664 qui
744 2593 937 2649 salvati
982 2603 1127 2660 sunt,
1188 2596 1285 2652 sed
1333 2608 1557 2668 propter
1601 2599 1972 2658 infirmitatem

409 2684 621 2739 illorum
657 2683 747 2754 qui
779 2687 1146 2740 adoraverunt
1200 2687 1512 2759 imaginem.
1553 2688 1620 2745 Ut
1671 2692 1816 2747 enim
1865 2709 1973 2749 non

403 2777 644 2830 dicerent
669 2775 760 2845 qui
802 2777 1186 2845 adoraverunt,
1223 2779 1364 2846 Quid
1395 2779 1594 2850 profuit
1623 2782 1702 2838 eis
1727 2785 1816 2855 qui
1867 2801 1974 2841 non

400 2868 805 2923 adoraverant‘l
832 2885 900 2923 ne
925 2871 993 2923 ab
1025 2870 1175 2925 esitu
1235 2871 1468 2928 incendii
1501 2889 1690 2930 eorum
1743 2878 1832 2946 qui
1864 2894 1974 2933 non

402 2957 782 3025 adoraverunt,
823 2957 1254 3014 satisfactionem
1300 2961 1412 3034 (54)
1443 2964 1542 3019 sibi
1591 2967 1977 3038 conquirerent

404 3049 704 3118 irreligiosa
727 3059 966 3122 agentes,
1004 3051 1125 3108 ideo
1154 3052 1345 3109 salvati
1383 3065 1506 3110 sunt
1529 3057 1619 3126 qui
1651 3071 1754 3113 non
1779 3058 1976 3114 adora-

404 3152 620 3204 verunt,
665 3149 726 3196 ut
760 3159 866 3196 non
914 3155 1295 3210 permanerent
1333 3148 1530 3202 mortui
1565 3149 1655 3219 qui
1715 3151 1974 3205 adorave-
1999 3177 2042 3237 ο

405 3240 550 3286 runt.
587 3231 707 3302 Ipse
737 3233 851 3304 (55)
879 3235 1023 3290 enim
1066 3234 1206 3291 Deus
1229 3247 1314 3292 est
1348 3238 1532 3294 Daniel
1578 3251 1633 3295 et
1661 3241 1851 3296 horum
1882 3240 1973 3312 qui

408 3325 461 3378 in
516 3325 792 3397 martyriis
843 3339 1237 3384 consumuntur
1278 3347 1308 3384 a
1364 3330 1514 3387 feris.
1557 3331 1662 3388 Sed
1703 3349 1808 3389 non
1863 3335 1978 3405 ipse

407 3415 632 3484 populus
666 3417 780 3472 :ab
805 3417 1099 3473 incredibili
1139 3419 1253 3490 (56)
1281 3422 1423 3476 enim
1468 3423 1664 3493 populo
1693 3423 1978 3495 salvaban-

405 3517 495 3562 tur
521 3509 611 3578 qui
640 3508 799 3565 fidem
826 3510 1250 3579 confitebantur,
1288 3524 1346 3567 ut
1368 3528 1475 3569 non
1500 3516 1847 3572 incredulitas
1883 3532 1981 3587 po-

404 3599 512 3671 puli
538 3611 860 3672 augeretur:
897 3617 926 3655 a
953 3602 1090 3656 ﬁdeli
1114 3612 1293 3658 autem
1323 3603 1496 3673 plebe,
1523 3615 1581 3660 ut
1603 3616 1811 3661 crescat
1846 3607 1979 3662 fides

407 3693 462 3747 in
502 3693 764 3764 sanguine
795 3704 1132 3761 sanctorum,
1163 3696 1368 3751 veritas
1396 3697 1644 3752 firmatur
1667 3697 1966 3769 Evangelii.

408 3783 675 3840 Habemus
704 3795 884 3840 autem
916 3794 971 3840 et
999 3799 1116 3853 nos,
1141 3785 1267 3855 quia
1304 3795 1360 3842 et
1385 3788 1648 3843 mirabilia
1682 3790 1824 3845 facta
1853 3802 1980 3846 sunt

409 3875 462 3926 in
491 3871 868 3943 languentibus
911 3874 1069 3930 locis.
1113 3874 1339 3942 Quidam
1369 3878 1514 3933 enim
1550 3894 1579 3932 a
1618 3878 1748 3934 feris
1781 3882 1976 3938 salvati

407 3971 556 4028 sunt,
581 3965 704 4034 quia
729 3964 1051 4036 languebant
1073 3965 1186 4020 loca
1222 3966 1274 4020 in
1303 3966 1498 4036 quibus
1529 3977 1584 4023 et
1607 3970 1786 4038 passio
1834 3987 1979 4026 mar-

408 4063 585 4126 tyrum
610 4056 915 4126 agitabatur
944 4072 959 4109 :
994 4056 1083 4109 alii
1111 4057 1180 4110 ab
1209 4057 1328 4128 igne
1358 4058 1568 4114 liberali
1592 4069 1738 4114 sunt.
1776 4060 1832 4117 Si
1857 4063 1977 4130 quis

410 4156 588 4200 autem
621 4163 724 4201 non
760 4148 951 4211 credit,
993 4158 1049 4203 et
1072 4149 1338 4204 rationem
1360 4153 1640 4221 exposcit;
1673 4152 1806 4208 nihil
1848 4167 1975 4224 pro~

410 4234 557 4290 hibet
585 4237 815 4308 religiosi
842 4240 996 4294 unius
1028 4242 1343 4297 memoriam
1367 4257 1464 4298 nos
1497 4255 1757 4314 repetere.
1783 4254 1834 4300 et
1852 4260 1978 4315 pro-

409 4329 553 4384 ferre
588 4331 639 4385 in
669 4331 924 4385 medium.
967 4331 1020 4386 lu
1064 4332 1527 4389 Autiocheuorum
1572 4335 1662 4392 illa
1698 4336 1833 4393 urbe
1864 4336 1976 4392 Ro.

409 4435 603 4476 manus
625 4421 838 4490 quidam
863 4422 1070 4477 exstitit
1094 4434 1317 4494 martyr.
1340 4423 1446 4479 Iste
1473 4426 1787 4495 peregrinus
1814 4427 1979 4480 adve-

2072 1945 2258 2004 fulsset
2276 1949 2548 2014 derelicta,
2562 1951 2785 2020 cupiens
2801 1953 3158 2007 constantiam
3177 1966 3334 2009 suam
3363 1956 3646 2012 ostendere

2070 2039 2279 2094 Domini
2294 2040 2466 2105 miles,
2486 2040 2682 2096 emittit
2698 2056 2881 2098 vocem
2895 2043 3077 2098 dicens
3095 2061 3110 2099 :
3130 2045 3380 2115 Curi-am,
3401 2055 3645 2120 tyranne,

2072 2147 2177 2188 non
2200 2133 2418 2188 cessas?
2439 2132 2724 2190 confessus
2750 2146 2869 2188 sum
2897 2147 2994 2204 per
3013 2149 3076 2190 os
3108 2149 3292 2192 verum
3315 2152 3437 2194 esse
3466 2153 3645 2210 regem

2070 2223 2372 2280 Christum.
2403 2223 2580 2280 Judex
2605 2235 2786 2281 autem
2812 2225 3065 2295 injuriam
3100 2227 3152 2281 in
3189 2229 3532 2300 tyrannidem
3564 2230 3647 2287 di-

2072 2327 2214 2374 ctam
2251 2331 2357 2373 non
2403 2315 2694 2385 suﬂ'erens,
2749 2317 2984 2374 convicit
3013 2320 3230 2389 quidem
3277 2335 3356 2388 se,
3394 2331 3449 2378 et
3497 2337 3648 2378 com-

2073 2410 2346 2467 mendavit
2376 2422 2669 2481 martyrem
2700 2409 2900 2466 Christi
2931 2428 2945 2465 :
2977 2414 3103 2483 quia
3133 2413 3252 2467 ideo
3281 2414 3392 2468 haec
3418 2429 3515 2485 pro
3553 2430 3646 2470 vc-

2073 2518 2136 2558 ro
2171 2517 2298 2572 rege
2326 2502 2548 2572 patitur,
2573 2504 2663 2573 qui
2706 2504 2780 2559 ita
2813 2503 2879 2559 de
2911 2506 3122 2560 mortali
3153 2521 3318 2561 ausus
3355 2517 3437 2562 est
3472 2507 3640 2577 loqui.

2073 2591 2366 2661 Propterea
2399 2592 2555 2662 jubet
2602 2607 2724 2649 eum
2769 2593 2876 2665 igni
2915 2596 3091 2661 tradi,
3127 2611 3382 2653 coronam
3430 2601 3646 2654 coronis

2074 2684 2425 2754 coniungens.
2469 2685 2538 2741 Et
2586 2686 2707 2742 ideo
2753 2688 2863 2743 cito
2910 2687 3244 2744 efﬁciebatur
3293 2688 3646 2762 przeceptum.

2076 2777 2406 2850 Ejieiebatur
2429 2777 2572 2833 enim
2609 2776 2885 2835 Romanus
2923 2777 3076 2836 latus
3105 2789 3159 2836 et
3192 2790 3479 2838 coronatus
3517 2799 3646 2839 san-

2075 2869 2258 2940 guine,
2295 2867 2523 2938 insignia
2561 2868 2616 2923 in
2649 2868 2909 2924 lateribus
2941 2871 3148 2925 habens
3173 2887 3292 2941 qua:
3341 2887 3440 2942 pro
3505 2875 3650 2928 veri-

2078 2969 2189 3014 tate
2217 2959 2395 3016 fuerat
2427 2974 2622 3030 passus
2654 2974 2669 3012 :
2707 2969 2930 3030 portans
2967 2960 3165 3030 quippe
3202 2970 3257 3016 et
3307 2962 3361 3016 in
3404 2963 3646 3019 humeris

2075 3064 2291 3106 crucem
2321 3091 2336 3115 ,
2379 3061 2434 3106 et
2481 3052 2537 3106 in
2592 3049 2771 3106 fronte
2822 3051 3037 3120 signqu
3079 3050 3278 3122 regale.
3309 3050 3444 3108 Cum
3468 3063 3646 3107 autem

2076 3142 2445 3197 adunareutur
2493 3152 2764 3197 sarmenta
2810 3152 2864 3198 et
2900 3157 3125 3208 cannas,
3187 3143 3253 3196 ad
3307 3142 3646 3199 velocitatem

2076 3243 2258 3302 utpote
2302 3233 2570 3299 ﬂammat,
2622 3233 2704 3288 vel
2756 3235 2899 3303 quod
2949 3235 3058 3304 igni
3115 3245 3238 3304 apta
3292 3233 3546 3289 videntur
3582 3236 3649 3288 ad

2077 3319 2466 3386 incensionem,
2511 3320 2884 3391 imponebatur
2908 3331 3088 3376 autem
3129 3322 3316 3377 vivens
3351 3322 3649 3376 immolatio

2077 3413 2130 3468 in
2179 3414 2303 3482 igne
2351 3412 2485 3485 (59).
2532 3411 2658 3469 Haec
2709 3427 2832 3467 cum
2869 3414 2940 3468 ita
2973 3425 3283 3484 agerentur,
3338 3427 3443 3468 non
3493 3412 3650 3483 longe

2077 3512 2254 3558 autem
2305 3505 2518 3558 abesset
2563 3503 2776 3567 civitas,
2832 3513 2890 3556 ut
2925 3511 3213 3558 testaretur
3269 3503 3532 3559 veritati:
3590 3512 3647 3558 et

2077 3595 2214 3649 forte
2275 3595 2399 3664 quia
2455 3594 2672 3665 quidam
2736 3595 2801 3651 de
2850 3593 3051 3651 Iudaeis
3103 3607 3194 3650 aut
3251 3595 3344 3650 alii
3398 3596 3646 3650 homines

2077 3687 2347 3754 dicebant,
2387 3688 2479 3743 ubi
2518 3697 2602 3744 est
2631 3687 2836 3743 horum-
2874 3687 3047 3743 Densi
3085 3688 3224 3742 forte
3261 3687 3647 3759 proferentium

2078 3775 2388 3832 Judzeorum
2425 3787 2534 3833 tres
2574 3792 2790 3848 pueros,
2821 3786 2876 3833 et
2906 3779 3224 3844 dicentium,
3259 3777 3382 3847 quia
3419 3777 3521 3832 sub
3554 3793 3650 3832 nos

2077 3867 2425 3923 salvabantur
2455 3885 2486 3924 a
2525 3868 2741 3925 ﬂamma
2782 3869 3020 3925 fornacis
3047 3869 3314 3934 ardentis,
3352 3869 3442 3924 isti
3471 3878 3649 3924 autem

2076 3962 2307 4016 ardent:
2339 3963 2487 4033 atqui
2513 3963 2635 4018 caeli
2669 3962 2820 4032 jubet
2848 3963 3112 4017 Dominus
3143 3964 3374 4019 nubibus
3399 3965 3651 4020 coronari

2076 4053 2296 4108 emlum.
2337 4054 2647 4125 Adimpleus
2694 4065 2875 4109 autem
2924 4054 3077 4109 sinus
3122 4056 3344 4111 nubium
3385 4057 3651 4127 grandine

2078 4155 2133 4200 et
2172 4145 2347 4201 imbre
2394 4147 2682 4200 admodum
2721 4147 3051 4212 vehementi,
3104 4156 3160 4201 et
3215 4149 3421 4203 addens
3459 4159 3652 4204 ventos

2080 4237 2148 4292 ad
2205 4238 2443 4293 velocem
2496 4236 2846 4294 emissionem
2895 4254 3082 4294 eorum
3129 4255 3144 4294 :
3203 4253 3376 4309 neque
3431 4243 3650 4295 accendi

2080 4327 2350 4384 ﬂammam
2377 4331 2660 4400 permittit,
2697 4331 3160 4387 vehementiorem
3183 4332 3480 4386 ostendens
3514 4331 3652 4386 hanc

2084 4424 2358 4489 virtutem,
2412 4439 2575 4494 quam
2638 4425 2778 4494 apud
2829 4423 3195 4494 Babyloniam.
3251 4422 3362 4477 lllic
3421 4423 3566 4478 enim
3621 4437 3652 4478 e

410 4519 566 4566 nerat
593 4511 702 4565 illo.
737 4511 868 4565 Cum
907 4519 1086 4568 autem
1103 4512 1295 4583 jactari
1333 4531 1364 4568 a
1398 4515 1805 4585 tempestatibus
1833 4515 1977 4570 illam
2009 4521 2054 4576 ι)
2081 4512 2296 4568 ﬂamma
2336 4521 2447 4570 tres
2484 4529 2680 4586 pueros
2715 4514 2968 4569 liberavit
2998 4527 3014 4568 :
3051 4513 3172 4570 istic
3204 4523 3385 4568 autem
3429 4527 3495 4567 ne
3529 4514 3651 4583 qui-

411 4610 540 4658 tunc
570 4601 774 4657 videret
799 4602 1073 4658 civitatem
1127 4604 1430 4676 (invenerat
1455 4607 1598 4662 enim
1625 4606 1739 4678 jam
1780 4607 1978 4662 multos

408 4694 608 4750 milites
639 4696 903 4752 cecidisse
952 4699 1268 4772 Ecclesiae),
1311 4717 1417 4758 non
1472 4713 1556 4758 est
1602 4719 1795 4774 passus
1845 4703 1978 4759 dare

405 4785 620 4844 diabolo
647 4797 705 4842 ut
727 4789 1023 4846 essultaret
1057 4808 1071 4845 :
1101 4795 1195 4849 sed
1234 4795 1600 4850 exsultantem
1627 4796 1864 4866 judicem
1908 4798 1976 4851 de

407 4877 490 4932 his
521 4877 610 4948 qui
635 4879 853 4936 fuerant
875 4883 1114 4951 superati
1143 4885 1478 4956 aggreditur,
1507 4887 1614 4940 vim
1644 4883 1854 4940 faciens
1881 4899 1970 4938 re-

407 4985 510 5039 gno
534 4985 658 5026 vero
691 4983 841 5042 rapto
863 4973 976 5044 (57)
1019 4991 1034 5028 :
1083 4986 1138 5031 et
1164 4977 1292 5032 dicit
1325 4994 1338 5031 :
1367 4975 1481 5032 Non
1525 4976 1744 5032 recedes
1795 4976 1973 5032 laetus.

409 5059 584 5115 Habet
614 5064 757 5117 enim
791 5063 935 5120 Deus
963 5067 1164 5124 milites
1196 5071 1288 5138 qui
1321 5068 1565 5139 superari
1589 5084 1695 5122 non
1725 5073 1973 5138 possunt.

406 5147 578 5204 Judex
603 5161 783 5204 autem
810 5153 990 5210 ebrius
1025 5157 1078 5212 in
1135 5159 1360 5213 victoria
1408 5172 1595 5213 eorum
1641 5160 1732 5228 qui
1764 5157 1980 5213 fuerant

407 5244 666 5313 superati,
701 5257 768 5297 es
821 5243 1031 5302 illorum
1062 5249 1434 5304 imbecillitate
1487 5250 1764 5306 aestimans
1804 5251 1978 5306 sancti

477 5396 592 5469 (52)
622 5394 900 5471 Proposuit
923 5415 977 5452 se
997 5400 1217 5455 comedi.
1245 5401 1449 5471 Sponte
1490 5417 1550 5459 se
1577 5402 1770 5459 obtulit
1802 5402 1975 5459 leoni-

407 5466 506 5522 bus
530 5470 850 5522 vorandum.

479 5536 590 5607 (55)
642 5536 952 5612 Holocqttsti
982 5538 1130 5606 facti.
1167 5537 1521 5612 :O‘onaucrtoi
1557 5543 1608 5600 id
1636 5554 1722 5600 est
1763 5542 1976 5612 penitus

407 5608 731 5688 consumpti,
752 5617 806 5660 et
827 5609 1138 5662 holocausta
1159 5607 1306 5673 facti,
1337 5612 1380 5663 si
1398 5625 1610 5681 spectes
1631 5607 1843 5671 illorum
1863 5614 1979 5667 ala-

407 5687 676 5732 Cl'llaletn.

476 5744 589 5826 (ῥέε)
614 5743 1056 5826 Satisfqelionem.
1088 5748 1402 5817 Ἀπολογίαν
1426 5767 1581 5826 supra
1609 5756 1713 5817 col.
1737 5751 1891 5809 1095.
1912 5748 1974 5807 Β.

479 5814 592 5887 (55)
629 5821 766 5886 Ipse.
793 5817 897 5870 Pro
925 5819 1078 5872 idem.

726 5912 978 6006 Parnm.
1023 5915 1386 5979 ϐιΧΧΙΥ.

2082 4606 2204 4661 dem
2251 4606 2472 4662 accendi
2514 4605 2744 4661 ﬂamma:
2784 4620 3106 4660 concessum
3153 4614 3257 4659 est.
3310 4603 3396 4658 Fit
3445 4604 3652 4660 turbela

2082 4713 2189 4752 non
2223 4696 2357 4752 levis
2394 4716 2408 4752 :
2462 4698 2778 4752 nuntiantur
2812 4695 2926 4768 (60)
2965 4706 3197 4769 tyranno
3244 4696 3371 4765 quia
3415 4705 3652 4764 martyre

2081 4790 2283 4846 tradito
2315 4789 2424 4860 igni
2450 4789 2646 4845 caelum
2680 4789 3016 4859 indignatum
3046 4798 3150 4856 est,
3185 4797 3240 4841 et
3261 4787 3387 4858 quia
3412 4788 3651 4842 ctelestis

2080 4898 2176 4938 rex
2204 4897 2332 4937 suos
2361 4881 2454 4951 qui
2490 4881 2544 4936 iu
2589 4890 2753 4936 terra
2775 4880 3044 4936 habentur
3070 4879 3334 4934 defendit.
3369 4878 3496 4934 llaec
3523 4891 3647 4933 cmn

2079 4973 2319 5029 audisset
2346 4983 2629 5043 tyrannus,
2649 4983 2702 5026 et
2726 4987 2852 5026 cum
2878 4971 3034 5026 valde
3058 4969 3312 5038 injuriam
3337 4969 3653 5028 defenderet

2079 5077 2235 5118 suam
2259 5061 2458 5118 factam
2487 5077 2582 5134 per
2607 5063 2870 5133 linguam,
2900 5063 3054 5132 jubet
3075 5063 3244 5132 judiei
3276 5061 3389 5131 1am
3421 5077 3526 5116 non
3557 5061 3652 5117 de-

2081 5157 2211 5212 bere
2236 5155 2446 5226 jurgari
2470 5169 2592 5210 eum
2626 5157 2694 5211 ad
2718 5155 2911 5216 Deum.
2939 5157 3032 5211 sed
3064 5157 3227 5210 istum
3255 5170 3413 5217 quem
3449 5154 3648 5211 libera-

2085 5252 2162 5305 vit
2200 5250 2341 5305 Deus
2372 5249 2572 5305 dimitti
2611 5249 2831 5305 debere.
2879 5248 2945 5304 Et
2992 5259 3172 5304 noster
3211 5249 3376 5315 igitur
3406 5247 3650 5304 Ananias

2165 5401 2258 5458 56)
2287 5401 2618 5458 Incredibili.
2642 5401 2748 5457 Pro
2779 5401 3068 5456 incredula.
3283 5455 3286 5457 Α

2169 5471 2257 5542 57)
2293 5471 2468 5542 Regna
2496 5489 2612 5526 vero
2645 5482 2816 5538 rapto.
2861 5472 3015 5540 Quod
3047 5472 3260 5526 violenti
3300 5471 3538 5541 rapiunt,
3595 5480 3651 5524 ut

2075 5541 2276 5602 dicitur
2298 5541 2488 5596 Matth.
2529 5559 2606 5608 XI,
2654 5542 2737 5596 i2.

2143 5613 2256 5682 (58)
2291 5611 2389 5667 Ms.
2424 5611 2722 5682 (Estimans
2749 5610 2900 5676 fortis
2920 5613 3292 5669 constantiam.

2290 5682 2395 5755 his.
2432 5681 2459 5736 1
2466 5683 2800 5755 ηιροηιὸαέιιν
2824 5681 2994 5738 vivens
3023 5683 3318 5736 immolatio
3347 5681 3399 5734 in
3430 5680 3569 5750 igne.

2146 5751 2260 5828 (60)
2303 5752 2658 5810 Nuntiantur.
2699 5751 2861 5810 Forte
2897 5756 3189 5809 nuntiatur.

3257 5902 3360 5972 33‘
