4098 6398
531 387 554 439 1
565 385 668 440 099

1241 380 1510 436 EUSEBII
1549 378 2022 438 CAESARIENSIS
2060 378 2206 433 OPP.
2249 379 2428 435 PARS
2463 381 2552 434 IV.
2592 411 2659 420 —-—
2695 381 3112 440 DOGMATICA.

3628 386 3766 444 “00

530 501 676 554 velut
707 514 774 554 ex
813 498 935 568 igne
961 495 1266 552 dimittitur.
1296 495 1468 552 Judex
1493 507 1670 552 autem
1695 498 1978 551 blandiens
2009 507 2091 568 ty-
2125 503 2171 557 A
2200 499 2362 552 senti.
2404 499 2601 553 lterum
2650 501 2738 568 qui
2790 500 3055 554 inciderat
3098 501 3362 566 medicus,
3419 503 3768 559 constituitur

533 606 724 654 ranno,
774 590 991 658 iniquus
1039 588 1316 642 voluntate
1371 600 1424 643 et
1472 592 1771 659 proposito,
1819 587 1938 644 sine
1992 588 2100 642 Deo

530 681 750 750 degens.
779 681 1002 748 cupiens
1036 679 1168 733 nihil
1208 679 1398 734 deesse
1435 680 1826 735 blandimentis
1849 681 1980 745 suis,
2018 680 2101 734 in-

529 772 677 827 venit
702 771 884 825 nescio
915 769 1040 838 quid
1077 784 1272 823 novum
1301 770 1566 824 adversus
1589 779 1861 836 sanctum,
1895 771 2101 825 addens

529 863 942 916 admirationem
1001 861 1471 915 admirationibus.
1529 859 1665 927 Quid
1728 862 1872 916 enim
1932 861 2102 916 facit?

531 954 772 1024 pracipit
805 953 1040 1022 linguam
1082 967 1186 1019 qua
1229 952 1404 1006 fuerat
1453 953 1662 1008 locutus
1698 954 1750 1007 in
1792 953 2092 1020 hominem,

529 1062 594 1101 eo
627 1047 768 1112 quod
812 1060 915 1098 non
974 1052 1265 1114 negaverat
1314 1044 1504 1110 Deum,
1547 1044 1730 1099 incidi.
1773 1044 1838 1098 Et
1881 1046 2099 1114 quidam

530 1137 776 1192 medicus
808 1136 896 1204 qui
928 1136 1040 1205 jam
1089 1144 1273 1189 ruerat
1311 1150 1416 1188 non
1465 1137 1744 1206 proposito
1779 1137 1873 1192 sed
1919 1139 2102 1192 carnis

530 1229 881 1293 infirmitate;
936 1228 1059 1296 quia
1102 1229 1245 1283 enim
1289 1231 1402 1297 ipse
1445 1227 1621 1283 fuerat
1667 1237 1956 1298 superatus
1985 1229 2102 1283 exi—

530 1321 640 1387 vit;
665 1322 925 1376 exsultari
957 1321 1087 1374 libet
1115 1321 1180 1374 de
1213 1321 1439 1374 victoria
1468 1321 1774 1389 superantis
1801 1337 1815 1374 :
1849 1323 2101 1390 provenit

531 1427 711 1467 autem
750 1413 912 1467 istum
961 1422 1180 1480 portare
1230 1411 1571 1467 medicinalia
1613 1423 1982 1482 Operamenta.
2039 1413 2104 1468 Et

531 1505 698 1559 exivit
733 1515 791 1559 ut
831 1505 1201 1559 consolaretur
1243 1519 1395 1558 suam
1445 1504 1656 1558 ruinam
1689 1522 1702 1556 :
1741 1504 1992 1560 inventus
2021 1514 2102 1560 est

534 1600 584 1652 in
626 1599 785 1654 aliam
824 1597 1172 1651 tentationem
1209 1595 1505 1650 incurrere.
1540 1594 1819 1664 Pracepto
1842 1598 1982 1650 enim
2010 1597 2099 1668 ju-

533 1689 670 1742 dicis
701 1689 987 1743 insistente
1024 1696 1081 1740 ut
1113 1686 1290 1754 lingua
1318 1686 1649 1740 incideretur
1675 1687 1870 1748 sancti,
1895 1696 1949 1740 et
1976 1690 2100 1757 quia

534 1781 784 1834 inventus
821 1790 903 1834 est
935 1779 1024 1831 ille
1043 1786 1242 1847 .parata
1280 1777 1485 1832 habens
1525 1779 1589 1831 ad
1618 1777 1777 1831 istam
1806 1781 2102 1833 necessita-

531 1883 639 1926 tem
675 1873 1035 1934 ferramenta,
1069 1869 1361 1938 urgebatur
1398 1867 1641 1923 incidere
1687 1884 1847 1938 quam
1887 1871 2102 1926 nolebat

531 1967 794 2036 linguam.
838 1967 903 2018 Et
933 1964 1120 2018 incidit
1151 1965 1364 2033 quidem
1391 1977 1406 2016 :
1440 1978 1564 2017 cum
1593 1973 1774 2017 autem
1803 1963 2100 2030 incidisset,

532 2058 706 2125 ipsam
745 2057 979 2125 linguam
1012 2071 1142 2110 usus
1173 2065 1256 2110 est
1288 2056 1352 2107 ad
1394 2054 1611 2110 tutelam
1641 2055 1723 2110 sui
1759 2073 1773 2109 :
1813 2072 1918 2111 non
1958 2057 2101 2112 enim

531 2147 759 2216 projecit
798 2161 958 2214 quam
1000 2144 1207 2209 incidit,
1242 2145 1334 2198 sed
1382 2146 1655 2212 accipiens
1701 2160 1842 2210 eam,
1884 2155 1944 2199 ut
1993 2163 2103 2202 me-

532 2239 777 2292 dicamen
812 2238 877 2288 ad
908 2237 1196 2290 sanitatem
1231 2237 1373 2290 illius
1411 2237 1592 2292 delicti
1627 2239 1769 2306 quod
1804 2241 2103 2295 admiserat

533 2329 600 2380 ah
647 2326 913 2395 negando,
959 2327 1234 2394 accipiens
1269 2326 1409 2380 domi
1463 2328 1727 2393 recondit,
1780 2339 1836 2382 ut
1878 2344 2102 2384 consue-

535 2428 660 2472 runt
695 2417 803 2488 (6!)
854 2418 1201 2483 infirmiores,
1256 2418 1439 2472 fideles
1486 2427 1686 2486 tamen,
1735 2421 2000 2478 honorare
2057 2423 2100 2478 si

531 2511 660 2580 quid
696 2527 722 2563 a
752 2509 1083 2581 martyribus
1113 2509 1461 2578 sumpserint.
1494 2510 1634 2564 Dicit
1655 2520 1836 2566 autem
1868 2513 2105 2568 medico-

534 2618 650 2654 rum
685 2601 956 2664 doctrina,
985 2610 1321 2656 contestatur
1344 2601 1506 2654 etiam
1535 2611 1589 2656 et
1611 2613 1824 2668 natura,
1855 2605 1978 2667 quia
2003 2605 2104 2658 lin-

531 2707 647 2761 gua
674 2692 881 2756 incisio,
905 2691 1210 2747 interfectio
1225 2701 1307 2746 cst
1324 2693 1441 2761 ejus
1459 2707 1488 2746 a
1513 2708 1619 2762 quo
1641 2694 1894 2751 inciditur
1916 2715 1929 2750 :
1949 2711 2104 2766 opor-

535 2785 682 2836 tebat
720 2793 899 2837 autem
934 2792 990 2837 et
1018 2785 1256 2837 secundo
1289 2800 1315 2836 a
1357 2794 1528 2837 morte
1560 2784 1775 2840 liberari
1806 2796 2102 2860 martyrem

531 2875 733 2927 tlhristi
765 2892 777 2928 :
806 2887 934 2938 ergo
962 2889 1086 2928 cum
1117 2874 1423 2941 producunt
1455 2875 1610 2929 nobis
1631 2874 1800 2931 Judat
1835 2887 1947 2933 tres
1973 2895 2105 2946 pue-

533 2979 642 3028 ros,
668 2964 720 3017 in
744 2980 849 3020 uno
875 2965 977 3018 tria
1004 2965 1349 3036 proferimus.
1379 2965 1438 3018 Et
1461 2965 1572 3033 jam
1599 2968 1814 3036 quidem
1840 2971 2103 3027 habemus

532 3057 638 3108 duo
680 3055 947 3110 mirabilia
993 3074 1007 3110 :
1067 3055 1349 3128 flammam
1389 3072 1456 3110 ne
1509 3058 1727 3126 quidem
1788 3074 2103 3117 concessam

2202 589 2253 643 in
2301 591 2509 644 timore.
2557 591 2749 657 Etiam,
2795 593 2996 662 inquit;
3048 595 3148 648 iste
3200 594 3376 648 adhuc
3423 589 3767 651 Christianus

2199 693 2318 736 est:
2355 693 2410 736 ut
2440 683 2593 737 fratri
2624 700 2852 753 parcens
2878 687 3201 754 contempsit
3224 697 3575 755 praceptum.
3605 687 3770 743 Forte

2200 783 2380 828 autem
2407 774 2515 840 ille,
2545 778 2768 844 cupiens
2799 786 2916 844 post
2949 777 3266 833 incisionem
3303 779 3498 848 lingua
3537 796 3642 834 non
3670 796 3768 836 su-

2200 877 2420 931 peresse
2462 873 2775 934 martyrem,
2828 875 2881 919 et
2925 866 3114 935 majori
3180 882 3433 922 mensura
3479 869 3664 922 incidit
3700 873 3768 924 ad

2202 953 2628 1008 interfectionem
2661 955 2836 1022 potius
2859 969 3017 1024 quam
3047 956 3113 1010 ad
3139 957 3535 1026 pracisionem.
3563 959 3768 1014 Tamen

2199 1045 2628 1114 comprehensus
2669 1044 2908 1100 medicus
2956 1047 3255 1101 ducebatur
3297 1047 3364 1102 ad
3398 1047 3660 1114 iudicem,
3710 1059 3771 1104 et

2202 1137 2474 1204 negotium
2531 1137 2780 1198 habebat,
2836 1151 2936 1190 cur
2992 1136 3398 1207 loqueretur.is
3448 1141 3533 1194 cui
3593 1141 3769 1197 incisa

2203 1226 2375 1281 fuerat
2423 1226 2624 1297 lingua.
2663 1225 2776 1281 Non
2810 1228 2954 1282 enim
2992 1228 3160 1283 semel
3191 1229 3402 1285 locutus
3437 1234 3626 1298 tacuit,
3673 1235 3768 1288 sed

2202 1316 2514 1372 conferebat
2543 1334 2664 1372 cum
2693 1317 2814 1373 aliis
2843 1319 2909 1372 de
2936 1334 3101 1374 cruce
3128 1329 3181 1374 et
3211 1321 3438 1376 victoria
3465 1323 3685 1388 Christi,
3713 1335 3774 1381 et

2202 1409 2304 1462 hoc
2332 1408 2513 1490 multis
2536 1409 2812 1465 mensibus
2853 1410 2906 1464 in
2946 1419 3167 1465 carcere
3199 1414 3549 1468 constitutus.
3588 1414 3770 1470 liabe-

2203 1517 2323 1555 mus
2351 1515 2480 1570 ergo
2513 1509 2565 1556 et
2603 1501 2815 1555 tertiam
2851 1501 3290 1568 admirationem,
3323 1513 3378 1557 et
3411 1515 3547 1560 unus
3575 1506 3768 1562 Eccle-

2201 1592 2295 1647 sia
2323 1593 2666 1671 martyrjam
2695 1602 2940 1662 aquator
2978 1593 3149 1648 tribus
3185 1609 3248 1648 ex
3289 1592 3590 1666 Synagoga.
3631 1599 3770 1652 Cum

2203 1683 2384 1737 autem
2428 1685 2698 1754 negotium
2736 1692 3012 1754 pateretur
3041 1685 3304 1750 medicus,
3341 1695 3401 1740 ut
3435 1689 3768 1744 condiscatis

2201 1784 2461 1844 quantum
2493 1775 2614 1829 boni
2653 1775 2745 1839 sit,
2776 1782 2830 1829 et
2859 1774 3040 1828 brevis
3069 1775 3283 1843 quidam
3317 1778 3455 1832 ictus
3507 1780 3771 1848 religiosi-

2135 1848 2174 1901 Β
2206 1867 2354 1919 tatis.
2395 1865 2530 1932 Quia
2574 1866 2716 1921 enim
2758 1867 2937 1923 tutelae
2979 1883 3141 1923 causa
3178 1879 3466 1938 acceperat
3503 1871 3768 1942 linguam,

2204 1959 2330 2028 quia
2372 1958 2426 2013 in
2457 1959 2668 2014 ratione
2709 1959 2899 2015 salutis
2930 1961 3240 2016 thesaurum
3282 1963 3597 2017 reconderat
3632 1965 3770 2030 sibi,

2202 2050 2402 2105 exhinc
2451 2049 2562 2120 jam
2603 2052 2814 2120 accepit
2859 2050 3092 2106 fructum
3125 2051 3269 2106 fidei.
3299 2052 3474 2108 Judici
3509 2056 3652 2109 enim
3689 2057 3774 2111 in-

2201 2141 2440 2211 dignanti
2461 2152 2514 2196 et
2543 2143 2915 2207 comminantt,
2944 2153 3000 2198 et
3022 2143 3132 2211 jam
3179 2159 3301 2200 eum
3335 2145 3642 2201 interficere
3673 2163 3772 2201 vo-

2203 2232 2330 2288 lenti
2350 2233 2626 2301 respondit
2647 2235 2880 2290 medicus
2905 2253 2918 2290 :
2940 2234 3119 2291 Habeo
3141 2236 3373 2306 linguam
3394 2253 3552 2306 quam
3579 2238 3769 2293 incidi.

2203 2324 2535 2379 Producatur
2582 2326 2740 2391 alius,
2773 2327 2860 2381 cui
2903 2341 3007 2380 non
3054 2327 3264 2382 assistit
3291 2328 3454 2394 Deus,
3483 2339 3538 2383 et
3575 2344 3772 2385 secun-

2203 2416 2326 2469 dum
2357 2431 2666 2471 mensuram
2699 2417 2880 2472 incisa
2913 2417 3124 2488 lingua,
3173 2420 3441 2474 incidatur
3468 2421 3681 2489 lingua;
3711 2429 3771 2476 et

2200 2503 2244 2559 si
2278 2504 2510 2568 vixerit,
2555 2521 2733 2562 meum
2763 2519 3126 2563 commentum
3159 2521 3264 2574 est,
3313 2520 3365 2564 et
3399 2525 3501 2565 non
3547 2511 3641 2564 Dei
3668 2511 3770 2566 de-

2201 2595 2394 2650 fensio.
2431 2595 2757 2651 Producitur
2785 2599 3002 2668 quidam
3031 2600 3426 2667 damnatorum,
3459 2610 3513 2657 et
3535 2601 3772 2672 diligen-

2204 2683 2412 2740 tissime
2443 2701 2693 2740 mensura
2735 2698 2954 2756 accepta
2982 2728 2998 2754 ,
3027 2689 3197 2744 incisa
3245 2690 3407 2744 etiam
3449 2691 3626 2761 lingua
3663 2702 3769 2755 est,

2201 2791 2320 2846 quae
2349 2777 2585 2831 habebat
2619 2778 2781 2832 incidi
2835 2778 3063 2834 Tantum
3096 2790 3153 2834 ut
3187 2781 3405 2850 impleta
3439 2782 3630 2838 incisio
3657 2794 3768 2850 est,

2201 2877 2257 2922 et
2293 2867 2416 2922 ﬁnis
2444 2867 2560 2937 ejus
2605 2868 2903 2939 completus
2931 2881 3016 2926 est
3047 2873 3187 2926 vita.
3225 2873 3292 2927 Et
3320 2874 3407 2928 ille
3440 2875 3656 2943 quidem
3685 2887 3772 2932 est

2202 2971 2474 3015 mortuus.
2524 2962 2620 3017 Dei
2661 2972 2840 3017 autem
2873 2979 2940 3019 ex
2975 2967 3382 3034 comparatione
3427 2970 3768 3022 tenebrarum

2204 3053 2500 3122 apparebat
2532 3054 2896 3111 clarissimum
2929 3056 3135 3112 lumen.
3167 3057 3223 3112 Si
3255 3059 3377 3127 quis
3405 3066 3581 3113 autem
3613 3058 3768 3113 inﬁr-

532 3146 800 3200 ﬂammam
855 3148 1004 3213 ﬁeri;
1080 3161 1202 3216 post,
1261 3149 1577 3204 incisionem
1639 3151 1853 3221 lingua,
1916 3155 2099 3218 vitam,
2131 3189 2172 3247 ο
2206 3161 2325 3199 mus
2364 3155 2419 3201 et
2441 3147 2749 3204 incredulus
2787 3158 2891 3215 est,
2941 3150 3095 3220 signa
3127 3160 3305 3205 autem
3353 3152 3678 3215 inlidelibus,
3709 3162 3770 3206 ut

531 3253 693 3306 quam
744 3248 932 3292 natura
972 3239 1184 3307 quidem
1233 3254 1339 3293 non
1370 3239 1678 3305 confitetur,
1725 3246 1896 3312 gratia
1925 3256 2101 3300 autem

530 3330 754 3384 addidit.
787 3328 886 3383 Ubi
908 3345 1035 3399 ergo
1057 3329 1211 3383 tertia
1241 3329 1526 3385 admiratio
1557 3343 1639 3385 est
1667 3332 1730 3386 de
1752 3335 1937 3388 eodem
1963 3350 2105 3389 mar-

534 3435 652 3494 tyre
691 3423 928 3476 Christi?
963 3423 1342 3477 Adducebatur
1371 3422 1646 3480 Romanus
1686 3426 1752 3480 ad
1778 3441 2054 3482 carcerem
2085 3447 2100 3484 :

532 3515 766 3570 addebat
829 3526 1008 3569 autem
1060 3525 1113 3570 et
1155 3515 1256 3570 hoc
1297 3515 1525 3571 blandus
1579 3520 1644 3573 ad
1687 3530 1970 3583 tyrannum
2012 3519 2102 3590 ju-

531 3608 656 3671 dex,
707 3607 793 3675 qui
847 3608 1003 3660 istam
1052 3606 1386 3675 corporalem
1421 3606 1655 3676 linguam
1697 3625 1802 3664 non
1851 3611 2099 3665 habebat.

529 3695 753 3753 Lectum
782 3705 864 3752 est
890 3709 1069 3753 autem
1111 3698 1289 3761 nobis,
1327 3698 1452 3766 quia
1487 3700 1540 3753 in
1571 3701 1845 3769 apostolos
1871 3701 2104 3771 Spiritus

531 3790 745 3861 linguas
779 3799 838 3843 ut
874 3791 1048 3856 ignem
1085 3789 1270 3843 divisit
1303 3797 1356 3843 et
1389 3791 1630 3845 donavit.
1667 3790 1772 3847 Sed
1807 3792 1953 3846 illuni
1995 3810 2100 3848 non

530 3883 786 3942 vidimus,
832 3881 924 3934 sed
965 3880 1265 3932 audivimus
1296 3890 1349 3932 et
1383 3881 1672 3936 credimus.
1723 3882 1875 3949 Quod
1922 3892 2100 3937 autem

531 3976 774 4028 dicturus
798 3987 938 4034 sum,
969 3971 1120 4024 multi
1154 3973 1330 4026 vultus
1365 3972 1477 4044 (6‘2)
1519 3983 1645 4028 sunt
1677 3983 1861 4030 testes.
1897 3975 2101 4030 Dicitur

530 4063 654 4132 quia
703 4062 894 4115 beatus
943 4062 1044 4115 iste
1083 4063 1380 4128 Romanus,
1435 4064 1560 4116 dum
1620 4062 1797 4118 adhuc
1846 4079 2100 4120 carneam

531 4153 762 4208 habebat
799 4152 1058 4220 linguam,
1089 4153 1286 4207 similia
1316 4155 1485 4224 Moysi
1516 4156 1854 4224 loquebatur,
1889 4157 1991 4212 hoc
2020 4167 2105 4214 est

527 4242 852 4305 balbutiens,
901 4250 955 4294 et
983 4257 1086 4293 non
1127 4243 1420 4310 composite
1459 4243 1706 4312 loquens.
1743 4244 1880 4298 Dum
1920 4243 2100 4300 adhuc

533 4335 758 4386 haberet
799 4342 965 4386 totam
1016 4331 1272 4399 linguam,
1318 4342 1370 4387 et
1418 4349 1521 4387 non
1573 4344 1756 4403 posset
1803 4335 2103 4404 composite

529 4423 699 4492 loqui,
731 4432 847 4477 erat
870 4423 1081 4476 balbus.
1116 4422 1215 4488 Qui
1248 4431 1425 4476 autem
1455 4437 1732 4478 carcerem
1761 4424 2097 4492 ingredieba-

2205 3237 2338 3292 dicit
2381 3239 2662 3306 Scriptura
2685 3240 2752 3302 °",
2788 3241 3049 3296 habemus
3081 3242 3195 3297 hac
3239 3242 3481 3310 proferre
3506 3258 3624 3313 qua
3667 3259 3768 3298 au-

2205 3325 2458 3380 divimus.
2491 3326 2556 3380 Et
2588 3337 2736 3382 certe
2778 3343 2886 3383 non
2918 3337 3119 3383 tantum
3159 3344 3327 3399 egena
3375 3341 3459 3386 est
3492 3331 3765 3395 Ecclesia;

2205 3418 2298 3472 sed
2341 3427 2396 3472 et
2425 3418 2491 3472 de
2521 3418 2626 3473 alio
2662 3420 2843 3475 audivi
2868 3435 3000 3491 ego,
3028 3419 3156 3491 quia
3197 3422 3277 3475 vir
3310 3423 3529 3490 quidam
3566 3425 3632 3477 ad
3672 3422 3768 3478 be-

2206 3509 2338 3562 'stias
2371 3508 2568 3563 missus
2606 3518 2723 3573 est.
2749 3525 2780 3565 a
2817 3511 3003 3567 bestiis
3043 3522 3221 3569 autem
3253 3527 3358 3566 non
3392 3524 3766 3584 consumptus,

2207 3609 2266 3653 ut
2314 3600 2518 3665 Daniel,
2565 3599 2822 3658 Ecclesia
2872 3601 3141 3659 referebat
3186 3603 3448 3659 mirabilia
3501 3604 3614 3659 Dei.
3659 3605 3765 3660 Sed

2206 3708 2311 3747 non
2339 3695 2410 3747 sit
2441 3693 2574 3748 mihi
2597 3695 2850 3765 colligere
2879 3695 3025 3749 talia.
3061 3695 3164 3750 Ista
3193 3697 3335 3750 enim
3369 3699 3766 3766 supportatoria

2206 3784 2592 3840 infirmantium
2627 3787 2910 3853 habentur,
2936 3788 3053 3842 ista
3080 3788 3479 3844 satisfactiones
3509 3797 3634 3844 sunt
3663 3806 3768 3844 non

2205 3876 2562 3932 credentium.
2616 3877 2722 3932 Sed
2774 3893 2946 3947 neque
3000 3881 3102 3934 ista
3157 3896 3370 3949 sperno,
3422 3896 3522 3936 nec
3569 3882 3767 3937 abnuo.

2204 3965 2546 4022 Glorificetur
2612 3978 2789 4023 autem
2851 3971 3003 4024 etin
3066 3972 3183 4026 istis
3245 3971 3562 4028 mirificator
3609 3973 3768 4028 Deus.

2206 4059 2378 4128 Diligo
2411 4069 2591 4114 autem
2621 4076 2741 4114 cum
2778 4060 2936 4116 video
2965 4061 3126 4116 incidi
3159 4063 3336 4132 capita
3370 4074 3688 4134 martyrum,
3710 4074 3768 4117 et

2207 4160 2374 4205 totum
2419 4166 2613 4220 corpus
2645 4151 2858 4213 ardere.
2899 4163 2955 4207 et
2991 4152 3228 4222 virgines
3255 4155 3426 4210 nudas
3456 4170 3561 4209 non
3593 4154 3771 4209 irreli-

2203 4244 2369 4314 giosis
2398 4245 2590 4308 oculis,
2625 4244 2814 4300 amicis
2836 4255 3012 4299 autem
3045 4256 3098 4300 et
3133 4247 3409 4301 fraternis.
3445 4245 3584 4302 Nihil
3624 4249 3772 4302 enim

2207 4336 2398 4388 horum
2432 4336 2678 4391 terribile
2703 4336 2888 4390 vident
2917 4336 3136 4401 fratres,
3172 4339 3297 4406 quia
3330 4353 3428 4393 nec
3467 4340 3770 4408 patiuntur.

2206 4425 2324 4481 Ista
2364 4435 2489 4481 sunt
2521 4427 2726 4494 gloriae,
2763 4427 2879 4481 ista
2914 4438 3110 4482 nostra
3148 4427 3484 4484 dilectiones.
3532 4428 3594 4482 Et
3646 4429 3774 4498 qui-

530 4523 616 4567 tur
652 4523 834 4567 custos
861 4513 1100 4567 carceris
1139 4514 1493 4583 interrogavit
1519 4529 1664 4577 eum,
1698 4515 1840 4582 quod
1868 4514 1916 4568 ei
1949 4524 2098 4570 esset
2134 4546 2178 4601 ο
2204 4520 2321 4570 deut
2351 4518 2440 4586 qui
2477 4518 2728 4572 inciditur
2767 4518 2964 4588 capite,
3003 4518 3222 4572 habebit
3251 4529 3413 4586 caput
3449 4520 3498 4573 in
3525 4519 3774 4588 judicio;

525 4620 721 4661 nomen
742 4615 823 4658 :et
855 4616 1002 4660 certe
1033 4606 1226 4660 littera
1249 4604 1359 4675 (63)
1381 4605 1493 4674 jam
1531 4605 1616 4658 his
1645 4605 1736 4672 qui
1769 4603 1924 4660 valde
1955 4620 2102 4660 cont-

524 4695 685 4766 positi
715 4705 863 4750 recte
892 4696 1204 4764 loquuntur,
1234 4695 1454 4765 impedit
1477 4698 1542 4748 ad
1567 4695 1914 4762 loquendum.
1947 4695 2100 4751 Nunc

525 4795 704 4838 autem
737 4783 1010 4840 Romanus
1039 4795 1093 4840 et
1119 4787 1290 4839 incisa
1339 4785 1549 4854 lingua;
1586 4801 1746 4855 quam
1781 4801 1901 4841 cum
1941 4787 2101 4842 habe-

527 4886 611 4930 ret
638 4876 772 4948 (64),
803 4888 857 4928 et
884 4886 1028 4930 recte
1057 4876 1198 4945 loqui
1231 4892 1335 4930 non
1365 4886 1612 4944 poterat;
1645 4877 1880 4944 Spiritus
1905 4875 2098 4946 lingua

526 4964 782 5034 loquitur,
837 4974 891 5019 et
932 4965 1089 5020 valde
1130 4967 1455 5032 rectissime,
1508 4976 1562 5022 et
1609 4967 1762 5030 dicit,
1817 4967 2094 5023 Romanus

525 5057 696 5112 dicor.
725 5057 921 5111 lterum
955 5057 1232 5110 nuntiatur
1267 5058 1370 5113 hoc
1395 5058 1562 5126 jttdici
1597 5069 1650 5113 et
1682 5067 1912 5127 tyranno
1946 5075 2088 5130 pra-

613 5151 657 5181 "
689 5151 706 5204 Ι
738 5151 864 5206 Cor.
899 5167 1010 5214 xw,
1039 5153 1128 5205 22.
1201 5152 1246 5182 (³⁸
1267 5152 1432 5206 Marc.
1463 5169 1578 5220 vut,
1612 5154 1701 5208 55.

597 5245 710 5316 (δι)
749 5242 818 5296 Ut
847 5261 1180 5298 consuerunt.
1216 5245 1285 5298 Ut
1314 5249 1478 5300 solent
1519 5249 1838 5313 infirmiores
1873 5246 2011 5303 clam
2047 5258 2100 5304 et

525 5314 669 5368 dumi
692 5314 1010 5386 reconditas
1037 5326 1330 5386 martyrum
1361 5319 1618 5385 reliquias
1645 5319 1946 5381 honorare;
1977 5335 2096 5372 cum

524 5386 782 5439 fortiores
813 5384 985 5451 palam
1023 5385 1073 5438 id
1103 5384 1340 5439 facerent
1368 5405 1381 5440 :
1432 5384 1551 5440 erat
1581 5399 1764 5443 autem
1806 5387 1895 5441 ille
1929 5390 2098 5441 medi-

524 5472 616 5528 cus
667 5455 839 5508 carnis
911 5454 1215 5522 inﬁrmitate
1281 5457 1479 5526 lapsus,
1541 5458 1682 5512 sicut
1755 5458 1911 5528 paulo
1976 5469 2100 5515 ante

525 5527 748 5578 dietnm.

597 5598 707 5665 (02)
755 5593 965 5649 Vultus.
993 5600 1312 5666 Πρόσωπα,
1347 5608 1606 5666 aspectus.

599 5669 710 5736 (05)
753 5665 986 5718 Litterae.
1010 5665 1166 5719 Forte
1198 5665 1413 5729 littera,
1440 5679 1496 5720 ut
1540 5681 1730 5720 sensus
1767 5668 1837 5721 sit
1867 5686 1879 5720 :
1914 5667 2092 5722 littera

529 5733 570 5786 ll
597 5733 718 5805 qua:
739 5751 880 5803 agre
909 5737 1284 5803 pronuntiatur
1317 5739 1480 5790 etiam
1512 5737 1578 5790 ab
1618 5738 1682 5790 iis
1725 5739 1816 5804 qui
1849 5753 1914 5790 os
1949 5751 2093 5795 recte

529 5807 885 5862 compositum
925 5807 1127 5861 habent
1155 5806 1222 5861 ad
1256 5805 1602 5866 loauendutn.
1633 5821 1795 5866 nunc.
1833 5819 1938 5862 etc.

450 6013 870 6336 ,ἱ

2203 4609 2328 4676 quia
2360 4608 2451 4677 qui
2497 4611 2648 4663 ardet
2691 4617 2853 4672 totus,
2889 4608 3258 4663 holocaustum
3307 4609 3416 4664 Deo
3446 4611 3647 4664 viventi
3679 4610 3773 4664 of-

2203 4697 2392 4754 fertur.
2425 4699 2491 4754 Et
2532 4703 2678 4771 virgo
2715 4701 2929 4765 nudata,
2963 4715 3069 4753 non
3102 4701 3278 4764 nuda;
3317 4702 3479 4756 habet
3502 4703 3645 4756 enim
3686 4704 3774 4754 in-

2203 4791 2513 4846 dumeutnm
2547 4790 2928 4860 incorruptela
2961 4806 3090 4845 sua.
3134 4791 3305 4847 Nemo
3347 4793 3490 4847 dicat
3517 4793 3780 4863 martyri-

2205 4880 2343 4936 bus:
2377 4882 2742 4939 Misericordia
2784 4900 2815 4936 a
2855 4884 3006 4938 vobis
3033 4882 3145 4954 (65)
3179 4886 3246 4937 ab
3293 4884 3396 4948 his,
3438 4884 3664 4950 fratres;
3702 4902 3781 4940 ne

2202 4973 2343 5030 forte
2371 4977 2669 5031 imitatores
2695 4977 2899 5031 Christi
2938 4991 3121 5032 vocem
3149 4977 3314 5030 etiam
3343 4978 3462 5048 ejus
3492 4979 3780 5033 mittentes

2199 5066 2560 5136 respondeant
2585 5067 2925 5121 dicentibus:
2977 5064 3116 5120 Vade
3153 5079 3286 5121 retro
3340 5085 3441 5132 me,
3475 5068 3676 5124 Salaria
3699 5070 3776 5125 “.

2276 5248 2391 5319 (64)
2452 5247 2622 5312 Quam
2669 5262 2787 5300 cum
2833 5246 3080 5319 haberet.
3115 5245 3285 5314 Quam
3334 5247 3567 5319 litteram
3615 5247 3779 5302 facile

2205 5317 2553 5389 prenuntiare
2599 5332 2704 5370 non
2746 5323 2979 5384 poterat.
3015 5317 3176 5370 etiam
3220 5332 3343 5371 cum
3387 5317 3620 5386 linguam
3669 5319 3779 5370 ha-

2203 5393 2388 5527 hei-8%.)
2435 5455 2485 5511 Μ
2493 5437 2798 5510 isericoidia
2819 5472 2848 5508 α
2871 5454 3030 5527 vobis.
3055 5455 3218 5511 Forte
3240 5455 3602 5509 Misericordia
3629 5455 3779 5509 vobis

2204 5523 2406 5593 tib-his,
2435 5538 2493 5580 ut
2526 5541 2714 5580 sensus
2749 5527 2818 5580 sit
2851 5543 2864 5578 :
2903 5523 3071 5579 Nemo
3100 5528 3426 5595 martyribus
3456 5528 3631 5580 dicat:
3660 5528 3780 5577 fra-

2207 5611 2336 5664 tres,
2371 5597 2534 5651 vestri
2575 5599 2933 5651 misereantur
2965 5596 3016 5648 hi
3057 5599 3293 5665 tyranni,
3333 5609 3554 5662 parcant
3590 5597 3641 5648 in
3677 5609 3779 5646 vos

2199 5672 2391 5723 saevire
2419 5687 2431 5732 ;
2469 5681 2533 5721 ne
2564 5678 2827 5738 Il‘lztl‘lyl‘eS
2864 5666 3110 5735 exemplo
3137 5665 3340 5722 Christi
3369 5666 3732 5734 respondeant
3756 5681 3775 5714 ;

2196 5743 2326 5794 vade
2362 5747 2519 5804 retro,
2556 5747 2662 5793 etc.
