4098 6398
379 377 508 432 ΗΟΙ

1427 365 1514 419 DE
1555 353 2160 419 liESUKlth'l‘lONE.
2202 393 2270 403 -—
2312 353 2440 417 LIB.
2485 351 2550 414 Il.

3509 350 3652 412 illi?

383 494 714 563 lucetlantur
755 499 806 547 el
846 489 1071 546 ardeam
1107 497 1163 542 ιιι
1193 485 1465 541 nudentur
1503 484 1612 556 (66)
1641 486 1874 551 virgines
1912 485 1964 537 in
1997 483 2274 553 A'plagas,
2322 497 2416 553 per
2461 493 2682 546 terram,
2731 495 2828 550 per
2881 480 3081 552 ignem,
3131 495 3224 552 per
3264 478 3523 549 gladium,
3556 496 3654 549 per

380 585 655 655 passione,
692 592 746 637 et
776 582 954 635 vincat
988 594 1087 650 per
1118 577 1296 632 omnia
1330 577 1600 632 Christus.
1637 575 1774 641 Quid
1817 575 1960 630 enim

381 684 437 730 ct
484 683 746 746 promunt
786 673 976 728 Judzri'
1002 682 1058 726 ut
1101 670 1326 740 gloriam
1381 678 1471 722 aut
1514 665 1962 722 accusationem?

384 768 440 823 Si
473 767 618 822 enim
651 781 750 820 nos
780 765 1005 819 fratrum
1036 771 1342 816 nostrorum
1386 759 1822 814 iuterficientlum
1849 757 1962 829 (67)

385 862 465 917 usi
497 877 681 917 sumus
711 859 966 930 praedicta
994 855 1186 927 gloria,
1218 854 1518 909 interfectis
1543 853 1816 923 prioribus
1861 868 1964 906 non

384 969 659 1009 cessamus
685 950 914 1005 interﬁci
949 972 960 1005 ;
993 962 1139 1003 nunc
1165 947 1452 1002 adoremus
1480 943 1617 998 idola
1647 957 1768 1012 quae
1799 958 1967 997 excu-

384 1017 565 1103 sanius
591 1045 724 1116 (68).
760 1043 925 1100 Israel
951 1053 1131 1097 autem
1177 1051 1230 1096 et
1275 1042 1398 1094 dum
1456 1038 1855 1093 interficeretur
1902 1052 1968 1090 ne

383 1141 653 1203 adoraret,
688 1154 795 1192 non
829 1138 1067 1192 cessavit
1097 1133 1398 1188 adoranda.
1431 1132 1497 1186 Et
1525 1133 1639 1186 ausi
1667 1141 1792 1186 sunt
1821 1129 1963 1200 loqui

385 1233 451 1287 ad
478 1247 715 1287 crucem.
743 1231 876 1286 Cum
903 1230 1048 1284 enim
1075 1220 1228 1282 vituli
1256 1234 1423 1294 capttt
1453 1225 1556 1280 sibi
1585 1234 1643 1278 ut
1672 1224 1966 1278 adorarent

384 1324 656 1389 fecerunt,
689 1322 898 1392 Moyses
934 1318 1209 1375 interfecit
1239 1319 1521 1387 plurimos,
1562 1331 1630 1371 ne
1667 1315 1846 1370 caeteri
1882 1314 1966 1368 fa-

383 1428 570 1474 cerent
614 1415 760 1480 talia,
795 1423 848 1468 et
883 1414 973 1484 qui
1005 1410 1247 1467 derelicti
1291 1419 1415 1467 sunt
1460 1412 1772 1465 adorarent.
1813 1401 1968 1462 Unde

385 1525 514 1581 ergo
555 1508 732 1565 simile
772 1508 876 1563 erit
911 1507 1113 1562 Judaeis
1157 1515 1216 1559 ut
1256 1514 1311 1560 et
1359 1506 1484 1559 dum
1544 1501 1966 1566 interficiuntur,

387 1603 476 1657 alii
509 1603 737 1656 adorent
769 1598 1094 1665 simulacra;
1130 1608 1186 1653 et
1227 1595 1465 1652 Ecclesia
1492 1593 1605 1667 (69)
1647 1609 1766 1664 quae
1797 1595 1966 1648 inter-

388 1695 564 1751 ﬁcitur
587 1705 645 1747 ut
670 1694 878 1758 adoret,
907 1700 957 1744 et
988 1708 1092 1744 non
1123 1689 1348 1744 adorat?
1372 1689 1478 1744 Sed
1510 1705 1629 1758 qua:
1655 1686 1970 1742 communio

386 1796 470 1843 est
502 1783 687 1840 lumini
720 1785 785 1839 ad
817 1782 1113 1839 tenebras?
1149 1781 1280 1848 Quae
1323 1783 1460 1836 enim
1501 1780 1655 1836 debui
1685 1779 1858 1848 facere
1893 1778 1969 1832 vi-

2073 585 2353 643 serpentes
2372 615 2386 639 ,
2416 591 2510 644 per
2537 575 2697 641 feras,
2726 591 2822 645 per
2847 576 3117 640 inimicos,
3143 591 3237 644 per
3258 575 3429 646 legem
3458 571 3652 645 puniti,

2071 668 2368 732 interfecti,
2401 670 2626 736 concisi,
2655 670 2959 738 consumpti
2992 680 3140 734 sunt,
3172 678 3223 722 et
3255 684 3419 723 manu
3464 674 3653 722 sacer-

2069 761 2252 816 dotum
2285 764 2493 817 occisi:
2535 770 2589 816 et
2626 779 2730 817 non
2759 773 3105 817 recesserunt
3135 764 3202 818 ab
3242 762 3423 817 idolis.
3466 755 3534 817 Et
3570 771 3652 817 ta-

2071 871 2193 910 men
2246 857 2362 910 haec
2408 853 2589 910 omnia
2638 857 2841 910 fiebant
2888 866 3031 921 tunc,
3075 865 3130 910 et
3167 856 3393 924 spiritus
3440 862 3560 909 erat
3595 855 3646 907 in

2071 949 2221 1018 ipsis,
2271 958 2322 1004 et
2367 948 2576 1020 Moyses
2624 952 2906 1020 propheta,
2946 960 2999 1004 et
3044 947 3224 1003 Aaron
3273 946 3549 1014 sacerdos,
3596 956 3652 1005 et

2069 1034 2228 1096 Jesus
2257 1039 2401 1094 Nave
2431 1041 2726 1095 exercitum
2762 1043 2982 1106 ducens,
3016 1047 3069 1095 et
3101 1027 3417 1110 evpugnans
3464 1035 3647 1096 inimi-

2071 1149 2186 1199 cos,
2217 1144 2272 1190 et
2300 1136 2518 1206 Moyses
2550 1136 2892 1190 orationibus
2925 1135 3169 1198 vincens,
3218 1144 3272 1190 et
3314 1150 3512 1190 manna
3563 1136 3656 1190 des

2071 1241 2310 1289 sursum,
2369 1239 2422 1280 et
2470 1239 2622 1297 petra
2673 1228 2838 1281 dabat
2882 1243 3102 1298 aquam,
3145 1238 3199 1282 et
3244 1229 3654 1284 tabernaculum

2074 1320 2278 1385 aderat,
2329 1328 2384 1374 et
2412 1319 2562 1390 virga
2596 1316 2847 1387 ﬂorebat,
2895 1330 2948 1376 et
2995 1323 3264 1375 mirabilia
3317 1322 3533 1378 fiebant.
3592 1313 3656 1379 Et

2083 1412 2325 1468 colentes
2365 1413 2506 1468 idola
2548 1429 2653 1467 non
2705 1415 3004 1483 abegerunt
3049 1413 3241 1481 Deum,
3279 1425 3337 1471 ut
3374 1417 3656 1473 recederet

2075 1517 2105 1555 a
2162 1503 2610 1572 promissionibus
2659 1505 2771 1559 suis
2818 1520 2954 1574 quas
2992 1506 3192 1561 fecerat
3237 1507 3304 1561 ad
3358 1508 3655 1563 Abraham.

2074 1589 2185 1649 Cur
2222 1610 2372 1665 ergo,
2406 1610 2500 1649 vos
2531 1596 2901 1665 interrogabo,
2952 1612 3050 1652 cur
3079 1612 3199 1651 cum
3227 1607 3283 1654 et
3313 1600 3454 1668 apud
3485 1590 3658 1670 Egyo

2075 1700 2225 1758 ptum
2274 1689 2414 1744 idola
2470 1689 2755 1752 colebatis,
2797 1707 2918 1746 cum
2961 1701 3016 1746 et
3063 1691 3114 1745 in
3159 1692 3276 1761 ipso
3323 1693 3458 1748 mari
3501 1688 3656 1763 posin

2081 1795 2185 1836 non
2213 1783 2542 1848 credebatis,
2574 1798 2696 1838 cum
2727 1792 2782 1838 et
2821 1800 3020 1839 manna
3049 1787 3385 1855 accipientes
3415 1805 3658 1843 murmu.

387 1895 498 1934 nea:
532 1891 680 1940 mete,
713 1889 760 1930 et
787 1891 888 1930 non
922 1874 1023 1942 feci
1053 1871 1134 1926 ‘9?
1164 1872 1291 1927 dicit
1325 1870 1486 1925 Deus.
1521 1869 1732 1923 Donare
1759 1867 1964 1928 debuit,
2004 1844 2043 1901 Β
2077 1874 2302 1937 rabatis,
2330 1889 2454 1928 cum
2505 1883 2558 1928 ei
2595 1883 2723 1930 ante
2766 1876 2938 1943 legem
2982 1887 3037 1931 ει
3078 1887 3269 1932 contra
3303 1877 3474 1950 legem
3505 1880 3658 1934 νίιυιί

385 1984 436 2026 et
471 1971 737 2035 blandire,
773 1979 826 2024 et
860 1965 1122 2022 beneﬁcia
1156 1966 1436 2020 tribuere:
1469 1960 1594 2017 fecit
1627 1961 1831 2016 omnia.
1862 1959 1967 2014 Do-

385 2062 534 2118 navit
560 2061 702 2115 enim
737 2073 932 2112 manna
966 2073 980 2111 :
1011 2053 1176 2113 Israel
1203 2066 1383 2110 autem
1420 2055 1580 2108 modo
1611 2051 1965 2116 manducans,

385 2153 614 2208 vitulum
662 2151 754 2222 qui
804 2165 904 2205 nec
955 2151 1180 2204 herbam
1235 2145 1603 2201 manducabat
1652 2159 1751 2200 nec
1801 2145 1966 2198 vitam

389 2246 642 2308 habebat,
679 2243 997 2298 adorabant.
1030 2241 1071 2296 E
1100 2252 1253 2309 petra
1286 2238 1541 2294 bibeoant
1571 2252 1784 2307 aquam,
1819 2246 1873 2292 et
1903 2255 1969 2292 ex

388 2348 539 2408 [tetra
567 2336 840 2392 faciebant
865 2332 1006 2389 idola
1031 2333 1155 2389 sibi.
1183 2332 1283 2386 Per
1309 2331 1509 2400 lignum
1537 2330 1750 2398 figurati
1785 2346 1970 2384 amara

389 2444 530 2499 aqua
563 2434 826 2483 translata
852 2426 918 2480 ad
947 2424 1287 2481 dulcedinem
1317 2434 1399 2479 est
1424 2443 1438 2477 :
1464 2421 1536 2477 illi
1569 2432 1748 2476 autem
1776 2438 1805 2476 e
1830 2422 1972 2492 ligno

389 2521 768 2589 exsculpentes
819 2517 920 2573 sibi
973 2516 1299 2581 simulacra,
1360 2516 1647 2570 adversum
1702 2529 1824 2568 eum
1880 2513 1969 2585 qui

389 2606 597 2667 fecerat
636 2609 792 2665 dulce
824 2609 1144 2664 adorabant.
1179 2607 1598 2662 Veterasceutes
1628 2617 1808 2662 autem
1844 2623 1974 2662 con-

391 2703 710 2758 crescebaut
755 2701 836 2755 eis
868 2695 1064 2754 tunica:
1101 2719 1115 2754 :
1151 2699 1227 2753 illi
1267 2708 1448 2752 autem
1490 2698 1822 2768 accipientes
1855 2715 1975 2768 quce

388 2791 628 2848 donabat
667 2791 830 2854 Deus.
867 2791 1266 2846 consecrabant
1317 2786 1491 2844 idolis.
1546 2788 1777 2842 Tantum
1829 2789 1972 2843 enim

388 2895 545 2942 erant
590 2885 656 2938 ad
697 2881 959 2939 beneficia
1004 2893 1357 2938 contumaces
1410 2898 1424 2935 :
1475 2880 1708 2950 ideoque
1754 2881 1977 2935 adduxit

389 2976 672 3031 adversum
707 2991 800 3031 eos
828 2976 1013 3046 plagas
1033 3015 1049 3040 ,
1079 2973 1204 3041 quia
1232 2973 1360 3026 dum
1388 2973 1544 3027 daret
1571 2973 1852 3036 beneficia,
1880 2987 1975 3028 eos

391 3070 621 3124 suadere
670 3082 775 3121 non
815 3068 990 3137 potuit
1028 3085 1042 3120 :
1079 3065 1254 3120 voluit
1293 3078 1423 3134 ergo
1463 3079 1557 3119 eos
1584 3065 1815 3135 puniens
1855 3080 1978 3135 per-

392 3172 608 3230 urgere.
656 3157 828 3226 Quam
873 3159 1016 3212 enim
1062 3157 1274 3226 plagam
1311 3157 1390 3211 eis
1438 3171 1546 3209 non
1599 3156 1792 3210 misit?
1836 3156 1972 3223 Quid

393 3253 539 3307 enim
568 3251 645 3305 ait
675 3253 790 3320 ipse
841 3251 908 3304 ad
948 3249 1080 3304 eos?
1114 3250 1241 3305 Sine
1267 3265 1429 3304 causa
1463 3249 1697 3318 percussi
1719 3249 1863 3319 ﬁlios
1896 3266 1976 3303 ve-

390 3350 531 3401 stros
575 3357 594 3395 :
675 3343 1014 3412 disciplinam
1059 3359 1162 3397 non
1216 3343 1491 3412 accepistis
1523 3342 1592 3397 7°.
1645 3341 1778 3397 Cum
1832 3341 1976 3397 enim

393 3435 652 3492 beneficia
687 3450 781 3490 sua
819 3435 898 3490 eis
943 3437 1292 3506 exprobaret,
1329 3436 1581 3489 dicebat:
1623 3434 1766 3500 Quid
1807 3435 1979 3487 adhuc

392 3529 546 3582 debui
570 3528 744 3598 facere
769 3529 930 3582 vinea:
948 3544 1096 3590 meat,
1121 3538 1169 3581 et
1193 3544 1295 3580 non
1321 3523 1481 3596 feci“
1501 3523 1523 3580 ‘.’
1544 3526 1677 3581 Cum
1702 3536 1880 3581 autem
1906 3528 1982 3581 in-

394 3619 766 3675 credulitatem
793 3620 858 3673 ad
887 3619 1071 3689 plagas
1103 3618 1376 3673 addebat:
1407 3618 1536 3674 Sine
1559 3635 1718 3672 causa
1747 3620 1980 3688 percussi

394 3710 536 3782 filios
569 3722 807 3766 vestros:
837 3711 1174 3777 disciplinam
1202 3727 1304 3764 non
1333 3711 1627 3782 accepistis.
1648 3711 1715 3765 Et
1740 3711 1931 3765 iterum
1961 3731 1973 3765 :

399 3801 540 3868 Quid
577 3799 749 3855 adhuc
792 3799 1162 3870 percutiamini
1200 3799 1449 3852 addentes
1494 3808 1708 3868 peccata
1738 3792 1824 3851 ”?
1867 3797 1982 3854 Hoc

398 3902 503 3958 est,
548 3907 646 3963 ego
690 3891 952 3947 evacuavi
999 3889 1181 3960 plagas
1215 3908 1228 3944 :
1259 3905 1354 3944 vos
1391 3903 1571 3944 autem
1615 3905 1720 3944 non
1754 3890 1980 3945 cessatis

401 3994 713 4054 peccantes.
762 3984 870 4039 Sed
916 3982 1054 4038 forte
1101 3981 1378 4052 simplices
1416 3981 1600 4052 plagas
1639 3983 1842 4052 putatis
1885 3990 1985 4036 :et

401 4077 577 4149 gladio
605 4074 876 4132 interfecti
904 4085 1051 4139 sunt,
1083 4076 1170 4144 qui
1205 4085 1366 4144 caput
1397 4077 1500 4130 sibi
1530 4073 1684 4129 vituli
1717 4074 1982 4140 fecerunt,

401 4180 460 4224 ut
482 4171 772 4224 adorarent
799 4186 812 4224 :
843 4179 899 4224 et
923 4169 1278 4224 nihilominus
1310 4169 1750 4237 indisciplinatus
1783 4168 1984 4221 mansit

403 4261 566 4318 Israel
596 4280 609 4316 :
635 4271 689 4317 et
715 4273 857 4316 terra
889 4260 1116 4316 mirifice
1135 4263 1388 4316 ostendat
1414 4261 1665 4331 aperiens
1691 4275 1752 4313 os
1780 4274 1936 4313 suum
1963 4271 1980 4310 :

405 4355 556 4410 vivos
584 4356 848 4424 quosdam
884 4352 1166 4408 absorbuit
1195 4369 1209 4406 :
1250 4361 1304 4407 et
1335 4353 1428 4422 qui
1462 4351 1634 4406 relicti
1665 4359 1814 4415 sunt,
1851 4350 1983 4402 adov-

405 4468 599 4523 rabant
644 4482 749 4522 non
798 4466 1063 4522 viventes.
1111 4465 1353 4521 Flamma
1395 4481 1489 4522 eos
1533 4464 1872 4535 consumpsit
1914 4478 1984 4518 ne

2071 1975 2234 2036 caput
2275 1965 2427 2020 vobis
2476 1966 2704 2030 fecistis,
2754 1983 2874 2022 cum
2926 1969 3263 2040 Beelphegor
3300 1974 3659 2044 vosmetipsos

2071 2059 2455 2125 consecrastis,
2485 2074 2605 2113 cum
2631 2059 2901 2113 flammam
2927 2061 3066 2129 ignis
3088 2059 3514 2132 contempsiStis,
3535 2080 3658 2119 cum

2071 2150 2418 2219 serpentibus
2453 2150 2948 2216 interficiebamiui,
2986 2170 3090 2208 non
3135 2155 3267 2210 estis
3301 2159 3489 2212 suasi:
3537 2173 3660 2214 cum

2076 2250 2217 2296 terra
2267 2241 2659 2297 admirabiliter
2684 2259 2745 2298 os
2781 2259 2936 2298 suum
2981 2245 3228 2314 aperiens
3260 2246 3544 2302 absorbuit
3566 2264 3661 2305 vos

2073 2336 2337 2403 viventes,
2377 2350 2549 2406 neque
2593 2352 2690 2392 vos
2720 2341 2978 2394 cessastis
3007 2340 3073 2394 ab
3101 2340 3278 2406 idolis,
3309 2359 3482 2414 neque
3517 2344 3658 2400 Deus

2075 2429 2326 2494 recessit,
2361 2438 2419 2483 ut
2477 2445 2584 2484 non
2618 2432 2771 2486 vobis
2821 2431 3023 2487 faceret
3074 2433 3255 2501 bene;
3300 2447 3353 2490 et
3385 2437 3661 2494 habebatis

2075 2520 2367 2590 prophetas
2406 2521 2708 2576 vobiscum.
2756 2521 3206 2593 Comparavimus
3247 2528 3414 2596 igitur
3443 2528 3533 2581 illa
3580 2529 3661 2584 his

2076 2627 2195 2679 quae
2229 2628 2334 2666 non
2367 2623 2495 2666 sunt
2522 2614 2662 2684 (71),
2694 2624 2749 2669 et
2798 2616 3251 2687 interrogavimus
3284 2637 3376 2677 eos
3401 2639 3498 2677 cur
3538 2635 3662 2679 tunc

2076 2719 2196 2758 cum
2224 2713 2370 2757 tanta
2398 2703 2589 2762 fierent
2609 2720 2638 2759 a
2666 2707 2839 2772 vobis,
2863 2724 3054 2778 passus
3079 2709 3191 2782 (η)
3241 2723 3323 2768 est
3347 2716 3498 2770 vobis
3547 2717 3662 2788 (75)

2081 2791 2239 2860 Deus,
2259 2804 2312 2847 et
2335 2811 2474 2851 nunc
2491 2812 2610 2852 cum
2631 2796 2924 2852 Sabbatum
2941 2803 3225 2858 custoditis
3243 2813 3300 2860 ut
3316 2807 3662 2877 pollicemini,

2078 2895 2131 2940 et
2158 2887 2327 2957 legem
2361 2888 2559 2958 legitis,
2589 2900 2644 2946 et
2685 2891 2852 2948 libros
2898 2897 3307 2965 prophetarum,
3357 2915 3492 2970 quos
3523 2919 3661 2971 pra:-

2078 2986 2262 3033 sentes
2316 2981 2536 3049 quidem
2591 2978 2969 3051 interfecistis,
3024 2986 3192 3043 libros
3237 3000 3419 3046 autem
3469 3007 3660 3048 eorum

2079 3070 2364 3138 purpureis
2399 3072 2578 3140 palliis
2625 3073 2950 3132 honoratis:
2987 3093 3106 3148 quas
3139 3096 3304 3136 causa
3338 3094 3422 3139 est
3451 3094 3506 3140 ιιι
3540 3095 3664 3143 tunc

2080 3161 2296 3230 quidem
2331 3171 2478 3218 tanta
2513 3166 2666 3221 vobis
2704 3166 3029 3226 facientibus
3078 3173 3236 3242 mala,
3279 3185 3424 3230 tanta
3465 3178 3664 3235 fiebant

2083 3252 2135 3305 in
2171 3253 2324 3308 vobis
2360 3250 2454 3310 Dei
2490 3254 2647 3320 bona,
2680 3265 2738 3311 et
2777 3260 3000 3327 spiritus
3025 3262 3179 3316 vobis
3212 3264 3425 3334 aderat,
3454 3278 3508 3322 et
3544 3285 3662 3337 ιιι-ο-⁵

2082 3343 2259 3409 pheta:
2291 3344 2567 3399 vobiscum
2599 3347 2793 3401 erant?
2821 3345 2974 3406 Nune
3006 3361 3211 3419 autem,
3242 3369 3364 3409 cum
3406 3367 3459 3412 et
3490 3358 3664 3425 legem

2082 3433 2284 3503 legitis,
2308 3444 2362 3491 et
2392 3436 2595 3503 dicitis,
2624 3448 2678 3494 et
2701 3442 3006 3507 custoditis,
3035 3454 3088 3499 et
3119 3445 3416 3515 feriamini,
3446 3460 3500 3506 et
3531 3453 3666 3508 Sab-

2081 3527 2266 3582 batum
2308 3529 2630 3598 observatis,
2667 3541 2723 3587 et
2778 3535 2845 3589 ab
2878 3536 3019 3592 escis
3051 3552 3145 3593 vos
3187 3541 3509 3610 abstinetis;
3551 3546 3664 3601 sine

2082 3638 2246 3680 causa
2272 3625 2556 3693 laboratis,
2589 3635 2645 3685 et'
2669 3629 2923 3701 vigilatis,
2948 3647 3045 3703 per
3075 3645 3291 3692 noctem
3320 3640 3558 3708 psalmos
3586 3643 3666 3696 di-

2084 3725 2289 3782 centes,
2318 3727 2370 3772 et
2401 3733 2496 3788 per
2513 3720 2762 3776 civitates
2782 3731 2838 3776 et
2863 3726 3114 3780 nationes
3138 3741 3438 3801 synagogas
3465 3735 3660 3788 consti-

2083 3810 2284 3876 tuistis,
2316 3821 2372 3867 et
2392 3828 2578 3868 arcam
2610 3825 2667 3870 et
2693 3817 3015 3873 candelabra
3043 3828 3098 3875 et
3128 3837 3370 3889 mensas,
3397 3836 3451 3880 et
3484 3829 3665 3880 omnia

2085 3900 2246 3955 vultis
2282 3899 2461 3956 facere
2491 3919 2636 3958 nunc
2660 3907 2832 3976 magis
2859 3922 3020 3977 quam
3059 3911 3111 3964 in
3139 3921 3279 3966 terra
3311 3917 3531 3970 vestra?
3559 3916 3665 3973 Cur

2087 4002 2212 4048 tunc
2241 4010 2362 4049 cum
2389 4005 2536 4050 tanta
2573 3997 2713 4051 mala
2742 3998 3022 4056 faciebatis
3048 4012 3228 4060 tantos
3250 4006 3530 4064 habebatis
3553 4026 3651 4080 pro

2085 4085 2296 4154 pbetas,
2327 4095 2384 4140 et
2412 4085 2631 4158 Moysen
2656 4104 2813 4158 quem
2837 4091 3086 4147 voluistis
3109 4093 3370 4163 lapidare,
3393 4109 3450 4153 et
3480 4101 3664 4156 Aaron

2086 4177 2172 4232 cui
2204 4179 2312 4232 vim
2345 4180 2628 4250 irrogastis
2650 4199 2665 4236 :
2689 4198 2830 4238 nunc
2852 4194 3030 4240 autem
3053 4202 3176 4241 cum
3214 4189 3467 4246 videmini
3492 4203 3667 4248 CUSIO‘

2087 4268 2202 4322 dire
2231 4269 2422 4340 legem,
2447 4282 2499 4326 et
2517 4274 2694 4328 omnia
2723 4275 2903 4331 facere
2934 4288 2990 4332 ut
3014 4279 3329 4344 praedictum
3354 4293 3456 4348 est,
3488 4286 3667 4341 nuilus

2089 4361 2364 4416 vobiscum
2389 4364 2654 4432 prepheta
2673 4366 2795 4421 est?
2827 4365 2994 4423 Putas
3012 4369 3135 4437 quia
3163 4369 3418 4438 Romani,
3439 4377 3668 4444 compel-

2089 4450 2258 4506 limini
2289 4455 2433 4508 enim
2475 4456 2678 4522 dicere,
2725 4460 2849 4526 quia
2875 4462 3013 4514 citra
3052 4461 3385 4518 voluntatem
3440 4467 3531 4520 Dei
3578 4469 3668 4524 de-

407 4559 701 4613 adorarent
727 4558 889 4624 idola,
925 4567 979 4612 et
1007 4557 1243 4612 comedit
1277 4556 1477 4612 multos
1519 4573 1533 4610 :
1569 4565 1626 4612 et
1667 4555 1760 4624 qui
1806 4553 1980 4608 relicti
2017 4567 2060 4621 ι)
2089 4557 2407 4603 struxerunt
2454 4560 2689 4604 vestram
2731 4551 3053 4607 civitatem?
3101 4553 3363 4623 Spiritum
3416 4569 3667 4613 sanctum

406 4659 552 4714 sunt,
582 4653 875 4705 adorarunt
901 4650 1196 4705 simulacra
1223 4647 1639 4703 daemoniorum.
1673 4650 1736 4703 Et
1771 4646 1846 4701 illi
1873 4647 1987 4714 qui-

408 4745 529 4801 dem
567 4744 1048 4809 consumebantur,
1095 4753 1154 4798 ut
1201 4758 1305 4798 non
1355 4742 1663 4806 adorarent,
1698 4749 1752 4794 at
1789 4739 1989 4794 nihilo-

409 4838 586 4893 minus
625 4837 925 4892 adorabant
969 4835 1103 4908 (70).
1147 4834 1256 4891 Nos
1302 4843 1484 4889 autem
1521 4832 1896 4888 consumimur
1930 4839 1988 4885 ut

408 4924 715 4989 adoremus,
747 4933 803 4979 et
848 4939 955 4980 non
1009 4925 1325 4980 adoramus.
1382 4921 1498 4976 Non
1553 4922 1755 4992 quippe
1802 4930 1987 4976 nostra

410 5014 632 5078 virtute,
663 5016 758 5068 sed
791 5016 971 5070 crucis
1005 5014 1267 5084 potentia.
1305 5013 1602 5082 Serpentes
1638 5027 1729 5068 eos
1773 5014 1991 5067 morde-

411 5103 568 5171 bant,
601 5116 656 5161 et
683 5107 926 5164 immisso
964 5123 1172 5163 veneno
1215 5108 1558 5171 occidebant,
1591 5115 1645 5160 et
1679 5120 1774 5168 per
1801 5121 1992 5161 omnes

485 5242 533 5274 θ’
567 5241 670 5297 lsa.
700 5257 756 5308 v,
781 5242 835 5296 4.
907 5244 953 5276 ’⁸
990 5243 1188 5299 Jerem.
1210 5259 1274 5307 ll,
1295 5243 1386 5300 50.
1423 5243 1469 5274 “
1513 5243 1613 5297 lsa.
1642 5259 1693 5307 v,
1716 5242 1770 5296 4.

487 5362 599 5432 (66)
635 5361 980 5416 laudantur.
1005 5361 1169 5416 Forte
1197 5363 1506 5417 incidantur
1555 5361 1672 5427 (aut
1696 5364 1985 5416 incendan-

417 5443 522 5496 (ur,
564 5444 610 5487 et
639 5437 877 5496 ardeant,
908 5443 954 5485 et
983 5434 1264 5499 nudentur,
1292 5444 1397 5487 etc.

488 5504 602 5575 (6'7)
648 5502 1102 5575 nterﬁcientiurn.
1134 5501 1236 5575 Pro
1268 5503 1680 5575 interfectorum.

488 5572 601 5644 (68)
645 5573 994 5627 Ezcusamus.
1034 5572 1143 5626 Vox
1169 5573 1448 5640 interpreti
1476 5587 1658 5628 nostro
1683 5572 1986 5637 familiaris,

458 5661 518 5701 ro
543 5661 607 5698 eo
627 5645 768 5712 quod
792 5653 876 5697 est
901 5644 1196 5712 repudiare,
1227 5644 1455 5712 rejicere.
1485 5643 1575 5698 Sic
1595 5659 1780 5712 supra,
1806 5644 1896 5697 lib.
1924 5659 1986 5697 ιι.

458 5661 518 5701 ro
543 5661 607 5698 eo
627 5660 768 5712 quou
792 5660 876 5697 εει
901 5660 1196 5712 repuatare,
1227 5660 1455 5710 reﬁcere.
1485 5660 1575 5698 Sic
1595 5660 1780 5712 supra,
1806 5660 1896 5697 ιιι).
1924 5660 1986 5697 ιι.

416 5660 498 5772 Bc
525 5716 628 5768 fide
657 5716 778 5767 adv.
803 5713 1003 5768 Sabell.
1036 5715 1136 5766 sub
1155 5713 1243 5767 liti.
1265 5730 1277 5764 :
1299 5711 1538 5767 Contenti
1562 5718 1724 5768 simus
1755 5716 1988 5775 veritate,

418 5800 723 5842 excusemus
755 5782 901 5846 lites;
932 5795 985 5839 et
1009 5783 1100 5838 lib.
1131 5797 1169 5837 ι.
1201 5784 1273 5837 De
1313 5799 1511 5837 resurr.
1555 5788 1697 5840 circa
1731 5785 1903 5839 med.:
1933 5782 1992 5838 Si

419 5858 544 5914 tatis
568 5865 699 5912 esset
727 5856 1062 5922 resurrectio,
1088 5869 1456 5911 excusaremus
1482 5857 1662 5925 utique
1688 5871 1993 5923 resurgere;

1848 5243 1894 5274 τ’
1934 5241 2098 5308 lsa.t,
2127 5242 2176 5297 5.

2091 4639 2212 4708 quis
2251 4639 2474 4695 abstulit
2515 4657 2543 4694 a
2579 4640 2766 4696 vobis?
2798 4642 2898 4698 Ubi
2931 4659 3073 4700 nunc
3103 4647 3244 4714 apud
3277 4662 3374 4703 vos
3406 4652 3669 4720 propheta

2093 4731 2210 4787 est?
2239 4733 2378 4788 Dicit
2421 4734 2561 4788 Deus
2587 4735 2640 4789 in
2676 4736 2925 4792 Ezechiel
2955 4740 3216 4809 propheta
3247 4757 3262 4794 :
3305 4742 3543 4812 Populus
3576 4747 3669 4800 ists

2093 4828 2325 4894 peccavit
2362 4826 2417 4879 in
2465 4842 2566 4891 me,
2607 4837 2654 4880 et
2693 4828 2814 4882 misi
2839 4845 2926 4882 eos
2964 4831 3033 4883 ad
3075 4833 3429 4900 captivitatem
3463 4835 3530 4890 ⁷³.
3569 4835 3670 4890 Sed

2095 4935 2200 4974 non
2224 4919 2326 4973 ista
2348 4927 2669 4983 metuentes,
2692 4920 2880 4990 inquit,
2900 4923 2966 4975 ad
2993 4932 3182 4991 gentes
3208 4925 3530 4982 audiebant:
3563 4928 3670 4982 Iste

2098 5023 2175 5067 est
2202 5012 2427 5080 populus
2465 5011 2560 5066 Dei
2600 5023 2645 5066 et
2679 5024 2817 5066 terra
2852 5012 2946 5068 Dei
2971 5015 3037 5068 ⁷⁸⁵.
3079 5017 3144 5070 Ει
3179 5018 3430 5086 educam,
3472 5021 3667 5090 inquit,

2100 5117 2320 5174 propter
2343 5119 2540 5159 nomen
2563 5119 2763 5169 meum,
2792 5115 2847 5161 et
2867 5107 3122 5163 reducam
3153 5123 3266 5174 eos,
3291 5122 3348 5165 et
3371 5113 3533 5168 dicito
3556 5115 3634 5170 eis
3657 5132 3670 5169 :

2949 5242 2996 5270 ⁷⁶
3038 5242 3165 5299 ibid.
3197 5244 3288 5298 20.

2096 5367 2155 5440 et
2193 5360 2330 5440 infra
2357 5377 2375 5413 :
2404 5357 2605 5414 Factus
2635 5375 2687 5414 es
2732 5358 3015 5428 perfectus,
3067 5360 3325 5426 [armatus
3365 5377 3439 5426 es,
3487 5375 3676 5414 excusa

2094 5431 2250 5490 illud.
2275 5445 2380 5484 etc.

2167 5502 2279 5557 (69)
2315 5500 2570 5554 Ecclesia.
2602 5499 2767 5555 Forte
2811 5501 3076 5557 Ecclesiae.

2195 5569 2280 5628 70)
2323 5569 2420 5626 Ms.
2469 5570 2536 5623 Et
2565 5571 2903 5626 nihilominus
2935 5573 3250 5628 adorabant.

2169 5641 2252 5709 (71
2322 5641 2664 5696 NamForte
2695 5660 2853 5696 nunc.

2171 5647 2282 5783 (7'2;
2326 5711 2424 5766 Ms.
2461 5711 2666 5783 (Passus
2692 5724 2769 5767 est
2809 5731 2840 5768 a

2171 5711 2282 5783 (7'2)
2326 5711 2424 5766 Ms.
2459 5711 2666 5785 Passus
2692 5724 2769 5767 est
2809 5731 2840 5768 a
2887 5715 3032 5770 nobis
3071 5712 3231 5768 Deus.
3265 5712 3518 5769 Fortasse
3553 5727 3661 5785 pal-

2102 5799 2189 5838 sus
2216 5795 2290 5836 est
2327 5801 2357 5834 a
2386 5782 2544 5838 vobis.

2181 5854 2292 5923 (75)
2350 5852 2524 5911 Vobis.
2553 5853 2713 5912 Forte
2742 5875 2846 5915 ros-

2256 5241 2302 5273 ⁷³
2323 5239 2521 5296 Ezecb.
2550 5251 2737 5305 xxm,
2787 5243 2870 5295 19.
