4100 6456
468 356 606 412 4105

1168 352 1435 409 EUSEBII
1464 352 1943 410 CAESARIENSIS
1981 352 2133 410 OPP.
2177 352 2354 409 PARS
2406 352 2495 407 IV.
2531 380 2599 392 —
2628 351 3045 410 DOGMATICA.

3565 360 3709 416 1104

470 474 592 530 Non
621 483 830 544 propter
853 490 939 526 vos
971 473 1135 541 facio,
1158 481 1342 527 domus
1370 472 1557 538 Israel,
1579 475 1673 528 sed
1700 483 1911 543 propter
1941 489 2035 527 no-
2066 477 2108 531 Α
2137 472 2319 544 pulum
2354 487 2449 543 per
2477 472 2627 542 signa
2662 488 2767 527 non
2822 472 3013 538 snasit,
3057 470 3215 529 Jesus
3245 483 3426 532 autem
3450 490 3547 545 per
3579 492 3710 532 cru-

467 583 579 621 men
609 580 778 619 meum
809 565 875 617 7'.
910 562 1002 617 ille
1035 563 1171 617 Dens
1201 564 1292 633 qui
1320 564 1455 618 dixit
1496 573 1644 631 tunc,
1671 561 1787 618 Non
1816 575 2035 633 propter

467 672 561 711 vos
595 655 757 719 facio,
792 656 885 710 sed
918 664 1138 726 propter
1177 669 1371 709 nomen
1405 669 1603 718 meum,
1642 669 1784 709 nunc
1809 656 2036 711 audiens

467 763 561 801 vos
609 748 869 813 dicentes,
920 747 1045 817 quia
1094 746 1346 816 religiose
1390 745 1616 801 fecimus
1669 745 2035 816 cruciﬁgeudo

466 839 766 902 Christum.
786 848 840 892 et
868 836 979 893 sint
1008 837 1081 891 illi
1110 837 1253 908 digni
1279 847 1498 907 propter
1515 838 1664 908 prius
1684 838 2033 906 opprobrium

466 933 703 1003 gentium
735 930 878 985 dicat
903 939 962 984 ut
989 930 1124 985 dixit
1151 946 1164 982 :
1196 941 1249 984 et
1272 946 1432 997 nunc,
1461 929 1504 985 si
1547 940 1726 985 tamen
1768 931 2035 1001 permittit

467 1035 705 1079 vestrum
747 1033 1048 1092 peccaturo,
1095 1023 1147 1077 in
1193 1038 1356 1076 unum
1400 1038 1505 1077 non
1550 1032 1767 1093 propter
1812 1023 2034 1077 domum

466 1113 628 1171 Israel
676 1114 835 1179 facio,
886 1114 979 1168 sed
1029 1124 1247 1181 prOpter
1282 1126 1476 1166 nomen
1515 1126 1693 1165 meum
1728 1128 1742 1166 :
1785 1123 1840 1165 et
1884 1120 2034 1166 certe

466 1212 686 1274 propter
715 1219 907 1258 nomen
950 1219 1105 1256 suum
1153 1216 1295 1257 nunc
1334 1217 1429 1256 vos
1468 1216 1572 1257 non
1618 1202 1845 1256 reducit.
1881 1202 2033 1257 Sicut

465 1297 609 1351 enim
638 1304 763 1349 tunc
791 1304 1009 1364 propter
1038 1310 1230 1348 nomen
1259 1310 1413 1348 suum
1446 1293 1717 1348 revocavit
1742 1307 1757 1347 :
1791 1292 1863 1346 ita
1890 1308 2034 1348 nunc

465 1396 684 1456 prapter
713 1402 905 1442 nomen
938 1402 1095 1441 suum
1123 1401 1217 1440 vos
1245 1401 1349 1440 non
1378 1394 1613 1439 revocat.
1648 1383 1703 1438 Si
1731 1385 1875 1438 enim
1902 1400 2031 1454 pro-

464 1489 585 1547 pter
616 1493 808 1532 nomen
834 1493 985 1530 snum
1018 1476 1149 1530 facit
1169 1476 1310 1544 quod
1349 1490 1451 1528 non
1485 1474 1631 1538 facit,
1658 1475 1816 1529 debet
1843 1485 1898 1529 et
1925 1490 2029 1528 non

465 1569 777 1640 permittere
827 1569 1055 1645 fieri’ea
1109 1583 1226 1637 quae
1275 1567 1526 1637 prauiixit
1574 1566 1846 1633 Salvator,
1906 1583 2027 1621 cum

463 1661 813 1717 ostenderent
840 1661 887 1715 ei
931 1660 1132 1727 lapides
1165 1659 1367 1729 templi,
1409 1658 1532 1729 quia
1571 1676 1672 1712 non
1705 1659 2030 1729 relinquetur

463 1751 597 1819 lapis
628 1769 783 1820 super
813 1751 1060 1818 lapidem,
1098 1750 1187 1820 qui
1228 1765 1329 1803 non
1361 1752 1660 1804 destruatur
1685 1757 1733 1791 ⁷⁸
1764 1768 1781 1806 :
1813 1760 1868 1804 et
1905 1766 2027 1804 cum

2137 581 2274 631 cem,
2305 582 2400 636 per
2430 565 2765 633 scandalum,
2793 575 2844 620 et
2868 581 2971 622 non
3005 579 3100 636 per
3125 567 3272 638 signa
3310 577 3402 624 aut
3438 570 3702 640 prodigia,

2137 660 2396 714 mundum
2433 659 2708 714 transtulit
2738 660 2803 713 ad
2851 659 2941 715 Dei
2980 659 3246 714 culturam
3290 679 3305 715 :
3362 660 3572 733 Moyses
3622 663 3704 716 luo

2136 764 2297 805 cerua
2340 764 2408 806 ne
2446 750 2663 820 quidem
2711 750 2805 804 uni
2835 750 3016 805 domui
3060 749 3295 818 sutiicit;
3331 749 3491 807 Iesus
3526 764 3705 809 autem

2137 843 2215 896 sol
2252 842 2498 912 institue,
2544 843 2589 899 si
2625 857 2728 898 non
2767 843 2931 913 fulget
2973 845 3202 901 mundus
3252 856 3308 902 et
3354 846 3707 913 illuminatur,

2135 948 2241 987 non
2273 933 2343 988 sit
2378 932 2483 991 sol.
2515 934 2590 988 Ex
2629 935 2856 1004 negotiis
2888 935 3033 990 enim
3056 945 3107 992 et
3139 938 3564 1007 nuncnpationes
3582 952 3709 996 sunt

2135 1026 2476 1096 accipiendae.
2499 1026 2556 1083 Si
2588 1012 2918 1083 illuminat‘ur
2961 1030 3214 1095 mundus,
3239 1029 3317 1084 sol
3335 1029 3558 1100 justitias
3581 1041 3662 1088 est
3692 1054 3705 1089 ;

2135 1116 2223 1171 ubi
2251 1115 2395 1171 enim
2420 1117 2697 1187 praecurrit
2723 1132 2880 1187 opus,
2921 1118 3173 1188 adjuncta
3220 1120 3292 1174 sit
3332 1128 3388 1175 et
3433 1136 3709 1192 nuncupa-

2136 1210 2228 1264 tio.
2269 1208 2477 1280 Moyses
2533 1209 2753 1265 lucerna
2808 1225 2977 1280 quare
3023 1210 3198 1266 dictus
3239 1220 3344 1276 est,
3388 1213 3479 1282 qui
3539 1228 3709 1282 neque

2133 1298 2391 1354 fratribus
2421 1299 2535 1355 suis
2561 1308 2618 1354 et
2641 1299 2890 1370 cognatis
2922 1298 3104 1355 lucere
3152 1300 3325 1355 valuit
3360 1302 3384 1356 ?
3432 1301 3705 1371 Siquidem

2132 1391 2198 1445 ad
2234 1392 2367 1445 lines
2398 1391 2511 1463 (77)
2541 1391 2658 1462 ejus
2686 1391 2794 1461 igni
2823 1392 3129 1460 consumpti
3156 1403 3283 1447 sunt
3311 1395 3411 1448 sub
3447 1394 3538 1450 illo
3575 1409 3704 1464 pec-

2131 1490 2319 1536 cantes
2346 1521 2363 1547 ,
2424 1491 2477 1536 et
2525 1482 2706 1536 Aaron
2735 1496 2830 1551 per
2875 1495 2937 1535 os
2969 1464 3134 1550 ipsius
3184 1480 3351 1554 Moysi
3395 1482 3708 1556 obiurgatus

2129 1582 2213 1627 est
2236 1613 2251 1636 ,
2280 1582 2334 1627 et
2358 1582 2577 1643 propter
2612 1572 2786 1645 ipsum
2832 1571 3055 1644 Moysen
3082 1572 3396 1643 obiurgatus
3422 1589 3454 1629 a
3485 1574 3594 1630 Deo
3618 1584 3705 1632 est

2130 1666 2333 1718 Aaron.
2366 1662 2467 1730 Qui
2505 1672 2708 1717 norunt
2760 1661 3072 1730 Scripturas
3116 1662 3299 1718 sciunt
3348 1678 3470 1734 quae
3518 1665 3708 1720 dicun-

2138 1762 2243 1809 tur.
2280 1752 2500 1825 Moysen
2530 1754 2834 1822 prodncunt
2855 1752 2998 1821 quod
3024 1751 3275 1822 jurgatus
3316 1767 3353 1830 ιι⁸
3383 1752 3493 1808 Deo
3522 1762 3625 1819 est,
3653 1764 3709 1809 et

465 1816 1068 1904 deﬂeret'Hicru—salcm,
1104 1816 1159 1894 et
1197 1839 1510 1909 praediceret
1558 1841 1682 1909 quia
1728 1840 2032 1894 circumda-
2065 1816 2105 1871 Β
2137 1844 2296 1900 ﬁnem
2317 1816 2743 1914 justum‘habuit
2774 1816 2920 1898 vitae.
2957 1816 3062 1898 Sed
3092 1816 3187 1898 nos
3216 1816 3589 1914 compellimur
3611 1816 3710 1898 di-

464 1935 593 1989 bunt
621 1950 739 1988 eam
772 1933 999 1995 inimici,
1032 1942 1084 1988 et
1117 1932 1394 1987 destruent
1434 1947 1553 1986 eam
1584 1950 1598 1998 ;
1639 1942 1696 1988 et
1734 1947 1855 1986 cum
1888 1931 2034 1986 dice-

463 2038 545 2083 ret
574 2028 782 2082 filiabus
811 2026 975 2081 Israel
1005 2044 1019 2079 :
1064 2024 1217 2079 Filia:
1258 2023 1450 2088 Israel,
1480 2024 1638 2078 nolite
1679 2024 1885 2093 plorare
1927 2041 2029 2092 me,

465 2120 551 2174 sed
567 2119 797 2189 plangite
822 2137 904 2171 vos
924 2129 972 2172 et
1005 2118 1144 2186 ﬁlios
1179 2129 1369 2171 vestros
1393 2128 1411 2169 ε
1439 2118 1635 2171 venient
1657 2119 1816 2182 enim,
1838 2116 2029 2186 inquit,

464 2213 570 2267 dies
596 2229 712 2266 cum
745 2212 1018 2279 patiemini
1041 2227 1103 2264 ea
1143 2226 1260 2278 quat
1289 2224 1457 2277 passa:
1489 2219 1606 2262 sunt
1633 2209 1700 2265 ⁷⁷.
1740 2206 1835 2263 His
1864 2207 2031 2263 semel

464 2313 515 2359 et
540 2304 621 2359 bis
649 2313 705 2357 ct
732 2303 891 2357 tertio
915 2318 945 2357 2
969 2301 1252 2357 Salvatore
1271 2300 1565 2373 przedictis,
1588 2299 1633 2354 si
1666 2299 1896 2354 mendax
1926 2307 2029 2367 est,

463 2395 576 2450 etsi
599 2406 785 2450 contra
813 2395 980 2465 legem
1016 2394 1244 2456 faciens,
1280 2395 1325 2448 si
1354 2392 1707 2447 defendentes
1741 2391 1912 2461 legem
1938 2406 2032 2445 oc-

463 2487 881 2558 cideruntquem
905 2486 1249 2552 occiderunt;
1278 2486 1496 2541 deberet
1521 2486 1659 2539 Deus
1690 2491 1746 2539 ut
1779 2491 2031 2554 argueret

462 2583 874 2651 praedicationes
900 2580 1208 2643 mendaces,
1241 2578 1351 2649 pati
1380 2578 1497 2633 illos
1526 2578 1688 2634 etiam
1724 2594 1868 2633 nunc
1899 2591 2029 2647 pec-

462 2683 673 2736 cantes,
704 2684 759 2726 ut
795 2682 845 2727 et
885 2682 1041 2725 antea
1072 2684 1263 2741 passus
1301 2678 1402 2725 est.
1444 2670 1501 2726 Si
1552 2681 1731 2725 autem
1778 2670 2031 2726 Salvator

462 2765 675 2835 quidem
705 2762 978 2833 praedixit,
1011 2762 1174 2816 Pater
1200 2768 1379 2815 autem
1410 2760 1635 2816 audiens
1661 2760 2027 2828 confirmavit,

461 2865 514 2910 et
545 2870 710 2925 opera
739 2863 1032 2918 testantur,
1078 2852 1468 2922 przedicatione
1517 2852 1808 2921 dupliciter
1850 2852 2030 2907 convi-

461 2954 581 3000 ctus
610 2953 693 3000 est
726 2942 910 2999 Israel.
939 2941 1076 3009 Quia
1110 2941 1275 3011 igitur
1318 2951 1544 3011 apparet
1589 2942 1862 3011 correptio
1909 2956 2029 3011 qua:

462 3053 557 3107 per
603 3050 820 3090 crucem
876 3034 1017 3088 iacta
1066 3033 1117 3086 in
1158 3034 1356 3086 mundo
1394 3031 1619 3098 eli'ulsit,
1672 3032 2027 3102 interrogavi-

461 3144 581 3184 mus
606 3143 720 3192 eos,
748 3141 906 3196 quem
935 3125 1101 3179 vultis
1140 3139 1261 3180 esse
1300 3124 1483 3180 Jesum
1518 3123 1543 3179 ?
1589 3124 1862 3179 hominem
1895 3139 2024 3194 peo-
2053 3157 2096 3215 ε

462 3231 699 3274 calorem
726 3227 781 3271 et
802 3226 992 3271 contra
1022 3217 1191 3287 legem
1216 3215 1548 3272 facientem?
1580 3214 1718 3286 Ergo
1741 3216 2027 3285 producite

462 3320 669 3364 vestros
690 3308 888 3379 justos,
916 3320 971 3361 et
1001 3307 1094 3361 fiat
1120 3305 1475 3376 comparatio.
1504 3306 1659 3359 Absit
1697 3314 1754 3359 ut
1800 3322 1828 3358 a
1872 3304 2030 3360 nobis

461 3399 657 3466 servis,
687 3402 751 3453 ad
780 3398 1060 3453 Dominum
1094 3398 1107 3451 !
1137 3397 1274 3463 Quia
1312 3407 1493 3451 autem
1517 3397 1583 3450 ad
1615 3394 1830 3451 Iudaeos
1860 3396 2028 3466 loqui-

461 3511 601 3559 mur,
632 3502 846 3563 oportet
898 3506 993 3547 nos
1038 3491 1336 3547 inlantiari.
1382 3489 1773 3559 Comparemus
1819 3490 1871 3544 in
1913 3489 2025 3562 (74)

460 3585 634 3656 signa,
668 3595 722 3637 et
750 3597 1090 3652 opponamus
1143 3582 1389 3636 lucernas
1436 3580 1620 3652 plures
1656 3580 1754 3635 soli
1807 3597 1932 3642 uno,
1974 3590 2029 3635 et

461 3680 702 3733 dicamus
726 3676 925 3731 Iudaeis
952 3692 964 3727 :
986 3673 1156 3740 Quem
1184 3674 1346 3728 vultis
1367 3672 1549 3727 Jesum
1580 3672 1736 3728 esse?
1764 3682 1821 3727 ut
1848 3673 2024 3728 Abra-

461 3771 584 3826 ham
612 3769 635 3823 ?
667 3768 944 3825 Ostendite
993 3783 1126 3837 ergo
1179 3782 1337 3835 quem
1378 3766 1549 3820 suasit
1593 3764 1892 3829 Abraham,
1940 3765 2024 3819 vel

460 3878 623 3917 unum
666 3861 812 3928 licet,
871 3861 939 3915 ab
983 3858 1281 3914 idololatria
1319 3858 1386 3912 ad
1436 3857 1885 3927 religiositatein:
1931 3869 2025 3913 aut

460 3970 565 4010 non
598 3954 702 4010 hoc
727 3954 958 4023 primum
999 3961 1055 4008 et
1093 3953 1145 4005 in
1178 3959 1357 4005 vestra
1396 3949 1515 4021 lege
1565 3950 1875 4004 mandatum
1921 3960 2021 4004 est.

459 4046 566 4102 Sed
603 4045 756 4100 Isaac
784 4042 1189 4115 comparabitur
1226 4043 1302 4097 rei
1339 4042 1451 4114 (75)
1485 4042 1617 4111 ipse,
1661 4051 1715 4096 et
1757 4041 1825 4096 de
1874 4040 2025 4096 lsaac

458 4139 567 4193 erit
591 4153 790 4194 sermo.
848 4138 1017 4204 Quem
1064 4138 1235 4191 suasit
1274 4138 1464 4192 Isaac?
1502 4137 1606 4192 Sed
1647 4137 1835 4203 Jacob,
1872 4138 2025 4207 cujus

458 4239 513 4284 ct
546 4244 704 4283 socer
740 4228 794 4282 in
822 4227 1125 4282 idololatria
1178 4228 1523 4297 permansit?
1555 4227 1661 4283 Sed
1700 4228 1887 4300 Moysi,
1932 4231 2022 4299 qui

458 4336 564 4375 non
587 4320 760 4390 potuit
784 4333 881 4389 per
908 4317 1072 4371 multa
1100 4316 1254 4387 signa
1277 4326 1332 4372 et
1361 4318 1602 4388 prodigia
1632 4319 1772 4372 tilios
1793 4318 2024 4373 Abrahae

457 4414 523 4469 ad
567 4410 833 4465 culturam
882 4409 1115 4464 Abrahae
1162 4407 1504 4464 transferre?
1551 4410 1643 4478 qui
1698 4424 1802 4464 non
1852 4410 2024 4479 potuit

2135 1949 2259 1991 cere
2288 1935 2575 1989 adversum
2606 1944 2827 1989 sanctos
2855 1948 2992 2003 quos
3015 1935 3265 2005 cupimus
3289 1935 3573 1990 honorare.
3600 1934 3706 1991 Sed

2135 2040 2239 2081 non
2289 2026 2521 2080 dicimus
2591 2026 2855 2079 adversus
2906 2023 3150 2094 Moysen,
3197 2026 3293 2083 sed
3337 2040 3399 2080 ea
3441 2025 3708 2095 loquimur

2132 2134 2251 2188 qua?
2295 2116 2409 2171 vult
2433 2133 2445 2171 :
2474 2118 2588 2187 ipse
2613 2116 2744 2171 dicit
2773 2116 3003 2188 Moyses.
3029 2115 3163 2172 Nam
3190 2128 3245 2173 et
3270 2117 3315 2173 si
3338 2119 3707 2188 compellimur

2132 2212 2333 2278 dicere,
2374 2210 2605 2267 dicimus
2642 2210 2763 2264 ideo
2798 2220 2856 2264 ut
2888 2211 3330 2266 commendemus
3362 2226 3425 2267 ea
3449 2227 3566 2282 quae
3592 2211 3704 2281 ipse

2133 2303 2340 2374 Moyses
2387 2301 2454 2357 de
2496 2300 2719 2356 Christo
2775 2298 2985 2355 locutus
3036 2308 3146 2356 est.
3195 2300 3335 2371 Ergo
3377 2302 3511 2356 falso
3535 2299 3703 2357 Judaei

2131 2393 2349 2466 Moysen
2378 2394 2639 2448 adversus
2666 2392 2886 2465 Moysen
2922 2393 3124 2463 legunt.
3155 2392 3414 2465 Legentes
3444 2394 3589 2448 enim
3619 2394 3703 2447 di-

2130 2494 2280 2550 cunt,
2315 2486 2440 2556 quia
2476 2484 2612 2539 nihil
2651 2486 2763 2538 veri
2821 2483 3077 2553 loquitur.
3128 2482 3237 2539 Nos
3267 2496 3444 2539 autem
3485 2484 3701 2557 Moysen

2130 2590 2228 2647 pro
2258 2574 2440 2645 Moyse
2464 2574 2712 2643 legimus.
2749 2573 2815 2627 Et
2844 2574 2970 2644 quid
2996 2575 3369 2630 contendimus
3395 2575 3462 2629 ad
3487 2574 3697 2632 Judmos

2131 2680 2259 2721 vere
2295 2665 2510 2719 adicere
2537 2664 2647 2736 (78)
2671 2679 2791 2735 quae
2822 2666 2960 2734 apud
2990 2664 3209 2721 Judteos
3241 2667 3533 2733 habentur,
3559 2684 3706 2738 quae-

2130 2772 2237 2827 que
2275 2757 2430 2812 nobis
2476 2755 2836 2811 concedunt?
2889 2755 2961 2813 At
3008 2757 3146 2812 idem
3196 2755 3367 2814 Judaei
3411 2761 3705 2816 concedant

2132 2848 2288 2904 nobis
2319 2849 2443 2920 quia
2471 2847 2684 2920 Moyses
2701 2863 2828 2904 vera
2863 2848 3073 2904 locutus
3101 2858 3204 2917 est,
3235 2859 3289 2905 et
3319 2852 3497 2907 nullus
3521 2868 3553 2908 e
3581 2870 3703 2923 pro-

2128 2941 2308 3011 phetis
2338 2941 2600 2996 mentitus
2636 2949 2744 3007 est,
2792 2957 2969 3012 neque
3015 2942 3156 2998 Dens
3205 2943 3421 2999 borum.
3472 2945 3705 3000 Dicimus

2128 3031 2272 3086 enim
2305 3032 2426 3103 quia
2460 3046 2649 3087 omnes
2675 3031 3063 3102 promissiones
3100 3032 3219 3101 Dei,
3258 3050 3378 3105 quae
3415 3049 3513 3106 per
3535 3034 3702 3106 legem

2130 3123 2285 3179 lactat
2311 3131 2441 3179 sunt
2472 3132 2524 3178 ct
2566 3138 2662 3194 per
2708 3124 3019 3196 prophetas,
3058 3126 3292 3195 impletae
3333 3137 3461 3182 sunt
3506 3128 3559 3182 in
3610 3129 3705 3182 ad-

2134 3224 2293 3270 ventu
2327 3215 2537 3271 Domini
2567 3217 2792 3281 Christi,
2852 3226 2905 3271 et
2942 3218 3120 3272 adhuc
3168 3232 3338 3288 usque
3392 3218 3700 3288 implentur.

2131 3305 2244 3361 Hoc
2278 3315 2362 3361 est
2392 3307 2663 3365 honorare
2705 3308 2878 3364 libros
2911 3310 3324 3380 prophetarum,
3362 3325 3469 3364 non
3500 3326 3703 3380 purpu-

2131 3403 2242 3457 reis
2269 3401 2434 3472 pallis
2471 3417 2501 3457 a
2541 3403 2693 3469 foris,
2723 3405 2817 3460 sed
2864 3404 3012 3459 illum
3043 3405 3133 3475 qui
3193 3405 3338 3460 intus
3382 3406 3706 3475 pradicatnr

2128 3508 2443 3563 agnoscere.
2490 3494 2608 3550 Non
2659 3504 2741 3550 est
2785 3496 3046 3553 mentitus
3098 3496 3309 3570 Moyses
3361 3513 3460 3569 pro
3502 3497 3697 3567 nobis;

2126 3600 2263 3656 opus
2287 3586 2431 3641 enim
2474 3586 2647 3655 ipsum
2682 3587 2731 3641 ei
2776 3588 3143 3644 testimonium
3178 3601 3420 3659 praestat.
3468 3589 3577 3644 Non
3611 3602 3696 3645 est

2150 3680 2405 3734 mentitus
2442 3677 2653 3750 Moyses
2680 3679 2939 3734 adversus
2966 3679 3128 3735 Israel
3161 3698 3175 3745 ;
3229 3682 3512 3752 captivitas
3556 3684 3698 3737 enim

2139 3783 2326 3823 eorum
2353 3780 2406 3824 et
2435 3768 2736 3823 humiliatio
2769 3779 3022 3828 testatur.
3048 3770 3158 3825 Non
3190 3782 3315 3827 sunt
3345 3774 3557 3828 mentiti
3583 3790 3704 3844 pro-

2130 3862 2311 3931 phetae
2360 3862 2697 3916 vocationem
2755 3861 2993 3932 gentium
3055 3863 3451 3933 prtedicentes;
3527 3866 3700 3919 vocati

2125 3955 2272 4008 enim
2316 3964 2443 4008 sunt
2488 3964 2545 4007 ut
2577 3954 2788 4008 videtis.
2821 3952 2937 4009 Non
2982 3964 3106 4009 sunt
3145 3954 3357 4010 mentiti
3406 3954 3705 4025 propheta,

2125 4044 2329 4099 exitum
2358 4051 2412 4099 et
2445 4044 2801 4112 abjectionem
2831 4043 3444 4113 Israel'prophetantes.
3506 4043 3563 4098 Si
3605 4060 3705 4097 au-

2127 4144 2232 4188 tem
2265 4148 2546 4189 sermones
2580 4134 2824 4204 praedicti
2867 4144 3016 4195 Slllll.
3048 4144 3104 4189 et
3151 4134 3363 4205 negotia
3412 4143 3707 4202 testantur,

2124 4226 2252 4295 quid
2275 4227 2453 4281 adhuc
2488 4227 2770 4295 impudens
2795 4223 3004 4281 lsrael?
3028 4225 3323 4295 aliquando
3359 4226 3577 4295 quidem
3634 4226 3705 4281 ad

2124 4318 2289 4381 dicta,
2341 4332 2486 4372 nunc
2523 4326 2705 4372 autem
2758 4327 2812 4372 et
2850 4317 2917 4371 ad
2974 4317 3089 4386 ipsa
3138 4318 3372 4386 negotia.
3424 4316 3703 4387 Scriptum

2124 4419 2229 4474 est,
2272 4419 2328 4464 et
2354 4410 2677 4479 promissum
2716 4410 2770 4464 in
2814 4409 2930 4479 lege
2968 4418 3088 4473 est,
3131 4410 3258 4479 quia
3292 4410 3337 4465 si
3386 4410 3587 4465 fuerint
3610 4412 3703 4479 qui

457 4503 687 4559 suadere
738 4515 926 4558 socero
984 4516 1084 4556 suo
1102 4501 1137 4553 ?'
1164 4499 1351 4555 Nonne
1380 4515 1529 4555 mare
1555 4500 1922 4563 scindebatur,
1968 4511 2025 4556 et
2058 4500 2100 4554 D
2128 4503 2359 4573 dispersi
2404 4510 2530 4557 sunt
2558 4517 2589 4556 e
2628 4502 2827 4571 populo
2876 4502 2943 4555 ad
2995 4500 3131 4557 flues
3183 4515 3354 4572 usque
3403 4503 3614 4563 mundi.
3644 4511 3704 4557 et

457 4596 653 4649 iterum
680 4591 1051 4661 copulabatur,
1081 4600 1137 4645 et
1170 4606 1364 4645 manna
1399 4591 1463 4645 ad
1501 4591 1670 4645 vicem
1710 4591 1897 4646 imbris
1933 4592 2027 4646 de-

458 4687 775 4751 ducebatur,
801 4692 856 4739 et
894 4694 1059 4756 petrae
1096 4698 1162 4737 ex
1204 4683 1328 4738 imis
1376 4683 1698 4738 emittebant
1750 4698 1940 4753 aquas,
1971 4693 2027 4740 et

456 4780 633 4833 omnis
679 4788 873 4832 natura
926 4774 1357 4831 transferebatur
1393 4789 1491 4846 per
1517 4775 1688 4844 signa,
1718 4786 1773 4831 et
1801 4777 2026 4846 populus

459 4869 711 4924 manebat
743 4870 794 4924 in
825 4868 1126 4924 idololatria
1160 4866 1183 4922 ?
1231 4867 1371 4934 Quid
1413 4868 1581 4922 valuit
1620 4869 1835 4923 lucerna
1876 4869 2026 4941 Moy-

458 4962 591 5016 ses?
612 4960 736 5017 Ideo
766 4961 903 5015 bene
926 4961 1056 5016 dicit
1102 4959 1360 5014 Dominus
1390 4976 1403 5013 :
1450 4957 1633 5013 Nolite
1672 4960 1922 5029 judicare
1952 4961 2023 5015 ad

456 5052 665 5118 faciem,
697 5051 789 5105 sed
812 5051 1017 5120 justum
1062 5050 1316 5118 iudicium
1343 5048 1575 5115 iudicate
1597 5048 1682 5103 ’δε
1713 5066 1818 5104 non
1847 5051 2022 5105 nomi-

455 5144 638 5205 nibus,
663 5144 756 5197 sed
787 5142 1019 5211 negotiis
1047 5160 1062 5197 :
1100 5141 1227 5210 quid
1264 5139 1508 5195 correxit
1547 5138 1857 5210 Moyses,et
1890 5156 2021 5211 pm-

454 5237 753 5289 honoretur
778 5232 889 5303 (76)
918 5250 947 5287 a
979 5233 1130 5287 vobis
1153 5231 1348 5287 Iesus?
1394 5230 1451 5286 Si
1492 5239 1669 5286 autem
1726 5247 1890 5287 unum
1921 5246 2019 5301 po—

2126 4594 2453 4665 pmnitentes
2480 4592 2834 4647 custodierint
2884 4590 3102 4662 legem:
3143 4592 3269 4648 inde
3309 4609 3395 4648 eos
3428 4594 3701 4659 reducant,

2125 4687 2257 4740 dicit
2296 4685 2549 4739 Dominus
2575 4685 2642 4739 ".
2687 4684 2789 4739 Ista
2818 4685 2911 4739 Dei
2959 4686 3247 4756 promissio
3271 4694 3371 4742 est.
3403 4685 3702 4758 Interroga.

2125 4780 2305 4834 vimus
2331 4792 2462 4847 ergo
2486 4775 2721 4840 Judaeos,
2754 4789 2934 4831 utrum
2971 4778 3202 4833 servatis
3240 4778 3411 4849 legem
3436 4787 3531 4832 aut
3554 4794 3659 4833 non
3676 4776 3705 4833 ?

2128 4868 2185 4923 Si
2219 4885 2325 4924 non
2350 4869 2602 4932 servatis,
2633 4870 2763 4937 quid
2790 4881 2846 4923 et
2882 4868 3216 4939 loquimini?
3264 4872 3320 4925 Si
3365 4880 3543 4925 autem
3582 4886 3700 4927 ser-

2127 4960 2289 5025 vatis,
2316 4958 2444 5028 quid
2476 4961 2599 5027 quia
2634 4973 2741 5012 non
2774 4958 3105 5013 revocamini
3134 4956 3295 5013 ?Non
3328 4958 3471 5012 enim
3510 4958 3701 5011 menti-

2128 5059 2217 5104 tur
2241 5049 2404 5104 Deus.
2440 5050 2496 5104 Si
2537 5058 2714 5103 autem
2752 5052 3171 5117 praevaricantes
3201 5050 3373 5120 legem
3418 5048 3699 5103 habebatis

2126 5140 2402 5195 civitatem
2429 5155 2444 5205 ;
2486 5155 2627 5194 nunc
2667 5151 2724 5194 ut
2753 5140 2933 5194 dicitis
2957 5149 3240 5193 servantes
3266 5137 3435 5208 legem
3462 5136 3694 5207 dispersi

2125 5231 2259 5287 estis
2312 5229 2368 5285 in
2423 5230 2731 5285 civitatibus
2786 5248 2802 5286 :
2867 5227 3158 5285 manifesta
3204 5243 3336 5297 ergo
3387 5236 3472 5283 est
3516 5237 3695 5282 vestra

521 5395 566 5427 ⁷⁵
607 5395 805 5449 Ezech.
851 5410 1035 5459 χχχιιι,
1060 5392 1151 5459 22,
1224 5391 1271 5424 ’⁸
1294 5389 1461 5448 Marc.
1493 5405 1614 5457 xm,
1643 5390 1699 5444 2.
1775 5390 1819 5421 ⁷⁷
1847 5389 1974 5445 Luc.
2013 5406 2169 5454 xxnt,
2195 5389 2301 5456 28;
2330 5404 2444 5453 χιχ,
2471 5387 2563 5443 u.
2638 5388 2685 5421 "
2712 5386 2870 5443 Joan.
2902 5402 3003 5457 vn,
3036 5386 3128 5441 24.
3203 5388 3249 5421 τ’
3276 5387 3426 5443 Deut.
3461 5402 3589 5453 xxx,
3625 5385 3683 5441 5.

522 5515 634 5586 (7.4)
664 5516 749 5586 I_n.
790 5514 955 5569 Forte
978 5519 1115 5582 jam.
1167 5583 1176 5586 _
1231 5581 1271 5586 _
1638 5548 1644 5555 .

522 5580 633 5656 (75)
663 5580 1069 5656 Comparabitur
1103 5583 1196 5635 rei.
1231 5581 1482 5641 Fortasse
1520 5583 1913 5656 comparabitur
1940 5580 2010 5656 ei,

451 5660 502 5710 id
532 5652 623 5710 est
645 5656 769 5709 Jesu
794 5652 1014 5708 Christo
1042 5668 1056 5705 :
1090 5667 1281 5717 ineinpe
1325 5656 1500 5711 littera
1547 5671 1593 5719 r,
1636 5654 1831 5723 prioris
1865 5652 2015 5705 vocis

448 5741 741 5791 postrema,
774 5740 1052 5792 perperam
1092 5726 1314 5789 repetita
1342 5724 1520 5779 fuerit.

527 5799 631 5858 (τύ)
665 5796 729 5848 Et
764 5791 1174 5859 m-aw'wnoz‘etur,
1200 5803 1301 5849 etc.
1326 5794 1507 5857 Forte,
1541 5802 1593 5845 ut
1621 5791 2013 5859 pra’honoretur

2118 5526 2150 5563 a
2176 5510 2314 5575 vobis
2338 5508 2517 5563 Jesus.

2157 5578 2302 5661 ,(77)
2331 5575 2413 5632 Λᾶ
2454 5579 2607 5647 ﬁnes.
2642 5577 2898 5634 Fortasse
2925 5578 3083 5634 unica
3130 5592 3264 5634 voce
3303 5578 3526 5646 adfines,
3557 5589 3689 5645 pro-

2117 5664 2325 5771 pinqui.
3642 5715 3652 5723 .

2190 5724 2209 5789 (
2248 5721 2301 5784 8)
2338 5716 2468 5772 Vere
2498 5716 2721 5773 adicere.
2752 5718 3009 5774 Fortasse
3056 5735 3171 5773 vere
3219 5734 3277 5771 ea
3300 5758 3314 5778 ,
3345 5716 3428 5770 vel
3458 5731 3572 5771 vere
3596 5716 3686 5769 ἀι-

2118 5806 2230 5843 cere
2260 5805 2277 5842 :
2313 5794 2393 5843 vel
2415 5792 2621 5844 adicere
2650 5792 2852 5845 dictum
2885 5799 2961 5846 est
2993 5805 3091 5859 pro
3122 5789 3373 5857 adjicere.
