4098 6398
391 459 531 515 “05

1466 450 1552 505 DE
1592 436 2197 501 RESURRECTIONE.
2241 467 2308 480 -—
2343 433 2472 489 LIB.
2513 430 2574 487 ll.

3492 422 3631 477 “06

390 570 781 627 inexcusabilis
808 570 1034 626 audacia
1065 570 1341 641 sanguinis
1374 568 1525 639 justi.
1557 566 1622 621 Et
1656 572 1801 621 certe
1827 559 1928 615 mul

2031 612 2034 620 ,
2068 555 2225 619 dixit,
2272 558 2566 622 negaturos
2612 560 2735 603 esse
2776 556 2985 609 omnes,
3023 541 3218 599 Petrus
3254 538 3470 641 dicebat
3502 555 3518 594 :
3569 539 3628 593 Si

392 672 566 717 torum
599 664 989 734 prophetarum
1039 662 1309 718 etfudistis
1344 662 1683 732 sanguinem,
1715 670 1770 716 et
1794 660 1959 715 habe-

389 754 527 808 hatis
559 765 794 810 vestram
825 756 1097 810 civitatem
1126 770 1139 808 :
1168 763 1221 808 et
1257 754 1531 823 prioribus
1557 756 1843 825 prophetis
1877 755 1958 809 in-

391 844 657 913 tet'fectis,
684 844 903 899 secundi
952 846 1259 908 veniebant,
1318 857 1373 902 et
1411 847 1809 901 convincebaut
1837 860 1951 901 vos.

389 933 669 998 Quomodo
699 950 825 1006 ergo
859 934 1145 988 multorum
1183 935 1570 1004 prophetarum
1602 937 1822 1006 sanguis
1849 952 1953 991 non

392 1026 667 1080 intercidit
699 1026 1073 1094 prophetiam;
1104 1025 1263 1080 unius
1289 1038 1489 1091 autem,
1525 1035 1582 1081 ut
1604 1027 1808 1094 dicitis,
1833 1043 1956 1084 con-

393 1131 472 1175 tra
503 1121 670 1189 legem
700 1120 947 1176 facientis
967 1121 1210 1192 sanguis,
1235 1123 1423 1176 statuit
1447 1122 1562 1193 (79)
1586 1137 1799 1178 omnem
1828 1139 1954 1193 pro-

391 1209 669 1281 phetiam?
696 1211 760 1266 Et
796 1214 1065 1281 quomodo
1092 1228 1281 1268 omnes
1307 1215 1578 1284 propheta:
1600 1230 1720 1270 cum
1744 1215 1952 1285 legisla-

384 1310 505 1355 tore
544 1309 597 1355 el
630 1302 846 1372 regibus
871 1302 1053 1371 iustis,
1081 1311 1137 1357 et
1179 1303 1431 1361 omnibus
1470 1303 1805 1361 mirabilibus
1834 1322 1953 1376 quae

383 1383 524 1443 beta
555 1392 694 1460 apud
732 1391 1024 1463 A‘Zgyptum
1052 1394 1323 1460 videntur,
1355 1402 1410 1450 et
1458 1395 1509 1450 in
1546 1391 1788 1464 deserto,
1806 1407 1860 1452 et
1896 1398 1951 1454 in

389 1481 509 1549 ipsa
553 1491 695 1535 terra
725 1483 1111 1551 promissionis,
1141 1494 1344 1539 etcum
1381 1486 1631 1542 omnibus
1676 1488 1951 1544 beneficiis

382 1580 436 1623 et
465 1571 640 1638 poenis
677 1587 781 1627 non
808 1575 1484 1631 statueruntidololatriam
1532 1592 1599 1633 ne
1616 1579 1833 1649 quidem
1881 1581 1949 1635 ab

385 1662 501 1733 ipso
539 1664 739 1719 lsrael?
764 1665 953 1722 Crucis
993 1678 1172 1721 autem
1211 1683 1388 1724 sermo
1413 1680 1468 1725 et
1500 1672 1689 1728 orbem
1728 1675 1947 1730 univer-

380 1770 497 1809 sum
560 1758 847 1823 convertit,
891 1769 946 1814 et
992 1760 1153 1817 lsrael
1190 1763 1235 1817 si
1289 1763 1420 1817 nihil
1456 1763 1624 1831 aliud,
1671 1775 1845 1822 tamen
1879 1770 1947 1824 ab

381 1844 685 1901 idololatria
726 1850 1041 1919 prohibuit?
1065 1852 1205 1918 Quid
1231 1854 1334 1908 hoc
1363 1853 1685 1911 elﬁcientius
1720 1858 1845 1913 mihi
1875 1860 1947 1913 vi-

2058 660 2237 698 omnes
2265 654 2314 697 te
2348 639 2629 711 negabunt,
2662 653 2756 707 ego
2787 652 2890 690 non
2916 644 2965 690 te
3005 633 3241 704 negabo;
3275 631 3367 687 sed
3412 639 3629 700 paratus

2057 750 2171 788 sum
2200 749 2295 803 pro
2322 740 2370 786 te
2404 730 2539 784 mori
2564 728 2633 793 εί,
2662 736 2718 783 et
2747 736 2872 783 ante
2891 734 2945 782 te
2967 726 3124 782 mori.
3158 725 3224 780 Et
3252 739 3372 779 cum
3401 723 3630 825 dixisset

2057 824 2183 895 quia
2222 832 2277 878 et
2314 825 2428 893 ipse
2479 830 2560 876 ter
2607 819 2971 889 abnegaturus
3009 825 3195 881 esset,
3234 829 3340 870 non
3378 819 3626 880 recessit,

2057 914 2390 969 contendens
2429 920 2485 966 et
2528 910 2737 975 dicens,
2780 908 2903 963 Non
2949 918 2999 963 te
3048 906 3263 977 negabo.
3298 904 3402 972 Qui
3446 914 3625 958 autem

2056 1003 2195 1058 dixit
2244 1015 2407 1071 saepe,
2454 1000 2580 1070 quia
2633 1012 2740 1053 non
2780 995 3007 1066 negabo,
3051 1003 3106 1048 et
3160 993 3349 1047 borum
3391 988 3627 1043 habebat

2056 1093 2406 1158 memoriam;
2442 1090 2565 1161 quia
2598 1088 2780 1158 puella
2808 1088 3050 1156 quaedam
3091 1084 3357 1139 accedens
3384 1083 3623 1135 interro-

2055 1185 2215 1256 gabat
2244 1197 2393 1247 eum,
2421 1198 2563 1237 nunc
2583 1179 2837 1236 Galilaeus
2859 1188 2959 1245 est,
2993 1193 3134 1232 nunc
3163 1190 3282 1231 cum
3308 1172 3438 1230 Jesu
3466 1181 3617 1237 erat;

2054 1275 2219 1344 cmpit
2246 1284 2301 1329 et
2323 1273 2534 1343 iurare,
2566 1272 2712 1343 quod
2748 1287 2855 1327 non
2894 1280 3215 1341 poposcerat
3240 1268 3439 1338 puella,
3470 1276 3527 1322 et
3549 1266 3623 1321 di-

2052 1380 2197 1431 cere,
2238 1365 2364 1436 quia
2409 1364 2593 1420 nescio
2636 1362 2935 1428 hominem,
2974 1377 3076 1418 nec
3134 1370 3193 1414 ut
3237 1359 3535 1422 hominem,
3583 1372 3618 1413 ο

2052 1477 2250 1532 Petrei
2282 1485 2337 1533 et
2372 1478 2475 1532 hoc
2510 1475 2699 1543 semel,
2733 1484 2786 1531 et
2814 1475 2897 1531 bis
2929 1487 2983 1531 et
3013 1485 3111 1530 ter.
3144 1475 3211 1529 Et
3232 1480 3377 1527 certe
3406 1469 3620 1525 vivebat

2051 1568 2323 1639 Magister,
2358 1578 2412 1623 et
2442 1569 2710 1623 incertum
2745 1577 2863 1622 erat
2901 1568 2946 1622 si
2972 1573 3276 1621 moreretur
3326 1564 3503 1620 Petro.
3537 1561 3619 1630 Ip-

2049 1660 2162 1713 sius
2191 1667 2274 1711 est
2298 1657 2443 1711 enim
2476 1671 2573 1711 vox
2600 1671 2720 1725 qua:
2749 1658 2921 1711 dixit:
2951 1654 3320 1709 Misericordia
3361 1650 3476 1717 tibi,
3516 1651 3619 1706 Da-

2048 1747 2204 1815 mine,
2232 1751 2294 1802 ab
2322 1750 2403 1803 Itis
2434 1749 2500 1801 δ’.
2542 1746 3003 1815 Quemadmodum
3048 1748 3168 1818 iste.
3192 1761 3394 1815 negans
3439 1756 3518 1800 ter
3562 1756 3615 1799 et

2043 1836 2257 1908 jurans,
2310 1848 2364 1894 et
2422 1838 2524 1894 hoc
2571 1846 2791 1910 propter
2828 1854 3013 1894 vocem
3062 1837 3247 1908 puella:
3289 1838 3449 1891 unius
3486 1846 3612 1891 ante

376 1935 553 2000 detur,
602 1938 727 2008 quia
788 1941 1118 1993 resurrectio
1172 1943 1402 1999 viventis
1458 1962 1578 2015 quae
1628 1949 1730 2002 hoc
1790 1949 1938 2015 fecit,
1972 1939 2014 1994 Β
2045 1939 2309 1986 morm":
2352 1940 2479 1999 νοθδ
2507 1945 2746 1995 ⁰¹¹¹⁰⁰¹¹¹ν
2772 1939 3116 2000 poswaucos
3150 1928 3273 1984 mos
3313 1930 3427 1983 dies
3469 1928 3607 1981 inei-

375 2041 520 2080 mors
550 2041 710 2095 quam
750 2028 1023 2084 sustinuit.
1052 2032 1109 2087 Si
1140 2033 1286 2087 enim
1332 2033 1521 2090 aliixus
1570 2045 1651 2091 est
1682 2038 1750 2092 ob
1798 2038 1944 2094 intir-

375 2115 644 2176 mitatem.
699 2127 757 2172 ut
786 2119 915 2174 dicit
936 2119 1132 2177 Paulus
1166 2124 1235 2189 ⁸⁸,
1284 2127 1378 2180 sed
1426 2128 1557 2181 vivit
1590 2138 1649 2183 ut
1676 2130 1937 2187 videmus.

374 2201 437 2255 Et
467 2220 563 2260 nos
585 2207 800 2275 quidem
829 2210 976 2265 illum
1001 2228 1161 2283 quem
1202 2230 1307 2271 non
1346 2218 1588 2274 videmus
1630 2235 1736 2275 non
1778 2238 1935 2294 nega-

373 2311 533 2351 mus:
576 2299 842 2356 viventem
882 2313 1063 2359 autem
1097 2320 1163 2361 ex
1188 2306 1276 2363 his
1302 2326 1423 2381 quin
1462 2311 1624 2367 eﬂicit
1669 2315 1932 2373 videmus.

373 2387 507 2454 Quia
537 2400 713 2446 autem
748 2393 866 2448 ausi
895 2404 1044 2461 sunt,
1077 2396 1129 2450 in
1160 2413 1265 2468 qua
1297 2412 1428 2456 sunt
1466 2418 1627 2473 paena
1681 2404 1783 2475 ipsi
1826 2409 1940 2462 edi-

372 2489 520 2533 cant.
552 2480 695 2553 Ergo
720 2484 910 2542 vivens
937 2497 991 2543 et
1018 2490 1160 2558 apud
1186 2505 1281 2547 eos
1316 2492 1593 2550 invenitur
1621 2500 1713 2568 qui
1747 2516 1937 2571 passus

370 2580 474 2625 est.
507 2573 610 2639 Qui
643 2577 786 2630 enim
819 2578 1178 2637 adversantur
1201 2584 1254 2638 in
1288 2586 1643 2645 dissolutione
1674 2602 1803 2645 sunt
1830 2610 1844 2646 :
1883 2602 1937 2649 et

370 2663 599 2731 gentiles
644 2665 755 2735 jam
798 2683 902 2724 non
950 2673 1221 2741 gentiles:
1273 2685 1327 2731 et
1372 2676 1541 2734 Judaei
1589 2692 1931 2751 superantur.

371 2754 509 2820 Quid
540 2757 795 2828 deestqui
828 2762 1039 2819 vincit?
1073 2765 1309 2824 Ecclesia
1345 2770 1542 2840 quippe
1569 2775 1708 2829 unde
1730 2775 1934 2833 habens

368 2846 545 2905 'iliosi
597 2848 673 2905 Ita
708 2855 853 2908 enim
884 2867 968 2911 est
1002 2859 1314 2926 admiratio,
1341 2864 1467 2931 quia
1494 2882 1522 2917 a
1546 2863 1747 2923 Judaiis
1792 2872 1933 2927 acci-

364 2936 517 3006 piens
564 2951 744 3010 patres
786 2946 1080 3014 aposmlos,
1131 2963 1159 3000 a
1219 2951 1469 3018 gentibus
1496 2964 1676 3011 autem
1724 2957 1871 3016 ﬁlios
1899 2976 1929 3015 a

362 3042 469 3083 non
497 3032 879 3102 credentibus;
915 3036 1079 3091 habet
1111 3039 1222 3095 illic
1256 3041 1486 3099 salutem
1520 3045 1772 3118 ﬁliorum,
1809 3052 1931 3109 istic

360 3134 467 3173 non
497 3122 876 3181 creditJudaais
901 3128 1035 3200 (80).
1070 3129 1174 3186 Sed
1204 3133 1272 3187 ab
1311 3136 1703 3206 abnegantibus
1729 3141 1929 3201 Iudaeis

361 3207 521 3264 habet
552 3222 716 3269 testes
744 3218 1036 3285 apostolos,
1076 3233 1133 3275 ut
1166 3222 1378 3278 illorum
1432 3232 1752 3299 conspersio
1786 3238 1926 3304 apud

2043 2017 2121 2086 pit
2149 2017 2386 2073 clamare
2412 2029 2467 2074 et
2497 2018 2563 2072 ad
2597 2018 2848 2089 populum
2886 2018 3067 2073 dicere
3104 2035 3120 2073 :
3175 2016 3287 2071 Viri
3330 2017 3522 2087 fratres
3557 2026 3606 2071 et

2039 2117 2238 2176 patres,
2268 2109 2445 2163 audite
2466 2109 2530 2163 ⁸³.
2557 2108 2791 2164 Puellam
2817 2123 2925 2163 non
2948 2109 3122 2175 audis,
3152 2119 3202 2165 et
3231 2108 3378 2165 viros
3410 2108 3607 2163 fratres

2041 2208 2092 2253 et
2125 2211 2305 2269 patres
2332 2216 2492 2256 vecas
2522 2211 2581 2255 ut
2611 2201 2939 2256 suadeantur
2972 2200 2996 2255 Ἰ
3041 2201 3099 2255 Ιιι
3146 2210 3301 2255 nocte
3337 2213 3500 2269 negas
3544 2198 3599 2252 in

2039 2326 2141 2380 qua
2181 2327 2369 2381 posses
2398 2323 2453 2369 et
2478 2312 2667 2380 latere,
2700 2323 2752 2368 et
2780 2313 2938 2368 tertia
2972 2314 3101 2368 hora
3129 2324 3450 2369 constanter
3480 2330 3602 2385 pro-

2038 2401 2280 2459 clamans
2310 2403 2552 2474 loqueris
2570 2405 2638 2458 ad
2662 2409 2917 2475 populqu
2956 2406 3313 2461 universum?
3344 2406 3449 2462 Ssd
3470 2417 3598 2476 puta

2037 2492 2161 2561 quia
2190 2492 2388 2549 Petrus
2410 2497 2782 2551 contentiosus
2810 2507 2915 2561 est,
2939 2507 2992 2552 et
3019 2497 3200 2555 omnia
3233 2498 3441 2554 donans
3479 2497 3600 2553 Ma-

2034 2583 2225 2653 gistro,
2277 2599 2440 2642 ausus
2484 2589 2582 2642 fuit
2628 2586 2829 2644 Judteis
2878 2598 2933 2645 et
2980 2589 3145 2660 loqui,
3174 2605 3204 2643 a
3236 2590 3432 2659 quibus
3480 2591 3595 2659 ipsa

2034 2675 2256 2729 audacia
2284 2677 2510 2733 exstitit.
2556 2678 3016 2747 Quemadmodum
3058 2679 3231 2737 λιιόωί
3271 2698 3373 2737 non
3414 2684 3595 2738 statim

2032 2762 2265 2821 fustibus
2297 2778 2351 2822 et
2397 2768 2680 2839 lapidibus,
2714 2781 2807 2826 aut
2830 2773 3072 2842 quolibet
3111 2773 3219 2827 alio
3263 2789 3460 2844 genere
3497 2776 3596 2830 oh-

2033 2871 2192 2911 ruere
2242 2871 2556 2930 arguentem
2594 2861 2617 2916 ?
2651 2862 2706 2917 Si
2734 2864 2877 2917 enim
2909 2865 3093 2931 Deum,
3131 2867 3220 2936 qui
3250 2869 3403 2939 signa
3443 2869 3596 2938 fecit,

2030 2949 2146 3004 ausi
2192 2960 2316 3005 sunt
2367 2950 2583 3023 aliigere
2626 2955 2798 3021 cruci,
2846 2959 3300 3023 quemadmodum
3374 2961 3594 3018 Petrum

2028 3042 2441 3098 convincentem
2474 3060 2569 3101 eos
2618 3058 2737 3116 post
2779 3050 2941 3105 istam
2970 3052 3249 3107 audaciam
3276 3069 3383 3108 non
3410 3056 3594 3111 statim

2028 3131 2259 3189 fustibus
2286 3146 2378 3189 aut
2406 3136 2676 3206 lapidibus
2722 3140 3063 3197 obruerunt?
3098 3142 3252 3199 Nunc
3297 3160 3431 3217 ergo
3469 3157 3599 3204 sunt
3667 3214 3679 3221 κ

2028 3223 2080 3278 ἰη
2109 3226 2418 3295 captivitate
2448 3237 2502 3283 et
2526 3229 2918 3298 humiliatione,
2966 3249 3087 3288 cum
3129 3236 3283 3291 ﬂoret
3320 3239 3593 3307 Ecclesia;

362 3316 460 3356 nos
496 3319 599 3359 non
638 3307 707 3360 sit
736 3308 972 3369 illorum.
1019 3311 1152 3367 Cum
1205 3316 1348 3371 enim
1401 3318 1605 3375 ferrum
1640 3340 1921 3394 accepmm
1953 3341 1994 3399 ο
2028 3328 2084 3371 et
2124 3321 2351 3375 adorant
2395 3321 2677 3378 nobiscum
2719 3335 2773 3379 et
2822 3341 2978 3395 reges
3022 3338 3076 3383 et
3116 3328 3345 3397 iudices.
3383 3333 3596 3389 Audeat

357 3390 521 3450 fuerit
548 3412 577 3451 a
616 3402 968 3471 congeriebus
992 3405 1248 3476 lapidum,
1274 3422 1363 3465 aut
1401 3429 1430 3467 a
1463 3427 1605 3470 terra
1636 3433 1700 3473 ex
1726 3390 1829 3490 qua
1869 3433 1924 3478 et

356 3486 643 3544 conﬂatum
664 3503 765 3560 est,
786 3493 897 3562 jam
932 3513 1037 3553 non
1070 3509 1151 3554 est
1173 3503 1314 3570 quod
1352 3516 1473 3558 erat
1502 3507 1553 3561 in
1586 3486 1768 3565 monte
1811 3530 1826 3566 :
1869 3524 1925 3569 et

354 3579 582 3645 apostoli
614 3597 645 3636 a
673 3581 874 3641 Judaais
900 3590 1131 3658 accepti,
1153 3590 1263 3657 jam
1284 3610 1390 3647 non
1416 3608 1540 3650 sunt
1567 3613 1631 3653 ex
1667 3600 1793 3656 illis.
1818 3602 1922 3660 Per

355 3667 533 3737 ignem
585 3674 730 3728 enim
786 3680 1079 3745 emundati,
1135 3680 1282 3736 aliud
1326 3700 1484 3752 quam
1534 3688 1737 3759 lapides
1791 3693 1920 3751 facti

356 3767 504 3812 sunt.
557 3759 637 3815 llli
678 3764 819 3818 enim
865 3765 1330 3826 interﬁciebantur
1378 3786 1437 3829 ut
1478 3793 1583 3834 non
1632 3783 1922 3842 adorarent

354 3847 496 3904 idola
525 3868 540 3915 ;
565 3862 619 3907 et
656 3854 963 3923 lapidabant
992 3858 1211 3930 Moysen
1261 3866 1387 3934 quia
1428 3886 1533 3926 non
1590 3878 1919 3934 concedebat

350 3940 432 3994 eis
460 3943 726 4001 adorare:
759 3946 1065 4017 Stephanus
1091 3964 1269 4011 autem
1302 3961 1487 4016 statim
1519 3979 1585 4018 ex
1620 3966 1752 4035 ipsis
1779 3968 1918 4039 lapi-

347 4029 601 4101 dabatur,
629 4055 695 4094 eo
734 4043 879 4112 quod
919 4061 1025 4102 non
1063 4053 1278 4121 negavit
1308 4069 1473 4111 causa
1512 4029 1696 4114 crucis
1733 4029 1915 4117 Domi-

348 4137 475 4222 uum
502 4123 707 4183 Jesum.
743 4132 906 4189 Putas
938 4136 1027 4192 isti
1063 4155 1129 4195 ex
1160 4140 1362 4199 Judteis
1390 4148 1564 4201 sunt?
1592 4147 1786 4206 Petrus
1820 4152 1911 4222 qui

348 4214 568 4273 inverso
599 4222 778 4292 capite
806 4223 996 4285 aliixus
1033 4241 1118 4285 est
1147 4234 1319 4303 cruci,
1363 4235 1563 4293 Paulus
1599 4241 1690 4310 qui
1728 4214 1913 4313 perse-

344 4311 615 4367 cutionem
651 4325 734 4371 est
762 4332 977 4387 passus,
1022 4331 1079 4376 et
1114 4325 1380 4394 gloriatus
1418 4339 1502 4385 est
1542 4329 1593 4385 in
1633 4311 1909 4403 periculis.

344 4401 452 4458 Sed
480 4408 823 4467 meminimus
868 4413 1017 4471 Petri
1055 4429 1107 4471 et
1148 4417 1299 4474 Pauli
1324 4433 1375 4476 et
1406 4401 1685 4494 Stephani.
1720 4426 1911 4485 Petrus

341 4503 471 4549 ante
504 4511 720 4554 crucem
746 4500 992 4559 intirmus
1034 4514 1090 4560 et
1125 4506 1383 4577 incertus,
1413 4512 1480 4580 fet
1518 4522 1599 4568 ter
1634 4517 1909 4587 abnegans

341 4581 626 4643 Dominum
651 4605 668 4655 ;
693 4593 911 4660 quando
949 4596 1123 4666 magis
1167 4602 1455 4667 oportebat
1488 4617 1611 4659 eum
1660 4581 1908 4679 negare?

2026 3413 2146 3478 quis
2184 3413 2390 3482 ingredi
2416 3429 2764 3486 synagogam,
2802 3421 2950 3476 visus
2972 3422 3096 3476 licet
3120 3423 3234 3495 (82)
3258 3425 3502 3495 alicujus,
3535 3438 3590 3482 et

2025 3504 2227 3567 dicere,
2274 3503 2430 3561 Jesus
2463 3509 2755 3564 crueitixus
2798 3508 2968 3567 Filius
3014 3521 3101 3567 est
3143 3514 3257 3568 Dei.
3307 3515 3363 3569 Si
3397 3517 3593 3570 exierit

2024 3595 2261 3651 exinde?
2287 3606 2341 3651 et
2373 3598 2473 3653 hoc
2504 3613 2627 3654 cum
2660 3616 2763 3655 non
2798 3603 2868 3658 sit
2896 3620 2963 3659 ex
3005 3603 3227 3671 Judaeis,
3267 3609 3361 3662 sed
3396 3624 3460 3661 ex
3494 3624 3590 3663 no-

2024 3682 2106 3738 bis
2136 3701 2148 3737 :
2181 3699 2303 3739 cum
2333 3696 2388 3741 et
2436 3687 2584 3758 leges
2632 3691 2929 3758 vindicant,
2961 3705 3015 3750 et
3044 3710 3198 3768 reges
3233 3702 3483 3765 adorant,
3533 3711 3588 3755 et

2022 3790 2146 3831 cum
2199 3776 2438 3834 Ecclesia
2475 3791 2617 3838 tenet
2653 3782 2789 3856 (85).
2850 3785 2908 3841 Si
2943 3798 3124 3844 autent
3171 3806 3314 3847 nunc
3357 3806 3461 3845 non
3507 3802 3589 3847 est

2020 3868 2135 3922 sine
2164 3869 2402 3938 periculo
2431 3872 2661 3945 aliquem
2689 3893 2794 3933 non
2841 3877 3082 3937 Judaeum
3119 3883 3326 3952 ingredi
3360 3885 3415 3939 in
3452 3899 3585 3956 syn-

2018 3974 2241 4030 agogam
2294 3976 2481 4018 eorum
2531 3968 2621 4036 qui
2655 3968 2707 4022 in
2731 3971 3048 4039 captivitate
3070 3973 3359 4039 habentur,
3389 3988 3445 4032 et
3480 3979 3583 4033 hoc

2019 4051 2073 4104 in
2112 4054 2229 4108 vico
2254 4054 2343 4108 ubi
2380 4066 2488 4111 tres
2522 4067 2617 4113 aut
2656 4071 2888 4128 quatuor
2933 4064 3257 4136 colliguntur
3301 4066 3491 4135 Judaei,
3527 4080 3584 4127 et

2016 4145 2197 4201 dicere
2230 4150 2510 4204 veritatem
2536 4168 2552 4217 ;
2589 4155 3040 4221 quemadmodum
3072 4160 3262 4217 Petrus
3284 4178 3348 4218 ex
3378 4162 3579 4220 Judaeis

2014 4234 2267 4295 Galilaeus
2286 4240 2433 4298 iNec
2455 4243 2597 4297 enim
2622 4244 2724 4300 hoc
2741 4258 2825 4302 est
2843 4250 3023 4306 dicere
3044 4254 3170 4321 quia
3194 4256 3579 4324 ingenuitatem

2013 4326 2132 4396 ejus
2166 4331 2522 4399 honorarunt,
2551 4345 2606 4389 et
2638 4352 2741 4389 non
2781 4346 2903 4392 sunt
2925 4341 3040 4395 ausi
3068 4359 3082 4394 :
3112 4358 3213 4397 nec
3240 4346 3366 4411 quia
3395 4349 3581 4401 erudi-

2013 4419 2235 4486 tionem,
2270 4438 2369 4479 nec
2407 4426 2534 4494 quia
2563 4429 2803 4482 divitias.
2834 4429 2952 4485 Jam
2978 4444 3156 4488 autem
3208 4451 3307 4491 nee
3341 4441 3579 4505 piscator

2010 4519 2149 4577 erat,
2180 4515 2273 4570 sed
2304 4532 2474 4587 egeno
2500 4523 2766 4590 egentior.
2814 4523 2869 4577 lu
2914 4534 3120 4579 tantmu
3173 4534 3351 4581 autem
3392 4529 3578 4584 aderat

2008 4602 2056 4655 ei
2086 4614 2144 4657 ut
2177 4622 2280 4660 non
2307 4608 2638 4680 loqueretur,
2657 4614 2747 4682 qui
2775 4614 2899 4669 dum
2928 4617 3334 4687 periclitaretur
3354 4620 3576 4687 animae,

337 4690 463 4731 cum
494 4679 669 4735 adlme
706 4683 915 4739 viveret
939 4690 1198 4757 magister
1231 4691 1255 4745 ?
1286 4702 1381 4747 aut
1431 4703 1556 4752 tunc
1596 4713 1717 4752 cum
1769 4703 1903 4759 satis
1942 4690 1983 4743 D
2009 4705 2063 4748 et
2094 4694 2523 4767 interrogaretur
2550 4703 2596 4757 si
2625 4679 2880 4761 Galilaeus
2928 4718 3096 4771 esset,
3148 4725 3351 4780 negans
3393 4722 3449 4767 et
3497 4714 3574 4768 di-

336 4767 436 4821 sibi
466 4767 592 4822 fecit
619 4773 710 4840 qui
739 4783 822 4829 est
881 4779 1180 4834 mortuus?
1232 4780 1288 4835 Si
1334 4796 1512 4839 autem
1564 4803 1739 4857 neque
1776 4803 1903 4849 ante

336 4870 569 4914 mortem
601 4874 848 4933 negaret,
897 4877 1041 4922 esset
1082 4872 1473 4931 contentiosum
1519 4880 1700 4934 omnia
1729 4882 1901 4937 domi-

336 4952 520 5006 nantis
552 4952 808 5024 Magistro
833 4956 970 5031 (8l).
1002 4959 1057 5016 Si
1089 4973 1266 5018 autem
1298 4976 1423 5021 ante
1459 4983 1677 5025 crucem
1714 4985 1895 5045 negat,

330 5051 388 5097 et
415 5052 498 5098 ter
529 5059 632 5099 non
659 5048 998 5118 simpliciter,
1037 5055 1129 5108 sed
1164 5068 1260 5120 per
1287 5070 1471 5111 vocem
1504 5060 1691 5127 puella:
1717 5065 1896 5129 unius,

332 5140 389 5185 et
422 5131 525 5187 hoc
548 5132 776 5193 Domino
808 5142 1136 5209 praedicente
1171 5144 1244 5209 ei,
1274 5155 1328 5199 et
1364 5156 1514 5202 certe
1553 5148 1597 5203 si
1633 5165 1738 5205 non
1776 5168 1898 5220 pro-

330 5231 452 5293 pter
508 5225 679 5293 aliud,
738 5242 956 5301 propter
1020 5238 1477 5307 contemptionem
1534 5242 1899 5309 praedictionis

332 5312 557 5369 deberet
580 5313 775 5372 Petrus
803 5333 911 5375 non
941 5336 1161 5391 negare.
1211 5326 1278 5381 Et
1303 5337 1453 5383 certe
1484 5344 1606 5383 cum
1636 5329 1897 5390 Dominus

2008 4801 2160 4852 cens,
2196 4806 2325 4855 non,
2357 4791 2411 4845 in
2440 4792 2552 4862 ipsa
2584 4795 2938 4867 abnegatioue
2964 4800 3242 4857 convictus
3278 4813 3382 4858 est.
3436 4804 3572 4872 Quia

2006 4880 2149 4935 enim
2178 4884 2436 4937 naturalis
2461 4897 2546 4939 est
2581 4886 2773 4957 lingua:
2794 4889 2928 4961 (84),
2951 4893 3121 4961 partis
3158 4895 3573 4969 uniuscujusque

2007 4981 2166 5028 terra:
2206 4978 2555 5033 meditantem
2588 4983 2866 5039 assuetieri
2892 4986 2959 5040 ad
2978 4987 3359 5057 eloquendum,
3393 4992 3571 5048 oriens

2006 5064 2071 5119 ad
2115 5066 2275 5121 aliam
2328 5082 2536 5139 partem
2588 5077 2775 5140 utitur,
2817 5078 3081 5149 Syrorum
3127 5082 3309 5153 lingua
3369 5084 3421 5139 in
3466 5087 3570 5141 alio

2004 5157 2220 5225 clamet,
2254 5164 2524 5221 nationem
2554 5170 2769 5237 quidem
2802 5170 2972 5240 ipsam
3000 5188 3143 5238 esse,
3176 5184 3433 5230 mutatam
3473 5193 3567 5232 au-

2006 5258 2111 5304 tem
2143 5252 2193 5306 in
2224 5270 2358 5313 sono
2402 5260 2608 5317 haberi.
2645 5263 2730 5318 Fit
2764 5266 2906 5321 enim
2938 5276 2992 5321 et
3022 5268 3122 5325 hoc
3159 5274 3297 5340 apud
3318 5270 3567 5331 Judazos:

2003 5352 2059 5395 et
2080 5355 2296 5404 caatera.
2351 5349 2556 5408 ϐειιίιωὶ
2610 5354 2874 5413 ilebraica
2927 5360 3143 5428 quidem
3191 5362 3563 5434 loquebantur,

399 5493 449 5527 ⁸⁸
478 5494 518 5551 ll
545 5497 673 5553 Cor.
708 5515 829 5570 xm,
862 5500 917 5556 4.
994 5504 1036 5536 ⁸³
1068 5503 1256 5562 Matth.
1293 5525 1439 5576 xxvr,
1463 5511 1653 5569 53-55.
1729 5515 1773 5544 "
1801 5513 1989 5570 Matth.
2025 5532 2134 5579 xvi,
2159 5517 2250 5575 εξ.
2328 5520 2373 5552 ⁸³
2396 5521 2516 5576 Act.
2550 5540 2643 5586 vn,
2669 5526 2723 5579 9..

399 5614 514 5688 (79)
538 5615 754 5688 Statuit.
786 5619 840 5674 Id
869 5634 974 5688 est,
1004 5624 1159 5678 stitit.

401 5687 511 5756 (A80)
542 5685 769 5756 andwis.
802 5685 967 5747 Forte
999 5693 1249 5750 ludatis.

400 5754 515 5825 (8|)
557 5755 752 5829 Omnia
804 5762 1151 5819 dominantis.
1202 5765 1361 5822 Forte
1412 5773 1588 5825 omnia
1645 5775 1891 5829 donantis

332 5822 608 5905 Magistro.
666 5828 759 5885 Sic
795 5831 954 5899 paulo
1001 5844 1120 5907 post
1159 5854 1172 5890 :
1218 5836 1317 5890 Sed
1361 5822 1888 5907 ,uua"q&ta"t32t}§i

332 5904 686 5953 contentiosa:
720 5911 819 5967 est,
850 5911 898 5957 et
930 5906 1102 5959 omnia
1145 5907 1343 5962 donans
1380 5904 1653 5977 uagam.

2080 5638 2195 5728 (Si)
2234 5640 2385 5696 Visus
2407 5644 2549 5728 licet.
2585 5648 2842 5728 Quatuvis
2866 5650 3104 5723 aliquam
3136 5656 3372 5727 speciem
3391 5655 3535 5728 digni

2006 5716 2133 5763 tatis
2168 5728 2263 5766 ore
2297 5730 2361 5766 ac
2391 5715 2539 5767 vultu
2575 5719 2887 5783 praeferens.

2069 5800 2182 5871 (85)
2224 5802 2402 5857 'l'enet.
2438 5807 2662 5877 Κρατεί.

2068 5894 2181 5961 (Si)
2212 5892 2311 5950 Ms.
2339 5895 2601 5955 Naturale
2633 5914 2705 5956 ut
2736 5902 2948 5975 tinguit.
