4100 6456
449 395 589 450 1107

1121 385 1389 441 EUSEBll
1431 383 1910 438 C/ESARIENSIS
1951 383 2101 437 ΟΡΡ.
2145 384 2326 438 PARS
2365 373 2454 438 IV.
2495 414 2564 423 —
2607 381 3029 438 DOGMATICA.

3582 381 3718 435 1108

446 513 626 585 lingua
679 517 858 563 autem
916 503 1156 576 impediti
1213 513 1306 559 aut
1350 505 1701 559 immutantes
1752 503 2040 558 convince-
2070 507 2109 562 Α
2141 519 2245 572 qua
2280 519 2374 572 spe
2409 502 2556 569 elati,
2589 501 2719 570 quid
2754 510 2879 555 ante
2908 500 3096 555 oculos
3139 499 3403 554 habentes
3429 498 3547 552 ausi
3594 510 3717 552 sunt

445 605 647 660 bantur
677 600 801 671 quia
839 614 942 652 non
967 607 1124 652 erant
1157 612 1188 652 e
1219 596 1460 651 civitate.
1494 596 1648 651 Sicut
1675 607 1729 651 et
1752 596 1894 665 apud
1933 610 2031 650 nos

445 709 592 751 nunc
627 692 879 755 eﬂicitur,
915 691 1003 760 qui
1042 705 1202 760 agros
1257 688 1525 756 habitant,
1576 690 1931 742 immutantur
1964 693 2032 742 ab

443 789 524 842 eis
558 787 647 856 qui
699 785 753 841 in
809 785 1127 840 civitatibus
1161 783 1482 837 habitantes
1525 782 1761 852 linguam
1805 783 2028 836 habent.

449 877 615 936 Forte
651 886 831 931 autem
863 884 915 930 et
947 875 1368 943 uniuscujusque
1403 873 1609 928 civitati
1643 873 1832 927 vicinae
1858 873 2032 927 diver-

446 986 562 1024 sam
593 969 796 1026 habent
823 968 1060 1039 linguam
1098 977 1319 1037 propter
1348 965 1793 1021 consuetudinem
1825 980 2020 1019 assue-

447 1070 582 1116 tam.
617 1058 742 1114 llaec
775 1075 895 1113 cum
953 1059 1024 1112 ita
1073 1066 1385 1128 agerentur,
1432 1070 1496 1108 ex
1537 1055 1928 1110 consuetudine
1957 1055 2029 1109 ita

443 1158 724 1221 apparent.
772 1149 826 1204 lu
882 1150 1022 1204 libro
1075 1147 1321 1203 Judicum
1356 1147 1614 1217 scriptum
1652 1154 1736 1201 est
1788 1145 1854 1212 ⁸⁵,
1903 1147 2027 1215 quia

443 1243 692 1313 provenit
730 1242 928 1296 bellum
953 1243 1093 1295 inter
1113 1256 1171 1296 se
1197 1255 1352 1309 agere
1379 1248 1598 1309 propter
1627 1239 2024 1294 accusationem

445 1333 624 1387 nescio
665 1348 824 1402 quam
854 1348 919 1388 ex
950 1332 1102 1386 istius
1127 1330 1297 1400 partis
1329 1328 1450 1401 (sic)
1480 1328 1744 1384 homines.
1773 1328 2028 1384 Commu-

442 1425 525 1479 nis
549 1425 693 1481 enim
726 1435 844 1480 erat
873 1425 1235 1479 circumcisio.
1279 1423 1333 1478 Si
1376 1425 1440 1477 ad
1487 1421 1712 1478 alteram
1748 1424 2024 1476 venissent

442 1524 675 1582 partem,
716 1528 810 1583 per
843 1513 1080 1583 linguam
1114 1525 1232 1568 erat
1260 1528 1446 1568 eorum
1472 1513 1747 1568 discretio.
1779 1512 2018 1568 Interro-

443 1607 641 1676 gabant
679 1607 823 1660 enim
864 1606 1095 1661 victores
1155 1618 1248 1659 eos
1293 1619 1426 1672 quos
1485 1605 1729 1660 vicerant
1772 1605 1914 1659 unde
1939 1619 2026 1658 es-

442 1705 565 1752 sent
594 1714 608 1749 :
647 1711 742 1765 pro
771 1696 947 1758 salute
971 1710 1037 1749 ex
1074 1704 1225 1765 parte
1250 1696 1478 1749 adversa
1510 1695 1720 1762 haberi,
1755 1709 2026 1765 propone-

443 1789 573 1840 bant
606 1802 912 1842 sermonem
942 1787 1253 1856 quemdam,
1303 1802 1408 1841 non
1454 1797 1707 1856 poterant
1751 1800 1898 1842 recte
1949 1787 2018 1841 ita

2142 596 2488 667 boc?’,Unde
2541 605 2718 650 autem
2770 594 2851 649 eis
2903 594 3018 648 haec
3069 591 3397 662 prudentia?
3446 592 3718 661 quomodo

2138 701 2296 759 putas
2323 688 2545 743 adunati
2586 689 2704 743 haec
2735 687 3083 756 impudenter
3111 685 3179 738 ad
3212 684 3534 738 alterutrum
3571 682 3715 736 dice-

2142 784 2292 847 bant,
2339 781 2592 852 Magister
2615 779 2804 835 fefellit
2837 779 2980 835 nos?
3009 778 3145 845 Quia
3191 792 3321 846 ergo
3367 775 3556 832 fefellit
3592 792 3712 845 nos,

2137 884 2190 929 et
2220 888 2317 928 nos
2352 873 2598 926 fallamus
2634 873 2920 926 mundum.
2961 870 3222 926 Dicebant
3253 871 3380 940 quia
3433 871 3716 925 suscitavit

2138 979 2234 1020 nos
2269 965 2405 1037 (87),
2433 973 2488 1019 et
2521 965 2634 1033 ipse
2668 972 2914 1019 mortuus
2965 979 3070 1018 non
3127 963 3448 1019 resurrexit.
3508 965 3562 1020 Si
3595 966 3714 1020 haec

2135 1059 2470 1114 conscientia
2503 1073 2691 1113 eorum
2728 1058 2798 1112 ita
2835 1058 3002 1112 sciret
3045 1072 3166 1113 esse
3208 1058 3507 1122 contraria,
3550 1060 3713 1115 debe-

2138 1161 2257 1206 rent
2307 1153 2509 1218 dicere,
2564 1161 2619 1207 et
2675 1165 2900 1221 negare,
2945 1161 3000 1206 et
3052 1150 3334 1221 pteniteri,
3375 1159 3429 1205 et
3462 1151 3710 1206 confiteri

2133 1260 2402 1310 errorem,
2448 1255 2503 1300 et
2549 1253 2678 1300 ante
2709 1245 2925 1300 Judaeos
2957 1244 3140 1300 dicere
3175 1259 3295 1314 quite
3337 1243 3596 1299 dieebant
3621 1243 3712 1298 Ju-

2133 1335 2231 1389 drci
2297 1334 2464 1406 (88):
2513 1334 2771 1390 seductor
2827 1343 2966 1398 erat,
3011 1335 3228 1390 seduxit
3285 1349 3426 1399 nos;
3483 1334 3710 1403 putaba-

2133 1441 2293 1492 mus,
2376 1426 2726 1496 promittebat
2781 1425 3273 1491 resurrectionem;
3337 1425 3514 1494 arguit
3587 1440 3712 1480 eum

2131 1517 2525 1587 operimentum
2549 1516 2686 1588 (89).
2717 1517 3004 1572 Debuisset
3032 1517 3404 1586 unusquisque
3423 1524 3715 1572 recurrere

2131 1607 2198 1663 ad
2231 1608 2364 1662 retia
2391 1617 2636 1676 paterna,
2669 1607 2959 1677 providere
2993 1607 3095 1661 sibi
3137 1607 3364 1670 victum,
3420 1606 3704 1673 abscondi,

2129 1699 2453 1754 erubescere
2493 1698 2787 1753 falsitatem
2835 1697 3100 1767 Magistri,
3132 1698 3406 1768 propriam
3435 1698 3715 1759 seductio-

2133 1805 2254 1844 nem
2298 1788 2601 1853 occultare,
2636 1788 2804 1844 multo
2851 1790 3028 1858 magis
3050 1788 3273 1858 jurgare
3305 1788 3419 1859 (90)
3455 1789 3580 1858 quia
3613 1804 3714 1845 nec

444 1881 590 1950 loqui
623 1881 764 1952 (85),
794 1889 853 1934 ut
903 1880 976 1934 illi
1029 1881 1121 1950 qui
1176 1881 1622 1951 interrogabant:
1653 1891 1700 1935 et
1728 1881 1818 1950 qui
1853 1894 2021 1951 nega-
2057 1873 2098 1931 Β
2130 1883 2361 1937 vidimus
2400 1897 2547 1936 eum.
2605 1880 2730 1935 Haec
2769 1880 3027 1936 deberent
3060 1880 3263 1948 facere,
3297 1881 3344 1936 si
3377 1895 3502 1934 vera
3531 1889 3715 1935 essent

441 1975 594 2039 bant,
627 1989 691 2029 ex
719 1973 899 2042 lingua
940 1985 1320 2044 arguerentur.
1362 1972 1473 2028 Hoc
1495 1974 1639 2028 enim
1694 1973 1747 2027 in
1788 1985 2024 2041 evange-

450 2066 537 2120 liis
569 2074 863 2119 renovatur
908 2068 1048 2134 quod
1080 2065 1219 2134 apud
1245 2063 1464 2121 Judires
1499 2065 1757 2135 scriptum
1789 2073 1892 2119 est.
1923 2063 2024 2118 Pe-

442 2169 558 2211 trus
589 2156 733 2210 enim
777 2157 1010 2227 negabat
1043 2171 1100 2211 se
1127 2157 1272 2212 scire
1327 2157 1600 2213 hominem
1638 2171 1654 2210 :
1706 2156 1890 2226 lingua
1935 2175 2025 2214 au-

445 2259 554 2302 tem
591 2264 690 2318 per
722 2249 890 2316 ipsam
922 2251 1332 2320 abuegatiouem
1362 2252 1716 2308 convincebat
1739 2269 1861 2308 eum
1895 2254 2020 2324 quia

439 2338 691 2396 Galilaeus
723 2351 862 2394 erat.
900 2339 1003 2395 Iste
1040 2339 1232 2396 Petrus
1256 2341 1344 2410 qui
1374 2342 1810 2411 periclitabatur,
1841 2352 1895 2398 et
1923 2360 2017 2398 cu-

439 2433 620 2502 piebat
648 2446 801 2486 suam
830 2430 1120 2486 immutare
1150 2432 1386 2503 linguam
1423 2448 1451 2486 a
1483 2433 1701 2488 Galilzea
1740 2435 1807 2488 ad
1828 2433 2016 2488 Judaio

437 2542 580 2593 cam,
613 2536 668 2582 et
703 2541 894 2596 parum
939 2525 1068 2594 qttid
1105 2527 1404 2597 corrigere,
1439 2526 1553 2580 haec
1606 2527 1830 2596 cupiens
1858 2539 1914 2581 et
1940 2528 2020 2581 fe-

438 2620 648 2676 stinans
692 2627 746 2671 et
795 2627 1020 2672 mortem
1080 2619 1299 2684 timens,
1347 2618 1494 2672 dicat
1547 2619 1675 2688 quid
1726 2620 2017 2688 putaverit.

441 2713 724 2780 Quomodo
758 2713 906 2768 omni
935 2713 1133 2766 mundo
1156 2712 1395 2781 loquitur
1417 2712 1521 2766 iste
1551 2710 1789 2780 Iudaeus,
1820 2714 1928 2767 imo
1952 2730 2020 2769 ex

443 2805 646 2860 Judaeis
677 2804 815 2876 (86),
845 2805 1012 2867 dicat,
1044 2814 1098 2858 et
1121 2805 1353 2874 gentiles
1379 2805 1686 2859 convincat.
1738 2805 1890 2860 Unde
1918 2806 2022 2861 iste

439 2896 526 2951 cui
559 2896 677 2950 sine
701 2909 837 2950 voce
866 2903 986 2950 erat
1037 2893 1242 2964 lingua,
1303 2893 1444 2946 unde
1498 2892 1692 2946 Petrus
1739 2892 2020 2960 loquitur?

440 2989 546 3044 Sed
591 3003 696 3042 non
749 2998 832 3042 est
881 2987 1115 3047 locutus,
1163 2984 1256 3039 sed
1315 2993 1503 3038 tacens
1532 2983 1702 3038 suasit
1736 2984 2016 3038 mundum.

439 3081 693 3150 Maiorem
728 3079 887 3133 nobis
916 3077 1012 3132 das
1059 3076 1516 3132 admirationem:
1565 3077 1610 3131 is
1651 3077 1741 3146 qui
1789 3077 2020 3146 negabat

439 3175 534 3230 sed
577 3173 790 3227 locutus
828 3179 934 3235 est,
990 3185 1094 3240 qua
1133 3169 1352 3239 lingua?
1389 3169 1518 3238 ipsis
1550 3169 1696 3223 enim
1739 3169 1832 3237 qui
1876 3168 2016 3238 apud

441 3263 869 3335 Hierosolymam
905 3270 1084 3326 erant,
1131 3262 1402 3331 quomodo
1439 3270 1651 3330 poterat
1694 3259 1884 3330 loqui?
1930 3271 2014 3314 ta-

442 3373 563 3413 men
617 3356 882 3425 loquitur,
933 3363 988 3410 ct
1028 3363 1145 3424 post
1203 3363 1437 3422 quantos
1487 3354 1604 3408 dies
1656 3353 2020 3409 couvictionis

439 3466 566 3505 cum
596 3464 692 3517 per
715 3448 949 3517 linguam
980 3456 1063 3502 est
1093 3446 1417 3502 convictus?
1450 3446 1551 3500 iste
1579 3456 1696 3500 erat
1724 3446 1840 3500 dies
1861 3448 2022 3515 quin-

441 3542 774 3611 quagesima:
826 3538 1145 3610 completio,
1235 3538 1613 3606 abnegationis
1649 3549 1827 3593 autem
1873 3538 2017 3592 Petri

440 3635 568 3688 ante
598 3632 994 3702 quinquaginta
1020 3631 1138 3684 dies
1163 3630 1344 3698 passio
1372 3631 1548 3684 fuerat
1582 3631 1816 3684 Domini.
1854 3629 2020 3684 Putas

441 3726 496 3784 in
526 3725 919 3796 quinquaginta
948 3723 1140 3778 diebus
1174 3723 1410 3793 piscator
1441 3723 1751 3778 rusticanus
1794 3738 1862 3778 ex
1898 3723 2021 3776 vico

439 3817 892 3872 studuitomuetn
924 3815 1166 3886 linguam
1191 3815 1213 3868 ‘l
1239 3815 1294 3868 In
1319 3815 1545 3868 Actibus
1573 3814 1716 3868 enim
1759 3815 2018 3884 scriptum

440 3917 526 3963 est
553 3906 926 3976 apostolorum
956 3915 1048 3960 :et
1080 3921 1191 3959 non
1221 3905 1505 3968 credatur,
1543 3904 1586 3957 si
1625 3921 1710 3959 res
1743 3904 1873 3973 ipsae
1915 3922 2018 3959 non

442 3997 807 4054 consentiunt.
843 3995 1114 4065 Scriptum
1146 4005 1228 4051 est
1252 3995 1398 4050 enim
1424 3994 1551 4064 quia
1595 3996 1721 4048 dum
1760 3995 2019 4066 implere-

443 4097 530 4142 tur
577 4089 694 4143 dics
744 4089 1217 4158 quinquagesima,
1255 4097 1413 4142 erant
1471 4089 1690 4143 adunati
1743 4089 1796 4143 in
1853 4105 2018 4143 unum

440 4179 672 4250 apostoli
702 4179 770 4246 ⁸⁵,
806 4195 939 4248 quos
975 4190 1252 4249 sparserat
1281 4181 1497 4249 quidem
1531 4197 1687 4248 crux,
1719 4180 2018 4251 collegerat

441 4283 622 4325 autent
671 4273 1040 4336 resurrectio;
1077 4280 1133 4325 et
1161 4269 1413 4326 adunatis
1448 4271 1633 4326 iisdem
1664 4272 1854 4326 divisae
1895 4281 2022 4327 sunt

440 4367 635 4439 lingua:
667 4379 922 4438 tanquam
952 4369 1090 4440 ignis
1116 4369 1418 4423 dividentes
1445 4411 1460 4435 ,
1511 4380 1564 4425 et
1603 4370 1920 4424 insederunt
1965 4370 2019 4424 in

441 4477 884 4531 unumquemque
927 4461 1165 4526 illorum,
1209 4471 1264 4516 et
1308 4472 1594 4532 coeperunt
1636 4463 1836 4533 linguis
1875 4463 2017 4532 loqui

2126 1989 2247 2045 quae
2299 1971 2472 2028 Judaei
2512 1972 2785 2028 volebant.
2843 1970 2948 2026 Sed
3007 1981 3167 2041 putas
3215 1973 3602 2026 convenientes
3658 1971 3712 2026 in

2125 2083 2288 2121 unum
2324 2065 2669 2134 impudenter
2714 2063 2968 2118 dicebant
3002 2064 3068 2118 ad
3100 2065 3465 2132 semetipsos:
3499 2062 3634 2130 Quid
3665 2064 3712 2118 si

2122 2159 2330 2216 seducti
2363 2159 2588 2214 sumus?
2611 2157 2703 2213 sed
2741 2173 2847 2212 non
2877 2156 3260 2212 concedamus.
3294 2155 3547 2225 Magister
3569 2171 3716 2210 mor-

2126 2261 2250 2307 tuus
2287 2261 2407 2318 est;
2440 2251 2686 2306 dicamus
2731 2249 2860 2319 quia
2897 2249 3198 2304 resurrexit
3228 2266 3241 2302 :
3275 2257 3336 2302 ut
3373 2247 3502 2318 quid
3537 2249 3715 2302 lucra-

2126 2343 2348 2398 rentur?
2372 2343 2501 2411 quid
2539 2343 2810 2399 commodi
2843 2340 3191 2410 acciperent?
3225 2341 3453 2394 aurum?
3481 2341 3574 2394 sed
3607 2355 3712 2393 non

2125 2435 2374 2505 permisit
2399 2437 2714 2489 mandatum
2748 2452 2762 2491 :
2791 2431 3121 2503 argentum?
3148 2442 3202 2486 et
3232 2434 3346 2501 ipsa
3382 2434 3518 2487 retia
3554 2432 3715 2487 dere~

2122 2525 2421 2595 liquerunt.
2455 2525 2562 2582 Sed
2598 2536 2657 2580 ut
2695 2526 3138 2581 honorarentur?
3164 2526 3252 2593 qui
3293 2525 3509 2579 inverso
3536 2525 3714 2594 capite

2122 2618 2496 2690 alligebantur.
2541 2619 2682 2686 Quid
2717 2628 2835 2674 erat
2864 2620 3007 2689 quod
3041 2628 3227 2688 posset
3256 2634 3351 2674 eos
3385 2619 3615 2685 hortari,
3651 2626 3716 2674 ut

2123 2714 2484 2769 mentirentur
2514 2712 2582 2766 de
2612 2727 2677 2766 eo
2697 2712 2790 2782 qui
2829 2727 2934 2765 non
2965 2710 3379 2766 resurrexerat?
3403 2710 3536 2776 Quis
3567 2725 3713 2779 prae-

2123 2805 2313 2859 buerat
2360 2803 2441 2858 eis
2500 2803 2824 2859 audaciam?
2886 2801 2943 2856 In
2991 2817 3099 2872 quo
3149 2801 3486 2856 confidentes
3529 2813 3713 2857 essent

2123 2895 2430 2950 inscientia:
2475 2911 2618 2959 stur,
2678 2894 3008 2962 rusticitati,
3071 2894 3432 2964 ingenuitati,
3481 2893 3712 2959 divitiis.

2123 2987 2474 3052 multitudini,
2507 2987 2790 3042 duodecim
2841 2988 2908 3040 ad
2951 2987 3250 3040 mundum?
3295 2985 3401 3042 Sed
3445 2988 3709 3056 praedica-

2123 3079 2476 3147 tionem-ejus
2511 3080 2601 3148 qui
2635 3078 2827 3134 allixus
2861 3088 2944 3134 est
2976 3080 3146 3134 cruci.
3188 3077 3368 3148 Ipsum
3403 3079 3576 3135 solum
3613 3096 3712 3133 au-

2123 3171 2250 3226 dere
2281 3171 2434 3226 exire
2477 3172 2545 3224 ad
2592 3172 2876 3240 mundum,
2907 3173 3112 3240 grande
3139 3182 3244 3228 est.
3288 3171 3421 3225 Puta
3453 3173 3554 3227 ista
3589 3174 3709 3228 ausi

2119 3274 2248 3319 sunt
2300 3281 2314 3318 :
2351 3262 2518 3319 Judaai
2561 3265 2832 3333 quomodo
2872 3265 3014 3334 passi
3070 3275 3197 3318 sunt
3251 3281 3358 3320 non
3397 3282 3492 3320 eos
3523 3269 3708 3320 statim

2120 3355 2474 3412 interimere?
2511 3353 2701 3420 Nonne
2731 3355 2904 3425 parati
2938 3366 3065 3410 sunt
3093 3356 3159 3409 ad
3201 3356 3712 3427 interemptionem?

2121 3447 2440 3519 Magistrum
2492 3447 2798 3512 aﬂixerunt,
2853 3449 2945 3517 qui
2998 3463 3103 3502 non
3134 3450 3308 3516 arguit
3340 3464 3437 3503 eos
3483 3449 3710 3506 homici-

2123 3541 2220 3596 das
2251 3558 2266 3594 :
2302 3541 2434 3596 istos
2461 3541 2550 3609 qui
2584 3540 2938 3596 convicerunt
2959 3541 3085 3610 quia
3110 3541 3397 3595 homicida:
3419 3549 3563 3603 sunt,
3593 3556 3697 3594 non

2121 3632 2294 3686 multo
2331 3633 2504 3702 magis
2538 3633 2850 3688 debuissent
2883 3632 3230 3688 interimere?
3260 3632 3370 3687 Cur
3392 3633 3704 3702 sanguinem

2123 3726 2370 3798 Magistri
2401 3727 2577 3782 adhuc
2610 3728 2872 3782 habentes
2920 3727 2972 3781 in
3018 3727 3296 3791 manibus,
3322 3727 3597 3796 patiuntur
3624 3710 3710 3793 pi?
3749 3771 3768 3791 ,

2121 3821 2412 3876 scatores?
2461 3829 2518 3875 et
2561 3830 2711 3875 certe
2761 3836 2886 3876 cum
2946 3821 3317 3876 interﬁcerent
3368 3819 3706 3888 Magistrum,

2122 3913 2225 3966 nisi
2270 3921 2522 3981 negasset
2565 3913 2755 3968 Petrus
2793 3914 2990 3967 fuisset
3030 3923 3295 3966 mortuus.
3322 3911 3423 3979 Qui
3453 3927 3584 3980 ergo
3615 3928 3710 3966 vo-

2121 4005 2305 4064 lebant
2329 4019 2449 4059 eum
2477 4013 2768 4074 antequam
2819 4015 3125 4060 moreretur
3148 4004 3404 4074 Magister
3432 4003 3707 4070 cecidere,

2123 4095 2582 4166 quemadmodum
2610 4111 2732 4150 eum
2783 4111 2889 4149 non
2916 4095 3171 4150 occidunt
3211 4107 3334 4166 post
3360 4095 3599 4165 Magistri
3635 4098 3714 4151 in-

2124 4189 2545 4244 terfectionem?
2570 4187 3069 4256 quemadmodum?
3105 4203 3224 4256 quae,
3255 4198 3339 4243 est
3366 4188 3572 4244 causa?
3612 4189 3710 4242 sed

2125 4281 2413 4336 noluerunt
2461 4299 2475 4336 :
2529 4290 2583 4336 et
2609 4282 2732 4350 quis
2783 4281 2989 4349 estqui
3039 4283 3306 4335 convertit
3337 4297 3523 4336 eorum
3559 4297 3715 4337 men-

2125 4373 2272 4429 tem?
2323 4374 2430 4428 Sed
2479 4373 2771 4428 volueruut
2818 4391 2832 4428 :
2881 4381 2936 4427 et
2985 4375 3106 4440 quis
3157 4382 3241 4428 est
3289 4374 3379 4442 qui
3430 4373 3711 4442 prohibuit

2123 4482 2311 4522 eorum
2337 4466 2712 4538 propositum?
2739 4467 2832 4521 sed
2855 4467 3147 4522 voluerunt
3168 4475 3223 4520 et
3245 4483 3350 4520 non
3381 4476 3705 4534 potuerunt:

439 4567 577 4622 quas
604 4567 708 4606 non
744 4553 1064 4608 didicerant.
1099 4551 1223 4607 "(BC
1259 4553 1540 4624 Scriptura
1574 4553 1744 4618 dicit;
1783 4555 1874 4622 qui
1904 4555 2018 4608 vult
2050 4577 2094 4631 Ι)
2125 4570 2178 4614 et
2205 4560 2330 4629 quis
2374 4569 2459 4615 est
2491 4560 2580 4629 qui
2621 4559 2896 4628 superavit
2929 4575 3116 4613 eorum
3169 4558 3474 4613 malitiam?
3518 4574 3712 4627 quem-

441 4643 759 4714 iaterroget.
812 4643 868 4697 Si
915 4660 1022 4698 non
1054 4653 1141 4698 est
1181 4646 1402 4709 factum,
1433 4646 1704 4714 quomodo
1733 4647 2020 4700 audierunt

439 4737 674 4806 gentes?
705 4737 809 4790 Sed
842 4738 1130 4791 audierunt
1159 4749 1371 4807 gentes.
1403 4739 1544 4805 Ergo
1579 4739 1720 4808 quod
1754 4739 2015 4808 scriptum

437 4837 543 4892 cst,
580 4828 783 4884 factum
815 4839 918 4882 est.
945 4829 1074 4895 Quis
1108 4839 1192 4884 est
1221 4831 1311 4900 qui
1351 4831 1610 4884 donavit?
1638 4832 1730 4900 qui
1764 4842 2009 4886 mortuus

442 4927 567 4984 cst;
624 4929 677 4975 et
703 4920 921 4988 quidem
965 4930 1262 4991 antequam
1301 4933 1600 4992 pateretur,
1648 4938 1752 4977 non
1801 4924 2022 4978 donavit

443 5010 703 5079 linguam.
733 5012 884 5079 Quod
916 5029 1046 5082 ergo
1076 5029 1179 5068 non
1216 5015 1438 5069 donavit
1487 5028 1777 5084 antequam
1809 5027 2022 5086 patere-

442 5112 552 5168 tur,
588 5107 1045 5172 quemadmodum
1092 5108 1259 5162 donat
1305 5119 1568 5174 mortuus,
1617 5111 1718 5164 nisi
1755 5111 1882 5179 quia
1934 5126 2019 5164 re-

440 5197 723 5257 surrexit?
770 5196 876 5253 Scd
926 5216 1030 5254 non
1084 5201 1324 5262 donavit.
1379 5217 1477 5255 nec
1533 5218 1657 5256 vera
1707 5203 1834 5256 dicit
1871 5202 2017 5258 Scri-

443 5303 623 5367 ptura.
649 5293 1070 5359 QllOINOthallsl
1091 5309 1212 5351 sunt
1248 5300 1476 5367 apostoli
1504 5301 1654 5354 exire
1687 5300 1752 5352 ad
1787 5301 2016 5369 gentes?

511 5430 560 5462 “
591 5429 769 5486 Judic.
803 5449 901 5497 xit,
935 5434 988 5488 6.
1079 5435 1124 5465 ⁸⁵
1150 5437 1268 5490 Act.
1301 5452 1358 5499 II,
1399 5438 1446 5488 l.

516 5587 632 5658 (Ἡ)
660 5588 758 5648 Ms.
793 5587 1053 5650 Naturale
1077 5601 1152 5647 est
1182 5594 1397 5658 (iugum.

443 5728 464 5782 ι
518 5659 632 5740 (ὃβ)
667 5659 764 5714 Ms.
803 5661 1115 5726 Quentdam,
1155 5680 1306 5731 quem
1350 5679 1450 5714 non
1485 5672 1725 5730 poterant
1774 5675 1907 5717 recte
1939 5664 2015 5718 ita

467 5746 609 5782 cum.
1483 5753 1485 5761 ί

467 5746 628 5870 Ἵῖζὲ)
676 5800 758 5870 Ea:
785 5798 1012 5854 Iudicis.
1045 5800 1205 5854 Forte
1233 5813 1280 5853 el
1304 5801 1530 5856 Juv/aris.

517 5871 630 5936 (87)
661 5869 942 5930 Suscitavit
979 5890 1091 5929 nos.
1123 5873 1379 5933 Fortasse
1426 5875 1628 5929 dicebat
1684 5877 1805 5932 auia
1849 5877 2011 5932 autci~

2129 4653 2419 4708 admodum
2445 4652 2684 4722 superati
2716 4653 2876 4706 sunt?
2898 4651 2942 4705 si
2974 4667 3079 4704 non
3107 4659 3190 4704 est
3224 4650 3365 4705 facta
3396 4651 3706 4716 admiratio,

2127 4745 2402 4814 quomodo
2440 4746 2664 4800 vincunt
2688 4743 3024 4812 piscatores?
3066 4743 3203 4797 Ecce
3251 4743 3354 4795 alia
3392 4743 3704 4807 admiratio,

2122 4839 2166 4892 si
2203 4837 2344 4892 nulla
2369 4836 2727 4892 admiratione
2757 4835 2998 4890 vincunt.
3039 4835 3103 4889 Et
3135 4843 3283 4890 certe
3315 4834 3500 4888 volunt
3533 4833 3706 4888 Juda:i

2124 4930 2393 4991 occidere,
2433 4937 2488 4983 et
2510 4928 2763 4983 concedit
2793 4927 3047 4981 Dominus
3067 4927 3147 4982 eis
3178 4937 3234 4982 ut
3257 4927 3527 4982 occidant.
3557 4926 3706 4981 Mar-

2125 5021 2320 5090 tyrium
2358 5021 2540 5089 itaque
2575 5021 2695 5074 tulit
2743 5021 3072 5089 Stephanus.
3105 5019 3384 5086 Quomodo
3413 5035 3543 5091 ergo
3579 5021 3705 5074 Ste-

2129 5115 2341 5180 phanus
2372 5111 2590 5181 quidem
2626 5113 2692 5164 ab
2736 5111 2853 5165 istis
2892 5111 3188 5164 occiditur?
3234 5109 3373 5164 Utile
3407 5112 3552 5164 enim
3583 5119 3707 5164 erat

2125 5206 2242 5271 ejus
2272 5205 2615 5275 martyrium,
2649 5213 2707 5258 ut
2733 5204 3043 5259 tirinaretur
3072 5220 3167 5273 per
3201 5214 3427 5258 mortem
3462 5218 3705 5258 resurre~

2123 5301 2231 5353 ctio
2261 5317 2274 5352 :
2307 5308 2363 5353 et
2402 5301 2586 5352 caeteri
2623 5313 2726 5352 non
2759 5299 3120 5354 occiduntur?
3156 5297 3260 5353 Sed
3307 5298 3478 5352 noluit
3518 5297 3702 5353 Israel.

2126 5596 2445 5731 "dignati;
2485 5663 2672 5718 Dicere
2696 5681 2756 5718 ea
2788 5679 2906 5733 qua?
2937 5664 3178 5719 dicebant
3209 5663 3408 5720 Juda’i.

2201 5735 2313 5804 (89)
2343 5734 2443 5793 Ms.
2475 5737 2660 5805 Arguil
2689 5752 2805 5788 eum
2839 5738 3268 5801 experimentum.

2197 5805 2309 5878 (90)
2358 5806 2603 5878 Iurgare.
2635 5806 2794 5862 Forte
2829 5806 3027 5869 iurare.
