4098 6398
381 374 404 420 ί
422 371 520 429 109

1449 383 1537 438 DE
1592 383 2197 444 RESURRECTIONE.
2235 423 2302 433 -
2339 393 2467 448 LIB.
2505 393 2568 450 Π.

3490 415 3621 468 “ll!

376 484 676 584 Quomodo
691 485 810 584 vult
839 485 1172 584 Stephanum
1191 492 1223 584 ?i
1239 492 1311 547 De
1352 493 1453 550 hoc
1488 501 1735 555 concedit
1777 501 1958 555 Domi-
1985 509 2033 565 Α
2061 505 2294 559 damrum
2335 508 2576 576 primarii
2611 508 2928 584 Synagogas,
2963 523 3055 572 aut
3083 520 3438 578 transferrent
3464 530 3619 580 corda

377 589 479 627 nus
515 591 529 627 :
561 571 752 630 sufﬁcit
797 577 897 633 hoc
942 581 1008 634 ad
1037 583 1336 636 victoriam.
1397 589 1674 653 Quomodo
1709 591 1954 647 concedit

379 664 738 735 Stephanum,
771 678 824 722 et
856 684 960 723 non
992 673 1238 726 concedit
1281 681 1334 728 et
1383 677 1554 732 alios?
1582 679 1650 735 Ut
1693 696 1954 752 agnosce-

380 767 528 812 retur
557 759 682 828 quia
735 771 945 816 mortua
993 774 1078 818 est
1120 782 1284 835 mors,
1322 778 1376 823 et
1407 773 1530 839 quia
1579 786 1675 841 per
1721 783 1949 829 mortem

377 849 626 904 ﬁrmatur
657 854 1011 919 resurrectio;
1047 864 1105 910 ut
1139 870 1526 927 agnosceretur
1551 864 1674 932 quia
1704 864 1835 919 vivit
1861 867 1948 933 qui

377 940 637 996 viviﬁcat.
669 942 866 997 Volunt
894 943 1062 1000 Judaei
1097 957 1151 1002 et
1197 966 1300 1004 non
1337 963 1583 1020 possunt.
1624 954 1841 1026 Moysen
1868 957 1949 1011 fa-

379 1031 608 1087 cientem
641 1034 791 1104 signa
825 1035 990 1091 voluit
1043 1036 1207 1095 Israel
1252 1042 1515 1112 lapidare,
1564 1054 1621 1101 et
1665 1048 1951 1117 prophetas

379 1121 713 1186 occiderunt,
752 1131 805 1178 et
848 1123 950 1180 hoc
993 1127 1063 1181 ita
1102 1130 1424 1198 prohibente
1451 1133 1586 1203 lege.
1620 1134 1947 1201 Piscatores,

379 1221 668 1281 arguentes
703 1227 797 1268 eos
835 1223 887 1269 et
912 1217 1266 1284 praedicantes
1293 1219 1645 1290 Cruciiixmn,
1677 1238 1781 1278 non
1804 1227 1949 1280 occi—

378 1304 622 1360 derunt:
660 1303 946 1372 Lazarum,
978 1309 1104 1379 quia
1153 1314 1450 1366 resurrexit
1499 1328 1529 1368 a
1582 1319 1948 1383 mortuis,vo-

377 1392 594 1448 luerunt
634 1396 906 1461 occidere,
959 1407 1018 1452 ut
1066 1399 1458 1456 mortiﬁcarent
1496 1405 1947 1474 admirationem;

377 1492 432 1536 et
459 1498 554 1538 eos
583 1485 675 1553 qui
715 1486 1009 1551 prtedicanl
1044 1491 1491 1546 resurrectionem
1522 1492 1670 1548 affixi
1704 1496 1846 1550 cruci
1884 1495 1950 1549 ah

378 1574 531 1643 ipsis,
589 1591 694 1629 non
735 1577 1070 1632 occiderunt.
1123 1578 1226 1634 Sed
1277 1591 1399 1650 puta
1450 1583 1575 1652 quia
1619 1582 1788 1640 Judati
1823 1587 1946 1642 victi

378 1674 525 1720 sunt.
570 1667 953 1737 Cogitaverunt
1006 1678 1184 1724 autem
1241 1673 1533 1741 piscatores
1578 1675 1644 1729 ad
1689 1677 1946 1731 mundum

378 1758 550 1816 exire.
579 1759 622 1813 si
662 1758 906 1815 homines
935 1762 1000 1815 ad
1041 1761 1302 1817 terminos
1351 1764 1533 1819 mundi
1584 1766 1700 1820 sine
1729 1766 1944 1834 litteris,

377 1848 444 1902 ad
472 1849 712 1904 eruditos
743 1851 1004 1919 imperiti,
1033 1853 1292 1922 ignobiles
1322 1856 1389 1908 ad
1423 1857 1715 1924 ingenuos;
1746 1859 1946 1928 cogita-
1978 1854 2018 1909 Β

377 1951 569 1996 verunt
598 1951 653 1996 et
683 1951 834 1998 tanto
873 1944 1211 2000 donaverunt
1245 1945 1357 2016 (91)
1408 1945 1666 2017 Magistro
1711 1959 1943 2014 mortuo,

375 2049 497 2090 cum
534 2049 640 2103 quo
671 2043 725 2089 et
759 2035 911 2090 l‘ttcre
949 2056 961 2091 :
1019 2047 1147 2107 puta
1203 2038 1332 2106 quia
1396 2038 1493 2108 ipsi
1551 2041 1944 2109 cogitaverunt,

376 2135 503 2194 puta
537 2127 662 2195 quia
695 2127 870 2182 victus
895 2139 978 2182 est
1006 2147 1018 2182 :
1051 2129 1322 2198 quomodo
1355 2139 1542 2197 gentes
1568 2139 1944 2200 susceperunt,

376 2226 432 2272 et
483 2227 670 2288 gentes
721 2219 1010 2288 discipulos
1064 2221 1386 2275 audiebant?
1449 2219 1564 2277 Non
1619 2224 1947 2278 consuetudo

378 2319 498 2365 erat
533 2320 710 2374 vetus,
766 2329 874 2367 non
923 2312 1208 2368 simulacra
1263 2313 1544 2380 adornata,
1599 2330 1704 2370 non
1753 2316 1947 2385 templa

381 2402 620 2466 excelsa,
653 2419 756 2458 non
805 2405 1043 2460 sacraria
1096 2421 1218 2476 quas
1267 2405 1436 2461 multo
1489 2415 1770 2461 tenuerant
1810 2419 1949 2462 tem-

380 2509 532 2564 pore,
586 2510 690 2550 non
724 2511 914 2551 versus
945 2497 1253 2566 compositi,
1303 2513 1408 2552 non
1440 2500 1688 2568 superbia
1738 2501 1951 2569 sapien-

380 2588 536 2654 tium,
574 2604 678 2643 nou
716 2589 1003 2644 multitudo
1033 2600 1335 2660 poetarum,
1375 2607 1479 2645 non
1512 2592 1758 2647 remissio
1791 2591 1949 2644 feria-

381 2696 524 2746 rum,
560 2683 928 2738 non'traditio
958 2692 1267 2752 parentum,
1311 2699 1417 2738 non
1466 2683 1730 2737 mirabilia
1773 2683 1859 2736 illa
1895 2683 1946 2737 in

385 2774 701 2839 ambitione,
730 2790 848 2854 qua:
879 2791 976 2844 per
1014 2785 1158 2830 artes
1198 2785 1251 2830 et
1285 2777 1563 2831 machinas
1592 2785 1647 2830 et
1683 2777 1950 2845 composi-

381 2868 556 2924 tiones
605 2876 786 2922 vatum
841 2868 956 2924 ﬂeri
1017 2868 1450 2923 consueverant?
1500 2869 1780 2935 Quomodo
1830 2869 1946 2924 ausi

382 2968 510 3012 sunt
545 2959 843 3029 piscatores
885 2975 952 3014 ne
984 2960 1200 3028 quidem
1243 2975 1408 3031 panes
1436 2970 1712 3031 portantes
1743 2960 1946 3031 ingredi

383 3052 598 3107 domum
629 3050 894 3122 alicujus?
923 3053 989 3106 ad
1025 3067 1188 3122 quam
1232 3052 1646 3122 cognationem?
1691 3052 1756 3105 ad
1785 3065 1945 3121 quam

381 3143 612 3198 similem
669 3144 943 3212 linguam?
988 3147 1053 3198 ad
1107 3161 1266 3215 quant
1303 3145 1577 3200 civitatem
1625 3153 1680 3199 et
1730 3145 1945 3199 domum

383 3237 808 3307 agnoscentum?
849 3237 952 3293 Sed
994 3237 1302 3307 praedicatio
1331 3253 1449 3292 erat
1479 3239 1724 3294 honesta.
1763 3239 1950 3293 Cruci-

383 3328 524 3385 lixus
555 3330 974 3398 przedicabatur,
1005 3339 1059 3385 et
1091 3331 1179 3399 qui
1209 3332 1576 3400 praedicabant
1612 3332 1869 3397 humiles,
1895 3339 1951 3386 et

382 3419 581 3489 quibus
621 3421 1019 3491 praedicabatur
1059 3423 1314 3492 praeventi
1363 3433 1539 3478 erant.
1575 3424 1728 3478 Nunc
1759 3439 1948 3478 ascen-

381 3513 473 3569 dat
529 3514 648 3583 quis
695 3513 759 3566 ad
803 3513 1086 3582 templum,
1135 3515 1281 3569 dicat
1309 3515 1452 3583 quod
1494 3529 1678 3568 verum
1710 3524 1794 3568 est
1826 3514 1948 3583 quia

379 3620 485 3660 non
531 3613 658 3659 sunt
701 3605 774 3658 dii
811 3605 1018 3671 lapides
1051 3622 1064 3658 :
1105 3605 1149 3658 si
1180 3605 1415 3674 potuerit
1467 3605 1810 3658 dinumerare
1855 3618 1950 3658 eos

383 3696 474 3766 qui
509 3696 793 3750 adversum
839 3710 897 3749 se
932 3695 1219 3763 iaciuntur.
1265 3696 1322 3750 Si
1370 3707 1546 3751 autem
1582 3712 1758 3764 reges,
1795 3711 1950 3751 exer-

384 3788 522 3842 citus
550 3797 605 3841 et
644 3786 786 3856 leges
824 3803 920 3855 pro
961 3786 1223 3856 religione
1257 3797 1404 3852 sunt,
1434 3796 1486 3842 et
1513 3788 1794 3843 multitudo
1821 3788 1952 3843 ﬁde-

382 3877 535 3942 lium,
563 3887 724 3932 tanta:
755 3878 913 3933 minae
949 3880 1232 3936 adversum
1257 3897 1352 3936 eos
1377 3883 1466 3952 qui
1499 3883 1613 3938 haec
1646 3899 1748 3937 non
1780 3882 1954 3938 susci-

383 3973 556 4042 piunt,
598 3971 774 4026 nullus
803 3987 968 4028 ausus
1002 3982 1085 4028 est
1123 3989 1137 4027 :
1194 3984 1248 4029 et
1293 3975 1341 4029 si
1396 3974 1558 4029 fuerit
1613 3991 1801 4040 ausus,
1843 3990 1950 4030 non

384 4069 546 4122 vivet.
612 4067 667 4121 Si
723 4067 940 4131 dixerit,
996 4068 1082 4123 isti
1141 4069 1212 4124 dii
1279 4083 1384 4124 non
1428 4081 1553 4124 sunt
1594 4070 1688 4134 dii,
1753 4071 1848 4124 sed
1907 4069 1954 4125 si

387 4178 531 4218 nunc
558 4162 668 4233 (92)
700 4162 770 4215 ita
808 4173 1168 4230 repetentem,
1201 4165 1321 4220 vide
1351 4181 1470 4234 qua:
1494 4173 1610 4219 erat
1639 4165 1810 4219 virtus
1839 4165 1955 4220 sine

385 4255 469 4310 his
495 4254 605 4326 (93)
640 4255 729 4324 qni
769 4255 1070 4309 circuibant
1115 4257 1370 4310 mundum
1423 4274 1438 4311 :
1491 4266 1544 4311 et
1591 4257 1775 4312 dicunt
1826 4259 1955 4326 quia

386 4349 488 4404 ista
519 4365 624 4404 non
671 4358 796 4404 sunt
826 4365 944 4418 qua:
974 4359 1256 4420 apparent,
1291 4365 1466 4419 neque
1519 4350 1620 4405 ista
1677 4360 1951 4418 putantur,

387 4457 561 4514 neque
613 4442 699 4497 illa
730 4457 851 4513 qua:
894 4442 1164 4512 sapientes
1195 4444 1380 4498 dicunt
1433 4451 1525 4497 aut
1553 4450 1722 4513 poetae
1750 4443 1953 4496 conﬁn-

2053 609 2146 648 sua
2181 597 2388 666 lapidea
2435 600 2500 654 ad
2553 602 2732 667 tidem,
2765 616 2858 660 aut
2885 614 3128 666 tacentes
3175 613 3361 682 utique
3389 616 3616 671 confun-

2053 689 2328 745 derentnr.
2360 692 2680 749 Scribantur
2714 697 2830 752 ista:
2871 700 3153 757 suasiones
3185 703 3235 757 in
3284 706 3617 776 uniuscujus-

2051 797 2155 852 que
2211 786 2391 855 corde,
2441 804 2545 842 non
2587 798 2935 848 atramento:
2977 810 3081 850 non
3117 798 3262 851 enim
3315 808 3618 857 atramento

2051 884 2176 930 sunt
2205 877 2364 947 digna
2411 897 2424 933 :
2473 881 2517 936 si
2551 883 2678 950 quid
2731 895 2907 938 autem
2954 901 3077 941 cum
3109 889 3157 943 vi
3208 889 3465 960 loquitur,
3509 893 3617 949 noli

2051 967 2160 1037 pati
2202 971 2517 1026 mentientes
2539 973 2650 1045 (95)
2686 993 2698 1030 :
2732 987 2784 1031 et
2813 977 2856 1032 si
2885 978 3149 1036 donamus
3188 982 3388 1052 aliquid
3414 999 3618 1040 sermo-

2053 1057 2128 1122 ni,
2182 1060 2347 1115 nolite
2397 1063 2601 1120 seduci.
2657 1066 2712 1121 Si
2763 1079 2940 1124 autem
2988 1072 3100 1127 sole
3139 1075 3367 1130 clariora
3406 1079 3616 1147 negotia

2051 1161 2196 1216 sunt,
2245 1153 2411 1210 nolite
2465 1157 2578 1212 fieri
2631 1160 2777 1215 caci.
2831 1162 3018 1218 Videte
3054 1158 3336 1222 Dominum
3365 1167 3545 1223 Iesum
3586 1187 3614 1223 a

2052 1246 2278 1300 mortuis
2304 1259 2694 1318 resurgentem.
2726 1254 2918 1309 Videte
2947 1271 3068 1310 eum
3107 1259 3171 1312 ad
3201 1258 3478 1314 dexteram
3515 1259 3618 1313 Pa-

2053 1337 2150 1392 tris
2184 1352 2304 1392 cum
2336 1339 2504 1409 gloria
2548 1343 2847 1400 sedentem.
2881 1346 3083 1414 Quibus
3111 1351 3282 1406 oculis
3303 1352 3325 1404 ?
3347 1353 3618 1422 apostolo-

2051 1442 2168 1480 rum
2210 1430 2406 1499 quippe
2437 1431 2648 1487 illorum
2689 1436 2906 1503 virtute,
2938 1440 3150 1495 illorum
3187 1441 3433 1497 scientia.
3468 1444 3614 1511 Quo-

2051 1519 2209 1574 modo
2239 1524 2471 1592 suscepti
2519 1525 2680 1579 sunt?
2706 1531 2970 1596 quomodo
3009 1533 3269 1587 creditum
3317 1535 3439 1590 est?
3480 1551 3616 1605 quo-

2053 1612 2209 1666 modo
2231 1614 2502 1670 destructa
2537 1627 2662 1671 sunt
2707 1623 2963 1676 veterna?
3001 1627 3270 1692 quomodo
3313 1625 3613 1680 introducta

2051 1717 2169 1770 qua:
2208 1706 2259 1760 in
2297 1708 2674 1776 praedicatione
2719 1721 2876 1766 erant
2910 1723 3162 1784 tanquam
3196 1718 3514 1774 inhonesta?
3551 1719 3617 1772 Et

2052 1805 2194 1850 certe
2227 1802 2390 1853 multa
2448 1810 2601 1855 erant
2630 1804 3012 1873 impedimenta
3047 1809 3183 1877 apud
3228 1825 3352 1871 eos;
3388 1825 3615 1866 consue-

2051 1887 2176 1940 tudo
2197 1903 2315 1957 qua:
2336 1893 2623 1958 putabatur
2645 1904 2818 1962 vetus,
2843 1898 3123 1968 imperium
3151 1903 3606 1967 adversariorum,

2049 1980 2296 2036 remissio
2330 1981 2686 2051 feriarum,et
2717 2003 2778 2044 ea
2815 2006 2935 2059 qua:
2959 1994 3321 2062 particulatim
3356 1996 3611 2066 praedicnt

2048 2083 2171 2127 sunt
2199 2091 2210 2126 :
2237 2075 2306 2129 ab
2338 2089 2402 2130 eo
2435 2088 2615 2132 autem
2659 2082 2750 2149 qui
2781 2084 3178 2152 praedicabatur
3204 2103 3358 2152 crux,
3386 2098 3440 2144 et
3472 2092 3614 2159 quod

2048 2164 2100 2218 in
2131 2179 2195 2220 eo
2224 2177 2342 2222 erat
2395 2168 2713 2227 incredibile
2763 2183 2817 2230 et
2866 2177 2985 2231 sine
3027 2178 3248 2235 honore.
3297 2180 3613 2237 Praeconum

2048 2268 2226 2313 autem
2247 2257 2503 2328 abjectio,
2537 2263 2870 2334 ignobilitas,
2904 2270 3046 2324 nulla
3080 2271 3348 2336 doctrina,
3377 2284 3612 2344 egestas,

2050 2363 2307 2404 numerus
2335 2365 2551 2419 parvus.
2587 2355 2668 2410 Ab
2697 2355 2812 2426 ipsa
2853 2370 3031 2415 autem
3067 2363 3450 2430 praedicatione
3475 2363 3616 2434 jeju-

2049 2439 2196 2492 nium
2241 2455 2340 2509 pro
2370 2443 2656 2510 ebrietate,
2687 2449 2946 2515 pudicitia
2995 2467 3093 2522 pro
3134 2451 3374 2518 libidine,
3413 2455 3616 2509 donare

2049 2544 2145 2585 sua
2181 2547 2340 2600 quam
2391 2551 2602 2607 rapere.
2651 2539 2708 2594 Si
2745 2541 2910 2614 igitur
2959 2545 3050 2614 qui
3095 2547 3492 2616 praedicabatur
3535 2548 3618 2601 in-

2049 2624 2418 2682 credulitatem
2481 2629 2718 2687 habebat
2787 2643 3007 2704 propter
3069 2636 3436 2706 impotenliam
3497 2655 3618 2709 qua:

2049 2716 2336 2782 putabatur
2361 2720 2558 2786 crucis,
2601 2732 2657 2777 et
2697 2723 2785 2792 qui
2821 2727 3189 2794 praedicabant
3221 2731 3398 2784 omnia
3436 2732 3614 2784 int-re-

2049 2807 2265 2875 dibilia;
2297 2812 2431 2867 adde
2473 2824 2653 2869 autem
2687 2825 2741 2872 et
2762 2822 3192 2886 persecutionem
3227 2823 3460 2892 ipsorum
3489 2840 3614 2878 cum

2050 2899 2385 2967 vapularent,
2427 2917 2547 2961 cum
2601 2903 2823 2974 injurias
2879 2909 3227 2978 sustinerent,
3267 2929 3389 2966 cum
3445 2915 3618 2970 reclu-

2051 2985 2302 3043 derentur
2349 3002 2404 3046 et
2456 2991 2924 3062 interficerentur;
2989 2998 3034 3052 si
3079 3001 3168 3069 qui
3222 3003 3618 3069 praedicabatur

2049 3077 2366 3135 interfectus
2405 3091 2508 3150 est,
2540 3085 2631 3154 qui
2663 3088 2957 3156 praedicant
2986 3090 3406 3158 interﬁciuntur,
3430 3104 3484 3148 et
3519 3095 3611 3163 qui

1975 3189 2018 3247 α
2051 3171 2282 3225 credunt
2327 3176 2754 3242 persecutionem
2805 3181 3092 3236 sustinent.
3142 3183 3299 3238 Unde
3332 3186 3626 3240 creditur?-

2050 3263 2118 3315 ab
2146 3262 2294 3331 ipso.
2333 3279 2362 3317 a
2392 3265 2504 3319 suis
2534 3269 3016 3334 praedicatoribus?
3045 3271 3113 3326 ab
3135 3273 3219 3328 his
3243 3276 3333 3342 qui
3364 3290 3617 3344 suscepe-

2051 3354 2216 3407 runt?
2243 3353 2348 3410 Sed
2379 3370 2445 3410 ex
2481 3360 2871 3416 consuetudine
2912 3377 3031 3430 qua!
3057 3367 3328 3420 contraria
3361 3382 3614 3437 suggere-

2051 3444 2181 3498 bat?
2206 3447 2300 3500 sed
2325 3450 2394 3503 ab
2425 3450 2726 3505 acerbitate
2758 3453 3158 3520 praedicationis
3190 3458 3272 3512 cui
3300 3458 3616 3513 adversaba-

2053 3541 2139 3586 tur
2171 3536 2388 3604 requies
2412 3553 2529 3608 quae
2557 3540 2608 3594 in
2644 3539 2822 3596 Veteri
2868 3554 2988 3597 erat
3020 3545 3365 3602 Testamento
3393 3551 3616 3617 permis-

2051 3641 2109 3680 sa
2143 3627 2292 3699 (96)?
2318 3632 2411 3685 sed
2443 3647 2472 3685 a
2499 3635 2988 3702 promissionibus?
3017 3641 3258 3693 Mortuus
3280 3650 3384 3703 est,
3419 3641 3614 3710 inquit,

2050 3720 2291 3789 quidam,
2325 3731 2380 3776 et
2425 3726 2718 3780 resurrexit
2739 3727 3059 3796 aliquando;
3093 3740 3146 3784 et
3173 3732 3472 3799 persecutio
3497 3732 3616 3800 qui-

2050 3810 2171 3867 dem
2217 3815 2426 3881 aderat,
2478 3819 2865 3884 promissiones
2911 3830 3088 3876 autem
3121 3823 3453 3876 dicebantur.
3507 3823 3615 3878 Sed

2051 3911 2209 3968 putas
2254 3915 2623 3971 provenerunt.
2667 3907 2792 3977 ista,
2837 3917 2892 3962 et
2922 3921 3210 3964 suaserunt
3255 3911 3523 3981 discipuli,
3562 3925 3615 3967 et

2055 3993 2347 4049 translatus
2373 4002 2458 4050 est
2488 3998 2739 4064 mundus,
2782 4008 2834 4053 et
2863 3999 3032 4055 Judaei
3063 4003 3386 4056 cessarunt?
3415 4004 3615 4073 lmpos.

2053 4080 2228 4136 sibilia
2275 4082 2416 4137 facta
2449 4095 2576 4139 sunt
2615 4087 2916 4154 possibilia,
2948 4091 3239 4145 et‘iterum
3270 4091 3487 4147 silentio
3515 4109 3530 4146 :
3562 4103 3616 4146 et

2052 4171 2098 4226 si
2134 4172 2355 4229 fortuitu
2402 4175 2533 4247 (97).
2567 4176 2623 4232 Si
2675 4189 2853 4234 autem
2899 4182 3148 4249 praedixit
3198 4199 3260 4238 ea
3307 4182 3466 4239 Jesus
3493 4193 3619 4238 ante

2052 4279 2289 4331 crucem,
2322 4269 2550 4337 perfecit
2586 4280 2764 4325 autem
2805 4283 2924 4341 post
2958 4289 3198 4337 crucem,
3233 4275 3361 4344 quid
3396 4292 3499 4330 non
3532 4277 3617 4330 vi-

2053 4355 2244 4412 demus
2273 4359 2339 4412 ad
2391 4359 2580 4426 solem,
2630 4362 2717 4416 ubi
2755 4374 2809 4416 et
2859 4366 3142 4434 praedixit?
3187 4365 3286 4421 Ubi
3317 4369 3461 4421 cnim
3511 4384 3616 4425 non

2055 4446 2338 4514 praedixit?
2366 4449 2421 4504 Si
2467 4451 2590 4518 quis
2634 4461 2812 4507 autem
2843 4465 3118 4510 scrutatus
3155 4456 3315 4511 fuerit
3356 4456 3474 4526 ejus
3501 4473 3621 4513 sero

386 4546 516 4606 gunt
564 4547 618 4590 et
661 4551 779 4604 quae
810 4536 1123 4605 loquuntur.
1164 4535 1494 4590 Mentiuntur
1526 4535 1762 4590 sacraria
1795 4551 1810 4587 :
1844 4549 1948 4588 non
1981 4540 2026 4595 ι)
2059 4554 2261 4604 mones,
2291 4556 2396 4596 non
2435 4553 2520 4597 est
2568 4547 2683 4610 ejus
2729 4559 2929 4608 sermo,
2961 4549 3013 4602 in
3043 4563 3150 4618 quo
3186 4564 3288 4604 non
3322 4561 3402 4605 est
3437 4552 3618 4606 statim

387 4645 513 4684 vera
570 4630 822 4685 dicuntur
863 4629 1294 4682 vaticinationes.
1336 4627 1639 4683 Prmmissio
1688 4625 1799 4694 (94)
1833 4625 1947 4692 ipsa

387 4736 586 4778 nocens
615 4734 668 4777 et
697 4737 787 4776 ars
831 4721 1050 4776 mentita
1082 4732 1184 4775 est.
1211 4719 1430 4788 Templa
1471 4718 1606 4772 male
1637 4726 1946 4773 constructa

385 4821 530 4877 sunt,
556 4813 791 4868 recedite
816 4827 844 4866 a
887 4813 1127 4883 paternis
1156 4823 1211 4866 et
1253 4813 1453 4866 credite
1493 4811 1782 4866 Crucii‘tso.
1816 4809 1946 4876 Quis

386 4915 542 4974 putas
572 4906 643 4960 ita
692 4906 961 4976 lapideum
993 4905 1156 4960 habet
1185 4905 1314 4959 cor?
1346 4905 1454 4966 Ego
1499 4913 1624 4974 puto
1655 4903 1776 4971 quia
1818 4913 1870 4955 et
1901 4903 1946 4956 si

388 4977 662 5066 gentilium
695 4999 933 5068 ipsorum
972 4997 1186 5068 quidem
1227 4999 1474 5052 adessent
1503 4997 1727 5068 priores,
1759 5006 1812 5050 et
1851 4993 1944 5048 Ju-

456 5135 504 5167 ⁸⁴⁸
525 5135 712 5191 Matth.
742 5153 816 5202 tv,
842 5140 926 5196 19.

463 5259 578 5346 (91)
616 5274 784 5330 Tanto
807 5276 1145 5333 donaverunt.
1171 5278 1353 5342 Forte,
1377 5277 1441 5329 Et
1465 5289 1610 5330 tanta
1631 5277 1948 5330 donaverunt

391 5345 683 5415 magistro;
714 5357 773 5398 ut
793 5360 950 5413 supra
981 5348 1081 5401 col.
1105 5348 1238 5402 1106
1263 5346 1324 5414 Β,
1353 5345 1538 5401 Petrus
1561 5349 1734 5400 omnia
1751 5350 1952 5400 donans

388 5419 659 5484 magistro.

461 5485 591 5557 (92),
615 5484 717 5539 Sed
744 5485 989 5557 sinunc.
1028 5483 1298 5549 Fortasse,
1334 5490 1424 5540 sed
1466 5488 1510 5541 si
1542 5504 1677 5541 nunc
1705 5489 1782 5540 ita
1809 5503 1956 5555 repe-

395 5555 515 5609 tat?
544 5556 593 5608 id
615 5565 698 5610 est
723 5555 930 5625 quidsi
974 5555 1076 5607 ista
1101 5571 1203 5608 non
1240 5558 1428 5624 semel,
1454 5561 1549 5612 sed
1582 5559 1775 5611 iterum
1816 5567 1953 5625 apud

390 5640 627 5695 paganos
651 5624 876 5678 dixerit?

466 5694 575 5766 (95)
594 5765 599 5766 ί
617 5695 746 5759 Quo!
775 5705 884 5748 erat
912 5695 1073 5766 virtus
1097 5695 1336 5766 sineghis.
1367 5694 1524 5750 Forte
1552 5712 1666 5765 qua:
1695 5704 1806 5749 erat
1845 5696 1950 5750 rir.

393 5764 552 5816 tm’in
583 5765 684 5833 Itis,
715 5779 906 5830 nempe
939 5764 990 5816 in
1023 5764 1292 5833 apostolis.

465 5834 574 5897 {95)
619 5832 935 5888 Pravmissio.
971 5832 1128 5890 Forte
1162 5839 1454 5903 promissio.

2054 4642 2105 4686 et
2130 4633 2462 4701 praedicatio.
2489 4635 2794 4694 Piscatores
2822 4639 2965 4694 enim
2997 4641 3301 4697 nominavit
3330 4643 3620 4711 discipulos

2052 4739 2224 4779 suos:
2268 4727 2320 4780 in
2367 4742 2434 4781 eo
2483 4728 2610 4782 dum
2645 4742 2867 4785 vocaret
2903 4732 3216 4797 piscatores,
3265 4735 3618 4804 piscationem

2051 4817 2394 4870 annuntiavit
2452 4817 2628 4884 Ipsum
2659 4819 2802 4872 enim
2851 4834 3068 4886 nomen,
3107 4823 3502 4890 praedicationis
3539 4833 3621 4877 est

2053 4909 2402 4975 nuncupatio.
2455 4909 2677 4964 Vocavit
2728 4925 2822 4964 eos
2877 4913 3173 4980 piscatores
3221 4915 3500 4968 hominum
3551 4918 3619 4970 ad

2051 4998 2279 5053 salutem
2305 4999 2372 5054 ⁸⁸.
2406 4999 2604 5057 Piscati
2632 5014 2758 5057 sunt
2787 5019 2989 5060 autem.
3017 5004 3075 5058 Si
3105 5021 3209 5060 non
3242 5016 3367 5060 sunt
3404 5007 3616 5077 piseati,

2132 5275 2242 5345 (95)
2285 5275 2382 5345 Ms.
2413 5275 2593 5343 Nolite
2623 5278 2728 5343 pati
2755 5277 3074 5330 mentientes.

2131 5346 2239 5414 (96)
2287 5344 2566 5400 Permissa.
2595 5346 2754 5400 Forte
2781 5349 3056 5414 promissa.

2132 5414 2353 5485 (97)'Et
2383 5418 2571 5469 iterum
2602 5416 2807 5468 silentio
2847 5433 2864 5470 :
2895 5427 2942 5469 et
2986 5418 3030 5470 si
3056 5415 3296 5485 fortuitu.
3333 5415 3614 5472 Sententia

2061 5489 2274 5540 videtur
2302 5501 2421 5540 esse
2458 5505 2469 5538 :
2501 5487 2563 5539 Et
2599 5487 2793 5538 iterum
2823 5488 3132 5554 dices,quid
3163 5488 3206 5536 si
3232 5486 3344 5540 haec
3373 5487 3610 5548 silentio,

2064 5557 2116 5610 id
2149 5566 2232 5610 est
2259 5556 2394 5610 clam
2427 5565 2478 5610 et
2514 5555 2742 5610 obscure
2783 5567 2994 5623 peracta
3035 5556 3191 5610 sunt?
3215 5556 3344 5623 quid
3375 5557 3417 5609 si
3446 5558 3610 5609 etiam

2065 5627 2286 5680 fortuito
2320 5635 2374 5680 et
2410 5636 2607 5679 temere
2650 5626 3026 5695 contigerunt?
3069 5625 3396 5692 Respondet,
3428 5641 3613 5695 neque

2057 5698 2194 5748 clam
2224 5711 2343 5749 esse
2375 5704 2612 5761 peracta,
2663 5697 2785 5763 quia
2811 5694 2876 5749 ad
2901 5695 3092 5756 solem,
3127 5697 3177 5747 id
3226 5705 3312 5746 est
3355 5694 3527 5763 palam
3560 5706 3612 5749 et

2057 5774 2237 5832 aperte
2269 5773 2413 5832 gesta
2445 5775 2594 5827 sunt;
2629 5762 2800 5834 neque
2853 5765 3092 5831 fortuito,
3127 5765 3250 5833 quia
3301 5763 3413 5817 huc
3456 5762 3613 5819 Jesus

2054 5835 2219 5888 multo
2248 5845 2370 5887 ante
2398 5836 2735 5895 praedixerat.
