  <div class='ocr_page' id='page_1' title='image "/cluster/home/n/w/nwhite01/storage/ocr_20150623/24/hvd.32044073501108/563.png"; bbox 0 0 4100 6456; ppageno 0'>
   <div class='ocr_carea' id='block_1_1' title="bbox 456 410 576 464">
    <p class='ocr_par' dir='ltr' id='par_1_1' title="bbox 456 410 576 464">
     <span class='ocr_line' id='line_1_1' title="bbox 456 410 576 464; baseline 0.008 -1"><span class='ocrx_word' id='word_1_1' title='bbox 456 410 576 464; x_wconf 74' lang='lat' dir='ltr'><strong>iiii</strong></span> 
     </span>
    </p>
   </div>
   <div class='ocr_carea' id='block_1_2' title="bbox 1118 404 3014 469">
    <p class='ocr_par' dir='ltr' id='par_1_2' title="bbox 1118 404 3014 469">
     <span class='ocr_line' id='line_1_2' title="bbox 1118 404 3014 469; baseline 0.003 -11"><span class='ocrx_word' id='word_1_2' title='bbox 1118 405 1392 463; x_wconf 79' lang='lat' dir='ltr'><strong>EUSEBll</strong></span> <span class='ocrx_word' id='word_1_3' title='bbox 1430 404 1910 463; x_wconf 62' lang='lat' dir='ltr'><strong>CAESARIENSIS</strong></span> <span class='ocrx_word' id='word_1_4' title='bbox 1947 408 2097 465; x_wconf 84' lang='lat' dir='ltr'><strong>OPP.</strong></span> <span class='ocrx_word' id='word_1_5' title='bbox 2139 410 2318 467; x_wconf 80' lang='lat' dir='ltr'><strong>PARS</strong></span> <span class='ocrx_word' id='word_1_6' title='bbox 2357 410 2446 469; x_wconf 79' lang='lat' dir='ltr'><strong>IV.</strong></span> <span class='ocrx_word' id='word_1_7' title='bbox 2485 442 2555 452; x_wconf 92' lang='lat'><strong>—</strong></span> <span class='ocrx_word' id='word_1_8' title='bbox 2593 410 3014 467; x_wconf 74' lang='lat' dir='ltr'><strong>DOGMATICA.</strong></span> 
     </span>
    </p>
   </div>
   <div class='ocr_carea' id='block_1_3' title="bbox 3556 408 3690 462">
    <p class='ocr_par' dir='ltr' id='par_1_3' title="bbox 3556 408 3690 462">
     <span class='ocr_line' id='line_1_3' title="bbox 3556 408 3690 462; baseline 0.007 -1"><span class='ocrx_word' id='word_1_9' title='bbox 3556 408 3690 462; x_wconf 67' lang='lat' dir='ltr'><strong>1H9</strong></span> 
     </span>
    </p>
   </div>
   <div class='ocr_carea' id='block_1_4' title="bbox 451 518 3676 592">
    <p class='ocr_par' dir='ltr' id='par_1_4' title="bbox 451 518 3676 592">
     <span class='ocr_line' id='line_1_4' title="bbox 451 518 3676 592; baseline -0.002 -16"><span class='ocrx_word' id='word_1_10' title='bbox 451 521 708 578; x_wconf 86' lang='lat' dir='ltr'><strong>mentitus</strong></span> <span class='ocrx_word' id='word_1_11' title='bbox 730 530 815 581; x_wconf 89' lang='lat' dir='ltr'><strong>est</strong></span> <span class='ocrx_word' id='word_1_12' title='bbox 835 528 891 577; x_wconf 89' lang='lat' dir='ltr'><strong>et</strong></span> <span class='ocrx_word' id='word_1_13' title='bbox 921 528 1188 576; x_wconf 78' lang='lat' dir='ltr'><strong>mortuus.</strong></span> <span class='ocrx_word' id='word_1_14' title='bbox 1220 519 1279 576; x_wconf 98' lang='lat' dir='ltr'><strong>Si</strong></span> <span class='ocrx_word' id='word_1_15' title='bbox 1304 530 1486 575; x_wconf 88' lang='lat' dir='ltr'><strong>autem</strong></span> <span class='ocrx_word' id='word_1_16' title='bbox 1513 529 1567 575; x_wconf 88' lang='lat' dir='ltr'><strong>et</strong></span> <span class='ocrx_word' id='word_1_17' title='bbox 1602 522 1853 578; x_wconf 89' lang='lat' dir='ltr'><strong>absentes</strong></span> <span class='ocrx_word' id='word_1_18' title='bbox 1875 536 2017 577; x_wconf 88' lang='lat' dir='ltr'><strong>nunc</strong></span> <span class='ocrx_word' id='word_1_19' title='bbox 2046 530 2093 588; x_wconf 75' lang='grc' dir='ltr'><strong>Α</strong></span> <span class='ocrx_word' id='word_1_20' title='bbox 2122 528 2506 592; x_wconf 73' lang='lat' dir='ltr'><strong>prtedicabitur</strong></span> <span class='ocrx_word' id='word_1_21' title='bbox 2531 536 2579 580; x_wconf 90' lang='lat' dir='ltr'><strong>et</strong></span> <span class='ocrx_word' id='word_1_22' title='bbox 2620 527 2715 578; x_wconf 80' lang='lat' dir='ltr'><strong>hoc</strong></span> <span class='ocrx_word' id='word_1_23' title='bbox 2754 526 2895 589; x_wconf 85' lang='lat' dir='ltr'><strong>quod</strong></span> <span class='ocrx_word' id='word_1_24' title='bbox 2925 521 3044 591; x_wconf 82' lang='lat' dir='ltr'><strong>fecit</strong></span> <span class='ocrx_word' id='word_1_25' title='bbox 3069 525 3171 575; x_wconf 79' lang='lat' dir='ltr'><strong>ista</strong></span> <span class='ocrx_word' id='word_1_26' title='bbox 3206 520 3273 576; x_wconf 82' lang='lat'><strong>&quot;.</strong></span> <span class='ocrx_word' id='word_1_27' title='bbox 3305 519 3371 574; x_wconf 82' lang='lat' dir='ltr'><strong>Et</strong></span> <span class='ocrx_word' id='word_1_28' title='bbox 3397 534 3560 589; x_wconf 84' lang='lat' dir='ltr'><strong>parva</strong></span> <span class='ocrx_word' id='word_1_29' title='bbox 3591 518 3676 571; x_wconf 85' lang='lat' dir='ltr'><strong>illa</strong></span> 
     </span>
    </p>
   </div>
   <div class='ocr_carea' id='block_1_5' title="bbox 450 612 2019 685">
    <p class='ocr_par' dir='ltr' id='par_1_5' title="bbox 450 612 2019 685">
     <span class='ocr_line' id='line_1_5' title="bbox 450 612 2019 685; baseline -0.001 -14"><span class='ocrx_word' id='word_1_30' title='bbox 450 630 617 685; x_wconf 89' lang='lat' dir='ltr'><strong>usque</strong></span> <span class='ocrx_word' id='word_1_31' title='bbox 643 614 922 684; x_wconf 89' lang='lat' dir='ltr'><strong>piscantur</strong></span> <span class='ocrx_word' id='word_1_32' title='bbox 953 612 1223 677; x_wconf 89' lang='lat' dir='ltr'><strong>homines,</strong></span> <span class='ocrx_word' id='word_1_33' title='bbox 1245 628 1423 667; x_wconf 86' lang='lat' dir='ltr'><strong>nonne</strong></span> <span class='ocrx_word' id='word_1_34' title='bbox 1462 622 1686 683; x_wconf 80' lang='lat' dir='ltr'><strong>apparet</strong></span> <span class='ocrx_word' id='word_1_35' title='bbox 1709 614 1835 683; x_wconf 83' lang='lat' dir='ltr'><strong>quia</strong></span> <span class='ocrx_word' id='word_1_36' title='bbox 1866 615 2019 669; x_wconf 87' lang='lat' dir='ltr'><strong>adest</strong></span> 
     </span>
    </p>
   </div>
   <div class='ocr_carea' id='block_1_6' title="bbox 449 703 2023 777">
    <p class='ocr_par' dir='ltr' id='par_1_6' title="bbox 449 703 2023 777">
     <span class='ocr_line' id='line_1_6' title="bbox 449 703 2023 777; baseline 0.001 -18"><span class='ocrx_word' id='word_1_37' title='bbox 449 706 539 777; x_wconf 87' lang='lat' dir='ltr'><strong>qui</strong></span> <span class='ocrx_word' id='word_1_38' title='bbox 588 705 738 762; x_wconf 91' lang='lat' dir='ltr'><strong>misit</strong></span> <span class='ocrx_word' id='word_1_39' title='bbox 768 706 1069 775; x_wconf 68' lang='lat' dir='ltr'><strong>piscatores</strong></span> <span class='ocrx_word' id='word_1_40' title='bbox 1107 704 1173 758; x_wconf 88' lang='lat' dir='ltr'><strong>ad</strong></span> <span class='ocrx_word' id='word_1_41' title='bbox 1220 703 1584 775; x_wconf 70' lang='lat' dir='ltr'><strong>piscantium?</strong></span> <span class='ocrx_word' id='word_1_42' title='bbox 1634 703 1701 761; x_wconf 86' lang='lat' dir='ltr'><strong>Et</strong></span> <span class='ocrx_word' id='word_1_43' title='bbox 1748 720 1871 761; x_wconf 91' lang='lat' dir='ltr'><strong>cum</strong></span> <span class='ocrx_word' id='word_1_44' title='bbox 1914 706 2023 762; x_wconf 88' lang='lat' dir='ltr'><strong>sint</strong></span> 
     </span>
    </p>
   </div>
   <div class='ocr_carea' id='block_1_7' title="bbox 450 798 2025 869">
    <p class='ocr_par' dir='ltr' id='par_1_7' title="bbox 450 798 2025 869">
     <span class='ocr_line' id='line_1_7' title="bbox 450 798 2025 869; baseline -0.001 -13"><span class='ocrx_word' id='word_1_45' title='bbox 450 802 723 865; x_wconf 84' lang='lat' dir='ltr'><strong>absentes,</strong></span> <span class='ocrx_word' id='word_1_46' title='bbox 756 798 902 855; x_wconf 89' lang='lat' dir='ltr'><strong>sales</strong></span> <span class='ocrx_word' id='word_1_47' title='bbox 932 813 1027 855; x_wconf 92' lang='lat' dir='ltr'><strong>eos</strong></span> <span class='ocrx_word' id='word_1_48' title='bbox 1059 798 1350 869; x_wconf 87' lang='lat' dir='ltr'><strong>appellavit</strong></span> <span class='ocrx_word' id='word_1_49' title='bbox 1374 800 1441 856; x_wconf 82' lang='grc'><strong>³⁷.</strong></span> <span class='ocrx_word' id='word_1_50' title='bbox 1487 799 1544 854; x_wconf 95' lang='lat' dir='ltr'><strong>Si</strong></span> <span class='ocrx_word' id='word_1_51' title='bbox 1580 814 1688 854; x_wconf 92' lang='lat' dir='ltr'><strong>non</strong></span> <span class='ocrx_word' id='word_1_52' title='bbox 1716 808 2025 855; x_wconf 89' lang='lat' dir='ltr'><strong>statuerunt</strong></span> 
     </span>
    </p>
   </div>
   <div class='ocr_carea' id='block_1_8' title="bbox 450 888 2026 961">
    <p class='ocr_par' dir='ltr' id='par_1_8' title="bbox 450 888 2026 961">
     <span class='ocr_line' id='line_1_8' title="bbox 450 888 2026 961; baseline -0.003 -12"><span class='ocrx_word' id='word_1_53' title='bbox 450 901 693 949; x_wconf 89' lang='lat' dir='ltr'><strong>nostram</strong></span> <span class='ocrx_word' id='word_1_54' title='bbox 738 890 1113 961; x_wconf 85' lang='lat' dir='ltr'><strong>putrediuem,</strong></span> <span class='ocrx_word' id='word_1_55' title='bbox 1158 888 1205 944; x_wconf 93' lang='lat' dir='ltr'><strong>si</strong></span> <span class='ocrx_word' id='word_1_56' title='bbox 1271 906 1377 945; x_wconf 89' lang='lat' dir='ltr'><strong>non</strong></span> <span class='ocrx_word' id='word_1_57' title='bbox 1424 891 1767 945; x_wconf 85' lang='lat' dir='ltr'><strong>deterserunt</strong></span> <span class='ocrx_word' id='word_1_58' title='bbox 1814 901 2026 945; x_wconf 91' lang='lat' dir='ltr'><strong>nostras</strong></span> 
     </span>
    </p>
   </div>
   <div class='ocr_carea' id='block_1_9' title="bbox 451 980 2023 1052">
    <p class='ocr_par' dir='ltr' id='par_1_9' title="bbox 451 980 2023 1052">
     <span class='ocr_line' id='line_1_9' title="bbox 451 980 2023 1052; baseline -0.002 -13"><span class='ocrx_word' id='word_1_59' title='bbox 451 985 660 1051; x_wconf 83' lang='lat' dir='ltr'><strong>sordes,</strong></span> <span class='ocrx_word' id='word_1_60' title='bbox 692 982 736 1038; x_wconf 86' lang='lat' dir='ltr'><strong>si</strong></span> <span class='ocrx_word' id='word_1_61' title='bbox 770 997 875 1037; x_wconf 92' lang='lat' dir='ltr'><strong>non</strong></span> <span class='ocrx_word' id='word_1_62' title='bbox 918 982 1349 1036; x_wconf 81' lang='lat' dir='ltr'><strong>emundaverunt</strong></span> <span class='ocrx_word' id='word_1_63' title='bbox 1376 990 1591 1036; x_wconf 90' lang='lat' dir='ltr'><strong>nostras</strong></span> <span class='ocrx_word' id='word_1_64' title='bbox 1628 980 1942 1052; x_wconf 85' lang='lat' dir='ltr'><strong>spnrcitias,</strong></span> <span class='ocrx_word' id='word_1_65' title='bbox 1979 980 2023 1036; x_wconf 91' lang='lat' dir='ltr'><strong>si</strong></span> 
     </span>
    </p>
   </div>
   <div class='ocr_carea' id='block_1_10' title="bbox 452 1072 2025 1144">
    <p class='ocr_par' dir='ltr' id='par_1_10' title="bbox 452 1072 2025 1144">
     <span class='ocr_line' id='line_1_10' title="bbox 452 1072 2025 1144; baseline -0.003 -13"><span class='ocrx_word' id='word_1_66' title='bbox 452 1092 558 1131; x_wconf 84' lang='lat' dir='ltr'><strong>non</strong></span> <span class='ocrx_word' id='word_1_67' title='bbox 591 1077 933 1131; x_wconf 89' lang='lat' dir='ltr'><strong>immiserunt</strong></span> <span class='ocrx_word' id='word_1_68' title='bbox 974 1073 1025 1128; x_wconf 92' lang='lat' dir='ltr'><strong>in</strong></span> <span class='ocrx_word' id='word_1_69' title='bbox 1062 1074 1219 1130; x_wconf 92' lang='lat' dir='ltr'><strong>nobis</strong></span> <span class='ocrx_word' id='word_1_70' title='bbox 1263 1088 1543 1144; x_wconf 89' lang='lat' dir='ltr'><strong>saporem,</strong></span> <span class='ocrx_word' id='word_1_71' title='bbox 1577 1086 1685 1127; x_wconf 89' lang='lat' dir='ltr'><strong>non</strong></span> <span class='ocrx_word' id='word_1_72' title='bbox 1731 1073 1841 1128; x_wconf 90' lang='lat' dir='ltr'><strong>sint</strong></span> <span class='ocrx_word' id='word_1_73' title='bbox 1881 1072 2025 1143; x_wconf 92' lang='lat' dir='ltr'><strong>quod</strong></span> 
     </span>
    </p>
   </div>
   <div class='ocr_carea' id='block_1_11' title="bbox 450 1164 2027 1236">
    <p class='ocr_par' dir='ltr' id='par_1_11' title="bbox 450 1164 2027 1236">
     <span class='ocr_line' id='line_1_11' title="bbox 450 1164 2027 1236; baseline -0.003 -13"><span class='ocrx_word' id='word_1_74' title='bbox 450 1168 579 1223; x_wconf 92' lang='lat' dir='ltr'><strong>dicti</strong></span> <span class='ocrx_word' id='word_1_75' title='bbox 609 1177 755 1222; x_wconf 91' lang='lat' dir='ltr'><strong>sunt.</strong></span> <span class='ocrx_word' id='word_1_76' title='bbox 794 1166 851 1222; x_wconf 91' lang='lat' dir='ltr'><strong>Si</strong></span> <span class='ocrx_word' id='word_1_77' title='bbox 876 1176 1058 1222; x_wconf 91' lang='lat' dir='ltr'><strong>autem</strong></span> <span class='ocrx_word' id='word_1_78' title='bbox 1084 1183 1113 1220; x_wconf 84' lang='lat' dir='ltr'><strong>a</strong></span> <span class='ocrx_word' id='word_1_79' title='bbox 1144 1166 1422 1236; x_wconf 89' lang='lat' dir='ltr'><strong>spurcitiis</strong></span> <span class='ocrx_word' id='word_1_80' title='bbox 1456 1180 1556 1220; x_wconf 90' lang='lat' dir='ltr'><strong>nos</strong></span> <span class='ocrx_word' id='word_1_81' title='bbox 1588 1172 1643 1218; x_wconf 90' lang='lat' dir='ltr'><strong>et</strong></span> <span class='ocrx_word' id='word_1_82' title='bbox 1674 1164 1867 1221; x_wconf 81' lang='lat' dir='ltr'><strong>ftetore</strong></span> <span class='ocrx_word' id='word_1_83' title='bbox 1893 1166 2027 1220; x_wconf 85' lang='lat' dir='ltr'><strong>libe-</strong></span> 
     </span>
    </p>
   </div>
   <div class='ocr_carea' id='block_1_12' title="bbox 451 1258 2028 1325">
    <p class='ocr_par' dir='ltr' id='par_1_12' title="bbox 451 1258 2028 1325">
     <span class='ocr_line' id='line_1_12' title="bbox 451 1258 2028 1325; baseline -0.001 -10"><span class='ocrx_word' id='word_1_84' title='bbox 451 1268 660 1325; x_wconf 91' lang='lat' dir='ltr'><strong>rarunt,</strong></span> <span class='ocrx_word' id='word_1_85' title='bbox 700 1268 1012 1315; x_wconf 90' lang='lat' dir='ltr'><strong>statuerunt</strong></span> <span class='ocrx_word' id='word_1_86' title='bbox 1051 1269 1233 1315; x_wconf 86' lang='lat' dir='ltr'><strong>autem</strong></span> <span class='ocrx_word' id='word_1_87' title='bbox 1266 1267 1485 1314; x_wconf 87' lang='lat' dir='ltr'><strong>nostras</strong></span> <span class='ocrx_word' id='word_1_88' title='bbox 1531 1258 1883 1319; x_wconf 82' lang='lat' dir='ltr'><strong>defluxiones.</strong></span> <span class='ocrx_word' id='word_1_89' title='bbox 1935 1259 2028 1313; x_wconf 82' lang='lat' dir='ltr'><strong>de-</strong></span> 
     </span>
    </p>
   </div>
   <div class='ocr_carea' id='block_1_13' title="bbox 452 1350 2027 1423">
    <p class='ocr_par' dir='ltr' id='par_1_13' title="bbox 452 1350 2027 1423">
     <span class='ocr_line' id='line_1_13' title="bbox 452 1350 2027 1423; baseline -0.001 -17"><span class='ocrx_word' id='word_1_90' title='bbox 452 1362 730 1409; x_wconf 89' lang='lat' dir='ltr'><strong>terserunt</strong></span> <span class='ocrx_word' id='word_1_91' title='bbox 764 1360 984 1407; x_wconf 83' lang='lat' dir='ltr'><strong>nostras</strong></span> <span class='ocrx_word' id='word_1_92' title='bbox 1019 1353 1232 1418; x_wconf 83' lang='lat' dir='ltr'><strong>sordes,</strong></span> <span class='ocrx_word' id='word_1_93' title='bbox 1260 1352 1415 1407; x_wconf 82' lang='lat' dir='ltr'><strong>suavi</strong></span> <span class='ocrx_word' id='word_1_94' title='bbox 1464 1362 1645 1408; x_wconf 91' lang='lat' dir='ltr'><strong>autem</strong></span> <span class='ocrx_word' id='word_1_95' title='bbox 1681 1352 1850 1407; x_wconf 89' lang='lat' dir='ltr'><strong>odore</strong></span> <span class='ocrx_word' id='word_1_96' title='bbox 1887 1350 2027 1423; x_wconf 83' lang='lat' dir='ltr'><strong>pleni</strong></span> 
     </span>
    </p>
   </div>
   <div class='ocr_carea' id='block_1_14' title="bbox 450 1441 2028 1513">
    <p class='ocr_par' dir='ltr' id='par_1_14' title="bbox 450 1441 2028 1513">
     <span class='ocr_line' id='line_1_14' title="bbox 450 1441 2028 1513; baseline -0.001 -14"><span class='ocrx_word' id='word_1_97' title='bbox 450 1457 636 1499; x_wconf 82' lang='lat' dir='ltr'><strong>sumus</strong></span> <span class='ocrx_word' id='word_1_98' title='bbox 671 1458 767 1513; x_wconf 88' lang='lat' dir='ltr'><strong>per</strong></span> <span class='ocrx_word' id='word_1_99' title='bbox 798 1442 940 1507; x_wconf 90' lang='lat' dir='ltr'><strong>illos,</strong></span> <span class='ocrx_word' id='word_1_100' title='bbox 973 1452 1029 1497; x_wconf 94' lang='lat' dir='ltr'><strong>et</strong></span> <span class='ocrx_word' id='word_1_101' title='bbox 1054 1456 1241 1497; x_wconf 90' lang='lat' dir='ltr'><strong>sumus</strong></span> <span class='ocrx_word' id='word_1_102' title='bbox 1270 1456 1395 1496; x_wconf 88' lang='lat' dir='ltr'><strong>esca</strong></span> <span class='ocrx_word' id='word_1_103' title='bbox 1428 1441 1606 1497; x_wconf 88' lang='lat' dir='ltr'><strong>divina</strong></span> <span class='ocrx_word' id='word_1_104' title='bbox 1642 1458 1656 1497; x_wconf 86' lang='lat'><strong>:</strong></span> <span class='ocrx_word' id='word_1_105' title='bbox 1689 1441 2028 1512; x_wconf 86' lang='lat' dir='ltr'><strong>reprehende</strong></span> 
     </span>
    </p>
   </div>
   <div class='ocr_carea' id='block_1_15' title="bbox 452 1530 2029 1603">
    <p class='ocr_par' dir='ltr' id='par_1_15' title="bbox 452 1530 2029 1603">
     <span class='ocr_line' id='line_1_15' title="bbox 452 1530 2029 1603; baseline -0.004 -13"><span class='ocrx_word' id='word_1_106' title='bbox 452 1534 913 1603; x_wconf 65' lang='lat' dir='ltr'><strong>praedicationem,</strong></span> <span class='ocrx_word' id='word_1_107' title='bbox 952 1535 997 1589; x_wconf 88' lang='lat' dir='ltr'><strong>si</strong></span> <span class='ocrx_word' id='word_1_108' title='bbox 1039 1532 1304 1587; x_wconf 85' lang='lat' dir='ltr'><strong>concedet</strong></span> <span class='ocrx_word' id='word_1_109' title='bbox 1349 1532 1442 1585; x_wconf 90' lang='lat' dir='ltr'><strong>tibi</strong></span> <span class='ocrx_word' id='word_1_110' title='bbox 1476 1531 1653 1586; x_wconf 88' lang='lat' dir='ltr'><strong>exitus</strong></span> <span class='ocrx_word' id='word_1_111' title='bbox 1700 1546 1906 1586; x_wconf 90' lang='lat' dir='ltr'><strong>rerum.</strong></span> <span class='ocrx_word' id='word_1_112' title='bbox 1940 1530 2029 1585; x_wconf 83' lang='lat' dir='ltr'><strong>Pi-</strong></span> 
     </span>
    </p>
   </div>
   <div class='ocr_carea' id='block_1_16' title="bbox 450 1622 2027 1691">
    <p class='ocr_par' dir='ltr' id='par_1_16' title="bbox 450 1622 2027 1691">
     <span class='ocr_line' id='line_1_16' title="bbox 450 1622 2027 1691; baseline -0.003 -9"><span class='ocrx_word' id='word_1_113' title='bbox 450 1637 697 1682; x_wconf 80' lang='lat' dir='ltr'><strong>scatores</strong></span> <span class='ocrx_word' id='word_1_114' title='bbox 748 1626 890 1682; x_wconf 89' lang='lat' dir='ltr'><strong>sales</strong></span> <span class='ocrx_word' id='word_1_115' title='bbox 924 1640 1019 1681; x_wconf 90' lang='lat' dir='ltr'><strong>eos</strong></span> <span class='ocrx_word' id='word_1_116' title='bbox 1054 1624 1189 1680; x_wconf 90' lang='lat' dir='ltr'><strong>dixit</strong></span> <span class='ocrx_word' id='word_1_117' title='bbox 1228 1622 1576 1677; x_wconf 78' lang='lat' dir='ltr'><strong>etexhibuit.</strong></span> <span class='ocrx_word' id='word_1_118' title='bbox 1622 1623 1866 1691; x_wconf 86' lang='lat' dir='ltr'><strong>Denique</strong></span> <span class='ocrx_word' id='word_1_119' title='bbox 1893 1632 1946 1677; x_wconf 94' lang='lat' dir='ltr'><strong>et</strong></span> <span class='ocrx_word' id='word_1_120' title='bbox 1975 1623 2027 1677; x_wconf 92' lang='lat' dir='ltr'><strong>in</strong></span> 
     </span>
    </p>
   </div>
   <div class='ocr_carea' id='block_1_17' title="bbox 454 1710 2029 1787">
    <p class='ocr_par' dir='ltr' id='par_1_17' title="bbox 454 1710 2029 1787">
     <span class='ocr_line' id='line_1_17' title="bbox 454 1710 2029 1787; baseline -0.002 -15"><span class='ocrx_word' id='word_1_121' title='bbox 454 1718 564 1773; x_wconf 89' lang='lat' dir='ltr'><strong>alia</strong></span> <span class='ocrx_word' id='word_1_122' title='bbox 591 1716 977 1787; x_wconf 66' lang='lat' dir='ltr'><strong>praedicatione</strong></span> <span class='ocrx_word' id='word_1_123' title='bbox 1000 1716 1179 1770; x_wconf 91' lang='lat' dir='ltr'><strong>lumen</strong></span> <span class='ocrx_word' id='word_1_124' title='bbox 1202 1729 1298 1771; x_wconf 86' lang='lat' dir='ltr'><strong>eos</strong></span> <span class='ocrx_word' id='word_1_125' title='bbox 1327 1713 1453 1768; x_wconf 93' lang='lat' dir='ltr'><strong>facit</strong></span> <span class='ocrx_word' id='word_1_126' title='bbox 1476 1724 1532 1769; x_wconf 91' lang='lat' dir='ltr'><strong>et</strong></span> <span class='ocrx_word' id='word_1_127' title='bbox 1553 1715 1682 1769; x_wconf 88' lang='lat' dir='ltr'><strong>dicit</strong></span> <span class='ocrx_word' id='word_1_128' title='bbox 1718 1731 1733 1769; x_wconf 90' lang='lat'><strong>:</strong></span> <span class='ocrx_word' id='word_1_129' title='bbox 1780 1710 1881 1769; x_wconf 83' lang='lat' dir='ltr'><strong>Vos</strong></span> <span class='ocrx_word' id='word_1_130' title='bbox 1906 1717 2029 1769; x_wconf 84' lang='lat' dir='ltr'><strong>estis</strong></span> 
     </span>
    </p>
   </div>
   <div class='ocr_carea' id='block_1_18' title="bbox 452 1805 2023 1877">
    <p class='ocr_par' dir='ltr' id='par_1_18' title="bbox 452 1805 2023 1877">
     <span class='ocr_line' id='line_1_18' title="bbox 452 1805 2023 1877; baseline -0.002 -14"><span class='ocrx_word' id='word_1_131' title='bbox 452 1810 626 1864; x_wconf 84' lang='lat' dir='ltr'><strong>lumen</strong></span> <span class='ocrx_word' id='word_1_132' title='bbox 656 1810 840 1863; x_wconf 88' lang='lat' dir='ltr'><strong>mundi</strong></span> <span class='ocrx_word' id='word_1_133' title='bbox 856 1809 923 1862; x_wconf 82' lang='grc'><strong>⁸⁸.</strong></span> <span class='ocrx_word' id='word_1_134' title='bbox 948 1807 1257 1863; x_wconf 84' lang='lat' dir='ltr'><strong>Piscatores</strong></span> <span class='ocrx_word' id='word_1_135' title='bbox 1285 1806 1502 1875; x_wconf 85' lang='lat' dir='ltr'><strong>privati,</strong></span> <span class='ocrx_word' id='word_1_136' title='bbox 1528 1805 1812 1877; x_wconf 90' lang='lat' dir='ltr'><strong>ignobiles,</strong></span> <span class='ocrx_word' id='word_1_137' title='bbox 1844 1806 2023 1876; x_wconf 88' lang='lat' dir='ltr'><strong>egeni,</strong></span> 
     </span>
    </p>
   </div>
   <div class='ocr_carea' id='block_1_19' title="bbox 2119 611 3689 690">
    <p class='ocr_par' dir='ltr' id='par_1_19' title="bbox 2119 611 3689 690">
     <span class='ocr_line' id='line_1_19' title="bbox 2119 611 3689 690; baseline -0.01 -15"><span class='ocrx_word' id='word_1_138' title='bbox 2119 622 2335 675; x_wconf 88' lang='lat' dir='ltr'><strong>occasio</strong></span> <span class='ocrx_word' id='word_1_139' title='bbox 2368 618 2628 690; x_wconf 75' lang='lat' dir='ltr'><strong>unguenti</strong></span> <span class='ocrx_word' id='word_1_140' title='bbox 2680 628 2886 672; x_wconf 84' lang='lat' dir='ltr'><strong>tantam</strong></span> <span class='ocrx_word' id='word_1_141' title='bbox 2933 614 3358 685; x_wconf 80' lang='lat' dir='ltr'><strong>magnitudinem</strong></span> <span class='ocrx_word' id='word_1_142' title='bbox 3394 611 3689 667; x_wconf 82' lang='lat' dir='ltr'><strong>introduxit</strong></span> 
     </span>
    </p>
   </div>
   <div class='ocr_carea' id='block_1_20' title="bbox 2120 706 3685 782">
    <p class='ocr_par' dir='ltr' id='par_1_20' title="bbox 2120 706 3685 782">
     <span class='ocr_line' id='line_1_20' title="bbox 2120 706 3685 782; baseline -0.004 -17"><span class='ocrx_word' id='word_1_143' title='bbox 2120 712 2527 782; x_wconf 66' lang='lat' dir='ltr'><strong>praedicationis</strong></span> <span class='ocrx_word' id='word_1_144' title='bbox 2555 728 2568 766; x_wconf 92' lang='lat'><strong>:</strong></span> <span class='ocrx_word' id='word_1_145' title='bbox 2603 720 2657 764; x_wconf 88' lang='lat' dir='ltr'><strong>et</strong></span> <span class='ocrx_word' id='word_1_146' title='bbox 2679 711 2880 764; x_wconf 89' lang='lat' dir='ltr'><strong>dictum</strong></span> <span class='ocrx_word' id='word_1_147' title='bbox 2912 720 2994 763; x_wconf 90' lang='lat' dir='ltr'><strong>est</strong></span> <span class='ocrx_word' id='word_1_148' title='bbox 3023 707 3149 777; x_wconf 87' lang='lat' dir='ltr'><strong>quia</strong></span> <span class='ocrx_word' id='word_1_149' title='bbox 3178 716 3289 761; x_wconf 85' lang='lat' dir='ltr'><strong>toto</strong></span> <span class='ocrx_word' id='word_1_150' title='bbox 3330 706 3526 761; x_wconf 90' lang='lat' dir='ltr'><strong>mundo</strong></span> <span class='ocrx_word' id='word_1_151' title='bbox 3556 720 3685 775; x_wconf 13' lang='lat' dir='ltr'><strong>praet</strong></span> 
     </span>
    </p>
   </div>
   <div class='ocr_carea' id='block_1_21' title="bbox 2122 796 3691 866">
    <p class='ocr_par' dir='ltr' id='par_1_21' title="bbox 2122 796 3691 866">
     <span class='ocr_line' id='line_1_21' title="bbox 2122 796 3691 866; baseline -0.006 -7"><span class='ocrx_word' id='word_1_152' title='bbox 2122 804 2391 859; x_wconf 89' lang='lat' dir='ltr'><strong>dicabitur</strong></span> <span class='ocrx_word' id='word_1_153' title='bbox 2430 818 2628 859; x_wconf 86' lang='lat' dir='ltr'><strong>nomen</strong></span> <span class='ocrx_word' id='word_1_154' title='bbox 2670 818 2869 866; x_wconf 89' lang='lat' dir='ltr'><strong>meum,</strong></span> <span class='ocrx_word' id='word_1_155' title='bbox 2902 812 2959 857; x_wconf 93' lang='lat' dir='ltr'><strong>et</strong></span> <span class='ocrx_word' id='word_1_156' title='bbox 3005 801 3153 855; x_wconf 92' lang='lat' dir='ltr'><strong>illius</strong></span> <span class='ocrx_word' id='word_1_157' title='bbox 3196 796 3439 853; x_wconf 87' lang='lat' dir='ltr'><strong>mulieris</strong></span> <span class='ocrx_word' id='word_1_158' title='bbox 3465 796 3611 851; x_wconf 89' lang='lat' dir='ltr'><strong>lusus</strong></span> <span class='ocrx_word' id='word_1_159' title='bbox 3638 797 3691 850; x_wconf 93' lang='lat' dir='ltr'><strong>in</strong></span> 
     </span>
    </p>
   </div>
   <div class='ocr_carea' id='block_1_22' title="bbox 2126 888 3693 963">
    <p class='ocr_par' dir='ltr' id='par_1_22' title="bbox 2126 888 3693 963">
     <span class='ocr_line' id='line_1_22' title="bbox 2126 888 3693 963; baseline -0.007 -10"><span class='ocrx_word' id='word_1_160' title='bbox 2126 898 2448 954; x_wconf 88' lang='lat' dir='ltr'><strong>memoriam</strong></span> <span class='ocrx_word' id='word_1_161' title='bbox 2497 898 2623 953; x_wconf 91' lang='lat' dir='ltr'><strong>erit.</strong></span> <span class='ocrx_word' id='word_1_162' title='bbox 2652 895 2782 963; x_wconf 64' lang='lat' dir='ltr'><strong>Quae</strong></span> <span class='ocrx_word' id='word_1_163' title='bbox 2817 895 3116 951; x_wconf 88' lang='lat' dir='ltr'><strong>auctoritas</strong></span> <span class='ocrx_word' id='word_1_164' title='bbox 3150 893 3305 948; x_wconf 89' lang='lat' dir='ltr'><strong>istius</strong></span> <span class='ocrx_word' id='word_1_165' title='bbox 3339 890 3523 946; x_wconf 86' lang='lat' dir='ltr'><strong>vocis?</strong></span> <span class='ocrx_word' id='word_1_166' title='bbox 3556 888 3693 957; x_wconf 85' lang='lat' dir='ltr'><strong>Quid</strong></span> 
     </span>
    </p>
   </div>
   <div class='ocr_carea' id='block_1_23' title="bbox 2124 982 3691 1060">
    <p class='ocr_par' dir='ltr' id='par_1_23' title="bbox 2124 982 3691 1060">
     <span class='ocr_line' id='line_1_23' title="bbox 2124 982 3691 1060; baseline -0.006 -15"><span class='ocrx_word' id='word_1_167' title='bbox 2124 992 2271 1045; x_wconf 90' lang='lat' dir='ltr'><strong>enim</strong></span> <span class='ocrx_word' id='word_1_168' title='bbox 2315 991 2444 1046; x_wconf 84' lang='lat' dir='ltr'><strong>dicit</strong></span> <span class='ocrx_word' id='word_1_169' title='bbox 2488 989 2579 1060; x_wconf 91' lang='lat' dir='ltr'><strong>qui</strong></span> <span class='ocrx_word' id='word_1_170' title='bbox 2617 999 2862 1043; x_wconf 91' lang='lat' dir='ltr'><strong>mortuus</strong></span> <span class='ocrx_word' id='word_1_171' title='bbox 2897 996 2982 1043; x_wconf 89' lang='lat' dir='ltr'><strong>est</strong></span> <span class='ocrx_word' id='word_1_172' title='bbox 3029 996 3153 1057; x_wconf 91' lang='lat' dir='ltr'><strong>post</strong></span> <span class='ocrx_word' id='word_1_173' title='bbox 3187 994 3417 1041; x_wconf 90' lang='lat' dir='ltr'><strong>mortem</strong></span> <span class='ocrx_word' id='word_1_174' title='bbox 3473 985 3557 1039; x_wconf 91' lang='lat' dir='ltr'><strong>bis</strong></span> <span class='ocrx_word' id='word_1_175' title='bbox 3601 982 3691 1053; x_wconf 92' lang='lat' dir='ltr'><strong>qui</strong></span> 
     </span>
    </p>
   </div>
   <div class='ocr_carea' id='block_1_24' title="bbox 2124 1075 3693 1149">
    <p class='ocr_par' dir='ltr' id='par_1_24' title="bbox 2124 1075 3693 1149">
     <span class='ocr_line' id='line_1_24' title="bbox 2124 1075 3693 1149; baseline -0.006 -14"><span class='ocrx_word' id='word_1_176' title='bbox 2124 1080 2527 1149; x_wconf 62' lang='lat' dir='ltr'><strong>praedicarunt?</strong></span> <span class='ocrx_word' id='word_1_177' title='bbox 2559 1077 2716 1134; x_wconf 76' lang='lat' dir='ltr'><strong>Exite</strong></span> <span class='ocrx_word' id='word_1_178' title='bbox 2749 1076 2819 1132; x_wconf 84' lang='lat' dir='ltr'><strong>ad</strong></span> <span class='ocrx_word' id='word_1_179' title='bbox 2863 1077 3166 1131; x_wconf 73' lang='lat' dir='ltr'><strong>universum</strong></span> <span class='ocrx_word' id='word_1_180' title='bbox 3211 1077 3487 1131; x_wconf 76' lang='lat' dir='ltr'><strong>mundum.</strong></span> <span class='ocrx_word' id='word_1_181' title='bbox 3530 1075 3693 1139; x_wconf 88' lang='lat' dir='ltr'><strong>Dixit,</strong></span> 
     </span>
    </p>
   </div>
   <div class='ocr_carea' id='block_1_25' title="bbox 2125 1169 3694 1240">
    <p class='ocr_par' dir='ltr' id='par_1_25' title="bbox 2125 1169 3694 1240">
     <span class='ocr_line' id='line_1_25' title="bbox 2125 1169 3694 1240; baseline -0.003 -13"><span class='ocrx_word' id='word_1_182' title='bbox 2125 1181 2218 1227; x_wconf 92' lang='lat' dir='ltr'><strong>aut</strong></span> <span class='ocrx_word' id='word_1_183' title='bbox 2261 1188 2368 1227; x_wconf 92' lang='lat' dir='ltr'><strong>non</strong></span> <span class='ocrx_word' id='word_1_184' title='bbox 2415 1171 2588 1225; x_wconf 85' lang='lat' dir='ltr'><strong>dixit?</strong></span> <span class='ocrx_word' id='word_1_185' title='bbox 2633 1170 2691 1226; x_wconf 91' lang='lat' dir='ltr'><strong>Si</strong></span> <span class='ocrx_word' id='word_1_186' title='bbox 2750 1185 2856 1225; x_wconf 93' lang='lat' dir='ltr'><strong>non</strong></span> <span class='ocrx_word' id='word_1_187' title='bbox 2912 1170 3068 1237; x_wconf 83' lang='lat' dir='ltr'><strong>dixit,</strong></span> <span class='ocrx_word' id='word_1_188' title='bbox 3121 1169 3390 1240; x_wconf 88' lang='lat' dir='ltr'><strong>quomodo</strong></span> <span class='ocrx_word' id='word_1_189' title='bbox 3441 1178 3694 1225; x_wconf 89' lang='lat' dir='ltr'><strong>exeuntes</strong></span> 
     </span>
    </p>
   </div>
   <div class='ocr_carea' id='block_1_26' title="bbox 2129 1260 3694 1334">
    <p class='ocr_par' dir='ltr' id='par_1_26' title="bbox 2129 1260 3694 1334">
     <span class='ocr_line' id='line_1_26' title="bbox 2129 1260 3694 1334; baseline -0.001 -16"><span class='ocrx_word' id='word_1_190' title='bbox 2129 1263 2473 1334; x_wconf 81' lang='lat' dir='ltr'><strong>perfecerunt</strong></span> <span class='ocrx_word' id='word_1_191' title='bbox 2493 1279 2613 1332; x_wconf 85' lang='lat' dir='ltr'><strong>qu:e</strong></span> <span class='ocrx_word' id='word_1_192' title='bbox 2636 1260 2833 1331; x_wconf 77' lang='lat' dir='ltr'><strong>jussit?</strong></span> <span class='ocrx_word' id='word_1_193' title='bbox 2854 1261 3127 1333; x_wconf 91' lang='lat' dir='ltr'><strong>quomodo</strong></span> <span class='ocrx_word' id='word_1_194' title='bbox 3144 1260 3379 1332; x_wconf 89' lang='lat' dir='ltr'><strong>suspecti</strong></span> <span class='ocrx_word' id='word_1_195' title='bbox 3397 1270 3522 1316; x_wconf 89' lang='lat' dir='ltr'><strong>sunt</strong></span> <span class='ocrx_word' id='word_1_196' title='bbox 3545 1261 3694 1330; x_wconf 78' lang='lat'><strong>(99)?</strong></span> 
     </span>
    </p>
   </div>
   <div class='ocr_carea' id='block_1_27' title="bbox 2126 1352 3694 1429">
    <p class='ocr_par' dir='ltr' id='par_1_27' title="bbox 2126 1352 3694 1429">
     <span class='ocr_line' id='line_1_27' title="bbox 2126 1352 3694 1429; baseline -0.003 -18"><span class='ocrx_word' id='word_1_197' title='bbox 2126 1356 2399 1429; x_wconf 91' lang='lat' dir='ltr'><strong>quomodo</strong></span> <span class='ocrx_word' id='word_1_198' title='bbox 2420 1357 2511 1427; x_wconf 93' lang='lat' dir='ltr'><strong>qui</strong></span> <span class='ocrx_word' id='word_1_199' title='bbox 2541 1363 2787 1411; x_wconf 87' lang='lat' dir='ltr'><strong>mortuus</strong></span> <span class='ocrx_word' id='word_1_200' title='bbox 2816 1362 2919 1421; x_wconf 91' lang='lat' dir='ltr'><strong>est,</strong></span> <span class='ocrx_word' id='word_1_201' title='bbox 2950 1365 3197 1409; x_wconf 90' lang='lat' dir='ltr'><strong>mortuus</strong></span> <span class='ocrx_word' id='word_1_202' title='bbox 3224 1353 3339 1409; x_wconf 90' lang='lat' dir='ltr'><strong>est?</strong></span> <span class='ocrx_word' id='word_1_203' title='bbox 3365 1352 3468 1415; x_wconf 87' lang='lat' dir='ltr'><strong>Ite,</strong></span> <span class='ocrx_word' id='word_1_204' title='bbox 3500 1355 3694 1418; x_wconf 82' lang='lat' dir='ltr'><strong>docete,</strong></span> 
     </span>
    </p>
   </div>
   <div class='ocr_carea' id='block_1_28' title="bbox 2130 1443 3695 1518">
    <p class='ocr_par' dir='ltr' id='par_1_28' title="bbox 2130 1443 3695 1518">
     <span class='ocr_line' id='line_1_28' title="bbox 2130 1443 3695 1518; baseline -0.005 -14"><span class='ocrx_word' id='word_1_205' title='bbox 2130 1448 2327 1518; x_wconf 88' lang='lat' dir='ltr'><strong>inquit,</strong></span> <span class='ocrx_word' id='word_1_206' title='bbox 2358 1463 2538 1501; x_wconf 87' lang='lat' dir='ltr'><strong>omnes</strong></span> <span class='ocrx_word' id='word_1_207' title='bbox 2568 1455 2743 1516; x_wconf 89' lang='lat' dir='ltr'><strong>gentes</strong></span> <span class='ocrx_word' id='word_1_208' title='bbox 2764 1460 2784 1501; x_wconf 89' lang='lat'><strong><em>:</em></strong></span> <span class='ocrx_word' id='word_1_209' title='bbox 2819 1460 2852 1500; x_wconf 90' lang='grc' dir='ltr'><strong>ο</strong></span> <span class='ocrx_word' id='word_1_210' title='bbox 2884 1445 3029 1515; x_wconf 87' lang='lat' dir='ltr'><strong>regia</strong></span> <span class='ocrx_word' id='word_1_211' title='bbox 3057 1459 3185 1509; x_wconf 90' lang='lat' dir='ltr'><strong>vox,</strong></span> <span class='ocrx_word' id='word_1_212' title='bbox 3220 1458 3254 1499; x_wconf 96' lang='lat' dir='ltr'><strong>o</strong></span> <span class='ocrx_word' id='word_1_213' title='bbox 3282 1443 3515 1498; x_wconf 86' lang='lat' dir='ltr'><strong>tenentis</strong></span> <span class='ocrx_word' id='word_1_214' title='bbox 3543 1459 3695 1497; x_wconf 85' lang='lat' dir='ltr'><strong>mun-</strong></span> 
     </span>
    </p>
   </div>
   <div class='ocr_carea' id='block_1_29' title="bbox 2129 1534 3698 1609">
    <p class='ocr_par' dir='ltr' id='par_1_29' title="bbox 2129 1534 3698 1609">
     <span class='ocr_line' id='line_1_29' title="bbox 2129 1534 3698 1609; baseline -0.005 -12"><span class='ocrx_word' id='word_1_215' title='bbox 2129 1541 2255 1597; x_wconf 92' lang='lat' dir='ltr'><strong>dum</strong></span> <span class='ocrx_word' id='word_1_216' title='bbox 2308 1538 2629 1609; x_wconf 78' lang='lat' dir='ltr'><strong>promissio!</strong></span> <span class='ocrx_word' id='word_1_217' title='bbox 2669 1537 2771 1604; x_wconf 88' lang='lat' dir='ltr'><strong>Ite,</strong></span> <span class='ocrx_word' id='word_1_218' title='bbox 2816 1539 2994 1592; x_wconf 80' lang='lat' dir='ltr'><strong>docete</strong></span> <span class='ocrx_word' id='word_1_219' title='bbox 3034 1552 3212 1589; x_wconf 86' lang='lat' dir='ltr'><strong>omnes</strong></span> <span class='ocrx_word' id='word_1_220' title='bbox 3244 1545 3438 1605; x_wconf 81' lang='lat' dir='ltr'><strong>gentes.</strong></span> <span class='ocrx_word' id='word_1_221' title='bbox 3472 1534 3698 1602; x_wconf 90' lang='lat' dir='ltr'><strong>Quantis</strong></span> 
     </span>
    </p>
   </div>
   <div class='ocr_carea' id='block_1_30' title="bbox 2130 1626 3696 1693">
    <p class='ocr_par' dir='ltr' id='par_1_30' title="bbox 2130 1626 3696 1693">
     <span class='ocr_line' id='line_1_30' title="bbox 2130 1626 3696 1693; baseline -0.005 -6"><span class='ocrx_word' id='word_1_222' title='bbox 2130 1632 2267 1687; x_wconf 90' lang='lat' dir='ltr'><strong>dicis</strong></span> <span class='ocrx_word' id='word_1_223' title='bbox 2303 1631 2438 1693; x_wconf 68' lang='lat' dir='ltr'><strong>haec,</strong></span> <span class='ocrx_word' id='word_1_224' title='bbox 2472 1645 2505 1684; x_wconf 96' lang='lat' dir='ltr'><strong>o</strong></span> <span class='ocrx_word' id='word_1_225' title='bbox 2543 1629 2805 1684; x_wconf 90' lang='lat' dir='ltr'><strong>Domine?</strong></span> <span class='ocrx_word' id='word_1_226' title='bbox 2837 1627 3130 1682; x_wconf 90' lang='lat' dir='ltr'><strong>Duodecim</strong></span> <span class='ocrx_word' id='word_1_227' title='bbox 3180 1626 3488 1682; x_wconf 90' lang='lat' dir='ltr'><strong>hominibus</strong></span> <span class='ocrx_word' id='word_1_228' title='bbox 3518 1626 3583 1679; x_wconf 89' lang='lat' dir='ltr'><strong>ad</strong></span> <span class='ocrx_word' id='word_1_229' title='bbox 3613 1626 3696 1679; x_wconf 85' lang='lat' dir='ltr'><strong>iu-</strong></span> 
     </span>
    </p>
   </div>
   <div class='ocr_carea' id='block_1_31' title="bbox 2131 1717 3696 1791">
    <p class='ocr_par' dir='ltr' id='par_1_31' title="bbox 2131 1717 3696 1791">
     <span class='ocr_line' id='line_1_31' title="bbox 2131 1717 3696 1791; baseline -0.004 -14"><span class='ocrx_word' id='word_1_230' title='bbox 2131 1721 2521 1777; x_wconf 88' lang='lat' dir='ltr'><strong>numerabilem</strong></span> <span class='ocrx_word' id='word_1_231' title='bbox 2553 1720 2805 1791; x_wconf 89' lang='lat' dir='ltr'><strong>p0pulum</strong></span> <span class='ocrx_word' id='word_1_232' title='bbox 2832 1736 2847 1774; x_wconf 89' lang='lat'><strong>:</strong></span> <span class='ocrx_word' id='word_1_233' title='bbox 2885 1728 2933 1774; x_wconf 89' lang='lat' dir='ltr'><strong>et</strong></span> <span class='ocrx_word' id='word_1_234' title='bbox 2966 1719 3225 1784; x_wconf 73' lang='lat' dir='ltr'><strong>baptizate</strong></span> <span class='ocrx_word' id='word_1_235' title='bbox 3259 1734 3348 1772; x_wconf 88' lang='lat' dir='ltr'><strong>eos</strong></span> <span class='ocrx_word' id='word_1_236' title='bbox 3377 1717 3444 1782; x_wconf 79' lang='lat'><strong>&quot;,</strong></span> <span class='ocrx_word' id='word_1_237' title='bbox 3483 1717 3696 1787; x_wconf 86' lang='lat' dir='ltr'><strong>inquit;</strong></span> 
     </span>
    </p>
   </div>
   <div class='ocr_carea' id='block_1_32' title="bbox 2130 1811 3699 1883">
    <p class='ocr_par' dir='ltr' id='par_1_32' title="bbox 2130 1811 3699 1883">
     <span class='ocr_line' id='line_1_32' title="bbox 2130 1811 3699 1883; baseline -0.004 -14"><span class='ocrx_word' id='word_1_238' title='bbox 2130 1824 2184 1869; x_wconf 93' lang='lat' dir='ltr'><strong>et</strong></span> <span class='ocrx_word' id='word_1_239' title='bbox 2212 1812 2459 1867; x_wconf 89' lang='lat' dir='ltr'><strong>fecerunt</strong></span> <span class='ocrx_word' id='word_1_240' title='bbox 2500 1828 2622 1883; x_wconf 66' lang='lat' dir='ltr'><strong>quae</strong></span> <span class='ocrx_word' id='word_1_241' title='bbox 2671 1812 2935 1866; x_wconf 82' lang='lat' dir='ltr'><strong>videmus.</strong></span> <span class='ocrx_word' id='word_1_242' title='bbox 2984 1811 3180 1866; x_wconf 90' lang='lat' dir='ltr'><strong>lterum</strong></span> <span class='ocrx_word' id='word_1_243' title='bbox 3209 1825 3343 1864; x_wconf 83' lang='lat' dir='ltr'><strong>sane</strong></span> <span class='ocrx_word' id='word_1_244' title='bbox 3374 1823 3699 1878; x_wconf 82' lang='lat' dir='ltr'><strong>comparans</strong></span> 
     </span>
    </p>
   </div>
   <div class='ocr_carea' id='block_1_33' title="bbox 454 1887 2029 1977">
    <p class='ocr_par' dir='ltr' id='par_1_33' title="bbox 454 1897 2026 1964">
     <span class='ocr_line' id='line_1_33' title="bbox 454 1897 2026 1964; baseline -0.004 -8"><span class='ocrx_word' id='word_1_245' title='bbox 454 1902 633 1958; x_wconf 87' lang='lat' dir='ltr'><strong>lumen</strong></span> <span class='ocrx_word' id='word_1_246' title='bbox 689 1899 869 1955; x_wconf 90' lang='lat' dir='ltr'><strong>mundi</strong></span> <span class='ocrx_word' id='word_1_247' title='bbox 920 1900 1190 1953; x_wconf 90' lang='lat' dir='ltr'><strong>dicuntur.</strong></span> <span class='ocrx_word' id='word_1_248' title='bbox 1244 1897 1442 1951; x_wconf 89' lang='lat' dir='ltr'><strong>Domus</strong></span> <span class='ocrx_word' id='word_1_249' title='bbox 1488 1897 1635 1952; x_wconf 90' lang='lat' dir='ltr'><strong>enim</strong></span> <span class='ocrx_word' id='word_1_250' title='bbox 1687 1897 1732 1952; x_wconf 87' lang='lat' dir='ltr'><strong>si</strong></span> <span class='ocrx_word' id='word_1_251' title='bbox 1780 1897 2026 1964; x_wconf 82' lang='lat' dir='ltr'><strong>dixisset,</strong></span> 
     </span>
    </p>
   </div>
   <div class='ocr_carea' id='block_1_34' title="bbox 2128 1887 3700 1977">
    <p class='ocr_par' dir='ltr' id='par_1_34' title="bbox 2131 1899 3700 1977">
     <span class='ocr_line' id='line_1_34' title="bbox 2131 1899 3700 1977; baseline -0.001 -18"><span class='ocrx_word' id='word_1_252' title='bbox 2131 1904 2414 1977; x_wconf 86' lang='lat' dir='ltr'><strong>parabolas</strong></span> <span class='ocrx_word' id='word_1_253' title='bbox 2437 1904 2679 1975; x_wconf 66' lang='lat' dir='ltr'><strong>praedicit</strong></span> <span class='ocrx_word' id='word_1_254' title='bbox 2704 1921 2718 1959; x_wconf 89' lang='lat'><strong>:</strong></span> <span class='ocrx_word' id='word_1_255' title='bbox 2749 1902 2939 1959; x_wconf 82' lang='lat' dir='ltr'><strong>Simile</strong></span> <span class='ocrx_word' id='word_1_256' title='bbox 2957 1912 3034 1957; x_wconf 84' lang='lat' dir='ltr'><strong>est</strong></span> <span class='ocrx_word' id='word_1_257' title='bbox 3061 1917 3276 1972; x_wconf 86' lang='lat' dir='ltr'><strong>regnum</strong></span> <span class='ocrx_word' id='word_1_258' title='bbox 3304 1900 3571 1965; x_wconf 72' lang='lat' dir='ltr'><strong>caelorum,</strong></span> <span class='ocrx_word' id='word_1_259' title='bbox 3596 1899 3700 1957; x_wconf 84' lang='lat' dir='ltr'><strong>hoc</strong></span> 
     </span>
    </p>
   </div>
   <div class='ocr_carea' id='block_1_35' title="bbox 452 1987 2028 2061">
    <p class='ocr_par' dir='ltr' id='par_1_35' title="bbox 452 1987 2028 2061">
     <span class='ocr_line' id='line_1_35' title="bbox 452 1987 2028 2061; baseline -0.005 -11"><span class='ocrx_word' id='word_1_260' title='bbox 452 2010 559 2050; x_wconf 89' lang='lat' dir='ltr'><strong>non</strong></span> <span class='ocrx_word' id='word_1_261' title='bbox 586 2001 732 2047; x_wconf 88' lang='lat' dir='ltr'><strong>esset</strong></span> <span class='ocrx_word' id='word_1_262' title='bbox 761 2006 1035 2061; x_wconf 87' lang='lat' dir='ltr'><strong>magnum,</strong></span> <span class='ocrx_word' id='word_1_263' title='bbox 1066 1991 1111 2044; x_wconf 90' lang='lat' dir='ltr'><strong>si</strong></span> <span class='ocrx_word' id='word_1_264' title='bbox 1139 1988 1223 2042; x_wconf 91' lang='lat' dir='ltr'><strong>via</strong></span> <span class='ocrx_word' id='word_1_265' title='bbox 1261 1987 1487 2057; x_wconf 80' lang='lat' dir='ltr'><strong>alicujus</strong></span> <span class='ocrx_word' id='word_1_266' title='bbox 1511 2002 1617 2042; x_wconf 91' lang='lat' dir='ltr'><strong>non</strong></span> <span class='ocrx_word' id='word_1_267' title='bbox 1640 1995 1807 2043; x_wconf 89' lang='lat' dir='ltr'><strong>esset.</strong></span> <span class='ocrx_word' id='word_1_268' title='bbox 1838 1987 2028 2042; x_wconf 80' lang='lat' dir='ltr'><strong>Adhuc</strong></span> 
     </span>
    </p>
   </div>
   <div class='ocr_carea' id='block_1_36' title="bbox 454 2080 2024 2154">
    <p class='ocr_par' dir='ltr' id='par_1_36' title="bbox 454 2080 2024 2154">
     <span class='ocr_line' id='line_1_36' title="bbox 454 2080 2024 2154; baseline -0.006 -11"><span class='ocrx_word' id='word_1_269' title='bbox 454 2086 649 2154; x_wconf 80' lang='lat' dir='ltr'><strong>majus.</strong></span> <span class='ocrx_word' id='word_1_270' title='bbox 684 2084 937 2140; x_wconf 87' lang='lat' dir='ltr'><strong>Civitatis</strong></span> <span class='ocrx_word' id='word_1_271' title='bbox 979 2083 1123 2137; x_wconf 91' lang='lat' dir='ltr'><strong>enim</strong></span> <span class='ocrx_word' id='word_1_272' title='bbox 1155 2080 1314 2135; x_wconf 91' lang='lat' dir='ltr'><strong>unius</strong></span> <span class='ocrx_word' id='word_1_273' title='bbox 1349 2080 1393 2136; x_wconf 91' lang='lat' dir='ltr'><strong>si</strong></span> <span class='ocrx_word' id='word_1_274' title='bbox 1422 2080 1666 2135; x_wconf 85' lang='lat' dir='ltr'><strong>dixisset.</strong></span> <span class='ocrx_word' id='word_1_275' title='bbox 1697 2080 1804 2135; x_wconf 90' lang='lat' dir='ltr'><strong>Sed</strong></span> <span class='ocrx_word' id='word_1_276' title='bbox 1842 2080 2024 2134; x_wconf 89' lang='lat' dir='ltr'><strong>lumen</strong></span> 
     </span>
    </p>
   </div>
   <div class='ocr_carea' id='block_1_37' title="bbox 452 2172 2027 2243">
    <p class='ocr_par' dir='ltr' id='par_1_37' title="bbox 452 2172 2027 2243">
     <span class='ocr_line' id='line_1_37' title="bbox 452 2172 2027 2243; baseline -0.006 -7"><span class='ocrx_word' id='word_1_277' title='bbox 452 2196 546 2236; x_wconf 87' lang='lat' dir='ltr'><strong>eos</strong></span> <span class='ocrx_word' id='word_1_278' title='bbox 578 2195 698 2235; x_wconf 86' lang='lat' dir='ltr'><strong>esse</strong></span> <span class='ocrx_word' id='word_1_279' title='bbox 731 2193 834 2233; x_wconf 92' lang='lat' dir='ltr'><strong>non</strong></span> <span class='ocrx_word' id='word_1_280' title='bbox 862 2185 948 2232; x_wconf 92' lang='lat' dir='ltr'><strong>est</strong></span> <span class='ocrx_word' id='word_1_281' title='bbox 987 2176 1304 2231; x_wconf 82' lang='lat' dir='ltr'><strong>incredibile</strong></span> <span class='ocrx_word' id='word_1_282' title='bbox 1346 2173 1585 2229; x_wconf 84' lang='lat' dir='ltr'><strong>nationis</strong></span> <span class='ocrx_word' id='word_1_283' title='bbox 1612 2172 1840 2243; x_wconf 76' lang='lat' dir='ltr'><strong>integrae</strong></span> <span class='ocrx_word' id='word_1_284' title='bbox 1877 2189 1892 2227; x_wconf 91' lang='lat'><strong>:</strong></span> <span class='ocrx_word' id='word_1_285' title='bbox 1932 2172 2027 2227; x_wconf 86' lang='lat' dir='ltr'><strong>sed</strong></span> 
     </span>
    </p>
   </div>
   <div class='ocr_carea' id='block_1_38' title="bbox 454 2266 2030 2341">
    <p class='ocr_par' dir='ltr' id='par_1_38' title="bbox 454 2266 2030 2341">
     <span class='ocr_line' id='line_1_38' title="bbox 454 2266 2030 2341; baseline -0.006 -14"><span class='ocrx_word' id='word_1_286' title='bbox 454 2272 661 2336; x_wconf 89' lang='lat' dir='ltr'><strong>mundi,</strong></span> <span class='ocrx_word' id='word_1_287' title='bbox 714 2270 911 2341; x_wconf 91' lang='lat' dir='ltr'><strong>inquit,</strong></span> <span class='ocrx_word' id='word_1_288' title='bbox 958 2269 1093 2325; x_wconf 90' lang='lat' dir='ltr'><strong>estis</strong></span> <span class='ocrx_word' id='word_1_289' title='bbox 1126 2269 1327 2323; x_wconf 81' lang='lat' dir='ltr'><strong>lumen.</strong></span> <span class='ocrx_word' id='word_1_290' title='bbox 1374 2266 1431 2322; x_wconf 89' lang='lat' dir='ltr'><strong>Si</strong></span> <span class='ocrx_word' id='word_1_291' title='bbox 1482 2266 1619 2321; x_wconf 84' lang='lat' dir='ltr'><strong>dixit</strong></span> <span class='ocrx_word' id='word_1_292' title='bbox 1663 2280 1937 2334; x_wconf 87' lang='lat' dir='ltr'><strong>magnum,</strong></span> <span class='ocrx_word' id='word_1_293' title='bbox 1975 2272 2030 2318; x_wconf 89' lang='lat' dir='ltr'><strong>et</strong></span> 
     </span>
    </p>
   </div>
   <div class='ocr_carea' id='block_1_39' title="bbox 455 2354 2026 2428">
    <p class='ocr_par' dir='ltr' id='par_1_39' title="bbox 455 2354 2026 2428">
     <span class='ocr_line' id='line_1_39' title="bbox 455 2354 2026 2428; baseline -0.006 -9"><span class='ocrx_word' id='word_1_294' title='bbox 455 2380 563 2419; x_wconf 90' lang='lat' dir='ltr'><strong>non</strong></span> <span class='ocrx_word' id='word_1_295' title='bbox 610 2363 739 2418; x_wconf 90' lang='lat' dir='ltr'><strong>fecit</strong></span> <span class='ocrx_word' id='word_1_296' title='bbox 768 2360 1087 2428; x_wconf 88' lang='lat' dir='ltr'><strong>maximum,</strong></span> <span class='ocrx_word' id='word_1_297' title='bbox 1123 2374 1250 2415; x_wconf 85' lang='lat' dir='ltr'><strong>num</strong></span> <span class='ocrx_word' id='word_1_298' title='bbox 1294 2358 1551 2413; x_wconf 91' lang='lat' dir='ltr'><strong>mentitus</strong></span> <span class='ocrx_word' id='word_1_299' title='bbox 1582 2365 1668 2413; x_wconf 88' lang='lat' dir='ltr'><strong>est</strong></span> <span class='ocrx_word' id='word_1_300' title='bbox 1699 2356 1939 2424; x_wconf 73' lang='lat' dir='ltr'><strong>siiquid?</strong></span> <span class='ocrx_word' id='word_1_301' title='bbox 1970 2354 2026 2410; x_wconf 89' lang='lat' dir='ltr'><strong>Si</strong></span> 
     </span>
    </p>
   </div>
   <div class='ocr_carea' id='block_1_40' title="bbox 455 2447 2028 2522">
    <p class='ocr_par' dir='ltr' id='par_1_40' title="bbox 455 2447 2028 2522">
     <span class='ocr_line' id='line_1_40' title="bbox 455 2447 2028 2522; baseline -0.006 -12"><span class='ocrx_word' id='word_1_302' title='bbox 455 2466 633 2511; x_wconf 88' lang='lat' dir='ltr'><strong>autem</strong></span> <span class='ocrx_word' id='word_1_303' title='bbox 666 2453 798 2508; x_wconf 89' lang='lat' dir='ltr'><strong>dicit</strong></span> <span class='ocrx_word' id='word_1_304' title='bbox 841 2467 1058 2522; x_wconf 86' lang='lat' dir='ltr'><strong>magna,</strong></span> <span class='ocrx_word' id='word_1_305' title='bbox 1099 2458 1360 2520; x_wconf 87' lang='lat' dir='ltr'><strong>operatur</strong></span> <span class='ocrx_word' id='word_1_306' title='bbox 1400 2461 1577 2504; x_wconf 88' lang='lat' dir='ltr'><strong>autem</strong></span> <span class='ocrx_word' id='word_1_307' title='bbox 1622 2448 1851 2517; x_wconf 86' lang='lat' dir='ltr'><strong>majora,</strong></span> <span class='ocrx_word' id='word_1_308' title='bbox 1899 2447 2028 2517; x_wconf 91' lang='lat' dir='ltr'><strong>quid</strong></span> 
     </span>
    </p>
   </div>
   <div class='ocr_carea' id='block_1_41' title="bbox 455 2536 2028 2612">
    <p class='ocr_par' dir='ltr' id='par_1_41' title="bbox 455 2536 2028 2612">
     <span class='ocr_line' id='line_1_41' title="bbox 455 2536 2028 2612; baseline -0.008 -10"><span class='ocrx_word' id='word_1_309' title='bbox 455 2546 716 2603; x_wconf 81' lang='lat' dir='ltr'><strong>faciemus</strong></span> <span class='ocrx_word' id='word_1_310' title='bbox 745 2543 814 2600; x_wconf 90' lang='lat' dir='ltr'><strong>de</strong></span> <span class='ocrx_word' id='word_1_311' title='bbox 840 2542 925 2599; x_wconf 87' lang='lat' dir='ltr'><strong>bis</strong></span> <span class='ocrx_word' id='word_1_312' title='bbox 952 2556 1073 2612; x_wconf 65' lang='lat' dir='ltr'><strong>qua:</strong></span> <span class='ocrx_word' id='word_1_313' title='bbox 1116 2540 1407 2595; x_wconf 83' lang='lat' dir='ltr'><strong>videntur?</strong></span> <span class='ocrx_word' id='word_1_314' title='bbox 1446 2538 1593 2593; x_wconf 85' lang='lat' dir='ltr'><strong>Dicit</strong></span> <span class='ocrx_word' id='word_1_315' title='bbox 1621 2538 1780 2593; x_wconf 82' lang='lat' dir='ltr'><strong>Petro</strong></span> <span class='ocrx_word' id='word_1_316' title='bbox 1814 2554 1828 2591; x_wconf 89' lang='lat'><strong>:</strong></span> <span class='ocrx_word' id='word_1_317' title='bbox 1860 2536 1940 2591; x_wconf 84' lang='lat' dir='ltr'><strong>Tu</strong></span> <span class='ocrx_word' id='word_1_318' title='bbox 1973 2552 2028 2591; x_wconf 89' lang='lat' dir='ltr'><strong>es</strong></span> 
     </span>
    </p>
   </div>
   <div class='ocr_carea' id='block_1_42' title="bbox 457 2627 2023 2704">
    <p class='ocr_par' dir='ltr' id='par_1_42' title="bbox 457 2627 2023 2704">
     <span class='ocr_line' id='line_1_42' title="bbox 457 2627 2023 2704; baseline -0.008 -10"><span class='ocrx_word' id='word_1_319' title='bbox 457 2636 668 2703; x_wconf 80' lang='lat' dir='ltr'><strong>Petrus,</strong></span> <span class='ocrx_word' id='word_1_320' title='bbox 700 2644 750 2692; x_wconf 84' lang='lat' dir='ltr'><strong>et</strong></span> <span class='ocrx_word' id='word_1_321' title='bbox 779 2651 937 2704; x_wconf 80' lang='lat' dir='ltr'><strong>super</strong></span> <span class='ocrx_word' id='word_1_322' title='bbox 967 2634 1124 2687; x_wconf 85' lang='lat' dir='ltr'><strong>istam</strong></span> <span class='ocrx_word' id='word_1_323' title='bbox 1168 2641 1371 2701; x_wconf 83' lang='lat' dir='ltr'><strong>petram</strong></span> <span class='ocrx_word' id='word_1_324' title='bbox 1410 2630 1685 2699; x_wconf 71' lang='lat' dir='ltr'><strong>cdiﬁcabo</strong></span> <span class='ocrx_word' id='word_1_325' title='bbox 1726 2627 2023 2683; x_wconf 77' lang='lat' dir='ltr'><strong>Ecclesium</strong></span> 
     </span>
    </p>
   </div>
   <div class='ocr_carea' id='block_1_43' title="bbox 455 2720 2030 2792">
    <p class='ocr_par' dir='ltr' id='par_1_43' title="bbox 455 2720 2030 2792">
     <span class='ocr_line' id='line_1_43' title="bbox 455 2720 2030 2792; baseline -0.006 -8"><span class='ocrx_word' id='word_1_326' title='bbox 455 2745 622 2784; x_wconf 83' lang='lat' dir='ltr'><strong>meam</strong></span> <span class='ocrx_word' id='word_1_327' title='bbox 653 2727 720 2782; x_wconf 78' lang='lat'><strong>&quot;.</strong></span> <span class='ocrx_word' id='word_1_328' title='bbox 752 2726 911 2782; x_wconf 88' lang='lat' dir='ltr'><strong>Certe</strong></span> <span class='ocrx_word' id='word_1_329' title='bbox 938 2723 1332 2780; x_wconf 66' lang='lat' dir='ltr'><strong>atdillcaturum</strong></span> <span class='ocrx_word' id='word_1_330' title='bbox 1368 2737 1427 2777; x_wconf 88' lang='lat' dir='ltr'><strong>se</strong></span> <span class='ocrx_word' id='word_1_331' title='bbox 1457 2720 1805 2792; x_wconf 89' lang='lat' dir='ltr'><strong>promittebat</strong></span> <span class='ocrx_word' id='word_1_332' title='bbox 1839 2721 2030 2775; x_wconf 84' lang='lat' dir='ltr'><strong>Eccle-</strong></span> 
     </span>
    </p>
   </div>
   <div class='ocr_carea' id='block_1_44' title="bbox 454 2811 2071 2877">
    <p class='ocr_par' dir='ltr' id='par_1_44' title="bbox 454 2811 2071 2877">
     <span class='ocr_line' id='line_1_44' title="bbox 454 2811 2071 2877; baseline -0.007 -1"><span class='ocrx_word' id='word_1_333' title='bbox 454 2822 592 2876; x_wconf 86' lang='lat' dir='ltr'><strong>siam</strong></span> <span class='ocrx_word' id='word_1_334' title='bbox 638 2832 817 2873; x_wconf 88' lang='lat' dir='ltr'><strong>suam.</strong></span> <span class='ocrx_word' id='word_1_335' title='bbox 852 2817 910 2871; x_wconf 91' lang='lat' dir='ltr'><strong>Si</strong></span> <span class='ocrx_word' id='word_1_336' title='bbox 945 2831 1049 2869; x_wconf 92' lang='lat' dir='ltr'><strong>non</strong></span> <span class='ocrx_word' id='word_1_337' title='bbox 1080 2813 1387 2877; x_wconf 75' lang='lat' dir='ltr'><strong>:cdilicavit,</strong></span> <span class='ocrx_word' id='word_1_338' title='bbox 1426 2822 1675 2868; x_wconf 88' lang='lat' dir='ltr'><strong>mortuus</strong></span> <span class='ocrx_word' id='word_1_339' title='bbox 1700 2820 1803 2867; x_wconf 88' lang='lat' dir='ltr'><strong>est.</strong></span> <span class='ocrx_word' id='word_1_340' title='bbox 1841 2811 1898 2867; x_wconf 92' lang='lat' dir='ltr'><strong>Si</strong></span> <span class='ocrx_word' id='word_1_341' title='bbox 1934 2826 2030 2865; x_wconf 85' lang='lat' dir='ltr'><strong>au-</strong></span> <span class='ocrx_word' id='word_1_342' title='bbox 2061 2856 2071 2864; x_wconf 74' lang='lat'><strong><em>,</em></strong></span> 
     </span>
    </p>
   </div>
   <div class='ocr_carea' id='block_1_45' title="bbox 456 2901 2030 2975">
    <p class='ocr_par' dir='ltr' id='par_1_45' title="bbox 456 2901 2030 2975">
     <span class='ocr_line' id='line_1_45' title="bbox 456 2901 2030 2975; baseline -0.007 -9"><span class='ocrx_word' id='word_1_343' title='bbox 456 2920 562 2967; x_wconf 87' lang='lat' dir='ltr'><strong>tem</strong></span> <span class='ocrx_word' id='word_1_344' title='bbox 592 2907 885 2964; x_wconf 70' lang='lat' dir='ltr'><strong>aediﬁcavit</strong></span> <span class='ocrx_word' id='word_1_345' title='bbox 908 2906 999 2975; x_wconf 90' lang='lat' dir='ltr'><strong>qui</strong></span> <span class='ocrx_word' id='word_1_346' title='bbox 1037 2919 1139 2957; x_wconf 89' lang='lat' dir='ltr'><strong>non</strong></span> <span class='ocrx_word' id='word_1_347' title='bbox 1179 2904 1331 2967; x_wconf 87' lang='lat' dir='ltr'><strong>vivit,</strong></span> <span class='ocrx_word' id='word_1_348' title='bbox 1360 2903 1543 2957; x_wconf 73' lang='lat' dir='ltr'><strong>dit-ant</strong></span> <span class='ocrx_word' id='word_1_349' title='bbox 1571 2902 1839 2971; x_wconf 88' lang='lat' dir='ltr'><strong>quomodo</strong></span> <span class='ocrx_word' id='word_1_350' title='bbox 1862 2901 2030 2955; x_wconf 62' lang='lat' dir='ltr'><strong>aedili-</strong></span> 
     </span>
    </p>
   </div>
   <div class='ocr_carea' id='block_1_46' title="bbox 454 2992 2029 3061">
    <p class='ocr_par' dir='ltr' id='par_1_46' title="bbox 454 2992 2029 3061">
     <span class='ocr_line' id='line_1_46' title="bbox 454 2992 2029 3061; baseline -0.007 -3"><span class='ocrx_word' id='word_1_351' title='bbox 454 3004 598 3058; x_wconf 85' lang='lat' dir='ltr'><strong>cavit</strong></span> <span class='ocrx_word' id='word_1_352' title='bbox 645 3020 659 3056; x_wconf 91' lang='lat'><strong>:</strong></span> <span class='ocrx_word' id='word_1_353' title='bbox 712 3000 807 3055; x_wconf 91' lang='lat' dir='ltr'><strong>sed</strong></span> <span class='ocrx_word' id='word_1_354' title='bbox 857 2995 1167 3061; x_wconf 66' lang='lat' dir='ltr'><strong>aedificavit,</strong></span> <span class='ocrx_word' id='word_1_355' title='bbox 1221 2994 1353 3049; x_wconf 86' lang='lat' dir='ltr'><strong>nihil</strong></span> <span class='ocrx_word' id='word_1_356' title='bbox 1404 3004 1585 3049; x_wconf 90' lang='lat' dir='ltr'><strong>autem</strong></span> <span class='ocrx_word' id='word_1_357' title='bbox 1630 2992 1875 3047; x_wconf 86' lang='lat' dir='ltr'><strong>addidit?</strong></span> <span class='ocrx_word' id='word_1_358' title='bbox 1933 2992 2029 3047; x_wconf 83' lang='lat' dir='ltr'><strong>sed</strong></span> 
     </span>
    </p>
   </div>
   <div class='ocr_carea' id='block_1_47' title="bbox 454 3082 2027 3157">
    <p class='ocr_par' dir='ltr' id='par_1_47' title="bbox 454 3082 2027 3157">
     <span class='ocr_line' id='line_1_47' title="bbox 454 3082 2027 3157; baseline -0.006 -10"><span class='ocrx_word' id='word_1_359' title='bbox 454 3093 615 3147; x_wconf 76' lang='lat' dir='ltr'><strong>dicit:</strong></span> <span class='ocrx_word' id='word_1_360' title='bbox 635 3102 683 3145; x_wconf 87' lang='lat' dir='ltr'><strong>et</strong></span> <span class='ocrx_word' id='word_1_361' title='bbox 705 3099 871 3157; x_wconf 78' lang='lat' dir='ltr'><strong>porta:</strong></span> <span class='ocrx_word' id='word_1_362' title='bbox 892 3088 1051 3157; x_wconf 77' lang='lat' dir='ltr'><strong>inferi</strong></span> <span class='ocrx_word' id='word_1_363' title='bbox 1075 3103 1176 3140; x_wconf 90' lang='lat' dir='ltr'><strong>non</strong></span> <span class='ocrx_word' id='word_1_364' title='bbox 1192 3084 1541 3155; x_wconf 68' lang='lat' dir='ltr'><strong>prcualebunt</strong></span> <span class='ocrx_word' id='word_1_365' title='bbox 1559 3084 1809 3137; x_wconf 86' lang='lat' dir='ltr'><strong>adversus</strong></span> <span class='ocrx_word' id='word_1_366' title='bbox 1829 3099 1941 3136; x_wconf 89' lang='lat' dir='ltr'><strong>eam</strong></span> <span class='ocrx_word' id='word_1_367' title='bbox 1957 3082 2027 3137; x_wconf 77' lang='lat'><strong>&quot;.</strong></span> 
     </span>
    </p>
   </div>
   <div class='ocr_carea' id='block_1_48' title="bbox 456 3174 2029 3251">
    <p class='ocr_par' dir='ltr' id='par_1_48' title="bbox 456 3174 2029 3251">
     <span class='ocr_line' id='line_1_48' title="bbox 456 3174 2029 3251; baseline -0.006 -13"><span class='ocrx_word' id='word_1_368' title='bbox 456 3183 511 3238; x_wconf 89' lang='lat' dir='ltr'><strong>Si</strong></span> <span class='ocrx_word' id='word_1_369' title='bbox 549 3197 655 3238; x_wconf 87' lang='lat' dir='ltr'><strong>non</strong></span> <span class='ocrx_word' id='word_1_370' title='bbox 693 3181 824 3236; x_wconf 87' lang='lat' dir='ltr'><strong>moti</strong></span> <span class='ocrx_word' id='word_1_371' title='bbox 850 3179 1012 3251; x_wconf 86' lang='lat' dir='ltr'><strong>gladii</strong></span> <span class='ocrx_word' id='word_1_372' title='bbox 1042 3188 1188 3242; x_wconf 91' lang='lat' dir='ltr'><strong>sunt,</strong></span> <span class='ocrx_word' id='word_1_373' title='bbox 1217 3186 1272 3231; x_wconf 85' lang='lat' dir='ltr'><strong>et</strong></span> <span class='ocrx_word' id='word_1_374' title='bbox 1295 3174 1595 3240; x_wconf 84' lang='lat' dir='ltr'><strong>exercitus,</strong></span> <span class='ocrx_word' id='word_1_375' title='bbox 1623 3185 1678 3229; x_wconf 91' lang='lat' dir='ltr'><strong>et</strong></span> <span class='ocrx_word' id='word_1_376' title='bbox 1706 3175 1945 3247; x_wconf 80' lang='lat' dir='ltr'><strong>tyranni,</strong></span> <span class='ocrx_word' id='word_1_377' title='bbox 1972 3184 2029 3229; x_wconf 90' lang='lat' dir='ltr'><strong>et</strong></span> 
     </span>
    </p>
   </div>
   <div class='ocr_carea' id='block_1_49' title="bbox 457 3267 2032 3345">
    <p class='ocr_par' dir='ltr' id='par_1_49' title="bbox 457 3267 2032 3345">
     <span class='ocr_line' id='line_1_49' title="bbox 457 3267 2032 3345; baseline -0.003 -19"><span class='ocrx_word' id='word_1_378' title='bbox 457 3275 620 3345; x_wconf 84' lang='lat' dir='ltr'><strong>leges,</strong></span> <span class='ocrx_word' id='word_1_379' title='bbox 670 3283 726 3328; x_wconf 90' lang='lat' dir='ltr'><strong>et</strong></span> <span class='ocrx_word' id='word_1_380' title='bbox 757 3287 954 3342; x_wconf 71' lang='lat' dir='ltr'><strong>meum,</strong></span> <span class='ocrx_word' id='word_1_381' title='bbox 1003 3279 1061 3325; x_wconf 86' lang='lat' dir='ltr'><strong>et</strong></span> <span class='ocrx_word' id='word_1_382' title='bbox 1108 3283 1276 3332; x_wconf 87' lang='lat' dir='ltr'><strong>mors,</strong></span> <span class='ocrx_word' id='word_1_383' title='bbox 1331 3278 1385 3322; x_wconf 93' lang='lat' dir='ltr'><strong>et</strong></span> <span class='ocrx_word' id='word_1_384' title='bbox 1426 3267 1661 3321; x_wconf 86' lang='lat' dir='ltr'><strong>varietas</strong></span> <span class='ocrx_word' id='word_1_385' title='bbox 1710 3267 1926 3333; x_wconf 91' lang='lat' dir='ltr'><strong>horum,</strong></span> <span class='ocrx_word' id='word_1_386' title='bbox 1975 3277 2032 3322; x_wconf 89' lang='lat' dir='ltr'><strong>et</strong></span> 
     </span>
    </p>
   </div>
   <div class='ocr_carea' id='block_1_50' title="bbox 456 3357 2031 3437">
    <p class='ocr_par' dir='ltr' id='par_1_50' title="bbox 456 3357 2031 3437">
     <span class='ocr_line' id='line_1_50' title="bbox 456 3357 2031 3437; baseline -0.003 -18"><span class='ocrx_word' id='word_1_387' title='bbox 456 3365 619 3437; x_wconf 77' lang='lat' dir='ltr'><strong>ignis,</strong></span> <span class='ocrx_word' id='word_1_388' title='bbox 645 3374 697 3420; x_wconf 91' lang='lat' dir='ltr'><strong>et</strong></span> <span class='ocrx_word' id='word_1_389' title='bbox 731 3377 900 3428; x_wconf 89' lang='lat' dir='ltr'><strong>mare,</strong></span> <span class='ocrx_word' id='word_1_390' title='bbox 942 3373 999 3418; x_wconf 91' lang='lat' dir='ltr'><strong>et</strong></span> <span class='ocrx_word' id='word_1_391' title='bbox 1040 3359 1212 3427; x_wconf 82' lang='lat' dir='ltr'><strong>ﬂuvii,</strong></span> <span class='ocrx_word' id='word_1_392' title='bbox 1244 3368 1298 3415; x_wconf 92' lang='lat' dir='ltr'><strong>et</strong></span> <span class='ocrx_word' id='word_1_393' title='bbox 1341 3358 1523 3413; x_wconf 88' lang='lat' dir='ltr'><strong>omnia</strong></span> <span class='ocrx_word' id='word_1_394' title='bbox 1570 3357 1731 3413; x_wconf 91' lang='lat' dir='ltr'><strong>simul</strong></span> <span class='ocrx_word' id='word_1_395' title='bbox 1773 3358 2031 3414; x_wconf 89' lang='lat' dir='ltr'><strong>adversus</strong></span> 
     </span>
    </p>
   </div>
   <div class='ocr_carea' id='block_1_51' title="bbox 456 3450 2033 3528">
    <p class='ocr_par' dir='ltr' id='par_1_51' title="bbox 456 3450 2033 3528">
     <span class='ocr_line' id='line_1_51' title="bbox 456 3450 2033 3528; baseline -0.007 -13"><span class='ocrx_word' id='word_1_396' title='bbox 456 3458 615 3515; x_wconf 88' lang='lat' dir='ltr'><strong>istam</strong></span> <span class='ocrx_word' id='word_1_397' title='bbox 654 3456 1117 3528; x_wconf 65' lang='lat' dir='ltr'><strong>praedicationem,</strong></span> <span class='ocrx_word' id='word_1_398' title='bbox 1153 3462 1206 3509; x_wconf 90' lang='lat' dir='ltr'><strong>et</strong></span> <span class='ocrx_word' id='word_1_399' title='bbox 1249 3467 1344 3522; x_wconf 89' lang='lat' dir='ltr'><strong>per</strong></span> <span class='ocrx_word' id='word_1_400' title='bbox 1382 3450 1563 3507; x_wconf 85' lang='lat' dir='ltr'><strong>omnia</strong></span> <span class='ocrx_word' id='word_1_401' title='bbox 1601 3450 1868 3505; x_wconf 89' lang='lat' dir='ltr'><strong>transiens</strong></span> <span class='ocrx_word' id='word_1_402' title='bbox 1897 3466 2033 3522; x_wconf 66' lang='lat' dir='ltr'><strong>prm-</strong></span> 
     </span>
    </p>
   </div>
   <div class='ocr_carea' id='block_1_52' title="bbox 456 3543 2032 3615">
    <p class='ocr_par' dir='ltr' id='par_1_52' title="bbox 456 3543 2032 3615">
     <span class='ocr_line' id='line_1_52' title="bbox 456 3543 2032 3615; baseline -0.003 -14"><span class='ocrx_word' id='word_1_403' title='bbox 456 3547 659 3604; x_wconf 88' lang='lat' dir='ltr'><strong>dicatio</strong></span> <span class='ocrx_word' id='word_1_404' title='bbox 687 3546 918 3602; x_wconf 82' lang='lat' dir='ltr'><strong>conﬂata</strong></span> <span class='ocrx_word' id='word_1_405' title='bbox 956 3555 1076 3612; x_wconf 86' lang='lat' dir='ltr'><strong>est;</strong></span> <span class='ocrx_word' id='word_1_406' title='bbox 1102 3553 1157 3602; x_wconf 92' lang='lat' dir='ltr'><strong>et</strong></span> <span class='ocrx_word' id='word_1_407' title='bbox 1179 3546 1245 3599; x_wconf 90' lang='lat' dir='ltr'><strong>de</strong></span> <span class='ocrx_word' id='word_1_408' title='bbox 1274 3552 1445 3607; x_wconf 90' lang='lat' dir='ltr'><strong>terra,</strong></span> <span class='ocrx_word' id='word_1_409' title='bbox 1478 3554 1533 3599; x_wconf 89' lang='lat' dir='ltr'><strong>et</strong></span> <span class='ocrx_word' id='word_1_410' title='bbox 1562 3543 1821 3615; x_wconf 87' lang='lat' dir='ltr'><strong>castigata</strong></span> <span class='ocrx_word' id='word_1_411' title='bbox 1846 3556 2032 3598; x_wconf 89' lang='lat' dir='ltr'><strong>osten-</strong></span> 
     </span>
    </p>
   </div>
   <div class='ocr_carea' id='block_1_53' title="bbox 457 3635 2033 3709">
    <p class='ocr_par' dir='ltr' id='par_1_53' title="bbox 457 3635 2033 3709">
     <span class='ocr_line' id='line_1_53' title="bbox 457 3635 2033 3709; baseline -0.006 -10"><span class='ocrx_word' id='word_1_412' title='bbox 457 3638 605 3699; x_wconf 86' lang='lat' dir='ltr'><strong>ditur</strong></span> <span class='ocrx_word' id='word_1_413' title='bbox 635 3639 761 3708; x_wconf 92' lang='lat' dir='ltr'><strong>quia</strong></span> <span class='ocrx_word' id='word_1_414' title='bbox 784 3640 942 3694; x_wconf 88' lang='lat' dir='ltr'><strong>inferi</strong></span> <span class='ocrx_word' id='word_1_415' title='bbox 969 3647 1026 3696; x_wconf 90' lang='lat' dir='ltr'><strong>et</strong></span> <span class='ocrx_word' id='word_1_416' title='bbox 1058 3647 1261 3693; x_wconf 86' lang='lat' dir='ltr'><strong>mortes</strong></span> <span class='ocrx_word' id='word_1_417' title='bbox 1290 3637 1532 3709; x_wconf 69' lang='lat' dir='ltr'><strong>plurimae</strong></span> <span class='ocrx_word' id='word_1_418' title='bbox 1554 3652 1659 3691; x_wconf 92' lang='lat' dir='ltr'><strong>non</strong></span> <span class='ocrx_word' id='word_1_419' title='bbox 1693 3635 2033 3691; x_wconf 87' lang='lat' dir='ltr'><strong>transferunt</strong></span> 
     </span>
    </p>
   </div>
   <div class='ocr_carea' id='block_1_54' title="bbox 459 3727 2029 3800">
    <p class='ocr_par' dir='ltr' id='par_1_54' title="bbox 459 3727 2029 3800">
     <span class='ocr_line' id='line_1_54' title="bbox 459 3727 2029 3800; baseline -0.005 -12"><span class='ocrx_word' id='word_1_420' title='bbox 459 3730 671 3788; x_wconf 88' lang='lat' dir='ltr'><strong>Domini</strong></span> <span class='ocrx_word' id='word_1_421' title='bbox 705 3731 1167 3800; x_wconf 70' lang='lat' dir='ltr'><strong>praedicationem.</strong></span> <span class='ocrx_word' id='word_1_422' title='bbox 1206 3730 1263 3785; x_wconf 89' lang='lat' dir='ltr'><strong>Si</strong></span> <span class='ocrx_word' id='word_1_423' title='bbox 1309 3745 1416 3785; x_wconf 91' lang='lat' dir='ltr'><strong>non</strong></span> <span class='ocrx_word' id='word_1_424' title='bbox 1461 3728 1603 3784; x_wconf 91' lang='lat' dir='ltr'><strong>facta</strong></span> <span class='ocrx_word' id='word_1_425' title='bbox 1647 3727 1878 3783; x_wconf 88' lang='lat' dir='ltr'><strong>fuissent</strong></span> <span class='ocrx_word' id='word_1_426' title='bbox 1907 3727 2029 3795; x_wconf 84' lang='lat' dir='ltr'><strong>ista,</strong></span> 
     </span>
    </p>
   </div>
   <div class='ocr_carea' id='block_1_55' title="bbox 458 3820 2032 3894">
    <p class='ocr_par' dir='ltr' id='par_1_55' title="bbox 458 3820 2032 3894">
     <span class='ocr_line' id='line_1_55' title="bbox 458 3820 2032 3894; baseline -0.004 -15"><span class='ocrx_word' id='word_1_427' title='bbox 458 3824 599 3881; x_wconf 88' lang='lat' dir='ltr'><strong>forte</strong></span> <span class='ocrx_word' id='word_1_428' title='bbox 649 3823 1045 3894; x_wconf 86' lang='lat' dir='ltr'><strong>relinqueretur</strong></span> <span class='ocrx_word' id='word_1_429' title='bbox 1076 3822 1361 3878; x_wconf 92' lang='lat' dir='ltr'><strong>dubitatio.</strong></span> <span class='ocrx_word' id='word_1_430' title='bbox 1405 3820 1461 3876; x_wconf 91' lang='lat' dir='ltr'><strong>Si</strong></span> <span class='ocrx_word' id='word_1_431' title='bbox 1506 3830 1685 3875; x_wconf 89' lang='lat' dir='ltr'><strong>autem</strong></span> <span class='ocrx_word' id='word_1_432' title='bbox 1721 3835 1817 3890; x_wconf 89' lang='lat' dir='ltr'><strong>per</strong></span> <span class='ocrx_word' id='word_1_433' title='bbox 1850 3820 2032 3874; x_wconf 87' lang='lat' dir='ltr'><strong>omnia</strong></span> 
     </span>
    </p>
   </div>
   <div class='ocr_carea' id='block_1_56' title="bbox 461 3910 2034 3985">
    <p class='ocr_par' dir='ltr' id='par_1_56' title="bbox 461 3910 2034 3985">
     <span class='ocr_line' id='line_1_56' title="bbox 461 3910 2034 3985; baseline -0.003 -15"><span class='ocrx_word' id='word_1_434' title='bbox 461 3925 569 3972; x_wconf 92' lang='lat' dir='ltr'><strong>tota</strong></span> <span class='ocrx_word' id='word_1_435' title='bbox 605 3916 704 3971; x_wconf 82' lang='lat' dir='ltr'><strong>ista</strong></span> <span class='ocrx_word' id='word_1_436' title='bbox 738 3916 1050 3985; x_wconf 66' lang='lat' dir='ltr'><strong>praedicatio</strong></span> <span class='ocrx_word' id='word_1_437' title='bbox 1084 3924 1213 3981; x_wconf 89' lang='lat' dir='ltr'><strong>stat,</strong></span> <span class='ocrx_word' id='word_1_438' title='bbox 1246 3915 1379 3969; x_wconf 89' lang='lat' dir='ltr'><strong>vivit</strong></span> <span class='ocrx_word' id='word_1_439' title='bbox 1421 3914 1607 3982; x_wconf 84' lang='lat' dir='ltr'><strong>utique</strong></span> <span class='ocrx_word' id='word_1_440' title='bbox 1638 3913 1793 3983; x_wconf 76' lang='lat' dir='ltr'><strong>cuius</strong></span> <span class='ocrx_word' id='word_1_441' title='bbox 1836 3910 2034 3983; x_wconf 62' lang='lat' dir='ltr'><strong>praedi-</strong></span> 
     </span>
    </p>
   </div>
   <div class='ocr_carea' id='block_1_57' title="bbox 458 4006 2035 4079">
    <p class='ocr_par' dir='ltr' id='par_1_57' title="bbox 458 4006 2035 4079">
     <span class='ocr_line' id='line_1_57' title="bbox 458 4006 2035 4079; baseline -0.005 -12"><span class='ocrx_word' id='word_1_442' title='bbox 458 4014 602 4067; x_wconf 88' lang='lat' dir='ltr'><strong>catio</strong></span> <span class='ocrx_word' id='word_1_443' title='bbox 643 4026 749 4065; x_wconf 91' lang='lat' dir='ltr'><strong>non</strong></span> <span class='ocrx_word' id='word_1_444' title='bbox 787 4012 1073 4067; x_wconf 89' lang='lat' dir='ltr'><strong>evertitur.</strong></span> <span class='ocrx_word' id='word_1_445' title='bbox 1115 4010 1221 4064; x_wconf 86' lang='lat' dir='ltr'><strong>Sed</strong></span> <span class='ocrx_word' id='word_1_446' title='bbox 1252 4026 1315 4066; x_wconf 84' lang='lat' dir='ltr'><strong>ex</strong></span> <span class='ocrx_word' id='word_1_447' title='bbox 1351 4008 1579 4065; x_wconf 84' lang='lat' dir='ltr'><strong>modicis</strong></span> <span class='ocrx_word' id='word_1_448' title='bbox 1606 4022 1811 4079; x_wconf 78' lang='lat' dir='ltr'><strong>magnae</strong></span> <span class='ocrx_word' id='word_1_449' title='bbox 1840 4006 2035 4077; x_wconf 63' lang='lat' dir='ltr'><strong>praedi-</strong></span> 
     </span>
    </p>
   </div>
   <div class='ocr_carea' id='block_1_58' title="bbox 458 4102 2032 4173">
    <p class='ocr_par' dir='ltr' id='par_1_58' title="bbox 458 4102 2032 4173">
     <span class='ocr_line' id='line_1_58' title="bbox 458 4102 2032 4173; baseline -0.005 -11"><span class='ocrx_word' id='word_1_450' title='bbox 458 4108 704 4163; x_wconf 85' lang='lat' dir='ltr'><strong>cationes</strong></span> <span class='ocrx_word' id='word_1_451' title='bbox 736 4117 865 4163; x_wconf 91' lang='lat' dir='ltr'><strong>sunt</strong></span> <span class='ocrx_word' id='word_1_452' title='bbox 899 4107 1075 4162; x_wconf 69' lang='lat' dir='ltr'><strong>factm.</strong></span> <span class='ocrx_word' id='word_1_453' title='bbox 1116 4105 1485 4170; x_wconf 85' lang='lat' dir='ltr'><strong>Recumbebat,</strong></span> <span class='ocrx_word' id='word_1_454' title='bbox 1524 4102 1721 4173; x_wconf 88' lang='lat' dir='ltr'><strong>inquit,</strong></span> <span class='ocrx_word' id='word_1_455' title='bbox 1758 4102 2032 4167; x_wconf 82' lang='lat' dir='ltr'><strong>Dominus,</strong></span> 
     </span>
    </p>
   </div>
   <div class='ocr_carea' id='block_1_59' title="bbox 458 4192 2035 4267">
    <p class='ocr_par' dir='ltr' id='par_1_59' title="bbox 458 4192 2035 4267">
     <span class='ocr_line' id='line_1_59' title="bbox 458 4192 2035 4267; baseline -0.007 -13"><span class='ocrx_word' id='word_1_456' title='bbox 458 4209 507 4254; x_wconf 86' lang='lat' dir='ltr'><strong>et</strong></span> <span class='ocrx_word' id='word_1_457' title='bbox 537 4199 674 4254; x_wconf 72' lang='lat' dir='ltr'><strong>venit</strong></span> <span class='ocrx_word' id='word_1_458' title='bbox 718 4199 787 4252; x_wconf 86' lang='lat' dir='ltr'><strong>ad</strong></span> <span class='ocrx_word' id='word_1_459' title='bbox 822 4214 938 4252; x_wconf 88' lang='lat' dir='ltr'><strong>eum</strong></span> <span class='ocrx_word' id='word_1_460' title='bbox 982 4198 1225 4267; x_wconf 68' lang='lat' dir='ltr'><strong>quendam</strong></span> <span class='ocrx_word' id='word_1_461' title='bbox 1262 4196 1452 4250; x_wconf 85' lang='lat' dir='ltr'><strong>mulier</strong></span> <span class='ocrx_word' id='word_1_462' title='bbox 1477 4194 1543 4246; x_wconf 81' lang='grc'><strong>⁹¹.</strong></span> <span class='ocrx_word' id='word_1_463' title='bbox 1583 4194 1649 4248; x_wconf 87' lang='lat' dir='ltr'><strong>Et</strong></span> <span class='ocrx_word' id='word_1_464' title='bbox 1680 4192 1822 4263; x_wconf 90' lang='lat' dir='ltr'><strong>quod</strong></span> <span class='ocrx_word' id='word_1_465' title='bbox 1848 4199 2035 4260; x_wconf 88' lang='lat' dir='ltr'><strong>porta-</strong></span> 
     </span>
    </p>
   </div>
   <div class='ocr_carea' id='block_1_60' title="bbox 460 4282 2034 4361">
    <p class='ocr_par' dir='ltr' id='par_1_60' title="bbox 460 4282 2034 4361">
     <span class='ocr_line' id='line_1_60' title="bbox 460 4282 2034 4361; baseline -0.001 -21"><span class='ocrx_word' id='word_1_466' title='bbox 460 4288 577 4343; x_wconf 88' lang='lat' dir='ltr'><strong>vit?</strong></span> <span class='ocrx_word' id='word_1_467' title='bbox 609 4300 942 4361; x_wconf 86' lang='lat' dir='ltr'><strong>unguentum</strong></span> <span class='ocrx_word' id='word_1_468' title='bbox 996 4289 1184 4345; x_wconf 81' lang='lat' dir='ltr'><strong>ell‘udit</strong></span> <span class='ocrx_word' id='word_1_469' title='bbox 1230 4304 1395 4357; x_wconf 90' lang='lat' dir='ltr'><strong>super</strong></span> <span class='ocrx_word' id='word_1_470' title='bbox 1440 4295 1601 4358; x_wconf 90' lang='lat' dir='ltr'><strong>caput</strong></span> <span class='ocrx_word' id='word_1_471' title='bbox 1644 4287 1781 4356; x_wconf 85' lang='lat' dir='ltr'><strong>ejus.</strong></span> <span class='ocrx_word' id='word_1_472' title='bbox 1827 4282 2034 4339; x_wconf 86' lang='lat' dir='ltr'><strong>Irasce-</strong></span> 
     </span>
    </p>
   </div>
   <div class='ocr_carea' id='block_1_61' title="bbox 459 4377 2032 4449">
    <p class='ocr_par' dir='ltr' id='par_1_61' title="bbox 459 4377 2032 4449">
     <span class='ocr_line' id='line_1_61' title="bbox 459 4377 2032 4449; baseline -0.006 -14"><span class='ocrx_word' id='word_1_473' title='bbox 459 4381 656 4435; x_wconf 91' lang='lat' dir='ltr'><strong>bantur</strong></span> <span class='ocrx_word' id='word_1_474' title='bbox 676 4380 855 4434; x_wconf 85' lang='lat' dir='ltr'><strong>autem</strong></span> <span class='ocrx_word' id='word_1_475' title='bbox 881 4379 1152 4449; x_wconf 86' lang='lat' dir='ltr'><strong>discipuli,</strong></span> <span class='ocrx_word' id='word_1_476' title='bbox 1183 4378 1418 4434; x_wconf 87' lang='lat' dir='ltr'><strong>scientes</strong></span> <span class='ocrx_word' id='word_1_477' title='bbox 1448 4377 1592 4445; x_wconf 88' lang='lat' dir='ltr'><strong>quod</strong></span> <span class='ocrx_word' id='word_1_478' title='bbox 1625 4382 1899 4445; x_wconf 80' lang='lat' dir='ltr'><strong>unguento</strong></span> <span class='ocrx_word' id='word_1_479' title='bbox 1926 4386 2032 4426; x_wconf 93' lang='lat' dir='ltr'><strong>non</strong></span> 
     </span>
    </p>
   </div>
   <div class='ocr_carea' id='block_1_62' title="bbox 460 4466 2033 4543">
    <p class='ocr_par' dir='ltr' id='par_1_62' title="bbox 460 4466 2033 4543">
     <span class='ocr_line' id='line_1_62' title="bbox 460 4466 2033 4543; baseline -0.006 -16"><span class='ocrx_word' id='word_1_480' title='bbox 460 4472 665 4543; x_wconf 83' lang='lat' dir='ltr'><strong>indiget</strong></span> <span class='ocrx_word' id='word_1_481' title='bbox 701 4470 981 4543; x_wconf 77' lang='lat' dir='ltr'><strong>Magister.</strong></span> <span class='ocrx_word' id='word_1_482' title='bbox 1017 4470 1355 4526; x_wconf 86' lang='lat' dir='ltr'><strong>Irascebatur</strong></span> <span class='ocrx_word' id='word_1_483' title='bbox 1388 4478 1566 4523; x_wconf 87' lang='lat' dir='ltr'><strong>autem</strong></span> <span class='ocrx_word' id='word_1_484' title='bbox 1606 4476 1661 4522; x_wconf 89' lang='lat' dir='ltr'><strong>et</strong></span> <span class='ocrx_word' id='word_1_485' title='bbox 1696 4466 1861 4519; x_wconf 75' lang='lat' dir='ltr'><strong>ludas</strong></span> <span class='ocrx_word' id='word_1_486' title='bbox 1904 4477 2033 4534; x_wconf 81' lang='lat' dir='ltr'><strong>pro-</strong></span> 
     </span>
    </p>
   </div>
   <div class='ocr_carea' id='block_1_63' title="bbox 2126 1993 3699 2065">
    <p class='ocr_par' dir='ltr' id='par_1_63' title="bbox 2126 1993 3699 2065">
     <span class='ocr_line' id='line_1_63' title="bbox 2126 1993 3699 2065; baseline -0.002 -15"><span class='ocrx_word' id='word_1_487' title='bbox 2126 2008 2207 2052; x_wconf 91' lang='lat' dir='ltr'><strong>est</strong></span> <span class='ocrx_word' id='word_1_488' title='bbox 2250 1996 2565 2065; x_wconf 67' lang='lat' dir='ltr'><strong>praedicatio</strong></span> <span class='ocrx_word' id='word_1_489' title='bbox 2622 1996 2745 2062; x_wconf 88' lang='lat' dir='ltr'><strong>ista,</strong></span> <span class='ocrx_word' id='word_1_490' title='bbox 2797 1999 3053 2061; x_wconf 77' lang='lat' dir='ltr'><strong>fermento</strong></span> <span class='ocrx_word' id='word_1_491' title='bbox 3097 1997 3164 2049; x_wconf 76' lang='grc'><strong>⁸⁸.</strong></span> <span class='ocrx_word' id='word_1_492' title='bbox 3210 1993 3518 2050; x_wconf 84' lang='lat' dir='ltr'><strong>Secundum</strong></span> <span class='ocrx_word' id='word_1_493' title='bbox 3566 1993 3699 2063; x_wconf 88' lang='lat' dir='ltr'><strong>quid</strong></span> 
     </span>
    </p>
   </div>
   <div class='ocr_carea' id='block_1_64' title="bbox 2127 2070 3700 2157">
    <p class='ocr_par' dir='ltr' id='par_1_64' title="bbox 2127 2070 3700 2157">
     <span class='ocr_line' id='line_1_64' title="bbox 2127 2070 3700 2157; baseline -0.003 -12"><span class='ocrx_word' id='word_1_494' title='bbox 2127 2088 2491 2145; x_wconf 75' lang='lat' dir='ltr'><strong>fermentum?</strong></span> <span class='ocrx_word' id='word_1_495' title='bbox 2540 2087 2663 2157; x_wconf 89' lang='lat' dir='ltr'><strong>quia</strong></span> <span class='ocrx_word' id='word_1_496' title='bbox 2706 2096 2763 2143; x_wconf 92' lang='lat' dir='ltr'><strong>et</strong></span> <span class='ocrx_word' id='word_1_497' title='bbox 2814 2088 3081 2142; x_wconf 86' lang='lat' dir='ltr'><strong>fermento</strong></span> <span class='ocrx_word' id='word_1_498' title='bbox 3117 2086 3329 2141; x_wconf 84' lang='lat' dir='ltr'><strong>modico</strong></span> <span class='ocrx_word' id='word_1_499' title='bbox 3379 2100 3410 2139; x_wconf 86' lang='lat' dir='ltr'><strong>a</strong></span> <span class='ocrx_word' id='word_1_500' title='bbox 3476 2070 3700 2140; x_wconf 73' lang='lat' dir='ltr'><strong>muliere</strong></span> 
     </span>
    </p>
   </div>
   <div class='ocr_carea' id='block_1_65' title="bbox 2127 2174 3699 2247">
    <p class='ocr_par' dir='ltr' id='par_1_65' title="bbox 2127 2174 3699 2247">
     <span class='ocr_line' id='line_1_65' title="bbox 2127 2174 3699 2247; baseline -0.003 -14"><span class='ocrx_word' id='word_1_501' title='bbox 2127 2178 2181 2233; x_wconf 89' lang='lat' dir='ltr'><strong>in</strong></span> <span class='ocrx_word' id='word_1_502' title='bbox 2216 2177 2382 2232; x_wconf 88' lang='lat' dir='ltr'><strong>multa</strong></span> <span class='ocrx_word' id='word_1_503' title='bbox 2417 2177 2795 2247; x_wconf 89' lang='lat' dir='ltr'><strong>conspersione</strong></span> <span class='ocrx_word' id='word_1_504' title='bbox 2854 2176 3202 2241; x_wconf 86' lang='lat' dir='ltr'><strong>abscondito,</strong></span> <span class='ocrx_word' id='word_1_505' title='bbox 3260 2176 3434 2246; x_wconf 87' lang='lat' dir='ltr'><strong>ipsum</strong></span> <span class='ocrx_word' id='word_1_506' title='bbox 3483 2174 3699 2244; x_wconf 85' lang='lat' dir='ltr'><strong>quidem</strong></span> 
     </span>
    </p>
   </div>
   <div class='ocr_carea' id='block_1_66' title="bbox 2127 2269 3700 2338">
    <p class='ocr_par' dir='ltr' id='par_1_66' title="bbox 2127 2269 3700 2338">
     <span class='ocr_line' id='line_1_66' title="bbox 2127 2269 3700 2338; baseline -0.004 -13"><span class='ocrx_word' id='word_1_507' title='bbox 2127 2286 2230 2325; x_wconf 92' lang='lat' dir='ltr'><strong>non</strong></span> <span class='ocrx_word' id='word_1_508' title='bbox 2265 2272 2587 2324; x_wconf 85' lang='lat' dir='ltr'><strong>obscuratur</strong></span> <span class='ocrx_word' id='word_1_509' title='bbox 2619 2285 2648 2323; x_wconf 90' lang='lat' dir='ltr'><strong>a</strong></span> <span class='ocrx_word' id='word_1_510' title='bbox 2678 2270 3083 2338; x_wconf 91' lang='lat' dir='ltr'><strong>conspersione,</strong></span> <span class='ocrx_word' id='word_1_511' title='bbox 3112 2269 3206 2324; x_wconf 85' lang='lat' dir='ltr'><strong>sed</strong></span> <span class='ocrx_word' id='word_1_512' title='bbox 3238 2283 3362 2322; x_wconf 91' lang='lat' dir='ltr'><strong>cum</strong></span> <span class='ocrx_word' id='word_1_513' title='bbox 3403 2270 3477 2323; x_wconf 90' lang='lat' dir='ltr'><strong>sit</strong></span> <span class='ocrx_word' id='word_1_514' title='bbox 3508 2281 3700 2337; x_wconf 90' lang='lat' dir='ltr'><strong>parum</strong></span> 
     </span>
    </p>
   </div>
   <div class='ocr_carea' id='block_1_67' title="bbox 2128 2355 3701 2425">
    <p class='ocr_par' dir='ltr' id='par_1_67' title="bbox 2128 2355 3701 2425">
     <span class='ocr_line' id='line_1_67' title="bbox 2128 2355 3701 2425; baseline -0.004 -10"><span class='ocrx_word' id='word_1_515' title='bbox 2128 2370 2297 2415; x_wconf 92' lang='lat' dir='ltr'><strong>totum</strong></span> <span class='ocrx_word' id='word_1_516' title='bbox 2345 2360 2658 2423; x_wconf 87' lang='lat' dir='ltr'><strong>fermentat,</strong></span> <span class='ocrx_word' id='word_1_517' title='bbox 2695 2369 2750 2414; x_wconf 92' lang='lat' dir='ltr'><strong>et</strong></span> <span class='ocrx_word' id='word_1_518' title='bbox 2800 2356 3094 2413; x_wconf 86' lang='lat' dir='ltr'><strong>fermentat</strong></span> <span class='ocrx_word' id='word_1_519' title='bbox 3146 2357 3264 2412; x_wconf 91' lang='lat' dir='ltr'><strong>sine</strong></span> <span class='ocrx_word' id='word_1_520' title='bbox 3310 2355 3560 2425; x_wconf 88' lang='lat' dir='ltr'><strong>strepitu.</strong></span> <span class='ocrx_word' id='word_1_521' title='bbox 3600 2355 3701 2423; x_wconf 86' lang='lat' dir='ltr'><strong>Ita,</strong></span> 
     </span>
    </p>
   </div>
   <div class='ocr_carea' id='block_1_68' title="bbox 2127 2447 3695 2521">
    <p class='ocr_par' dir='ltr' id='par_1_68' title="bbox 2127 2447 3695 2521">
     <span class='ocr_line' id='line_1_68' title="bbox 2127 2447 3695 2521; baseline -0.005 -14"><span class='ocrx_word' id='word_1_522' title='bbox 2127 2451 2324 2521; x_wconf 88' lang='lat' dir='ltr'><strong>inquit,</strong></span> <span class='ocrx_word' id='word_1_523' title='bbox 2373 2466 2493 2505; x_wconf 88' lang='lat' dir='ltr'><strong>mea</strong></span> <span class='ocrx_word' id='word_1_524' title='bbox 2525 2450 2840 2521; x_wconf 72' lang='lat' dir='ltr'><strong>praadicatio</strong></span> <span class='ocrx_word' id='word_1_525' title='bbox 2887 2448 3068 2504; x_wconf 86' lang='lat' dir='ltr'><strong>brevis</strong></span> <span class='ocrx_word' id='word_1_526' title='bbox 3122 2463 3217 2518; x_wconf 93' lang='lat' dir='ltr'><strong>per</strong></span> <span class='ocrx_word' id='word_1_527' title='bbox 3260 2447 3569 2515; x_wconf 86' lang='lat' dir='ltr'><strong>duodecim,</strong></span> <span class='ocrx_word' id='word_1_528' title='bbox 3608 2460 3695 2515; x_wconf 83' lang='lat' dir='ltr'><strong>per</strong></span> 
     </span>
    </p>
   </div>
   <div class='ocr_carea' id='block_1_69' title="bbox 2125 2540 3701 2612">
    <p class='ocr_par' dir='ltr' id='par_1_69' title="bbox 2125 2540 3701 2612">
     <span class='ocr_line' id='line_1_69' title="bbox 2125 2540 3701 2612; baseline -0.006 -11"><span class='ocrx_word' id='word_1_529' title='bbox 2125 2545 2268 2601; x_wconf 89' lang='lat' dir='ltr'><strong>istud</strong></span> <span class='ocrx_word' id='word_1_530' title='bbox 2322 2544 2680 2609; x_wconf 86' lang='lat' dir='ltr'><strong>fermentum,</strong></span> <span class='ocrx_word' id='word_1_531' title='bbox 2735 2552 2873 2607; x_wconf 91' lang='lat' dir='ltr'><strong>toto,</strong></span> <span class='ocrx_word' id='word_1_532' title='bbox 2941 2542 3156 2612; x_wconf 91' lang='lat' dir='ltr'><strong>inquit,</strong></span> <span class='ocrx_word' id='word_1_533' title='bbox 3220 2540 3527 2610; x_wconf 88' lang='lat' dir='ltr'><strong>insparsum</strong></span> <span class='ocrx_word' id='word_1_534' title='bbox 3593 2554 3701 2593; x_wconf 89' lang='lat' dir='ltr'><strong>non</strong></span> 
     </span>
    </p>
   </div>
   <div class='ocr_carea' id='block_1_70' title="bbox 2129 2627 3702 2695">
    <p class='ocr_par' dir='ltr' id='par_1_70' title="bbox 2129 2627 3702 2695">
     <span class='ocr_line' id='line_1_70' title="bbox 2129 2627 3702 2695; baseline -0.003 -7"><span class='ocrx_word' id='word_1_535' title='bbox 2129 2632 2606 2695; x_wconf 89' lang='lat' dir='ltr'><strong>transmutabitur,</strong></span> <span class='ocrx_word' id='word_1_536' title='bbox 2642 2632 2735 2685; x_wconf 90' lang='lat' dir='ltr'><strong>sed</strong></span> <span class='ocrx_word' id='word_1_537' title='bbox 2763 2645 2978 2686; x_wconf 90' lang='lat' dir='ltr'><strong>omnem</strong></span> <span class='ocrx_word' id='word_1_538' title='bbox 3004 2630 3264 2684; x_wconf 90' lang='lat' dir='ltr'><strong>mundum</strong></span> <span class='ocrx_word' id='word_1_539' title='bbox 3306 2628 3598 2683; x_wconf 89' lang='lat' dir='ltr'><strong>transferet</strong></span> <span class='ocrx_word' id='word_1_540' title='bbox 3634 2627 3702 2683; x_wconf 91' lang='lat' dir='ltr'><strong>ad</strong></span> 
     </span>
    </p>
   </div>
   <div class='ocr_carea' id='block_1_71' title="bbox 2130 2720 3700 2797">
    <p class='ocr_par' dir='ltr' id='par_1_71' title="bbox 2130 2720 3700 2797">
     <span class='ocr_line' id='line_1_71' title="bbox 2130 2720 3700 2797; baseline -0.004 -16"><span class='ocrx_word' id='word_1_541' title='bbox 2130 2727 2564 2797; x_wconf 88' lang='lat' dir='ltr'><strong>religiositatem.</strong></span> <span class='ocrx_word' id='word_1_542' title='bbox 2627 2724 2740 2780; x_wconf 80' lang='lat' dir='ltr'><strong>Hoc</strong></span> <span class='ocrx_word' id='word_1_543' title='bbox 2801 2725 3007 2778; x_wconf 90' lang='lat' dir='ltr'><strong>dictum</strong></span> <span class='ocrx_word' id='word_1_544' title='bbox 3068 2731 3151 2778; x_wconf 89' lang='lat' dir='ltr'><strong>est</strong></span> <span class='ocrx_word' id='word_1_545' title='bbox 3212 2738 3309 2791; x_wconf 90' lang='lat' dir='ltr'><strong>per</strong></span> <span class='ocrx_word' id='word_1_546' title='bbox 3366 2720 3700 2791; x_wconf 87' lang='lat' dir='ltr'><strong>parabolam.</strong></span> 
     </span>
    </p>
   </div>
   <div class='ocr_carea' id='block_1_72' title="bbox 2126 2811 3701 2880">
    <p class='ocr_par' dir='ltr' id='par_1_72' title="bbox 2126 2811 3701 2880">
     <span class='ocr_line' id='line_1_72' title="bbox 2126 2811 3701 2880; baseline -0.007 -7"><span class='ocrx_word' id='word_1_547' title='bbox 2126 2815 2447 2873; x_wconf 58' lang='lat' dir='ltr'><strong>Praedicatio</strong></span> <span class='ocrx_word' id='word_1_548' title='bbox 2474 2826 2653 2870; x_wconf 88' lang='lat' dir='ltr'><strong>autem</strong></span> <span class='ocrx_word' id='word_1_549' title='bbox 2684 2814 2825 2870; x_wconf 89' lang='lat' dir='ltr'><strong>facta</strong></span> <span class='ocrx_word' id='word_1_550' title='bbox 2853 2823 2958 2878; x_wconf 88' lang='lat' dir='ltr'><strong>est,</strong></span> <span class='ocrx_word' id='word_1_551' title='bbox 3004 2824 3099 2867; x_wconf 93' lang='lat' dir='ltr'><strong>aut</strong></span> <span class='ocrx_word' id='word_1_552' title='bbox 3135 2813 3285 2867; x_wconf 81' lang='lat' dir='ltr'><strong>non?</strong></span> <span class='ocrx_word' id='word_1_553' title='bbox 3328 2811 3384 2866; x_wconf 90' lang='lat' dir='ltr'><strong>Si</strong></span> <span class='ocrx_word' id='word_1_554' title='bbox 3421 2811 3565 2867; x_wconf 84' lang='lat' dir='ltr'><strong>facta</strong></span> <span class='ocrx_word' id='word_1_555' title='bbox 3592 2821 3701 2880; x_wconf 83' lang='lat' dir='ltr'><strong>est,</strong></span> 
     </span>
    </p>
   </div>
   <div class='ocr_carea' id='block_1_73' title="bbox 2128 2904 3699 2979">
    <p class='ocr_par' dir='ltr' id='par_1_73' title="bbox 2128 2904 3699 2979">
     <span class='ocr_line' id='line_1_73' title="bbox 2128 2904 3699 2979; baseline -0.004 -17"><span class='ocrx_word' id='word_1_556' title='bbox 2128 2909 2258 2979; x_wconf 86' lang='lat' dir='ltr'><strong>quid</strong></span> <span class='ocrx_word' id='word_1_557' title='bbox 2285 2908 2535 2964; x_wconf 82' lang='lat' dir='ltr'><strong>dubitas?</strong></span> <span class='ocrx_word' id='word_1_558' title='bbox 2567 2908 2612 2962; x_wconf 91' lang='lat' dir='ltr'><strong>si</strong></span> <span class='ocrx_word' id='word_1_559' title='bbox 2643 2916 2819 2961; x_wconf 90' lang='lat' dir='ltr'><strong>autem</strong></span> <span class='ocrx_word' id='word_1_560' title='bbox 2853 2922 2958 2961; x_wconf 93' lang='lat' dir='ltr'><strong>non</strong></span> <span class='ocrx_word' id='word_1_561' title='bbox 2989 2916 3070 2961; x_wconf 87' lang='lat' dir='ltr'><strong>est</strong></span> <span class='ocrx_word' id='word_1_562' title='bbox 3104 2905 3270 2971; x_wconf 90' lang='lat' dir='ltr'><strong>facta,</strong></span> <span class='ocrx_word' id='word_1_563' title='bbox 3308 2919 3495 2975; x_wconf 82' lang='lat' dir='ltr'><strong>argue.</strong></span> <span class='ocrx_word' id='word_1_564' title='bbox 3524 2904 3699 2957; x_wconf 81' lang='lat' dir='ltr'><strong>Aliam</strong></span> 
     </span>
    </p>
   </div>
   <div class='ocr_carea' id='block_1_74' title="bbox 2129 2996 3701 3073">
    <p class='ocr_par' dir='ltr' id='par_1_74' title="bbox 2129 2996 3701 3073">
     <span class='ocr_line' id='line_1_74' title="bbox 2129 2996 3701 3073; baseline -0.005 -14"><span class='ocrx_word' id='word_1_565' title='bbox 2129 3004 2325 3059; x_wconf 90' lang='lat' dir='ltr'><strong>iterum</strong></span> <span class='ocrx_word' id='word_1_566' title='bbox 2375 3002 2686 3073; x_wconf 88' lang='lat' dir='ltr'><strong>parabolam</strong></span> <span class='ocrx_word' id='word_1_567' title='bbox 2735 3001 2966 3055; x_wconf 84' lang='lat' dir='ltr'><strong>similem</strong></span> <span class='ocrx_word' id='word_1_568' title='bbox 3018 2999 3145 3055; x_wconf 89' lang='lat' dir='ltr'><strong>huic</strong></span> <span class='ocrx_word' id='word_1_569' title='bbox 3195 2998 3510 3053; x_wconf 88' lang='lat' dir='ltr'><strong>introducit.</strong></span> <span class='ocrx_word' id='word_1_570' title='bbox 3564 2996 3701 3064; x_wconf 82' lang='lat' dir='ltr'><strong>Quid</strong></span> 
     </span>
    </p>
   </div>
   <div class='ocr_carea' id='block_1_75' title="bbox 2129 3088 3705 3162">
    <p class='ocr_par' dir='ltr' id='par_1_75' title="bbox 2129 3088 3705 3162">
     <span class='ocr_line' id='line_1_75' title="bbox 2129 3088 3705 3162; baseline -0.006 -12"><span class='ocrx_word' id='word_1_571' title='bbox 2129 3096 2272 3150; x_wconf 90' lang='lat' dir='ltr'><strong>enim</strong></span> <span class='ocrx_word' id='word_1_572' title='bbox 2299 3094 2465 3148; x_wconf 79' lang='lat' dir='ltr'><strong>dicit?</strong></span> <span class='ocrx_word' id='word_1_573' title='bbox 2492 3092 2681 3148; x_wconf 86' lang='lat' dir='ltr'><strong>Simile</strong></span> <span class='ocrx_word' id='word_1_574' title='bbox 2713 3103 2788 3146; x_wconf 85' lang='lat' dir='ltr'><strong>est</strong></span> <span class='ocrx_word' id='word_1_575' title='bbox 2827 3108 3043 3162; x_wconf 84' lang='lat' dir='ltr'><strong>regnum</strong></span> <span class='ocrx_word' id='word_1_576' title='bbox 3082 3090 3329 3145; x_wconf 72' lang='lat' dir='ltr'><strong>caelorum</strong></span> <span class='ocrx_word' id='word_1_577' title='bbox 3360 3104 3525 3161; x_wconf 87' lang='lat' dir='ltr'><strong>grana</strong></span> <span class='ocrx_word' id='word_1_578' title='bbox 3558 3088 3705 3141; x_wconf 85' lang='lat' dir='ltr'><strong>sina-</strong></span> 
     </span>
    </p>
   </div>
   <div class='ocr_carea' id='block_1_76' title="bbox 2056 3182 3705 3284">
    <p class='ocr_par' dir='ltr' id='par_1_76' title="bbox 2056 3182 3705 3284">
     <span class='ocr_line' id='line_1_76' title="bbox 2056 3182 3705 3284; baseline -0.004 -42"><span class='ocrx_word' id='word_1_579' title='bbox 2056 3225 2097 3284; x_wconf 63' lang='grc' dir='ltr'>Ο</span> <span class='ocrx_word' id='word_1_580' title='bbox 2130 3190 2229 3257; x_wconf 80' lang='lat' dir='ltr'><strong>pis,</strong></span> <span class='ocrx_word' id='word_1_581' title='bbox 2254 3186 2393 3258; x_wconf 85' lang='lat' dir='ltr'><strong>quod</strong></span> <span class='ocrx_word' id='word_1_582' title='bbox 2424 3187 2623 3241; x_wconf 85' lang='lat' dir='ltr'><strong>brevius</strong></span> <span class='ocrx_word' id='word_1_583' title='bbox 2655 3184 2865 3257; x_wconf 84' lang='lat' dir='ltr'><strong>quidem</strong></span> <span class='ocrx_word' id='word_1_584' title='bbox 2896 3195 2970 3239; x_wconf 88' lang='lat' dir='ltr'><strong>est</strong></span> <span class='ocrx_word' id='word_1_585' title='bbox 3000 3182 3065 3237; x_wconf 86' lang='lat' dir='ltr'><strong>ab</strong></span> <span class='ocrx_word' id='word_1_586' title='bbox 3100 3184 3341 3238; x_wconf 82' lang='lat' dir='ltr'><strong>omnibus</strong></span> <span class='ocrx_word' id='word_1_587' title='bbox 3369 3182 3656 3237; x_wconf 85' lang='lat' dir='ltr'><strong>seminibus</strong></span> <span class='ocrx_word' id='word_1_588' title='bbox 3683 3195 3705 3236; x_wconf 90' lang='lat'><strong><em>:</em></strong></span> 
     </span>
    </p>
   </div>
   <div class='ocr_carea' id='block_1_77' title="bbox 2131 3274 3701 3348">
    <p class='ocr_par' dir='ltr' id='par_1_77' title="bbox 2131 3274 3701 3348">
     <span class='ocr_line' id='line_1_77' title="bbox 2131 3274 3701 3348; baseline -0.004 -15"><span class='ocrx_word' id='word_1_589' title='bbox 2131 3295 2245 3333; x_wconf 87' lang='lat' dir='ltr'><strong>cum</strong></span> <span class='ocrx_word' id='word_1_590' title='bbox 2280 3291 2457 3333; x_wconf 78' lang='lat' dir='ltr'><strong>au&#39;rm</strong></span> <span class='ocrx_word' id='word_1_591' title='bbox 2504 3280 2746 3342; x_wconf 81' lang='lat' dir='ltr'><strong>creverit,</strong></span> <span class='ocrx_word' id='word_1_592' title='bbox 2778 3277 2951 3348; x_wconf 74' lang='lat' dir='ltr'><strong>majus</strong></span> <span class='ocrx_word' id='word_1_593' title='bbox 2984 3275 3044 3346; x_wconf 74' lang='lat' dir='ltr'><strong>ﬁt</strong></span> <span class='ocrx_word' id='word_1_594' title='bbox 3094 3277 3336 3330; x_wconf 86' lang='lat' dir='ltr'><strong>omnibus</strong></span> <span class='ocrx_word' id='word_1_595' title='bbox 3376 3274 3605 3328; x_wconf 82' lang='lat' dir='ltr'><strong>oleribus</strong></span> <span class='ocrx_word' id='word_1_596' title='bbox 3633 3274 3701 3327; x_wconf 87' lang='lat'><strong>&quot;.</strong></span> 
     </span>
    </p>
   </div>
   <div class='ocr_carea' id='block_1_78' title="bbox 2132 3363 3707 3441">
    <p class='ocr_par' dir='ltr' id='par_1_78' title="bbox 2132 3363 3707 3441">
     <span class='ocr_line' id='line_1_78' title="bbox 2132 3363 3707 3441; baseline -0.007 -13"><span class='ocrx_word' id='word_1_597' title='bbox 2132 3372 2196 3428; x_wconf 85' lang='lat' dir='ltr'><strong>Et</strong></span> <span class='ocrx_word' id='word_1_598' title='bbox 2224 3370 2537 3441; x_wconf 67' lang='lat' dir='ltr'><strong>pra&#39;dicatio</strong></span> <span class='ocrx_word' id='word_1_599' title='bbox 2564 3372 2614 3424; x_wconf 92' lang='lat' dir='ltr'><strong>in</strong></span> <span class='ocrx_word' id='word_1_600' title='bbox 2650 3369 2932 3424; x_wconf 85' lang='lat' dir='ltr'><strong>duodecim</strong></span> <span class='ocrx_word' id='word_1_601' title='bbox 2959 3376 3077 3423; x_wconf 87' lang='lat' dir='ltr'><strong>erat</strong></span> <span class='ocrx_word' id='word_1_602' title='bbox 3100 3367 3380 3435; x_wconf 84' lang='lat' dir='ltr'><strong>apostolis,</strong></span> <span class='ocrx_word' id='word_1_603' title='bbox 3408 3374 3463 3419; x_wconf 91' lang='lat' dir='ltr'><strong>et</strong></span> <span class='ocrx_word' id='word_1_604' title='bbox 3487 3363 3707 3419; x_wconf 78' lang='lat' dir='ltr'><strong>Judais-</strong></span> 
     </span>
    </p>
   </div>
   <div class='ocr_carea' id='block_1_79' title="bbox 2132 3455 3704 3532">
    <p class='ocr_par' dir='ltr' id='par_1_79' title="bbox 2132 3455 3704 3532">
     <span class='ocr_line' id='line_1_79' title="bbox 2132 3455 3704 3532; baseline -0.006 -15"><span class='ocrx_word' id='word_1_605' title='bbox 2132 3478 2252 3517; x_wconf 89' lang='lat' dir='ltr'><strong>mus</strong></span> <span class='ocrx_word' id='word_1_606' title='bbox 2280 3471 2334 3516; x_wconf 92' lang='lat' dir='ltr'><strong>et</strong></span> <span class='ocrx_word' id='word_1_607' title='bbox 2358 3462 2631 3532; x_wconf 88' lang='lat' dir='ltr'><strong>gentilitas</strong></span> <span class='ocrx_word' id='word_1_608' title='bbox 2662 3471 2799 3517; x_wconf 92' lang='lat' dir='ltr'><strong>erat.</strong></span> <span class='ocrx_word' id='word_1_609' title='bbox 2831 3457 2964 3515; x_wconf 84' lang='lat' dir='ltr'><strong>Cum</strong></span> <span class='ocrx_word' id='word_1_610' title='bbox 2996 3468 3175 3513; x_wconf 90' lang='lat' dir='ltr'><strong>autem</strong></span> <span class='ocrx_word' id='word_1_611' title='bbox 3217 3459 3407 3522; x_wconf 86' lang='lat' dir='ltr'><strong>crevit,</strong></span> <span class='ocrx_word' id='word_1_612' title='bbox 3428 3455 3704 3526; x_wconf 84' lang='lat' dir='ltr'><strong>superavit</strong></span> 
     </span>
    </p>
   </div>
   <div class='ocr_carea' id='block_1_80' title="bbox 2132 3553 3700 3626">
    <p class='ocr_par' dir='ltr' id='par_1_80' title="bbox 2132 3553 3700 3626">
     <span class='ocr_line' id='line_1_80' title="bbox 2132 3553 3700 3626; baseline -0.008 -15"><span class='ocrx_word' id='word_1_613' title='bbox 2132 3566 2381 3626; x_wconf 86' lang='lat' dir='ltr'><strong>utraque.</strong></span> <span class='ocrx_word' id='word_1_614' title='bbox 2427 3553 2518 3609; x_wconf 86' lang='lat' dir='ltr'><strong>lsti</strong></span> <span class='ocrx_word' id='word_1_615' title='bbox 2568 3564 2694 3609; x_wconf 87' lang='lat' dir='ltr'><strong>ante</strong></span> <span class='ocrx_word' id='word_1_616' title='bbox 2742 3566 2957 3608; x_wconf 90' lang='lat' dir='ltr'><strong>crucem</strong></span> <span class='ocrx_word' id='word_1_617' title='bbox 3008 3563 3286 3605; x_wconf 88' lang='lat' dir='ltr'><strong>sermones</strong></span> <span class='ocrx_word' id='word_1_618' title='bbox 3335 3557 3501 3613; x_wconf 82' lang='lat' dir='ltr'><strong>sunt,</strong></span> <span class='ocrx_word' id='word_1_619' title='bbox 3578 3553 3700 3615; x_wconf 86' lang='lat' dir='ltr'><strong>post</strong></span> 
     </span>
    </p>
   </div>
   <div class='ocr_carea' id='block_1_81' title="bbox 2132 3640 3700 3714">
    <p class='ocr_par' dir='ltr' id='par_1_81' title="bbox 2132 3640 3700 3714">
     <span class='ocr_line' id='line_1_81' title="bbox 2132 3640 3700 3714; baseline -0.008 -11"><span class='ocrx_word' id='word_1_620' title='bbox 2132 3661 2352 3704; x_wconf 90' lang='lat' dir='ltr'><strong>crucem</strong></span> <span class='ocrx_word' id='word_1_621' title='bbox 2392 3656 2572 3701; x_wconf 91' lang='lat' dir='ltr'><strong>autem</strong></span> <span class='ocrx_word' id='word_1_622' title='bbox 2609 3660 2773 3714; x_wconf 81' lang='lat' dir='ltr'><strong>Opera</strong></span> <span class='ocrx_word' id='word_1_623' title='bbox 2816 3659 2939 3714; x_wconf 73' lang='lat' dir='ltr'><strong>qua:</strong></span> <span class='ocrx_word' id='word_1_624' title='bbox 2981 3642 3243 3697; x_wconf 87' lang='lat' dir='ltr'><strong>videmus.</strong></span> <span class='ocrx_word' id='word_1_625' title='bbox 3289 3640 3508 3694; x_wconf 89' lang='lat' dir='ltr'><strong>Interim</strong></span> <span class='ocrx_word' id='word_1_626' title='bbox 3543 3653 3700 3691; x_wconf 83' lang='lat' dir='ltr'><strong>vene-</strong></span> 
     </span>
    </p>
   </div>
   <div class='ocr_carea' id='block_1_82' title="bbox 2133 3729 3702 3808">
    <p class='ocr_par' dir='ltr' id='par_1_82' title="bbox 2133 3729 3702 3808">
     <span class='ocr_line' id='line_1_82' title="bbox 2133 3729 3702 3808; baseline -0.01 -12"><span class='ocrx_word' id='word_1_627' title='bbox 2133 3750 2260 3796; x_wconf 89' lang='lat' dir='ltr'><strong>runt</strong></span> <span class='ocrx_word' id='word_1_628' title='bbox 2284 3739 2501 3808; x_wconf 90' lang='lat' dir='ltr'><strong>quidem</strong></span> <span class='ocrx_word' id='word_1_629' title='bbox 2535 3736 2789 3807; x_wconf 85' lang='lat' dir='ltr'><strong>gentiles,</strong></span> <span class='ocrx_word' id='word_1_630' title='bbox 2820 3744 2875 3790; x_wconf 93' lang='lat' dir='ltr'><strong>et</strong></span> <span class='ocrx_word' id='word_1_631' title='bbox 2902 3734 3092 3790; x_wconf 90' lang='lat' dir='ltr'><strong>dicunt</strong></span> <span class='ocrx_word' id='word_1_632' title='bbox 3116 3730 3367 3802; x_wconf 85' lang='lat' dir='ltr'><strong>Philippo</strong></span> <span class='ocrx_word' id='word_1_633' title='bbox 3401 3750 3414 3785; x_wconf 88' lang='lat'><strong>:</strong></span> <span class='ocrx_word' id='word_1_634' title='bbox 3456 3729 3702 3783; x_wconf 81' lang='lat' dir='ltr'><strong>Volumus</strong></span> 
     </span>
    </p>
   </div>
   <div class='ocr_carea' id='block_1_83' title="bbox 2130 3821 3707 3896">
    <p class='ocr_par' dir='ltr' id='par_1_83' title="bbox 2130 3821 3707 3896">
     <span class='ocr_line' id='line_1_83' title="bbox 2130 3821 3707 3896; baseline -0.009 -8"><span class='ocrx_word' id='word_1_635' title='bbox 2130 3831 2313 3888; x_wconf 79' lang='lat' dir='ltr'><strong>Jesum</strong></span> <span class='ocrx_word' id='word_1_636' title='bbox 2342 3831 2515 3886; x_wconf 74' lang='lat' dir='ltr'><strong>ridere</strong></span> <span class='ocrx_word' id='word_1_637' title='bbox 2544 3830 2615 3896; x_wconf 81' lang='lat'><strong>“,</strong></span> <span class='ocrx_word' id='word_1_638' title='bbox 2666 3838 2721 3882; x_wconf 90' lang='lat' dir='ltr'><strong>et</strong></span> <span class='ocrx_word' id='word_1_639' title='bbox 2764 3828 2893 3882; x_wconf 87' lang='lat' dir='ltr'><strong>dicit</strong></span> <span class='ocrx_word' id='word_1_640' title='bbox 2927 3824 3085 3881; x_wconf 78' lang='lat' dir='ltr'><strong>Jesus</strong></span> <span class='ocrx_word' id='word_1_641' title='bbox 3112 3843 3126 3878; x_wconf 89' lang='lat'>:</span> <span class='ocrx_word' id='word_1_642' title='bbox 3160 3821 3314 3879; x_wconf 86' lang='lat' dir='ltr'><strong>Venit</strong></span> <span class='ocrx_word' id='word_1_643' title='bbox 3340 3824 3495 3887; x_wconf 81' lang='lat' dir='ltr'><strong>hora,</strong></span> <span class='ocrx_word' id='word_1_644' title='bbox 3527 3822 3707 3876; x_wconf 86' lang='lat' dir='ltr'><strong>crucis</strong></span> 
     </span>
    </p>
   </div>
   <div class='ocr_carea' id='block_1_84' title="bbox 2136 3913 3704 3993">
    <p class='ocr_par' dir='ltr' id='par_1_84' title="bbox 2136 3913 3704 3993">
     <span class='ocr_line' id='line_1_84' title="bbox 2136 3913 3704 3993; baseline -0.008 -14"><span class='ocrx_word' id='word_1_645' title='bbox 2136 3926 2318 3988; x_wconf 90' lang='lat' dir='ltr'><strong>timor,</strong></span> <span class='ocrx_word' id='word_1_646' title='bbox 2363 3935 2417 3976; x_wconf 91' lang='lat' dir='ltr'><strong>ut</strong></span> <span class='ocrx_word' id='word_1_647' title='bbox 2449 3921 2777 3993; x_wconf 81' lang='lat' dir='ltr'><strong>gloriﬁcetur</strong></span> <span class='ocrx_word' id='word_1_648' title='bbox 2814 3917 2989 3973; x_wconf 80' lang='lat' dir='ltr'><strong>Filius</strong></span> <span class='ocrx_word' id='word_1_649' title='bbox 3028 3917 3251 3971; x_wconf 82' lang='lat' dir='ltr'><strong>hominis</strong></span> <span class='ocrx_word' id='word_1_650' title='bbox 3276 3916 3340 3971; x_wconf 83' lang='lat'><strong>&quot;.</strong></span> <span class='ocrx_word' id='word_1_651' title='bbox 3378 3915 3539 3981; x_wconf 89' lang='lat' dir='ltr'><strong>Dicit,</strong></span> <span class='ocrx_word' id='word_1_652' title='bbox 3579 3913 3704 3984; x_wconf 82' lang='lat' dir='ltr'><strong>quia</strong></span> 
     </span>
    </p>
   </div>
   <div class='ocr_carea' id='block_1_85' title="bbox 2133 4008 3703 4081">
    <p class='ocr_par' dir='ltr' id='par_1_85' title="bbox 2133 4008 3703 4081">
     <span class='ocr_line' id='line_1_85' title="bbox 2133 4008 3703 4081; baseline -0.009 -8"><span class='ocrx_word' id='word_1_653' title='bbox 2133 4032 2255 4073; x_wconf 88' lang='lat' dir='ltr'><strong>cum</strong></span> <span class='ocrx_word' id='word_1_654' title='bbox 2306 4017 2597 4070; x_wconf 89' lang='lat' dir='ltr'><strong>crucifixus</strong></span> <span class='ocrx_word' id='word_1_655' title='bbox 2653 4014 2812 4067; x_wconf 90' lang='lat' dir='ltr'><strong>fuero</strong></span> <span class='ocrx_word' id='word_1_656' title='bbox 2862 4011 3224 4081; x_wconf 84' lang='lat' dir='ltr'><strong>glorificabor.</strong></span> <span class='ocrx_word' id='word_1_657' title='bbox 3269 4008 3380 4064; x_wconf 87' lang='lat' dir='ltr'><strong>Hoc</strong></span> <span class='ocrx_word' id='word_1_658' title='bbox 3410 4008 3566 4072; x_wconf 85' lang='lat' dir='ltr'><strong>dixit,</strong></span> <span class='ocrx_word' id='word_1_659' title='bbox 3600 4022 3703 4060; x_wconf 90' lang='lat' dir='ltr'><strong>non</strong></span> 
     </span>
    </p>
   </div>
   <div class='ocr_carea' id='block_1_86' title="bbox 2135 4100 3706 4173">
    <p class='ocr_par' dir='ltr' id='par_1_86' title="bbox 2135 4100 3706 4173">
     <span class='ocr_line' id='line_1_86' title="bbox 2135 4100 3706 4173; baseline -0.008 -10"><span class='ocrx_word' id='word_1_660' title='bbox 2135 4111 2246 4173; x_wconf 84' lang='lat' dir='ltr'><strong>fiat,</strong></span> <span class='ocrx_word' id='word_1_661' title='bbox 2289 4120 2345 4163; x_wconf 90' lang='lat' dir='ltr'><strong>et</strong></span> <span class='ocrx_word' id='word_1_662' title='bbox 2376 4117 2622 4161; x_wconf 90' lang='lat' dir='ltr'><strong>ntortuus</strong></span> <span class='ocrx_word' id='word_1_663' title='bbox 2648 4115 2751 4159; x_wconf 89' lang='lat' dir='ltr'><strong>est.</strong></span> <span class='ocrx_word' id='word_1_664' title='bbox 2789 4104 2845 4158; x_wconf 89' lang='lat' dir='ltr'><strong>Si</strong></span> <span class='ocrx_word' id='word_1_665' title='bbox 2877 4111 3053 4156; x_wconf 87' lang='lat' dir='ltr'><strong>autem</strong></span> <span class='ocrx_word' id='word_1_666' title='bbox 3086 4100 3333 4170; x_wconf 68' lang='lat' dir='ltr'><strong>prmdixit</strong></span> <span class='ocrx_word' id='word_1_667' title='bbox 3361 4110 3414 4152; x_wconf 91' lang='lat' dir='ltr'><strong>et</strong></span> <span class='ocrx_word' id='word_1_668' title='bbox 3438 4114 3533 4167; x_wconf 86' lang='lat' dir='ltr'><strong>per</strong></span> <span class='ocrx_word' id='word_1_669' title='bbox 3560 4112 3706 4151; x_wconf 77' lang='lat' dir='ltr'><strong>mor-</strong></span> 
     </span>
    </p>
   </div>
   <div class='ocr_carea' id='block_1_87' title="bbox 2134 4193 3702 4269">
    <p class='ocr_par' dir='ltr' id='par_1_87' title="bbox 2134 4193 3702 4269">
     <span class='ocr_line' id='line_1_87' title="bbox 2134 4193 3702 4269; baseline -0.008 -14"><span class='ocrx_word' id='word_1_670' title='bbox 2134 4209 2239 4255; x_wconf 89' lang='lat' dir='ltr'><strong>tem</strong></span> <span class='ocrx_word' id='word_1_671' title='bbox 2290 4198 2539 4269; x_wconf 87' lang='lat' dir='ltr'><strong>perfecit,</strong></span> <span class='ocrx_word' id='word_1_672' title='bbox 2587 4213 2621 4252; x_wconf 91' lang='lat' dir='ltr'><strong>o</strong></span> <span class='ocrx_word' id='word_1_673' title='bbox 2668 4196 2904 4266; x_wconf 86' lang='lat' dir='ltr'><strong>potentia</strong></span> <span class='ocrx_word' id='word_1_674' title='bbox 2955 4193 3171 4246; x_wconf 89' lang='lat' dir='ltr'><strong>virtutis</strong></span> <span class='ocrx_word' id='word_1_675' title='bbox 3220 4207 3315 4260; x_wconf 91' lang='lat' dir='ltr'><strong>per</strong></span> <span class='ocrx_word' id='word_1_676' title='bbox 3336 4206 3399 4245; x_wconf 91' lang='lat' dir='ltr'><strong>ea</strong></span> <span class='ocrx_word' id='word_1_677' title='bbox 3432 4205 3551 4260; x_wconf 69' lang='lat' dir='ltr'><strong>quae</strong></span> <span class='ocrx_word' id='word_1_678' title='bbox 3598 4206 3702 4243; x_wconf 79' lang='lat' dir='ltr'><strong>non</strong></span> 
     </span>
    </p>
   </div>
   <div class='ocr_carea' id='block_1_88' title="bbox 2132 4282 3702 4354">
    <p class='ocr_par' dir='ltr' id='par_1_88' title="bbox 2132 4282 3702 4354">
     <span class='ocr_line' id='line_1_88' title="bbox 2132 4282 3702 4354; baseline -0.01 -6"><span class='ocrx_word' id='word_1_679' title='bbox 2132 4301 2259 4348; x_wconf 87' lang='lat' dir='ltr'><strong>sunt</strong></span> <span class='ocrx_word' id='word_1_680' title='bbox 2304 4291 2504 4345; x_wconf 87' lang='lat' dir='ltr'><strong>fortia!</strong></span> <span class='ocrx_word' id='word_1_681' title='bbox 2554 4290 2660 4343; x_wconf 89' lang='lat' dir='ltr'><strong>Sed</strong></span> <span class='ocrx_word' id='word_1_682' title='bbox 2708 4287 2871 4342; x_wconf 89' lang='lat' dir='ltr'><strong>nolite</strong></span> <span class='ocrx_word' id='word_1_683' title='bbox 2903 4284 3130 4354; x_wconf 87' lang='lat' dir='ltr'><strong>fatigare</strong></span> <span class='ocrx_word' id='word_1_684' title='bbox 3170 4284 3236 4338; x_wconf 90' lang='lat' dir='ltr'><strong>de</strong></span> <span class='ocrx_word' id='word_1_685' title='bbox 3278 4282 3702 4345; x_wconf 72' lang='lat' dir='ltr'><strong>resurrectione,</strong></span> 
     </span>
    </p>
   </div>
   <div class='ocr_carea' id='block_1_89' title="bbox 2132 4374 3699 4451">
    <p class='ocr_par' dir='ltr' id='par_1_89' title="bbox 2132 4374 3699 4451">
     <span class='ocr_line' id='line_1_89' title="bbox 2132 4374 3699 4451; baseline -0.008 -10"><span class='ocrx_word' id='word_1_686' title='bbox 2132 4385 2185 4441; x_wconf 91' lang='lat' dir='ltr'><strong>in</strong></span> <span class='ocrx_word' id='word_1_687' title='bbox 2240 4384 2330 4441; x_wconf 90' lang='lat' dir='ltr'><strong>die</strong></span> <span class='ocrx_word' id='word_1_688' title='bbox 2365 4381 2748 4451; x_wconf 85' lang='lat' dir='ltr'><strong>assumptionis</strong></span> <span class='ocrx_word' id='word_1_689' title='bbox 2795 4379 3002 4434; x_wconf 90' lang='lat' dir='ltr'><strong>audire.</strong></span> <span class='ocrx_word' id='word_1_690' title='bbox 3054 4374 3343 4430; x_wconf 89' lang='lat' dir='ltr'><strong>Festivitas</strong></span> <span class='ocrx_word' id='word_1_691' title='bbox 3389 4383 3473 4429; x_wconf 81' lang='lat' dir='ltr'><strong>est</strong></span> <span class='ocrx_word' id='word_1_692' title='bbox 3522 4374 3699 4444; x_wconf 88' lang='lat' dir='ltr'><strong>primo</strong></span> 
     </span>
    </p>
   </div>
   <div class='ocr_carea' id='block_1_90' title="bbox 2133 4467 3709 4545">
    <p class='ocr_par' dir='ltr' id='par_1_90' title="bbox 2133 4467 3709 4545">
     <span class='ocr_line' id='line_1_90' title="bbox 2133 4467 3709 4545; baseline -0.008 -13"><span class='ocrx_word' id='word_1_693' title='bbox 2133 4478 2362 4541; x_wconf 89' lang='lat' dir='ltr'><strong>animas,</strong></span> <span class='ocrx_word' id='word_1_694' title='bbox 2402 4486 2457 4531; x_wconf 92' lang='lat' dir='ltr'><strong>et</strong></span> <span class='ocrx_word' id='word_1_695' title='bbox 2496 4476 2568 4530; x_wconf 90' lang='lat' dir='ltr'><strong>ita</strong></span> <span class='ocrx_word' id='word_1_696' title='bbox 2608 4482 2822 4530; x_wconf 89' lang='lat' dir='ltr'><strong>ventres</strong></span> <span class='ocrx_word' id='word_1_697' title='bbox 2854 4472 2954 4545; x_wconf 83' lang='grc' dir='ltr'><strong>(Ι).</strong></span> <span class='ocrx_word' id='word_1_698' title='bbox 2989 4471 3173 4527; x_wconf 88' lang='lat' dir='ltr'><strong>Primo</strong></span> <span class='ocrx_word' id='word_1_699' title='bbox 3204 4470 3365 4525; x_wconf 89' lang='lat' dir='ltr'><strong>debes</strong></span> <span class='ocrx_word' id='word_1_700' title='bbox 3390 4467 3709 4522; x_wconf 88' lang='lat' dir='ltr'><strong>condiscere</strong></span> 
     </span>
    </p>
   </div>
   <div class='ocr_carea' id='block_1_91' title="bbox 459 4556 3707 4639">
    <p class='ocr_par' dir='ltr' id='par_1_91' title="bbox 459 4556 3707 4639">
     <span class='ocr_line' id='line_1_91' title="bbox 459 4556 3707 4639; baseline -0.008 -3"><span class='ocrx_word' id='word_1_701' title='bbox 459 4573 581 4636; x_wconf 69' lang='grc' dir='ltr'><strong>βίον</strong></span> <span class='ocrx_word' id='word_1_702' title='bbox 615 4563 882 4629; x_wconf 60' lang='lat' dir='ltr'><strong>&quot;ualli&quot;;</strong></span> <span class='ocrx_word' id='word_1_703' title='bbox 916 4571 971 4617; x_wconf 76' lang='grc' dir='ltr'><strong>ει</strong></span> <span class='ocrx_word' id='word_1_704' title='bbox 1011 4562 1136 4632; x_wconf 65' lang='lat' dir='ltr'><strong>(illia</strong></span> <span class='ocrx_word' id='word_1_705' title='bbox 1183 4570 1238 4616; x_wconf 72' lang='grc' dir='ltr'><strong>ει</strong></span> <span class='ocrx_word' id='word_1_706' title='bbox 1277 4558 1605 4631; x_wconf 59' lang='lat' dir='ltr'><strong>Pauperibus</strong></span> <span class='ocrx_word' id='word_1_707' title='bbox 1633 4559 1801 4612; x_wconf 66' lang='lat' dir='ltr'><strong>dom“</strong></span> <span class='ocrx_word' id='word_1_708' title='bbox 1846 4556 2030 4611; x_wconf 69' lang='grc' dir='ltr'><strong>ίιιευτ·</strong></span> <span class='ocrx_word' id='word_1_709' title='bbox 2062 4569 2107 4624; x_wconf 90' lang='lat' dir='ltr'><strong>D</strong></span> <span class='ocrx_word' id='word_1_710' title='bbox 2132 4571 2217 4627; x_wconf 92' lang='lat' dir='ltr'><strong>cui</strong></span> <span class='ocrx_word' id='word_1_711' title='bbox 2258 4569 2474 4625; x_wconf 91' lang='lat' dir='ltr'><strong>feriaris</strong></span> <span class='ocrx_word' id='word_1_712' title='bbox 2505 4585 2520 4637; x_wconf 91' lang='lat'><strong>;</strong></span> <span class='ocrx_word' id='word_1_713' title='bbox 2556 4568 2735 4639; x_wconf 89' lang='lat' dir='ltr'><strong>primo</strong></span> <span class='ocrx_word' id='word_1_714' title='bbox 2782 4568 2945 4622; x_wconf 88' lang='lat' dir='ltr'><strong>debes</strong></span> <span class='ocrx_word' id='word_1_715' title='bbox 2976 4576 3273 4636; x_wconf 83' lang='lat' dir='ltr'><strong>agnoscere</strong></span> <span class='ocrx_word' id='word_1_716' title='bbox 3305 4563 3430 4631; x_wconf 89' lang='lat' dir='ltr'><strong>quia</strong></span> <span class='ocrx_word' id='word_1_717' title='bbox 3473 4560 3607 4613; x_wconf 87' lang='lat' dir='ltr'><strong>vivit</strong></span> <span class='ocrx_word' id='word_1_718' title='bbox 3651 4557 3707 4611; x_wconf 79' lang='lat' dir='ltr'><strong>it.</strong></span> 
     </span>
    </p>
   </div>
   <div class='ocr_carea' id='block_1_92' title="bbox 461 4646 2035 4711">
    <p class='ocr_par' dir='ltr' id='par_1_92' title="bbox 461 4646 2035 4711">
     <span class='ocr_line' id='line_1_92' title="bbox 461 4646 2035 4711; baseline -0.008 0"><span class='ocrx_word' id='word_1_719' title='bbox 461 4656 658 4711; x_wconf 89' lang='lat' dir='ltr'><strong>rentia.</strong></span> <span class='ocrx_word' id='word_1_720' title='bbox 693 4655 950 4710; x_wconf 88' lang='lat' dir='ltr'><strong>Dominus</strong></span> <span class='ocrx_word' id='word_1_721' title='bbox 979 4665 1158 4709; x_wconf 89' lang='lat' dir='ltr'><strong>autem</strong></span> <span class='ocrx_word' id='word_1_722' title='bbox 1206 4654 1271 4707; x_wconf 86' lang='lat' dir='ltr'><strong>ad</strong></span> <span class='ocrx_word' id='word_1_723' title='bbox 1308 4655 1608 4708; x_wconf 90' lang='lat' dir='ltr'><strong>irascentes</strong></span> <span class='ocrx_word' id='word_1_724' title='bbox 1657 4666 1672 4702; x_wconf 89' lang='lat'><strong>:</strong></span> <span class='ocrx_word' id='word_1_725' title='bbox 1717 4648 1913 4709; x_wconf 84' lang='lat' dir='ltr'><strong>Nolite,</strong></span> <span class='ocrx_word' id='word_1_726' title='bbox 1952 4646 2035 4699; x_wconf 90' lang='lat' dir='ltr'><strong>in-</strong></span> 
     </span>
    </p>
   </div>
   <div class='ocr_carea' id='block_1_93' title="bbox 458 4742 2037 4819">
    <p class='ocr_par' dir='ltr' id='par_1_93' title="bbox 458 4742 2037 4819">
     <span class='ocr_line' id='line_1_93' title="bbox 458 4742 2037 4819; baseline -0.006 -17"><span class='ocrx_word' id='word_1_727' title='bbox 458 4749 597 4817; x_wconf 87' lang='lat' dir='ltr'><strong>quit,</strong></span> <span class='ocrx_word' id='word_1_728' title='bbox 638 4762 883 4816; x_wconf 69' lang='lat' dir='ltr'><strong>quterere</strong></span> <span class='ocrx_word' id='word_1_729' title='bbox 908 4748 1036 4819; x_wconf 91' lang='lat' dir='ltr'><strong>quid</strong></span> <span class='ocrx_word' id='word_1_730' title='bbox 1065 4762 1168 4819; x_wconf 89' lang='lat' dir='ltr'><strong>ego</strong></span> <span class='ocrx_word' id='word_1_731' title='bbox 1200 4747 1384 4812; x_wconf 90' lang='lat' dir='ltr'><strong>velim,</strong></span> <span class='ocrx_word' id='word_1_732' title='bbox 1429 4745 1521 4801; x_wconf 91' lang='lat' dir='ltr'><strong>sed</strong></span> <span class='ocrx_word' id='word_1_733' title='bbox 1550 4742 1674 4813; x_wconf 91' lang='lat' dir='ltr'><strong>quis</strong></span> <span class='ocrx_word' id='word_1_734' title='bbox 1713 4751 1768 4796; x_wconf 91' lang='lat' dir='ltr'><strong>et</strong></span> <span class='ocrx_word' id='word_1_735' title='bbox 1804 4756 1923 4811; x_wconf 65' lang='lat' dir='ltr'><strong>quae</strong></span> <span class='ocrx_word' id='word_1_736' title='bbox 1952 4748 2037 4793; x_wconf 89' lang='lat' dir='ltr'><strong>est</strong></span> 
     </span>
    </p>
   </div>
   <div class='ocr_carea' id='block_1_94' title="bbox 459 4831 2031 4910">
    <p class='ocr_par' dir='ltr' id='par_1_94' title="bbox 459 4831 2031 4910">
     <span class='ocr_line' id='line_1_94' title="bbox 459 4831 2031 4910; baseline -0.004 -19"><span class='ocrx_word' id='word_1_737' title='bbox 459 4840 719 4895; x_wconf 90' lang='lat' dir='ltr'><strong>voluntas</strong></span> <span class='ocrx_word' id='word_1_738' title='bbox 742 4844 861 4909; x_wconf 76' lang='lat' dir='ltr'><strong>ejus</strong></span> <span class='ocrx_word' id='word_1_739' title='bbox 891 4840 980 4910; x_wconf 91' lang='lat' dir='ltr'><strong>qui</strong></span> <span class='ocrx_word' id='word_1_740' title='bbox 1006 4838 1228 4895; x_wconf 91' lang='lat' dir='ltr'><strong>immisit</strong></span> <span class='ocrx_word' id='word_1_741' title='bbox 1262 4837 1397 4909; x_wconf 88' lang='lat'><strong>(98).</strong></span> <span class='ocrx_word' id='word_1_742' title='bbox 1431 4835 1603 4891; x_wconf 82' lang='lat' dir='ltr'><strong>Nolite</strong></span> <span class='ocrx_word' id='word_1_743' title='bbox 1632 4849 1752 4889; x_wconf 89' lang='lat' dir='ltr'><strong>esse</strong></span> <span class='ocrx_word' id='word_1_744' title='bbox 1779 4831 1988 4887; x_wconf 90' lang='lat' dir='ltr'><strong>molesti</strong></span> <span class='ocrx_word' id='word_1_745' title='bbox 2016 4848 2031 4885; x_wconf 91' lang='lat'><strong>:</strong></span> 
     </span>
    </p>
   </div>
   <div class='ocr_carea' id='block_1_95' title="bbox 460 4926 2031 4999">
    <p class='ocr_par' dir='ltr' id='par_1_95' title="bbox 460 4926 2031 4999">
     <span class='ocr_line' id='line_1_95' title="bbox 460 4926 2031 4999; baseline -0.005 -12"><span class='ocrx_word' id='word_1_746' title='bbox 460 4931 591 4988; x_wconf 85' lang='lat' dir='ltr'><strong>fecit</strong></span> <span class='ocrx_word' id='word_1_747' title='bbox 631 4933 801 4990; x_wconf 91' lang='lat' dir='ltr'><strong>enim.</strong></span> <span class='ocrx_word' id='word_1_748' title='bbox 851 4932 1005 4999; x_wconf 90' lang='lat' dir='ltr'><strong>Quod</strong></span> <span class='ocrx_word' id='word_1_749' title='bbox 1055 4942 1235 4987; x_wconf 89' lang='lat' dir='ltr'><strong>autem</strong></span> <span class='ocrx_word' id='word_1_750' title='bbox 1288 4930 1417 4986; x_wconf 87' lang='lat' dir='ltr'><strong>fecit</strong></span> <span class='ocrx_word' id='word_1_751' title='bbox 1459 4930 1585 4992; x_wconf 83' lang='lat' dir='ltr'><strong>ista,</strong></span> <span class='ocrx_word' id='word_1_752' title='bbox 1638 4943 1742 4982; x_wconf 90' lang='lat' dir='ltr'><strong>non</strong></span> <span class='ocrx_word' id='word_1_753' title='bbox 1796 4926 2031 4996; x_wconf 86' lang='lat' dir='ltr'><strong>ignorat.</strong></span> 
     </span>
    </p>
   </div>
   <div class='ocr_carea' id='block_1_96' title="bbox 460 5020 2027 5085">
    <p class='ocr_par' dir='ltr' id='par_1_96' title="bbox 460 5020 2027 5085">
     <span class='ocr_line' id='line_1_96' title="bbox 460 5020 2027 5085; baseline -0.004 -5"><span class='ocrx_word' id='word_1_754' title='bbox 460 5024 797 5081; x_wconf 71' lang='lat' dir='ltr'><strong>Praenuntiat</strong></span> <span class='ocrx_word' id='word_1_755' title='bbox 842 5026 945 5081; x_wconf 91' lang='lat' dir='ltr'><strong>ista</strong></span> <span class='ocrx_word' id='word_1_756' title='bbox 992 5040 1169 5081; x_wconf 88' lang='lat' dir='ltr'><strong>meam</strong></span> <span class='ocrx_word' id='word_1_757' title='bbox 1216 5035 1469 5080; x_wconf 89' lang='lat' dir='ltr'><strong>mortem.</strong></span> <span class='ocrx_word' id='word_1_758' title='bbox 1526 5022 1841 5085; x_wconf 83' lang='lat' dir='ltr'><strong>immittitur</strong></span> <span class='ocrx_word' id='word_1_759' title='bbox 1882 5020 2027 5075; x_wconf 90' lang='lat' dir='ltr'><strong>enim</strong></span> 
     </span>
    </p>
   </div>
   <div class='ocr_carea' id='block_1_97' title="bbox 460 5110 2029 5188">
    <p class='ocr_par' dir='ltr' id='par_1_97' title="bbox 460 5110 2029 5188">
     <span class='ocr_line' id='line_1_97' title="bbox 460 5110 2029 5188; baseline -0.004 -16"><span class='ocrx_word' id='word_1_760' title='bbox 460 5115 713 5188; x_wconf 87' lang='lat' dir='ltr'><strong>gentibus</strong></span> <span class='ocrx_word' id='word_1_761' title='bbox 742 5115 832 5183; x_wconf 91' lang='lat' dir='ltr'><strong>qui</strong></span> <span class='ocrx_word' id='word_1_762' title='bbox 872 5116 1177 5171; x_wconf 88' lang='lat' dir='ltr'><strong>metiuntur</strong></span> <span class='ocrx_word' id='word_1_763' title='bbox 1198 5126 1550 5185; x_wconf 88' lang='lat' dir='ltr'><strong>unguentum.</strong></span> <span class='ocrx_word' id='word_1_764' title='bbox 1583 5114 1650 5169; x_wconf 86' lang='lat' dir='ltr'><strong>Et</strong></span> <span class='ocrx_word' id='word_1_765' title='bbox 1683 5129 1787 5167; x_wconf 89' lang='lat' dir='ltr'><strong>una</strong></span> <span class='ocrx_word' id='word_1_766' title='bbox 1810 5110 2029 5183; x_wconf 89' lang='lat' dir='ltr'><strong>quidem</strong></span> 
     </span>
    </p>
   </div>
   <div class='ocr_carea' id='block_1_98' title="bbox 461 5203 2032 5278">
    <p class='ocr_par' dir='ltr' id='par_1_98' title="bbox 461 5203 2032 5278">
     <span class='ocr_line' id='line_1_98' title="bbox 461 5203 2032 5278; baseline -0.004 -17"><span class='ocrx_word' id='word_1_767' title='bbox 461 5207 773 5278; x_wconf 58' lang='lat' dir='ltr'><strong>pradicatio</strong></span> <span class='ocrx_word' id='word_1_768' title='bbox 817 5210 943 5278; x_wconf 88' lang='lat' dir='ltr'><strong>quia</strong></span> <span class='ocrx_word' id='word_1_769' title='bbox 990 5208 1253 5263; x_wconf 91' lang='lat' dir='ltr'><strong>morietur</strong></span> <span class='ocrx_word' id='word_1_770' title='bbox 1287 5224 1303 5263; x_wconf 92' lang='lat'><strong>:</strong></span> <span class='ocrx_word' id='word_1_771' title='bbox 1348 5208 1441 5262; x_wconf 90' lang='lat' dir='ltr'><strong>sed</strong></span> <span class='ocrx_word' id='word_1_772' title='bbox 1487 5208 1590 5261; x_wconf 90' lang='lat' dir='ltr'><strong>ista</strong></span> <span class='ocrx_word' id='word_1_773' title='bbox 1628 5219 1734 5259; x_wconf 85' lang='lat' dir='ltr'><strong>non</strong></span> <span class='ocrx_word' id='word_1_774' title='bbox 1769 5204 1841 5258; x_wconf 89' lang='lat' dir='ltr'><strong>sit</strong></span> <span class='ocrx_word' id='word_1_775' title='bbox 1870 5203 2032 5257; x_wconf 86' lang='lat' dir='ltr'><strong>mira-</strong></span> 
     </span>
    </p>
   </div>
   <div class='ocr_carea' id='block_1_99' title="bbox 461 5296 2030 5366">
    <p class='ocr_par' dir='ltr' id='par_1_99' title="bbox 461 5296 2030 5366">
     <span class='ocr_line' id='line_1_99' title="bbox 461 5296 2030 5366; baseline -0.005 -11"><span class='ocrx_word' id='word_1_776' title='bbox 461 5299 603 5355; x_wconf 81' lang='lat' dir='ltr'><strong>bilis.</strong></span> <span class='ocrx_word' id='word_1_777' title='bbox 639 5300 802 5354; x_wconf 82' lang='lat' dir='ltr'><strong>Addit</strong></span> <span class='ocrx_word' id='word_1_778' title='bbox 830 5303 975 5357; x_wconf 90' lang='lat' dir='ltr'><strong>enim</strong></span> <span class='ocrx_word' id='word_1_779' title='bbox 1009 5320 1024 5357; x_wconf 91' lang='lat'><strong>:</strong></span> <span class='ocrx_word' id='word_1_780' title='bbox 1056 5304 1219 5357; x_wconf 83' lang='lat' dir='ltr'><strong>Amen</strong></span> <span class='ocrx_word' id='word_1_781' title='bbox 1248 5318 1402 5355; x_wconf 88' lang='lat' dir='ltr'><strong>amen</strong></span> <span class='ocrx_word' id='word_1_782' title='bbox 1431 5301 1548 5354; x_wconf 84' lang='lat' dir='ltr'><strong>dico</strong></span> <span class='ocrx_word' id='word_1_783' title='bbox 1582 5298 1739 5361; x_wconf 80' lang='lat' dir='ltr'><strong>vobis,</strong></span> <span class='ocrx_word' id='word_1_784' title='bbox 1766 5296 1888 5366; x_wconf 86' lang='lat' dir='ltr'><strong>quia</strong></span> <span class='ocrx_word' id='word_1_785' title='bbox 1911 5312 2030 5349; x_wconf 85' lang='lat' dir='ltr'><strong>cum</strong></span> 
     </span>
    </p>
   </div>
   <div class='ocr_carea' id='block_1_100' title="bbox 461 5388 2028 5463">
    <p class='ocr_par' dir='ltr' id='par_1_100' title="bbox 461 5388 2028 5463">
     <span class='ocr_line' id='line_1_100' title="bbox 461 5388 2028 5463; baseline -0.003 -18"><span class='ocrx_word' id='word_1_786' title='bbox 461 5392 809 5460; x_wconf 77' lang='lat' dir='ltr'><strong>prtvdicatum</strong></span> <span class='ocrx_word' id='word_1_787' title='bbox 854 5393 1016 5463; x_wconf 76' lang='lat' dir='ltr'><strong>fuerit</strong></span> <span class='ocrx_word' id='word_1_788' title='bbox 1072 5410 1258 5449; x_wconf 84' lang='lat' dir='ltr'><strong>nomen</strong></span> <span class='ocrx_word' id='word_1_789' title='bbox 1303 5408 1476 5446; x_wconf 86' lang='lat' dir='ltr'><strong>meum</strong></span> <span class='ocrx_word' id='word_1_790' title='bbox 1533 5394 1589 5446; x_wconf 85' lang='lat' dir='ltr'><strong>in</strong></span> <span class='ocrx_word' id='word_1_791' title='bbox 1638 5390 1781 5445; x_wconf 87' lang='lat' dir='ltr'><strong>omni</strong></span> <span class='ocrx_word' id='word_1_792' title='bbox 1810 5388 2028 5455; x_wconf 85' lang='lat' dir='ltr'><strong>mundo,</strong></span> 
     </span>
    </p>
   </div>
   <div class='ocr_carea' id='block_1_101' title="bbox 2134 4651 3711 4731">
    <p class='ocr_par' dir='ltr' id='par_1_101' title="bbox 2134 4651 3711 4731">
     <span class='ocr_line' id='line_1_101' title="bbox 2134 4651 3711 4731; baseline -0.007 -17"><span class='ocrx_word' id='word_1_793' title='bbox 2134 4676 2242 4731; x_wconf 91' lang='lat' dir='ltr'><strong>quo</strong></span> <span class='ocrx_word' id='word_1_794' title='bbox 2290 4661 2521 4715; x_wconf 87' lang='lat' dir='ltr'><strong>habetur</strong></span> <span class='ocrx_word' id='word_1_795' title='bbox 2566 4675 2711 4730; x_wconf 90' lang='lat' dir='ltr'><strong>spes,</strong></span> <span class='ocrx_word' id='word_1_796' title='bbox 2760 4669 2819 4714; x_wconf 93' lang='lat' dir='ltr'><strong>ut</strong></span> <span class='ocrx_word' id='word_1_797' title='bbox 2858 4675 3081 4714; x_wconf 87' lang='lat' dir='ltr'><strong>securus</strong></span> <span class='ocrx_word' id='word_1_798' title='bbox 3115 4662 3430 4711; x_wconf 85' lang='lat' dir='ltr'><strong>manduces.</strong></span> <span class='ocrx_word' id='word_1_799' title='bbox 3463 4651 3520 4705; x_wconf 90' lang='lat' dir='ltr'><strong>Si</strong></span> <span class='ocrx_word' id='word_1_800' title='bbox 3565 4665 3711 4705; x_wconf 90' lang='lat' dir='ltr'><strong>mor-</strong></span> 
     </span>
    </p>
   </div>
   <div class='ocr_carea' id='block_1_102' title="bbox 2136 4741 3813 4820">
    <p class='ocr_par' dir='ltr' id='par_1_102' title="bbox 2136 4741 3813 4820">
     <span class='ocr_line' id='line_1_102' title="bbox 2136 4741 3813 4820; baseline -0.01 -12"><span class='ocrx_word' id='word_1_801' title='bbox 2136 4763 2259 4808; x_wconf 85' lang='lat' dir='ltr'><strong>tuus</strong></span> <span class='ocrx_word' id='word_1_802' title='bbox 2307 4762 2385 4806; x_wconf 90' lang='lat' dir='ltr'><strong>est</strong></span> <span class='ocrx_word' id='word_1_803' title='bbox 2433 4752 2523 4820; x_wconf 91' lang='lat' dir='ltr'><strong>qui</strong></span> <span class='ocrx_word' id='word_1_804' title='bbox 2562 4751 2906 4816; x_wconf 89' lang='lat' dir='ltr'><strong>adhortatur,</strong></span> <span class='ocrx_word' id='word_1_805' title='bbox 2954 4748 3119 4820; x_wconf 90' lang='lat' dir='ltr'><strong>lugeri</strong></span> <span class='ocrx_word' id='word_1_806' title='bbox 3153 4754 3387 4817; x_wconf 88' lang='lat' dir='ltr'><strong>oportet.</strong></span> <span class='ocrx_word' id='word_1_807' title='bbox 3433 4741 3489 4798; x_wconf 92' lang='lat' dir='ltr'><strong>Si</strong></span> <span class='ocrx_word' id='word_1_808' title='bbox 3525 4751 3707 4796; x_wconf 88' lang='lat' dir='ltr'><strong>autem</strong></span> <span class='ocrx_word' id='word_1_809' title='bbox 3806 4758 3813 4768; x_wconf 92' lang='grc'><strong>·</strong></span> 
     </span>
    </p>
   </div>
   <div class='ocr_carea' id='block_1_103' title="bbox 2135 4833 3709 4912">
    <p class='ocr_par' dir='ltr' id='par_1_103' title="bbox 2135 4833 3709 4912">
     <span class='ocr_line' id='line_1_103' title="bbox 2135 4833 3709 4912; baseline -0.009 -13"><span class='ocrx_word' id='word_1_810' title='bbox 2135 4843 2282 4899; x_wconf 86' lang='lat' dir='ltr'><strong>suasi</strong></span> <span class='ocrx_word' id='word_1_811' title='bbox 2336 4842 2601 4898; x_wconf 88' lang='lat' dir='ltr'><strong>fuerimus</strong></span> <span class='ocrx_word' id='word_1_812' title='bbox 2629 4844 2753 4912; x_wconf 88' lang='lat' dir='ltr'><strong>quia</strong></span> <span class='ocrx_word' id='word_1_813' title='bbox 2790 4844 2922 4898; x_wconf 85' lang='lat' dir='ltr'><strong>vivit</strong></span> <span class='ocrx_word' id='word_1_814' title='bbox 2963 4853 3016 4897; x_wconf 92' lang='lat' dir='ltr'><strong>et</strong></span> <span class='ocrx_word' id='word_1_815' title='bbox 3046 4840 3302 4906; x_wconf 84' lang='lat' dir='ltr'><strong>viviﬁcat,</strong></span> <span class='ocrx_word' id='word_1_816' title='bbox 3326 4845 3380 4893; x_wconf 88' lang='lat' dir='ltr'><strong>et</strong></span> <span class='ocrx_word' id='word_1_817' title='bbox 3406 4836 3451 4891; x_wconf 93' lang='lat' dir='ltr'><strong>si</strong></span> <span class='ocrx_word' id='word_1_818' title='bbox 3484 4833 3709 4889; x_wconf 83' lang='lat' dir='ltr'><strong>mandu-</strong></span> 
     </span>
    </p>
   </div>
   <div class='ocr_carea' id='block_1_104' title="bbox 2136 4923 3708 5003">
    <p class='ocr_par' dir='ltr' id='par_1_104' title="bbox 2136 4923 3708 5003">
     <span class='ocr_line' id='line_1_104' title="bbox 2136 4923 3708 5003; baseline -0.008 -14"><span class='ocrx_word' id='word_1_819' title='bbox 2136 4934 2448 4989; x_wconf 86' lang='lat' dir='ltr'><strong>caverimus</strong></span> <span class='ocrx_word' id='word_1_820' title='bbox 2475 4944 2529 4989; x_wconf 92' lang='lat' dir='ltr'><strong>et</strong></span> <span class='ocrx_word' id='word_1_821' title='bbox 2575 4935 2895 4997; x_wconf 89' lang='lat' dir='ltr'><strong>biberimus,</strong></span> <span class='ocrx_word' id='word_1_822' title='bbox 2935 4942 2990 4987; x_wconf 92' lang='lat' dir='ltr'><strong>et</strong></span> <span class='ocrx_word' id='word_1_823' title='bbox 3028 4945 3366 5003; x_wconf 68' lang='lat' dir='ltr'><strong>quaecunque</strong></span> <span class='ocrx_word' id='word_1_824' title='bbox 3414 4927 3525 4980; x_wconf 86' lang='lat' dir='ltr'><strong>alia</strong></span> <span class='ocrx_word' id='word_1_825' title='bbox 3561 4923 3708 4979; x_wconf 87' lang='lat' dir='ltr'><strong>fece-</strong></span> 
     </span>
    </p>
   </div>
   <div class='ocr_carea' id='block_1_105' title="bbox 2137 5015 3711 5093">
    <p class='ocr_par' dir='ltr' id='par_1_105' title="bbox 2137 5015 3711 5093">
     <span class='ocr_line' id='line_1_105' title="bbox 2137 5015 3711 5093; baseline -0.006 -16"><span class='ocrx_word' id='word_1_826' title='bbox 2137 5023 2344 5087; x_wconf 90' lang='lat' dir='ltr'><strong>rimus,</strong></span> <span class='ocrx_word' id='word_1_827' title='bbox 2399 5023 2451 5077; x_wconf 90' lang='lat' dir='ltr'><strong>in</strong></span> <span class='ocrx_word' id='word_1_828' title='bbox 2500 5022 2725 5093; x_wconf 86' lang='lat' dir='ltr'><strong>gloriam</strong></span> <span class='ocrx_word' id='word_1_829' title='bbox 2780 5022 3016 5077; x_wconf 88' lang='lat' dir='ltr'><strong>viventis</strong></span> <span class='ocrx_word' id='word_1_830' title='bbox 3068 5019 3349 5075; x_wconf 88' lang='lat' dir='ltr'><strong>faciemus.</strong></span> <span class='ocrx_word' id='word_1_831' title='bbox 3407 5015 3711 5071; x_wconf 86' lang='lat' dir='ltr'><strong>Suademus</strong></span> 
     </span>
    </p>
   </div>
   <div class='ocr_carea' id='block_1_106' title="bbox 2137 5106 3706 5185">
    <p class='ocr_par' dir='ltr' id='par_1_106' title="bbox 2137 5106 3706 5185">
     <span class='ocr_line' id='line_1_106' title="bbox 2137 5106 3706 5185; baseline -0.004 -18"><span class='ocrx_word' id='word_1_832' title='bbox 2137 5114 2301 5184; x_wconf 88' lang='lat' dir='ltr'><strong>igitur</strong></span> <span class='ocrx_word' id='word_1_833' title='bbox 2332 5124 2387 5168; x_wconf 89' lang='lat' dir='ltr'><strong>et</strong></span> <span class='ocrx_word' id='word_1_834' title='bbox 2434 5124 2487 5169; x_wconf 89' lang='lat' dir='ltr'><strong>ut</strong></span> <span class='ocrx_word' id='word_1_835' title='bbox 2519 5116 2818 5184; x_wconf 85' lang='lat' dir='ltr'><strong>gaudentes</strong></span> <span class='ocrx_word' id='word_1_836' title='bbox 2842 5115 3143 5185; x_wconf 86' lang='lat' dir='ltr'><strong>epulemur.</strong></span> <span class='ocrx_word' id='word_1_837' title='bbox 3191 5112 3356 5168; x_wconf 86' lang='lat' dir='ltr'><strong>Putas</strong></span> <span class='ocrx_word' id='word_1_838' title='bbox 3383 5110 3529 5165; x_wconf 89' lang='lat' dir='ltr'><strong>enim</strong></span> <span class='ocrx_word' id='word_1_839' title='bbox 3576 5106 3706 5177; x_wconf 89' lang='lat' dir='ltr'><strong>quia</strong></span> 
     </span>
    </p>
   </div>
   <div class='ocr_carea' id='block_1_107' title="bbox 2136 5200 3707 5265">
    <p class='ocr_par' dir='ltr' id='par_1_107' title="bbox 2136 5200 3707 5265">
     <span class='ocr_line' id='line_1_107' title="bbox 2136 5200 3707 5265; baseline -0.004 -6"><span class='ocrx_word' id='word_1_840' title='bbox 2136 5206 2313 5261; x_wconf 91' lang='lat' dir='ltr'><strong>adhuc</strong></span> <span class='ocrx_word' id='word_1_841' title='bbox 2344 5208 2680 5263; x_wconf 89' lang='lat' dir='ltr'><strong>necessarius</strong></span> <span class='ocrx_word' id='word_1_842' title='bbox 2718 5223 2896 5261; x_wconf 89' lang='lat' dir='ltr'><strong>sermo</strong></span> <span class='ocrx_word' id='word_1_843' title='bbox 2933 5217 3037 5262; x_wconf 90' lang='lat' dir='ltr'><strong>est.</strong></span> <span class='ocrx_word' id='word_1_844' title='bbox 3089 5206 3278 5261; x_wconf 82' lang='lat' dir='ltr'><strong>Adhuc</strong></span> <span class='ocrx_word' id='word_1_845' title='bbox 3320 5204 3464 5259; x_wconf 90' lang='lat' dir='ltr'><strong>enim</strong></span> <span class='ocrx_word' id='word_1_846' title='bbox 3512 5200 3707 5265; x_wconf 75' lang='lat' dir='ltr'><strong>suade-</strong></span> 
     </span>
    </p>
   </div>
   <div class='ocr_carea' id='block_1_108' title="bbox 2138 5291 3709 5366">
    <p class='ocr_par' dir='ltr' id='par_1_108' title="bbox 2138 5291 3709 5366">
     <span class='ocr_line' id='line_1_108' title="bbox 2138 5291 3709 5366; baseline -0.003 -16"><span class='ocrx_word' id='word_1_847' title='bbox 2138 5313 2277 5351; x_wconf 91' lang='lat' dir='ltr'><strong>mur.</strong></span> <span class='ocrx_word' id='word_1_848' title='bbox 2306 5296 2482 5352; x_wconf 89' lang='lat' dir='ltr'><strong>Unum</strong></span> <span class='ocrx_word' id='word_1_849' title='bbox 2508 5299 2652 5353; x_wconf 87' lang='lat' dir='ltr'><strong>enim</strong></span> <span class='ocrx_word' id='word_1_850' title='bbox 2702 5314 2767 5353; x_wconf 88' lang='lat' dir='ltr'><strong>ex</strong></span> <span class='ocrx_word' id='word_1_851' title='bbox 2827 5297 2913 5352; x_wconf 88' lang='lat' dir='ltr'><strong>bis</strong></span> <span class='ocrx_word' id='word_1_852' title='bbox 2938 5314 3059 5366; x_wconf 61' lang='lat' dir='ltr'><strong>quae</strong></span> <span class='ocrx_word' id='word_1_853' title='bbox 3086 5298 3230 5353; x_wconf 89' lang='lat' dir='ltr'><strong>dicta</strong></span> <span class='ocrx_word' id='word_1_854' title='bbox 3265 5305 3394 5353; x_wconf 87' lang='lat' dir='ltr'><strong>sunt</strong></span> <span class='ocrx_word' id='word_1_855' title='bbox 3432 5309 3537 5349; x_wconf 87' lang='lat' dir='ltr'><strong>non</strong></span> <span class='ocrx_word' id='word_1_856' title='bbox 3591 5291 3709 5348; x_wconf 88' lang='lat' dir='ltr'><strong>suf-</strong></span> 
     </span>
    </p>
   </div>
   <div class='ocr_carea' id='block_1_109' title="bbox 2150 5386 3709 5461">
    <p class='ocr_par' dir='ltr' id='par_1_109' title="bbox 2150 5386 3709 5461">
     <span class='ocr_line' id='line_1_109' title="bbox 2150 5386 3709 5461; baseline -0.002 -17"><span class='ocrx_word' id='word_1_857' title='bbox 2150 5389 2264 5445; x_wconf 88' lang='lat' dir='ltr'><strong>licit</strong></span> <span class='ocrx_word' id='word_1_858' title='bbox 2294 5398 2349 5445; x_wconf 92' lang='lat' dir='ltr'><strong>et</strong></span> <span class='ocrx_word' id='word_1_859' title='bbox 2390 5391 2620 5461; x_wconf 88' lang='lat' dir='ltr'><strong>lapidem</strong></span> <span class='ocrx_word' id='word_1_860' title='bbox 2648 5392 3017 5447; x_wconf 90' lang='lat' dir='ltr'><strong>comminuere</strong></span> <span class='ocrx_word' id='word_1_861' title='bbox 3050 5408 3065 5446; x_wconf 90' lang='lat'><strong>:</strong></span> <span class='ocrx_word' id='word_1_862' title='bbox 3098 5400 3276 5444; x_wconf 89' lang='lat' dir='ltr'><strong>tamen</strong></span> <span class='ocrx_word' id='word_1_863' title='bbox 3313 5404 3477 5443; x_wconf 90' lang='lat' dir='ltr'><strong>unum</strong></span> <span class='ocrx_word' id='word_1_864' title='bbox 3508 5403 3575 5443; x_wconf 79' lang='lat' dir='ltr'><strong>ex</strong></span> <span class='ocrx_word' id='word_1_865' title='bbox 3624 5386 3709 5441; x_wconf 86' lang='lat' dir='ltr'><strong>his</strong></span> 
     </span>
    </p>
   </div>
   <div class='ocr_carea' id='block_1_110' title="bbox 530 5562 2029 5638">
    <p class='ocr_par' dir='ltr' id='par_1_110' title="bbox 530 5568 2001 5638">
     <span class='ocr_line' id='line_1_110' title="bbox 530 5568 2001 5638; baseline -0.007 -6"><span class='ocrx_word' id='word_1_866' title='bbox 530 5576 573 5608; x_wconf 83' lang='grc'><strong>³⁷</strong></span> <span class='ocrx_word' id='word_1_867' title='bbox 601 5576 794 5633; x_wconf 77' lang='lat' dir='ltr'><strong>Matth.</strong></span> <span class='ocrx_word' id='word_1_868' title='bbox 821 5590 874 5638; x_wconf 76' lang='grc' dir='ltr'><strong>ν,</strong></span> <span class='ocrx_word' id='word_1_869' title='bbox 915 5576 999 5629; x_wconf 72' lang='grc'><strong>13.</strong></span> <span class='ocrx_word' id='word_1_870' title='bbox 1077 5574 1123 5606; x_wconf 82' lang='grc'><strong>⁸⁸</strong></span> <span class='ocrx_word' id='word_1_871' title='bbox 1167 5574 1295 5627; x_wconf 85' lang='lat' dir='ltr'><strong>ibid.</strong></span> <span class='ocrx_word' id='word_1_872' title='bbox 1331 5573 1417 5627; x_wconf 75' lang='grc'><strong>14.</strong></span> <span class='ocrx_word' id='word_1_873' title='bbox 1486 5570 1532 5603; x_wconf 82' lang='grc'><strong>⁸⁹</strong></span> <span class='ocrx_word' id='word_1_874' title='bbox 1563 5570 1748 5624; x_wconf 80' lang='lat' dir='ltr'><strong>Matth.</strong></span> <span class='ocrx_word' id='word_1_875' title='bbox 1774 5584 1884 5629; x_wconf 81' lang='lat' dir='ltr'><strong>xVI.</strong></span> <span class='ocrx_word' id='word_1_876' title='bbox 1913 5568 2001 5621; x_wconf 81' lang='grc'><strong>18.</strong></span> 
     </span>
    </p>
   </div>
   <div class='ocr_carea' id='block_1_111' title="bbox 2128 5562 3706 5638">
    <p class='ocr_par' dir='ltr' id='par_1_111' title="bbox 2156 5562 3706 5633">
     <span class='ocr_line' id='line_1_111' title="bbox 2156 5562 3706 5633; baseline -0.003 -10"><span class='ocrx_word' id='word_1_877' title='bbox 2156 5568 2284 5623; x_wconf 88' lang='lat' dir='ltr'><strong>ibid.</strong></span> <span class='ocrx_word' id='word_1_878' title='bbox 2364 5567 2407 5599; x_wconf 83' lang='lat'>&quot;</span> <span class='ocrx_word' id='word_1_879' title='bbox 2441 5566 2629 5621; x_wconf 87' lang='lat' dir='ltr'><strong>Matth.</strong></span> <span class='ocrx_word' id='word_1_880' title='bbox 2662 5584 2814 5630; x_wconf 76' lang='lat' dir='ltr'><strong>xxvu.</strong></span> <span class='ocrx_word' id='word_1_881' title='bbox 2841 5568 2897 5633; x_wconf 87' lang='lat'><strong>6,</strong></span> <span class='ocrx_word' id='word_1_882' title='bbox 2921 5570 2973 5622; x_wconf 89' lang='lat' dir='ltr'><strong>&#39;I.</strong></span> <span class='ocrx_word' id='word_1_883' title='bbox 3052 5570 3101 5601; x_wconf 81' lang='lat'><strong>&quot;</strong></span> <span class='ocrx_word' id='word_1_884' title='bbox 3133 5568 3263 5622; x_wconf 91' lang='lat' dir='ltr'><strong>ibid.</strong></span> <span class='ocrx_word' id='word_1_885' title='bbox 3298 5567 3387 5623; x_wconf 80' lang='grc'><strong>15.</strong></span> <span class='ocrx_word' id='word_1_886' title='bbox 3439 5565 3487 5598; x_wconf 75' lang='grc'><strong>’⁸</strong></span> <span class='ocrx_word' id='word_1_887' title='bbox 3514 5562 3706 5621; x_wconf 74' lang='lat' dir='ltr'><strong>Matth.</strong></span> 
     </span>
    </p>
   </div>
   <div class='ocr_carea' id='block_1_112' title="bbox 463 5641 1813 5713">
    <p class='ocr_par' dir='ltr' id='par_1_112' title="bbox 463 5641 1813 5713">
     <span class='ocr_line' id='line_1_112' title="bbox 463 5641 1813 5713; baseline -0.003 -12"><span class='ocrx_word' id='word_1_888' title='bbox 463 5662 656 5713; x_wconf 76' lang='lat' dir='ltr'><strong>xxvnt,</strong></span> <span class='ocrx_word' id='word_1_889' title='bbox 683 5645 769 5705; x_wconf 68' lang='lat'><strong>19.</strong></span> <span class='ocrx_word' id='word_1_890' title='bbox 871 5645 919 5680; x_wconf 72' lang='lat'>“</span> <span class='ocrx_word' id='word_1_891' title='bbox 943 5646 1129 5699; x_wconf 83' lang='lat' dir='ltr'><strong>Matth.</strong></span> <span class='ocrx_word' id='word_1_892' title='bbox 1162 5659 1280 5709; x_wconf 86' lang='lat' dir='ltr'><strong>xm,</strong></span> <span class='ocrx_word' id='word_1_893' title='bbox 1323 5644 1412 5699; x_wconf 77' lang='lat'><strong>35.</strong></span> <span class='ocrx_word' id='word_1_894' title='bbox 1491 5642 1533 5672; x_wconf 78' lang='lat'><em>&quot;</em></span> <span class='ocrx_word' id='word_1_895' title='bbox 1569 5642 1695 5696; x_wconf 89' lang='lat' dir='ltr'><strong>ibid.</strong></span> <span class='ocrx_word' id='word_1_896' title='bbox 1725 5641 1813 5698; x_wconf 81' lang='lat' dir='ltr'><strong>5i.</strong></span> 
     </span>
    </p>
   </div>
   <div class='ocr_carea' id='block_1_113' title="bbox 535 5803 1673 5877">
    <p class='ocr_par' dir='ltr' id='par_1_113' title="bbox 535 5803 1673 5877">
     <span class='ocr_line' id='line_1_113' title="bbox 535 5803 1673 5877; baseline -0.004 -15"><span class='ocrx_word' id='word_1_897' title='bbox 535 5808 649 5877; x_wconf 80' lang='lat'><strong>(98)</strong></span> <span class='ocrx_word' id='word_1_898' title='bbox 694 5808 797 5871; x_wconf 88' lang='lat' dir='ltr'><strong>Qui</strong></span> <span class='ocrx_word' id='word_1_899' title='bbox 832 5806 1067 5859; x_wconf 78' lang='lat' dir='ltr'><strong>immisit.</strong></span> <span class='ocrx_word' id='word_1_900' title='bbox 1102 5804 1261 5877; x_wconf 59' lang='lat' dir='ltr'><strong>[forte</strong></span> <span class='ocrx_word' id='word_1_901' title='bbox 1289 5803 1379 5874; x_wconf 84' lang='lat' dir='ltr'><strong>qui</strong></span> <span class='ocrx_word' id='word_1_902' title='bbox 1410 5818 1487 5877; x_wconf 80' lang='lat' dir='ltr'><strong>me</strong></span> <span class='ocrx_word' id='word_1_903' title='bbox 1514 5803 1673 5858; x_wconf 89' lang='lat' dir='ltr'><strong>misit.</strong></span> 
     </span>
    </p>
   </div>
   <div class='ocr_carea' id='block_1_114' title="bbox 533 5873 1637 5940">
    <p class='ocr_par' dir='ltr' id='par_1_114' title="bbox 533 5873 1637 5940">
     <span class='ocr_line' id='line_1_114' title="bbox 533 5873 1637 5940; baseline -0.007 -6"><span class='ocrx_word' id='word_1_904' title='bbox 533 5873 642 5940; x_wconf 77' lang='lat'><strong>(99)</strong></span> <span class='ocrx_word' id='word_1_905' title='bbox 682 5878 915 5933; x_wconf 73' lang='lat' dir='ltr'><strong>Suspecti</strong></span> <span class='ocrx_word' id='word_1_906' title='bbox 948 5887 1087 5931; x_wconf 82' lang='lat' dir='ltr'><strong>sunt.</strong></span> <span class='ocrx_word' id='word_1_907' title='bbox 1118 5873 1220 5932; x_wconf 80' lang='grc' dir='ltr'><strong>Ιίὀ</strong></span> <span class='ocrx_word' id='word_1_908' title='bbox 1252 5873 1471 5939; x_wconf 73' lang='lat' dir='ltr'><strong>suscepti</strong></span> <span class='ocrx_word' id='word_1_909' title='bbox 1500 5884 1637 5926; x_wconf 75' lang='lat' dir='ltr'><strong>sunt.</strong></span> 
     </span>
    </p>
   </div>
   <div class='ocr_carea' id='block_1_115' title="bbox 1888 5638 2378 5704">
    <p class='ocr_par' dir='ltr' id='par_1_115' title="bbox 1888 5638 2378 5704">
     <span class='ocr_line' id='line_1_115' title="bbox 1888 5638 2378 5704; baseline -0.006 -9"><span class='ocrx_word' id='word_1_910' title='bbox 1888 5640 1933 5672; x_wconf 78' lang='lat'><strong>&quot;</strong></span> <span class='ocrx_word' id='word_1_911' title='bbox 1959 5638 2115 5697; x_wconf 86' lang='lat' dir='ltr'><strong>Joan.</strong></span> <span class='ocrx_word' id='word_1_912' title='bbox 2152 5656 2254 5704; x_wconf 71' lang='grc' dir='ltr'><strong>χιι,</strong></span> <span class='ocrx_word' id='word_1_913' title='bbox 2288 5638 2378 5693; x_wconf 68' lang='grc'><strong>21.</strong></span> 
     </span>
    </p>
   </div>
   <div class='ocr_carea' id='block_1_116' title="bbox 2452 5638 2800 5693">
    <p class='ocr_par' dir='ltr' id='par_1_116' title="bbox 2452 5638 2800 5693">
     <span class='ocr_line' id='line_1_116' title="bbox 2452 5638 2800 5693; baseline 0 -1"><span class='ocrx_word' id='word_1_914' title='bbox 2452 5638 2496 5669; x_wconf 85' lang='grc'><strong>⁹⁷</strong></span> <span class='ocrx_word' id='word_1_915' title='bbox 2550 5639 2675 5692; x_wconf 88' lang='lat' dir='ltr'><strong>ibid.</strong></span> <span class='ocrx_word' id='word_1_916' title='bbox 2707 5639 2800 5693; x_wconf 75' lang='lat'><strong>‘25.</strong></span> 
     </span>
    </p>
   </div>
   <div class='ocr_carea' id='block_1_117' title="bbox 2210 5796 3708 5867">
    <p class='ocr_par' dir='ltr' id='par_1_117' title="bbox 2210 5796 3708 5867">
     <span class='ocr_line' id='line_1_117' title="bbox 2210 5796 3708 5867; baseline 0.005 -17"><span class='ocrx_word' id='word_1_917' title='bbox 2210 5797 2285 5866; x_wconf 82' lang='grc' dir='ltr'><strong>(Ι)</strong></span> <span class='ocrx_word' id='word_1_918' title='bbox 2328 5796 2392 5849; x_wconf 82' lang='lat' dir='ltr'><strong>Et</strong></span> <span class='ocrx_word' id='word_1_919' title='bbox 2427 5797 2501 5850; x_wconf 88' lang='lat' dir='ltr'><strong>ita</strong></span> <span class='ocrx_word' id='word_1_920' title='bbox 2538 5809 2752 5867; x_wconf 75' lang='lat' dir='ltr'><strong>ventres.</strong></span> <span class='ocrx_word' id='word_1_921' title='bbox 2786 5800 3046 5861; x_wconf 87' lang='lat' dir='ltr'><strong>Subattdi,</strong></span> <span class='ocrx_word' id='word_1_922' title='bbox 3098 5816 3304 5857; x_wconf 84' lang='lat' dir='ltr'><strong>curare.</strong></span> <span class='ocrx_word' id='word_1_923' title='bbox 3348 5799 3413 5855; x_wconf 78' lang='lat' dir='ltr'><strong>Et</strong></span> <span class='ocrx_word' id='word_1_924' title='bbox 3452 5800 3547 5867; x_wconf 82' lang='lat' dir='ltr'><strong>ita,</strong></span> <span class='ocrx_word' id='word_1_925' title='bbox 3571 5797 3708 5857; x_wconf 77' lang='lat' dir='ltr'><strong>forte</strong></span> 
     </span>
    </p>
   </div>
   <div class='ocr_carea' id='block_1_118' title="bbox 2136 5864 3213 5933">
    <p class='ocr_par' dir='ltr' id='par_1_118' title="bbox 2136 5864 3213 5933">
     <span class='ocr_line' id='line_1_118' title="bbox 2136 5864 3213 5933; baseline 0.001 -8"><span class='ocrx_word' id='word_1_926' title='bbox 2136 5883 2200 5925; x_wconf 71' lang='lat' dir='ltr'><strong>ex</strong></span> <span class='ocrx_word' id='word_1_927' title='bbox 2221 5864 2417 5925; x_wconf 70' lang='lat' dir='ltr'><strong>Graeco</strong></span> <span class='ocrx_word' id='word_1_928' title='bbox 2446 5868 2535 5922; x_wconf 68' lang='lat' dir='ltr'><strong>nati</strong></span> <span class='ocrx_word' id='word_1_929' title='bbox 2570 5864 2705 5933; x_wconf 75' lang='grc' dir='ltr'><strong>εἶτα.</strong></span> <span class='ocrx_word' id='word_1_930' title='bbox 2740 5870 2792 5927; x_wconf 89' lang='lat' dir='ltr'><strong>id</strong></span> <span class='ocrx_word' id='word_1_931' title='bbox 2822 5880 2907 5927; x_wconf 87' lang='lat' dir='ltr'><strong>est</strong></span> <span class='ocrx_word' id='word_1_932' title='bbox 2940 5881 2985 5925; x_wconf 84' lang='lat' dir='ltr'><strong>et</strong></span> <span class='ocrx_word' id='word_1_933' title='bbox 3009 5872 3213 5926; x_wconf 82' lang='lat' dir='ltr'><strong>deinde.</strong></span> 
     </span>
    </p>
   </div>
  </div>
