4100 6456
365 444 499 495 1113

1344 436 1433 491 DE
1470 434 1933 493 INCORPORALI
1970 434 2060 491 ΕΤ
2099 435 2445 495 ιΝνιδιΒιιι
2486 435 2639 492 DEO.

3462 437 3601 495 HM

364 562 584 613 addam.
621 534 814 614 Omnia
842 560 991 614 enim
1032 569 1092 613 ιιι
1132 558 1332 622 dicam,
1380 575 1479 614 nec
1511 559 1764 614 saeculum
1816 559 1931 614 sur-
1960 574 2005 630 Α
2041 561 2166 627 quia
2195 560 2491 614 moriturus
2519 573 2660 624 sum,
2699 568 2755 614 et
2779 558 3061 616 exaltabor
3089 560 3141 614 in
3167 573 3402 625 crucem,
3428 571 3519 616 aut
3548 563 3598 633 in

363 648 492 703 ficit.
548 649 874 706 Mensurabo
927 666 1059 706 sane
1106 658 1388 705 tractatum
1421 660 1641 719 propter
1669 664 1919 718 corpora,

363 742 582 802 propter
627 733 1007 796 festivitatem,
1063 743 1281 802 propter
1338 733 1707 789 refectionem.
1779 733 1927 790 Dicit

364 824 559 877 iterum
608 826 864 879 Dominus
901 843 915 880 :
952 824 1187 880 Granum
1234 826 1399 879 tritici
1430 825 1533 878 nisi
1566 828 1757 880 cadens
1787 842 1931 880 mor-

364 925 513 971 tuum
546 918 729 984 fuerit,
780 918 948 986 ipsum
995 916 1165 970 solum
1217 926 1391 971 manet
1424 917 1491 969 ³⁸.
1539 916 1609 974 Ut
1661 917 1824 972 habet
1870 933 1930 974 se

364 1019 557 1063 natura
594 1008 802 1063 locutus
842 1016 947 1062 est.
990 1006 1044 1060 Si
1077 1006 1222 1061 enim
1255 1007 1576 1062 seminatum
1608 1023 1714 1062 non
1743 1007 1925 1075 fuerit,

363 1100 563 1154 nudum
599 1115 825 1170 granum
857 1099 1113 1154 manebit.
1154 1098 1213 1153 Si
1265 1108 1446 1153 autem
1473 1100 1694 1165 cadens,
1731 1101 1926 1172 inquit,

364 1188 527 1245 fuerit
578 1200 875 1255 mortuum,
905 1200 966 1245 ut
1002 1200 1230 1247 testatur
1257 1207 1287 1245 a
1329 1202 1518 1247 natura
1544 1232 1559 1259 ,
1591 1193 1787 1249 multos
1814 1196 1929 1249 I’ru-

360 1291 483 1336 ctus
527 1279 707 1338 ali‘ert.
752 1282 817 1337 Et
845 1297 968 1353 ego,
1006 1284 1200 1352 inquit,
1234 1286 1280 1339 si
1324 1300 1429 1339 non
1476 1283 1630 1341 fuero
1661 1296 1927 1353 mortuus,

362 1383 469 1423 non
496 1368 692 1438 colligo
736 1390 749 1425 :
787 1371 830 1424 si
887 1384 1067 1425 autem
1103 1374 1305 1428 cadens
1353 1374 1404 1428 in
1456 1384 1654 1429 terram
1688 1386 1930 1433 mortuus

363 1461 536 1524 fuero,
571 1462 769 1516 multos
802 1461 1007 1518 fructus
1032 1463 1201 1519 ati'ero
1241 1466 1534 1521 secundum
1567 1482 1794 1537 granum
1829 1468 1929 1522 tri-

365 1551 477 1607 tici.
512 1552 575 1608 Et
610 1568 706 1624 per
745 1555 1015 1609 modicum
1046 1556 1260 1623 quidem
1291 1571 1516 1626 granum
1560 1558 1814 1627 parabola
1847 1559 1932 1613 di-

366 1654 449 1698 cta
489 1654 592 1709 est,
638 1661 932 1717 permagna
965 1656 1143 1702 autem
1191 1648 1547 1703 admiratione
1589 1663 1725 1719 opus
1751 1658 1931 1705 osten-

366 1735 530 1792 ditur.
568 1735 626 1793 Si
678 1738 844 1804 enim,
900 1738 1096 1806 inquit,
1133 1749 1376 1794 mortuus
1428 1754 1533 1794 non
1596 1740 1769 1807 fuero,
1822 1756 1928 1797 non

366 1828 580 1899 colligo.
632 1830 933 1900 Antequam
991 1831 1133 1886 enim
1183 1840 1505 1897 moreretur,
1554 1841 1611 1888 et
1661 1831 1927 1887 mirabilia

2032 649 2204 703 caelos
2236 650 2391 721 (nihil
2426 652 2573 705 enim
2606 650 2855 720 prohibet
2886 660 3113 722 utraque
3142 651 3215 707 ita
3248 652 3518 725 intelligi),
3544 665 3599 711 et

2032 737 2245 792 traham
2286 754 2477 795 omnes
2524 741 2590 793 ad
2631 755 2717 794 me
2753 758 2767 795 :
2805 741 2943 795 dixit
2985 742 3289 798 modicum?
3318 744 3599 801 miremur.

2030 829 2136 884 Sed
2169 843 2424 898 magnum
2457 830 2586 899 quid
2621 829 2775 895 dixit,
2809 839 2865 884 et
2891 831 3155 885 modicum
3199 831 3364 888 fecit?
3386 834 3598 888 minua-

2029 935 2151 974 mus
2192 919 2630 973 admirationem.
2689 919 2745 974 Si
2797 930 2976 974 autem
3016 937 3265 992 magnum
3304 924 3459 989 dixit,
3493 940 3600 978 ma-

2028 1024 2192 1079 gnum
2225 1019 2277 1064 et
2308 1008 2458 1073 fecit,
2491 1019 2542 1065 et
2579 1011 2681 1065 hoc
2708 1025 2803 1080 per
2832 1026 3068 1075 crucem,
3104 1023 3158 1067 et
3187 1023 3308 1082 post
3333 1026 3595 1087 mortem;

2028 1100 2290 1170 pellamus
2335 1099 2729 1155 dubitationem
2781 1111 2834 1155 et
2880 1102 3237 1173 suscipiamus
3295 1105 3474 1162 tidem.
3531 1105 3597 1161 Et

2030 1190 2223 1245 iterum
2258 1191 2325 1244 ad
2360 1187 2576 1245 Judanos
2601 1192 2731 1246 dicit
2758 1191 2947 1246 eadem
2981 1208 2996 1247 :
3027 1193 3179 1258 Cum,
3219 1194 3413 1265 inquit,
3452 1196 3599 1251 exal-

2029 1282 2258 1336 taveritis
2296 1279 2497 1335 Filium
2527 1282 2780 1346 hominis,
2809 1290 2931 1335 tunc
2954 1284 3123 1338 scietis
3156 1286 3279 1355 quia
3309 1303 3401 1356 ego
3430 1304 3546 1340 sum
3576 1304 3596 1342 :

2029 1384 2078 1427 et
2106 1392 2135 1426 α
2166 1390 2253 1428 me
2285 1375 2395 1442 ipso
2424 1389 2527 1427 non
2566 1374 2703 1439 γρηὶ,
2727 1376 2817 1429 sed
2842 1392 2873 1429 a
2908 1375 3035 1443 Deo,
3066 1393 3183 1430 cum
3222 1394 3377 1445 opera
3407 1388 3597 1435 testata

2028 1463 2220 1535 fuerint
2268 1466 2349 1518 his
2378 1480 2493 1534 quae
2523 1465 2641 1518 dico
2675 1465 2715 1518 ί.
2765 1464 2828 1518 Hi
2863 1476 2989 1520 sunt
3034 1477 3220 1537 gustus
3264 1468 3598 1536 predicatio—

2030 1572 2155 1610 num
2200 1556 2407 1610 Domini
2453 1570 2468 1609 :
2504 1555 2660 1624 plena
2696 1565 2878 1610 autem
2918 1554 3206 1624 Evangelia
3255 1568 3380 1613 sunt
3416 1559 3598 1616 volen-

2032 1646 2176 1702 tibus
2206 1647 2341 1702 bene
2386 1647 2602 1717 degere,
2633 1645 2774 1716 pleni
2820 1646 2989 1703 Actus
3037 1650 3399 1717 apostolorum
3448 1662 3597 1718 sunt,

2030 1749 2083 1793 et
2113 1738 2367 1807 Epistulae
2396 1738 2569 1803 Pauli,
2610 1748 2664 1794 et
2702 1739 2943 1795 civitates
2991 1741 3256 1795 mirabilia
3292 1743 3393 1815 (5).
3428 1742 3597 1812 plena

2033 1838 2161 1884 sunt
2191 1830 2352 1885 urbes
2390 1830 2512 1885 fide.
2554 1830 2698 1885 Laus
2743 1832 2833 1886 uni
2871 1848 2975 1886 non
3006 1842 3136 1888 nato
3167 1832 3297 1897 Deo,
3327 1835 3417 1905 qui
3450 1836 3598 1891 misit

366 1918 586 1987 faceret,
620 1936 724 1975 nec
764 1921 1043 1977 duodecim
1071 1921 1329 1993 collegit;
1384 1937 1491 1976 non
1520 1932 1931 1991 permanserunt
1963 1922 2003 1976 Β
2034 1920 2188 1976 nobis
2235 1936 2399 1975 unum
2448 1920 2616 1977 Deum
2664 1923 2994 1994 unigenitum
3048 1940 3204 1980 suum
3234 1925 3449 1991 Filium,
3504 1942 3598 1997 per

336 2013 506 2066 enim
542 2028 664 2067 cum
710 2028 795 2072 eo.
849 2015 991 2070 Dicit
1032 2016 1174 2069 enim
1209 2032 1223 2069 :
1254 2015 1385 2081 Quia
1419 2014 1465 2069 si
1507 2028 1613 2068 non
1655 2029 1750 2068 ero
1784 2029 1923 2067 mor-

366 2113 507 2171 tuus,
540 2119 642 2159 non
675 2104 922 2178 colligam
949 2108 1024 2177 (2)
1050 2120 1066 2160 :
1098 2105 1229 2160 Cum
1261 2116 1434 2159 autem
1466 2104 1733 2159 exaltatus
1773 2104 1925 2173 fuero

366 2208 397 2245 ιι
436 2206 601 2261 terra,
632 2212 807 2251 omnes
855 2197 1065 2252 traham
1110 2199 1180 2251 ad
1213 2213 1293 2251 me
1320 2197 1388 2250 “.
1438 2194 1550 2251 lioc
1593 2195 1735 2265 quod
1765 2194 1922 2260 dixit,

2035 2028 2193 2082 quem
2238 2022 2321 2069 est
2363 2013 2411 2067 ei
2448 2015 2639 2084 gloria,
2671 2019 2862 2082 honor,
2914 2018 3220 2088 imperium,
3259 2019 3511 2090 maiestas
3542 2020 3594 2074 iu

2032 2102 2237 2173 Spiritu
2285 2114 2496 2171 sancto,
2533 2116 2588 2161 et
2641 2124 2807 2173 nunc,
2840 2119 2896 2165 et
2942 2125 3160 2181 semper
3189 2120 3243 2168 et
3276 2126 3372 2182 per
3413 2127 3593 2167 omnia

2029 2195 2223 2251 saecula
2252 2198 2590 2253 saeculorum.
2633 2200 2826 2255 Amen.

1310 2494 1869 2614 EUSEBII
1954 2495 2636 2612 PAMPHILI

805 2736 953 2826 DE
1031 2731 1848 2827 INCOBPORALI
1920 2733 2076 2823 ΕΤ
2150 2733 2795 2826 INVISIBILI
2874 2736 3154 2832 ΠΕΟ.

433 3087 827 3161 incorporalem
860 3100 981 3143 esse
1008 3086 1174 3144 Deum
1198 3100 1332 3142 voce
1362 3100 1555 3155 magna
1591 3084 1915 3153 clamemus,
1948 3087 1997 3153 ο
2024 3084 2117 3157 qui
2158 3092 2213 3143 et
2252 3085 2449 3142 animis
2501 3084 2686 3141 tribuit
2727 3095 2784 3141 et
2842 3085 3351 3157 incorporalitatem.
3399 3088 3597 3147 Paulus

363 3194 416 3237 et
447 3185 498 3237 in
526 3196 754 3251 corpore
777 3181 1076 3247 constituti,
1100 3190 1157 3235 et
1181 3196 1211 3233 a
1239 3181 1557 3249 corporibus
1588 3181 1926 3236 recedentes.

366 3274 560 3330 Vivent
597 3275 739 3329 enim
773 3274 964 3328 anima.-
1000 3272 1427 3342 iucorporaliter,
1457 3281 1511 3327 et
1547 3282 1667 3342 post
1699 3281 1927 3329 mortem

366 3368 754 3438 incorporalem
782 3366 876 3438 (4),
906 3376 960 3421 et
987 3367 1213 3421 necdum
1246 3380 1364 3435 qua:
1390 3381 1421 3421 a
1453 3364 1563 3423 Deo
1591 3374 1774 3421 creata
1805 3374 1931 3421 sunt

368 3469 566 3513 tantam
606 3460 803 3514 habent
840 3458 1177 3529 dignitatem.
1209 3458 1324 3528 Ipse
1366 3466 1547 3514 autem
1589 3459 1678 3529 qui
1718 3473 1848 3529 pura
1878 3469 1932 3515 et

364 3551 644 3623 perspicua
669 3562 919 3621 operatus
940 3561 1053 3617 est;
1082 3551 1439 3621 incorporalia
1467 3560 1622 3621 putas
1655 3552 1930 3622 operietur

364 3654 543 3699 mente
588 3644 957 3714 insipientium
1005 3641 1272 3712 corpore?
1330 3641 1718 3711 Consiguemus
1765 3641 1928 3712 igitur

363 3745 580 3793 nostros
625 3737 890 3808 cogitatus
934 3750 965 3790 a
1000 3735 1193 3790 divinis
1226 3733 1540 3805 Scripturis.
1593 3734 1728 3802 Quia
1784 3734 1926 3790 enim

364 3827 490 3883 inde
541 3837 823 3883 moventur
871 3827 1227 3898 qumstiones,
1273 3826 1395 3881 inde
1421 3826 1635 3882 veniant
1682 3837 1740 3882 et
1778 3827 1927 3883 solu-

365 3923 557 3976 tiones.
587 3921 779 3975 Anima
810 3920 1127 3977 immortalis
1164 3929 1267 3986 est,
1293 3929 1348 3974 et
1378 3920 1653 3987 passiones
1689 3921 1930 3992 corporis

365 4029 473 4069 nou
524 4014 746 4068 veniunt
787 4015 852 4067 ad
898 4027 1040 4069 eam.
1090 4011 1193 4069 Per
1238 4027 1359 4067 eum
1426 4012 1570 4068 enim
1621 4028 1719 4083 per
1768 4028 1929 4083 quem

363 4106 542 4161 omnia
579 4106 719 4159 facta
763 4114 909 4171 sunt,
945 4116 999 4159 et
1028 4106 1218 4159 anima:
1256 4114 1454 4159 creatae
1497 4114 1645 4159 sunt.
1679 4104 1796 4174 Ipse
1829 4106 1931 4161 hoc

366 4199 729 4266 pronuntiavit
774 4197 1029 4252 Dominus
1070 4206 1123 4251 et
1166 4198 1299 4251 dixit
1341 4216 1355 4252 :
1402 4194 1581 4250 Nolite
1626 4199 1804 4252 timere
1842 4213 1928 4252 eos

363 4290 454 4360 qui
507 4291 749 4345 occidunt
799 4305 1012 4354 corpus,
1064 4291 1292 4345 animam
1337 4300 1510 4345 autem
1568 4306 1670 4346 non
1712 4298 1929 4362 possunt

366 4384 598 4439 occidere
653 4386 696 4438 ⁸.
744 4383 860 4439 Non
906 4383 1041 4437 dixit
1092 4383 1213 4452 quia
1265 4382 1449 4438 nolunt
1495 4384 1778 4449 occidere,
1829 4382 1924 4440 sed

364 4478 488 4547 quia
534 4492 637 4531 non
675 4484 926 4546 possunt,
971 4476 1177 4546 inquit,
1210 4476 1475 4532 occidere.
1526 4474 1747 4531 Naturae
1782 4477 1927 4532 enim

365 4570 559 4625 anima:
598 4569 892 4639 potentiam
938 4568 1132 4636 posuit,
1171 4577 1225 4625 et
1267 4584 1369 4624 non
1408 4567 1738 4639 propositum
1787 4567 1929 4623 deci-

363 4662 647 4733 pientium.
693 4660 749 4715 Si
789 4660 950 4730 igitur
996 4670 1191 4715 nostra:
1228 4661 1443 4725 animae,
1482 4675 1601 4729 qua:
1641 4658 1692 4713 in
1734 4671 1929 4728 corpo-

363 4756 512 4811 ribus
561 4765 617 4809 et
656 4754 802 4809 circa
855 4767 1076 4822 corpora
1127 4754 1410 4821 habentur,
1459 4766 1745 4823 corporum
1806 4766 1928 4819 pas-

360 4850 543 4903 siones
571 4864 676 4901 non
716 4846 1027 4909 admittunt,
1062 4847 1223 4900 etiam
1258 4845 1386 4900 dum
1422 4845 1617 4899 adsunt
1654 4842 1706 4897 in
1736 4855 1928 4910 corpo-

363 4941 546 5003 ribus;
591 4948 795 5009 quauto
829 4939 998 5008 magis
1029 4938 1106 5009 (5)
1138 4938 1221 4993 bis
1261 4937 1352 5008 qui
1392 4934 1676 4991 honoravit
1718 4935 1926 4991 animas

365 5033 690 5102 iucorporali
740 5043 955 5098 natura,
1002 5026 1113 5103 ipse
1149 5033 1320 5102 magis
1347 5039 1428 5085 est
1456 5027 1826 5099 incorporalis,
1871 5037 1926 5083 et

363 5141 467 5179 non
505 5125 577 5179 ita
618 5126 969 5195 incorporalis
1011 5135 1068 5179 ut
1104 5123 1331 5179 animae?
1367 5122 1501 5176 Cum
1545 5122 1689 5175 enim
1729 5120 1795 5175 de
1842 5119 1926 5175 bis

362 5220 693 5273 moverimus
739 5233 1071 5284 sermonem,
1114 5214 1611 5287 et'inquisierimus
1656 5212 1924 5282 quomodo

362 5307 719 5377 incorporalis
753 5306 822 5360 ab
878 5308 1302 5377 inoorporalibus
1360 5304 1578 5372 differt;
1625 5313 1750 5357 tunc
1803 5317 1923 5357 cum

361 5400 475 5469 ipse
501 5399 644 5455 Deus
674 5400 995 5470 impertierit
1018 5399 1083 5454 de
1114 5400 1198 5453 bis
1236 5399 1538 5468 loquemur.
1581 5394 1798 5450 Interim
1828 5408 1927 5448 au-

361 5501 471 5550 tem
503 5505 680 5549 motus
717 5501 800 5547 est
844 5507 1057 5554 sermo,
1083 5491 1208 5561 quia
1250 5490 1389 5545 Deus
1438 5486 1791 5560 incorporalis
1819 5494 1926 5548 est,

429 5588 476 5619 ”
498 5582 656 5638 Joan.
704 5597 801 5647 xu,
833 5580 926 5637 24.
1040 5580 1085 5612 ⁸⁵
1124 5580 1253 5634 ibid.
1310 5578 1397 5635 51.

361 5656 386 5692 ⁸
426 5655 617 5711 Matth.
653 5668 705 5716 ν,
742 5655 794 5707 8.

434 5744 514 5816 (2)
552 5743 651 5798 Ms.
686 5741 851 5809 Dicit,
878 5742 1003 5812 quia
1054 5739 1101 5794 si
1134 5756 1235 5794 tton
1266 5754 1356 5792 ero
1397 5750 1647 5809 mortuus,
1682 5755 1785 5795 non
1826 5736 1928 5791 col-

365 5818 543 5887 ﬁgant.

435 5886 512 5945 (ὃ)
553 5882 843 5940 Mirabilia.
875 5882 978 5939 Pro
1008 5879 1349 5935 mirabilibus.

1485 5580 1502 5610 ⁸
1539 5578 1695 5634 Joan.
1728 5590 1857 5643 vnt,
1896 5574 1987 5633 28.

2029 3187 2208 3235 autem
2238 3190 2293 3236 et
2342 3180 2394 3234 in
2443 3195 2669 3250 corpore
2719 3179 3063 3246 constitutus,
3104 3190 3161 3236 et
3212 3181 3266 3236 in
3315 3197 3477 3240 carne
3516 3185 3596 3239 vi-

2030 3287 2182 3338 vens,
2217 3287 2320 3328 non
2350 3271 2563 3329 volebat
2606 3273 2659 3327 in
2690 3287 2856 3327 carne
2894 3287 3033 3328 esse.
3076 3273 3211 3328 Dicit
3258 3273 3446 3330 enim:
3487 3274 3599 3329 Au-

2029 3366 2156 3421 dent
2183 3366 2400 3435 quidam
2432 3374 2682 3435 putantes
2716 3379 2815 3419 nos
2845 3363 2896 3418 in
2923 3379 3085 3419 carne
3118 3364 3339 3432 vivere;
3378 3373 3434 3419 et
3468 3367 3597 3434 quia

2028 3458 2244 3512 vivebat
2276 3458 2327 3511 in
2356 3472 2540 3522 carne,
2580 3456 2727 3511 addit
2759 3473 2774 3511 :
2810 3453 2866 3510 In
2906 3470 3067 3511 carne
3100 3456 3249 3511 enim
3288 3457 3596 3525 constituti,

2030 3567 2135 3607 non
2166 3566 2228 3606 ea
2269 3565 2391 3620 qua:
2416 3548 2601 3605 carnis
2638 3556 2764 3604 sunt
2805 3562 3092 3617 operamur
3116 3549 3159 3604 ³.
3194 3547 3251 3605 Si
3296 3550 3461 3621 igitur
3500 3551 3595 3620 qui

2028 3654 2146 3700 erat
2182 3643 2236 3698 in
2272 3657 2435 3697 carne
2473 3640 2810 3697 alacritatem
2845 3639 3134 3696 refundens
3180 3640 3233 3695 in
3272 3640 3463 3711 spiritu
3511 3654 3599 3695 re-

2029 3737 2171 3794 cedit
2205 3753 2234 3790 a
2273 3749 2522 3805 corpore,
2554 3742 2753 3802 quanto
2788 3732 2956 3800 magis
2995 3732 3338 3787 immaculata
3361 3742 3417 3787 et
3448 3732 3597 3786 inac-

2029 3829 2293 3886 cessibilis
2329 3836 2383 3907 qt
2421 3842 2551 3899 pura
2598 3826 2683 3880 illa
2730 3836 2919 3880 natura
2954 3824 3057 3880 hoc
3089 3825 3193 3881 erit
3231 3832 3288 3879 et
3325 3839 3595 3892 sermone,

2028 3923 2169 3994 quod
2205 3931 2289 3978 est
2324 3923 2386 3977 let
2444 3919 2681 3975 natura?
2731 3918 3001 3974 Habemus
3044 3933 3173 3973 sane
3213 3927 3269 3971 et
3315 3918 3368 3973 in
3413 3915 3595 3971 Evan-

2028 4016 2183 4088 geliis
2206 4015 2489 4084 scriptum,
2518 4013 2634 4083 ipso
2661 4010 2943 4067 Salvatore
2970 4010 3182 4066 dicente
3206 4027 3220 4065 :
3251 4009 3416 4065 Deum
3445 4025 3596 4064 nemo

2029 4107 2155 4162 vidit
2212 4121 2441 4160 annuam
2473 4104 2518 4160 ⁸.
2580 4103 2808 4169 Nullus,
2866 4103 3073 4177 inquit.
3127 4118 3362 4173 unquam
3414 4102 3594 4159 vidit:

2028 4215 2216 4255 omnes
2252 4214 2509 4277 personas
2540 4195 2988 4267 comprehendit:
3016 4194 3196 4250 omnia
3238 4209 3345 4249 non
3390 4193 3591 4260 simul,

2030 4308 2135 4347 non
2162 4293 2492 4361 'separatim;
2526 4304 2763 4361 unquam
2792 4289 3031 4361 potuisse
3058 4288 3242 4343 videre
3276 4286 3442 4342 Deum
3474 4300 3597 4355 pro.

2033 4385 2333 4439 nuntiavit?
2356 4384 2537 4439 omnia
2574 4384 2746 4453 spatia
2782 4382 3231 4453 comprehendit:
3266 4389 3327 4435 ut
3359 4394 3427 4434 ne
3475 4377 3597 4448 quis

2032 4475 2258 4542 diceret,
2294 4476 2566 4546 prophetis
2598 4473 2867 4546 apparuit,
2898 4483 2990 4527 aut
3020 4469 3455 4543 Iegislatorihaut
3490 4468 3596 4521 alio

2030 4567 2212 4623 alicui.
2249 4566 2388 4635 Quid
2432 4567 2602 4637 ergo?
2652 4567 2980 4620 mentiuntur
3022 4562 3313 4631 Scriptum
3343 4574 3465 4632 quae
3514 4560 3595 4613 di-

2029 4671 2196 4717 cunt:
2233 4661 2363 4715 Veni
2400 4669 2455 4714 et
2481 4659 2620 4723 vidi,
2648 4665 2703 4712 et
2731 4656 2942 4710 audivi?
2970 4653 3217 4709 Vultibus
3258 4667 3362 4707 non
3402 4661 3485 4707 est
3518 4653 3594 4706 vi-

2030 4752 2204 4807 sibilis
2238 4752 2397 4807 Deus.
2436 4748 2898 4817 Quemadmodum
2922 4761 3051 4816 ergo
3088 4743 3467 4816 agnoscibilisi
3494 4744 3593 4809 Qui

2028 4854 2206 4900 autem
2244 4846 2390 4901 solus
2426 4843 2573 4898 novit
2602 4856 2725 4896 eum
2769 4839 2861 4909 qui
2907 4853 2966 4895 se
3006 4838 3210 4906 genuit,
3242 4836 3410 4890 dicit:
3445 4834 3594 4888 Beati

2030 4939 2225 4992 mundo
2256 4938 2432 5002 corde,
2479 4935 2726 5001 quoniam
2780 4933 2879 4994 ipsi
2934 4930 3101 4985 Deum
3150 4930 3391 4983 videbunt
3436 4928 3480 4982 ⁸.
3536 4926 3591 4981 Si

2029 5032 2174 5087 enim
2220 5030 2472 5095 dixisset,
2515 5027 2663 5082 Beati
2705 5026 2796 5097 qui
2843 5024 2987 5079 acuti
3035 5032 3161 5077 sunt
3194 5019 3386 5079 oculis,
3425 5018 3576 5073 dice-

2030 5139 2212 5179 remus
2255 5123 2376 5191 quia
2425 5121 2598 5177 oculis
2660 5116 2997 5186 mancipavit
3046 5116 3244 5169 visum.
3302 5112 3357 5167 Si
3413 5122 3590 5165 autem

2033 5215 2172 5269 sicut
2198 5214 2384 5269 oculus
2412 5227 2577 5282 purus
2618 5212 2759 5267 videt
2786 5226 2908 5279 qua:
2937 5207 3104 5265 oculis
3148 5214 3274 5261 sunt
3304 5203 3592 5267 naturalia,

2032 5304 2104 5359 ita
2154 5313 2209 5359 et
2239 5304 2416 5359 anima
2475 5302 2670 5359 munda
2715 5304 2863 5358 videt
2934 5316 3051 5370 qua;
3096 5308 3222 5355 sunt
3263 5312 3425 5368 supra
3472 5298 3592 5350 ani-

2032 5410 2212 5459 mam;
2247 5394 2339 5464 qui
2370 5396 2534 5452 corde
2564 5395 2798 5461 videtur,
2837 5392 3008 5449 oculis
3039 5407 3143 5448 non
3187 5389 3439 5446 videtur:
3474 5401 3593 5458 qua:

2033 5495 2213 5542 autem
2246 5487 2418 5544 oculis
2446 5488 2719 5551 videntur,
2762 5485 3042 5555 subjacent
3075 5483 3399 5540 motionibus
3442 5495 3592 5535 men-

2080 5580 2100 5610 ³
2140 5578 2326 5633 Matth.
2363 5577 2511 5642 :38.
2596 5578 2619 5611 ³
2657 5576 2699 5632 ll
2724 5577 2847 5635 Cor.
2892 5594 2945 5647 ι,
2992 5578 3048 5634 3.
3144 5576 3167 5609 ⁸
3199 5574 3353 5631 Joan.
3409 5589 3451 5639 ι,
3499 5570 3585 5626 l8.

2103 5732 2183 5804 (4)
2231 5731 2328 5804 MS-
2368 5741 2419 5804 gl
2455 5741 2567 5804 post
2616 5742 2834 5788 mortem
2877 5743 3089 5804 propter
3117 5725 3517 5797 incorporalem.

2102 5803 2176 5875 (δ)
2220 5802 2335 5859 llis.
2369 5802 2473 5858 Pro
2493 5802 2556 5856 is.
2878 5802 2887 5845 ;
