4098 6398
566 442 708 500 1115

1242 435 1515 494 EUSEBll
1552 433 2028 493 CASSARIENSIS
2064 431 2212 490 OPP.
2255 431 2430 488 PARS
2471 430 2561 487 IV.
2600 464 2670 476 —
2705 429 3124 488 DOGMATICA.

3675 426 3821 481 1H6

566 565 657 618 tis.
705 563 901 616 lterum
944 559 1089 616 enim
1139 559 1336 614 Paulus
1373 559 1505 614 dicit
1537 577 1550 613 :
1593 558 1759 623 Quem
1811 537 2134 611 nemoovidit
2163 562 2210 615 Α
2237 555 2432 609 mundo
2463 561 2602 619 erat,
2642 553 2910 623 quomodo
2945 552 3090 605 venit
3123 549 3176 602 in
3235 547 3524 602 mundum?
3555 547 3688 602 Cum
3723 564 3823 603 au-

564 655 856 716 hominum,
891 668 980 706 nec
1009 651 1182 706 videre
1213 661 1376 722 potest
1404 652 1445 707 ⁸.
1483 651 1618 718 Quia
1649 649 1792 705 enim
1820 656 1995 720 potest
2024 647 2138 701 fieri

565 763 689 802 eum
739 747 826 815 qui
885 745 1033 800 audit
1087 760 1150 800 ea
1187 761 1306 815 qua:
1355 759 1460 799 non
1507 744 1654 798 videt
1700 744 1968 812 cogitare;
2016 740 2138 809 quia

570 854 674 893 non
718 840 1002 908 pervenit,
1049 849 1141 892 aut
1181 839 1480 907 prohibitus
1526 847 1626 896 est.
1677 847 1766 890 aut
1802 836 1997 890 coelum
2035 849 2138 888 non

565 931 844 997 permisit;
893 939 1178 998 amputans
1235 943 1448 982 omnem
1501 927 1863 996 suspicionem
1910 927 2140 994 Aposto-

567 1023 677 1087 lus,
709 1034 765 1076 et
796 1022 1219 1076 iuvisihilitatem
1252 1021 1358 1076 Deo
1399 1020 1706 1075 custodiens
1745 1017 1885 1088 quod
1917 1017 2142 1087 conjun-

567 1127 711 1170 ctum
754 1126 836 1170 est
870 1115 1225 1185 incorporali,
1264 1130 1366 1169 non
1401 1114 1571 1168 solum
1599 1113 1760 1176 dixit,
1800 1128 1949 1166 nemo
1984 1112 2139 1176 vidit,

567 1208 664 1261 sed
704 1225 794 1260 nec
842 1209 1041 1271 videre,
1089 1206 1292 1275 inquit,
1341 1215 1528 1275 potest.
1570 1205 1636 1258 Et
1683 1205 1824 1259 sicut
1873 1205 2143 1268 animam,

573 1314 680 1352 non
715 1299 839 1368 quia
869 1299 1146 1361 nolebant,
1179 1297 1272 1351 sed
1312 1298 1434 1365 quia
1480 1312 1584 1350 non
1617 1306 1865 1364 poterant
1895 1295 2146 1349 occidere

569 1402 786 1463 propter
841 1403 1107 1455 naturam,
1159 1392 1226 1446 ita
1279 1399 1332 1445 et
1381 1391 1505 1444 istic
1541 1390 1743 1443 dictum
1792 1398 1910 1454 est,
1973 1401 2147 1457 neque

569 1482 754 1536 videre
801 1491 1061 1553 possunt:
1090 1482 1212 1550 quia
1249 1495 1354 1535 non
1393 1479 1587 1535 cmlum
1629 1478 1916 1534 obumbrat
1955 1493 2023 1532 ne
2064 1477 2149 1532 vi-

571 1575 782 1639 deatur,
814 1575 905 1628 sed
949 1584 1142 1628 natura
1182 1589 1287 1628 non
1340 1571 1836 1642 comprehenditur.
1869 1571 1940 1627 Ut
1966 1581 2144 1625 autem

570 1667 713 1722 scias
762 1667 888 1736 quia
935 1665 1130 1720 coelum
1175 1679 1282 1718 non
1330 1664 1507 1733 Operit
1560 1678 1653 1718 eos
1698 1651 1763 1717 ne
1795 1663 2014 1718 videant
2057 1661 2147 1730 qui

570 1760 753 1838 videre
798 1775 900 1811 non
946 1767 1194 1826 possunt;
1240 1758 1461 1810 adverte
1507 1755 1634 1826 quid
1669 1756 1745 1809 ait
1796 1757 1911 1824 ipse
1959 1755 2144 1808 Deus:

574 1849 765 1903 Nonne
792 1847 973 1902 caelum
1003 1856 1050 1900 et
1083 1856 1281 1900 terram
1321 1862 1414 1914 ego
1449 1845 1637 1913 impleo
1658 1845 1719 1898 7?
1769 1844 1980 1899 Intuere
2020 1844 2144 1912 quia

2242 654 2348 699 tem
2397 643 2633 700 audieris
2674 643 2796 712 quia
2832 641 2968 696 Deus
3013 639 3244 693 ambulat
3274 641 3330 693 in
3367 639 3618 709 paradiso
3643 640 3710 704 ",
3739 641 3820 694 ita

2240 738 2361 792 audi
2395 746 2448 792 et
2476 737 2542 792 de
2570 734 2706 791 Filio
2745 735 2871 805 quia
2903 734 3068 790 venit.
3110 733 3249 803 Ergo
3274 741 3330 786 et
3358 747 3481 785 cum
3514 732 3748 787 audieris
3785 749 3818 786 a

2240 829 2551 900 propheta:
2603 827 2732 894 Quis
2780 835 2856 881 est
2915 828 3003 898 qui
3048 827 3186 880 venit
3232 843 3296 880 ea:
3343 823 3514 878 Edom
3550 825 3624 879 “i
3674 827 3825 880 sicut

2241 919 2390 974 venit
2430 920 2516 988 qui
2551 921 2704 972 adest
2747 918 2799 972 in
2839 919 3067 981 mundo,
3111 917 3184 972 ita
3225 917 3372 971 venit
3419 917 3511 985 qui
3559 916 3708 971 venit
3748 932 3826 970 ex

2243 1012 2433 1066 Edom.
2460 1012 2650 1067 Vestes
2677 1020 2858 1065 autem
2892 1011 2941 1065 ei
2984 1011 3176 1065 rubras
3223 1009 3476 1078 imposuit
3509 1009 3825 1079 pmphetia,

2244 1119 2366 1159 cum
2397 1103 2585 1158 Daniel
2619 1103 2818 1158 dixerit
2848 1102 2967 1157 alba
2995 1117 3117 1158 esse
3153 1101 3268 1171 ejus
3302 1101 3648 1156 vestimenta.
3676 1099 3824 1154 Mota

2245 1205 2423 1251 autem
2467 1196 2622 1250 nobis
2655 1195 2830 1251 fuerat
2863 1197 2966 1251 ista
3007 1195 3232 1265 quaestio
3260 1203 3315 1248 et
3347 1193 3414 1248 de
3447 1193 3686 1249 vestibus
3715 1211 3728 1247 :
3764 1201 3830 1246 et

2246 1291 2292 1345 si
2328 1305 2432 1344 non
2472 1289 2661 1346 fuisset
2696 1300 2874 1355 mota,
2903 1289 3128 1344 rationis
3168 1297 3287 1344 erat
3325 1304 3430 1342 non
3470 1301 3590 1342 eam
3633 1297 3826 1341 trans-

2248 1383 2348 1437 ire.
2382 1381 2770 1437 Condiscamus
2807 1381 2933 1451 quid
2962 1390 3045 1436 est
3083 1381 3223 1451 quod
3265 1380 3462 1434 dicitur
3497 1388 3675 1434 vestes
3716 1379 3790 1432 ha
3813 1409 3829 1419 -

2248 1472 2378 1527 bere
2422 1471 2620 1536 Deum,
2660 1480 2714 1526 et
2755 1473 2853 1527 has
2894 1472 3050 1526 modo
3091 1471 3306 1535 rubras,
3348 1469 3506 1525 modo
3537 1479 3717 1523 autem
3754 1471 3835 1523 al-

2248 1564 2366 1619 bas.
2410 1563 2523 1618 Non
2572 1565 2713 1618 enim
2744 1568 3005 1634 jactatum
3039 1563 3213 1618 dicam
3251 1563 3413 1616 Deum
3455 1560 3508 1614 in
3554 1561 3830 1627 vestibus,

2247 1663 2303 1707 et
2343 1668 2485 1707 nunc
2513 1653 2729 1723 quidem
2779 1654 2848 1707 ita
2889 1651 3094 1718 vestiri,
3131 1668 3276 1708 nunc
3318 1661 3495 1707 autem
3531 1652 3660 1718 alia,
3709 1663 3834 1707 tan-

2247 1759 2407 1815 quam
2455 1745 2770 1800 obsoletatis
2821 1745 3120 1815 prioribus.
3185 1755 3278 1798 aut
3325 1760 3429 1799 non
3488 1745 3833 1799 obsoletatis.

2251 1836 2479 1903 Quidam
2511 1837 2603 1891 sed
2633 1836 2818 1890 volunt
2849 1838 3014 1890 Deum
3040 1837 3091 1890 in
3128 1835 3369 1890 vestibus
3405 1834 3668 1902 iactatum
3697 1850 3828 1890 esse

573 1941 728 1995 adest
770 1942 1009 2010 quidem,
1043 1955 1146 1993 non
1175 1939 1387 1993 videtur
1415 1948 1593 1993 autem
1629 1939 1752 2007 quia
1786 1947 1838 1991 et
1874 1939 2043 1992 adest.
2072 1936 2146 1989 Ita
2179 1925 2223 1983 Β
2251 1935 2305 1982 el
2331 1927 2535 1980 clarum
2568 1927 2764 1993 videri,
2811 1935 3065 1995 tanquam
3118 1940 3226 1981 non
3271 1924 3498 1980 sufﬁciat
3538 1926 3586 1981 ei
3635 1937 3838 1981 natura

573 2034 770 2086 iterum
803 2032 942 2086 idem
975 2031 1265 2100 Apostolus
1296 2033 1361 2086 de
1395 2031 1674 2102 unigenito
1701 2030 1836 2084 Filio
1862 2031 1937 2084 ait
1964 2053 1976 2086 ;
2005 2029 2145 2096 Quia

573 2135 649 2180 est
687 2125 861 2194 imago
903 2125 1182 2178 invisibilis
1214 2123 1372 2178 Dei".
1407 2122 1462 2178 Si
1493 2124 1636 2178 enim
1678 2124 1906 2177 dixisset
1956 2123 2148 2193 imagi-

576 2232 695 2270 nem
730 2224 954 2280 tautum,
983 2231 1348 2283 quaereremus
1394 2215 1687 2269 secundum
1720 2216 1846 2284 quid
1884 2230 2026 2268 nunc
2056 2229 2148 2268 ac-

572 2307 718 2376 cepit
768 2305 1194 2361 similitudinem.
1251 2305 1309 2361 Si
1362 2314 1541 2372 autem
1595 2306 1759 2360 addat
1813 2305 2145 2376 imaginem,

573 2398 867 2454 secundum
914 2398 1042 2468 quid
1086 2397 1293 2468 accepit
1351 2396 1805 2451 similitudinem?
1857 2395 2144 2450 manifeste

573 2488 806 2541 dicens:
857 2485 1150 2541 Invisibilis
1191 2497 1274 2542 est
1320 2486 1499 2552 Pater,
1549 2486 1835 2540 invisibilis
1883 2497 1936 2540 et
1980 2485 2149 2542 Filius

575 2580 773 2636 Patris.
828 2578 978 2633 Sicut
1027 2579 1169 2633 enim
1220 2579 1273 2634 iu
1323 2577 1509 2633 Genesi
1557 2578 1816 2647 scriptum
1863 2589 1990 2632 est:
2038 2575 2151 2631 Fa-

575 2672 775 2723 ciamus
808 2670 1065 2723 hominem
1100 2673 1167 2723 ad
1208 2671 1489 2739 imaginem
1525 2679 1572 2722 et
1607 2669 2009 2723 similitudinem
2057 2685 2151 2722 no-

575 2768 741 2813 stram
765 2759 808 2822 9,
839 2769 893 2814 et
928 2762 978 2813 in
1021 2760 1369 2828 sequentibus
1412 2758 1649 2813 ostendit
1689 2759 1982 2813 secundum
2024 2757 2154 2828 quid

576 2849 1007 2905 similitudinem.
1050 2851 1140 2904 Ait
1187 2850 1371 2903 enim:
1407 2847 1479 2902 Et
1511 2851 1812 2903 dominetur
1845 2867 2004 2915 supra
2045 2862 2150 2903 ter-

576 2959 690 2996 ram
733 2942 974 2996 omnibus
1020 2942 1248 3008 piscibus
1299 2943 1480 3006 maris,
1513 2951 1561 2994 et
1599 2941 1894 2996 volatilibus
1925 2942 2073 3008 cteli,
2104 2951 2156 2995 et

575 3032 894 3086 animalibus
928 3043 1081 3085 terra:
1110 3030 1174 3084 ¹⁰.
1223 3030 1290 3084 Et
1327 3029 1590 3098 accipitur
1631 3029 1926 3083 secundum
1971 3029 2158 3099 imagi-

579 3139 700 3178 nem
741 3139 844 3177 non
875 3123 1016 3177 aliud
1043 3122 1143 3176 nisi
1166 3123 1256 3191 qui
1288 3137 1316 3172 a
1341 3135 1465 3187 rege
1494 3121 1604 3175 Deo
1660 3120 1911 3174 omnibus
1949 3121 2154 3175 consti-

579 3225 696 3269 tuto
732 3230 823 3269 rex
871 3214 962 3270 fiet
1015 3223 1070 3267 et
1117 3214 1277 3267 homo
1319 3225 1507 3265 eorum
1572 3225 1690 3280 qua:
1740 3225 1904 3280 supra
1955 3221 2154 3266 terram

579 3316 723 3361 sunt.
765 3305 832 3360 Et
870 3306 1184 3361 dominante
1221 3305 1327 3358 Deo
1365 3302 1614 3359 omnibus
1649 3303 1732 3358 his
1767 3319 1886 3374 quae
1927 3303 2056 3358 fecit
2102 3303 2156 3357 in

579 3398 721 3454 «(elo
747 3406 802 3452 et
828 3399 880 3451 in
919 3407 1084 3462 terra,
1112 3395 1475 3450 dominabitur
1504 3403 1559 3449 et
1598 3395 1758 3449 homo
1795 3394 2046 3449 omnibus
2073 3395 2158 3450 his

522 3505 524 3507 ’
579 3505 716 3560 quos
748 3489 1070 3560 susceperit.
1103 3487 1256 3543 Sicut
1302 3488 1446 3541 enim
1492 3486 1601 3541 illic
1640 3487 1937 3542 similitudo
1967 3501 2160 3542 secun-

581 3583 707 3635 dum
751 3581 1041 3651 imaginem
1101 3579 1344 3634 salvatur
1385 3578 1439 3632 in
1487 3577 1945 3644 dominationem;
1996 3579 2069 3633 ita
2107 3588 2161 3633 et

580 3673 703 3728 istic
746 3673 886 3742 quod
928 3672 1163 3736 dicitur,
1210 3671 1300 3741 qui
1340 3680 1422 3725 est
1471 3671 1646 3738 imago
1698 3670 1985 3726 invisibilis
2030 3671 2162 3738 Dei,

581 3765 870 3818 confitetur
913 3765 1041 3833 quia
1087 3763 1227 3818 sicut
1274 3761 1439 3819 Pater
1493 3762 1780 3817 invisibilis
1824 3774 1938 3828 est,
1993 3763 2065 3817 ita
2107 3772 2164 3818 et

583 3856 752 3913 Filius
787 3858 903 3921 Dei,
937 3858 1027 3928 qui
1072 3866 1156 3913 est
1199 3858 1378 3926 imago
1421 3855 1597 3910 Patris
1641 3856 1950 3921 invisibilis,
1983 3857 2153 3911 habe-

585 3960 692 4004 tur.
721 3950 900 4020 Imago
929 3951 1072 4004 enim
1104 3949 1511 4004 similitudinem
1552 3949 1792 4004 exhibet.
1826 3950 1892 4004 Et
1926 3949 2066 4004 sicut
2095 3949 2162 4003 de

583 4041 745 4096 Patre
788 4042 986 4096 dictum
1015 4051 1115 4104 est,
1155 4042 1263 4096 imo
1293 4043 1360 4097 ab
1389 4042 1492 4096 isto
1520 4042 1716 4098 Patre:
1749 4041 1945 4098 Catum
1979 4051 2023 4094 et
2063 4037 2162 4097 nir-

583 4150 696 4186 ram
726 4149 817 4202 ego
857 4134 1044 4201 impleo
1072 4134 1135 4196 “,
1169 4144 1224 4188 et
1256 4150 1378 4188 eum
1429 4134 1583 4189 adest
1619 4137 1870 4190 omnibus
1922 4154 2024 4191 non
2079 4137 2163 4190 vi-

583 4227 783 4279 detur:
823 4225 896 4278 ita
931 4233 984 4279 et
1013 4224 1079 4278 de
1117 4223 1253 4278 Filio
1286 4225 1488 4278 dictum
1529 4234 1647 4280 est:
1685 4224 1751 4279 In
1791 4227 1988 4280 mundo
2027 4237 2160 4292 erat,

582 4325 633 4370 et
663 4317 885 4369 mundus
911 4333 1027 4369 eum
1057 4333 1160 4370 non
1187 4319 1426 4384 cognovit
1455 4317 1522 4372 ¹².
1551 4315 1618 4370 Ει
1647 4328 1795 4372 certe
1827 4319 1960 4373 dicit
1994 4319 2166 4373 Evan-

585 4409 780 4480 gelium
818 4427 832 4462 ε
871 4409 996 4463 Erat
1046 4409 1219 4462 lumen
1257 4425 1434 4462 verum
1465 4409 1526 4463 “.
1575 4408 1782 4464 Lumen
1843 4421 2022 4465 autem
2085 4412 2165 4466 vi-

585 4505 743 4557 detur
786 4502 1125 4557 conducibile
1158 4518 1278 4558 esse
1327 4506 1517 4562 oculis.
1556 4503 1823 4580 _Naturale
1875 4495 2019 4558 enim
2075 4515 2162 4559 est

2246 2035 2340 2075 sua
2372 2037 2385 2072 :
2419 2029 2473 2074 ut
2516 2035 2657 2073 nunc
2691 2020 2904 2090 quidem
2948 2019 3067 2073 aliis
3103 2019 3344 2074 vestibus
3388 2020 3639 2086 indutus,
3675 2021 3840 2075 nobis

2249 2111 2433 2166 sedeat
2481 2110 2776 2165 secundum
2830 2109 3126 2174 Danielem,
3177 2125 3319 2164 nunc
3363 2115 3542 2164 autem
3587 2110 3712 2164 aliis
3744 2111 3838 2164 in-

2248 2200 2408 2255 dutus
2437 2200 2618 2255 veniat
2655 2203 2949 2254 secundum
2997 2200 3210 2257 Isaiam.
3251 2200 3356 2256 Sed
3392 2201 3473 2254 hae
3515 2200 3648 2269 ipsa;
3687 2217 3841 2270 qua:-

2249 2294 2450 2348 stiones
2493 2295 2662 2364 magis
2704 2295 2856 2349 nobis
2907 2295 3333 2365 interpretantur
3383 2305 3652 2350 naturam.
3701 2294 3840 2360 Quis

2251 2385 2417 2449 enim,
2452 2383 2647 2453 inquit,
2679 2395 2754 2438 est
2785 2385 2875 2455 qui
2901 2385 3035 2440 venit
3064 2401 3130 2439 ea:
3160 2384 3352 2450 Edam,
3383 2386 3681 2456 interrogat
3711 2403 3842 2459 pro-

2250 2475 2443 2545 pheta,
2491 2478 2650 2530 rubra
2695 2479 2998 2531 vestimenta
3049 2477 3243 2532 habent
3294 2493 3360 2532 ex
3411 2477 3690 2533 Bosor"?
3733 2480 3840 2534 Ista

2250 2569 2394 2622 enim
2431 2567 2571 2622 illius
2609 2568 2840 2624 nationis
2874 2568 3189 2638 metropolis
3228 2576 3366 2624 erat.
3397 2568 3695 2638 Respondit
3745 2585 3846 2640 per

2254 2666 2358 2720 hoe
2401 2666 2623 2736 spiritus
2673 2665 2949 2736 prophetae
2991 2665 3082 2735 qui
3139 2665 3572 2735 interrogaverat
3611 2684 3628 2720 :
3667 2667 3845 2735 magis

2253 2769 2434 2812 autem
2477 2759 2695 2827 spiritus
2729 2759 2869 2812 Deus
2903 2768 3128 2828 utraque
3168 2757 3297 2814 facit
3329 2773 3344 2822 ;
3381 2766 3434 2812 et
3477 2759 3842 2829 interrogavit

2256 2849 2537 2919 propheta,
2581 2858 2632 2901 et
2665 2848 2951 2916 respondet
2993 2858 3052 2903 ut
3093 2848 3233 2903 Deus
3279 2864 3293 2902 :
3328 2846 3463 2918 Ego,
3499 2849 3708 2918 inquit,
3749 2850 3847 2918 qui

2256 2939 2440 3010 loquor
2473 2938 2741 3008 justitiam
2776 2938 2837 2994 ³⁸.
2882 2937 3010 3004 Cur,
3072 2939 3280 3008 inquit,
3326 2941 3504 2994 ruer
3557 2949 3690 2994 sunt
3740 2950 3849 2995 tua:

2259 3030 2470 3085 vestes?
2508 3029 2672 3085 Dicit:
2694 3030 2949 3086 Torcular
2980 3031 3178 3085 calcavi
3206 3031 3350 3086 solus
3375 3032 3441 3084 ¹⁹.
3482 3031 3539 3086 Si
3577 3043 3851 3101 quantum

2259 3121 2559 3198 addictum
2591 3131 2829 3190 spectat,
2873 3122 2997 3190 quia
3038 3135 3318 3176 sermones
3361 3122 3515 3177 nobis
3559 3123 3854 3192 proferunt

2261 3213 2462 3268 inimici
2517 3232 2531 3268 :
2577 3213 2930 3284 incorporalis
2965 3215 3221 3279 torcular,
3260 3214 3460 3282 inquit,
3504 3213 3756 3279 calcari;
3801 3224 3858 3268 et

2262 3306 2404 3362 sicut
2448 3306 2740 3362 toreularia
2800 3321 2986 3376 sparsa
3034 3316 3158 3363 sunt
3209 3308 3539 3361 vestimenta
3593 3307 3755 3377 ejus,
3802 3320 3857 3361 et

2262 3397 2493 3454 rubredo
2545 3399 2824 3468 quaedam,
2864 3414 2968 3454 non
3018 3409 3196 3456 tamen
3245 3398 3468 3464 fucatio,
3507 3407 3630 3453 erat
3677 3399 3856 3452 vesti-

2262 3501 2562 3545 mentorum
2606 3491 2907 3558 naturalis,
2956 3506 3133 3562 neque
3185 3492 3276 3545 illa
3341 3507 3462 3561 quae
3497 3506 3564 3546 ex
3615 3491 3860 3546 artiﬁcio

2264 3581 2380 3637 fieri
2429 3583 2729 3638 consuevit.
2780 3583 2886 3638 Sed
2937 3584 3064 3654 quid
3123 3583 3320 3639 erant?
3363 3584 3708 3651 aspersiones
3752 3585 3860 3637 nti-

2262 3688 2386 3743 que,
2415 3681 2527 3727 uta
2561 3673 2815 3728 torculari
2851 3675 2966 3730 fieri
3009 3675 3146 3730 solet
3179 3690 3560 3745 nonnunquam
3601 3675 3737 3730 vino
3766 3676 3856 3743 ja-

2264 3774 2490 3818 ctatum.
2522 3763 2658 3831 Quid
2705 3781 2834 3838 ergo
2878 3767 2930 3820 in
2974 3767 3143 3822 Etlom
3191 3767 3350 3822 habet
3385 3769 3523 3821 Deus
3571 3768 3862 3822 torcular?

2265 3857 2321 3912 Si
2352 3859 2474 3926 quis
2506 3868 2684 3914 autem
2730 3860 3021 3917 calcaverit
3069 3861 3326 3928 torcular,
3358 3860 3625 3930 justitiam
3673 3862 3862 3933 loqui-

2265 3957 2369 4002 tur.
2401 3948 2458 4004 Si
2505 3959 2682 4005 autem
2723 3951 3127 4010 considerantes
3169 3955 3537 4010 invenerimus
3563 3968 3689 4024 quae
3739 3966 3864 4010 erat

2265 4041 2365 4095 ista
2397 4056 2550 4110 gens,
2577 4054 2633 4096 et
2661 4058 2766 4112 qua
2795 4044 3143 4101 damnatione
3173 4045 3401 4100 dehitrix
3437 4047 3779 4114 habebatur,
3809 4061 3863 4104 et

2265 4149 2424 4202 quam
2465 4133 2756 4189 vindictam
2798 4134 2865 4190 de
2907 4136 3095 4192 eadem
3131 4138 3256 4192 fecit
3297 4137 3470 4203 Deus,
3515 4147 3568 4194 et
3609 4153 3729 4208 quo
3779 4141 3863 4194 in-

2268 4225 2603 4281 terficiuntur
2625 4225 2828 4296 judicio
2856 4246 2870 4282 :
2913 4243 3267 4300 agnoscemus
3295 4231 3418 4299 quia
3452 4233 3697 4285 torcular
3742 4249 3853 4286 non

2263 4327 2346 4374 est
2401 4319 2672 4384 torcular,
2718 4321 2811 4375 sed
2869 4321 3105 4376 vindicta
3157 4337 3252 4392 per
3322 4323 3664 4392 sanguinem.
3713 4324 3867 4380 Esau

2266 4420 2447 4464 autem
2493 4412 2562 4466 ob
2606 4411 2815 4466 ventris
2877 4413 3197 4467 edacitatem
3256 4414 3562 4468 distrahens
3624 4428 3864 4487 prOpter

2265 4509 2510 4555 ventrem
2562 4509 2770 4555 natura:
2813 4501 3115 4570 primitias;
3157 4502 3280 4570 quia
3325 4501 3469 4556 enim
3530 4501 3639 4555 hoc
3678 4504 3868 4571 ipsum

584 4593 796 4658 lumini,
823 4605 878 4647 ut
909 4610 1004 4663 per
1039 4610 1161 4648 eum
1208 4594 1436 4650 visibilia
1477 4595 1782 4650 videantur.
1814 4595 1919 4650 Sed
1955 4597 1998 4651 si
2035 4595 2165 4650 sim-
2197 4615 2241 4669 ι)
2269 4593 2651 4648 incontinentia
2690 4601 2839 4660 erat,
2885 4608 2953 4648 ex
2993 4594 3124 4648 vitio
3169 4595 3356 4649 habuit
3394 4604 3447 4648 et
3484 4597 3867 4663 nuncupatio-

583 4687 796 4757 pliciter
834 4687 1012 4742 lumen
1052 4689 1311 4754 dixisset,
1355 4691 1638 4760 oportebat
1683 4706 1780 4744 nos
1828 4691 1894 4744 de
1938 4691 2040 4745 hoc
2084 4691 2159 4744 lu-

586 4777 732 4834 mine
765 4780 1027 4849 suspicari
1057 4781 1282 4845 dictum,
1323 4790 1376 4836 et
1415 4783 1482 4838 de
1513 4785 1628 4839 istis
1663 4785 1852 4838 oculis.
1898 4784 2003 4838 Sed
2042 4785 2167 4854 quia

587 4886 694 4924 non
726 4870 1046 4940 simpliciter
1078 4871 1210 4925 dicit
1260 4872 1439 4927 lumen
1470 4893 1484 4928 :
1519 4877 1615 4931 sed
1657 4887 1800 4942 erat,
1846 4878 2052 4948 inquit,
2084 4877 2168 4930 lu-

586 4981 703 5018 men
736 4982 910 5018 verum
937 4965 1018 5017 “z
1063 4965 1213 5035 pellit
1247 4967 1386 5020 istud
1422 4966 1600 5022 lumen
1642 4971 1782 5036 quod
1827 4985 2012 5023 verum
2061 4984 2164 5022 non

587 5066 689 5110 est.
740 5054 870 5108 Erat
921 5056 1094 5109 lumen
1133 5072 1306 5110 verum
1351 5057 1557 5112 veniens
1605 5057 1661 5110 in
1709 5057 1844 5112 hunc
1889 5061 2163 5113 mundum.

587 5145 722 5212 Quia
765 5148 908 5200 enim
945 5148 1080 5202 dixit
1109 5149 1343 5215 veniens,
1373 5149 1609 5219 suspicio
1638 5159 1754 5204 erat
1783 5151 1906 5219 quia
1945 5153 2164 5206 veniens

588 5235 824 5290 nondum
855 5236 1165 5292 advenerat.
1196 5237 1442 5292 lucidens
1487 5247 1666 5292 autem
1709 5242 1973 5295 sermonis
2013 5242 2162 5296 inﬁr-

587 5329 827 5383 mitatem
863 5331 1203 5386 confirmavit
1233 5331 1430 5385 mentis
1474 5331 1823 5386 intellectum.
1854 5334 1986 5398 Quia
2017 5337 2159 5389 enim

586 5419 754 5484 dixit,
807 5419 938 5474 Erat
987 5422 1161 5476 lumen
1214 5437 1402 5476 verum
1454 5423 1673 5476 veniens
1715 5423 1765 5476 in
1815 5423 1956 5478 hunc
2004 5441 2162 5478 inun-

586 5510 714 5562 dum
757 5527 770 5564 :
814 5520 872 5564 ut
915 5525 1019 5564 non
1068 5519 1314 5580 putares,
1361 5511 1486 5582 quia
1534 5527 1637 5566 non
1688 5513 1874 5567 aderat
1922 5529 2159 5583 praesens

587 5611 876 5670 antequam
926 5605 1168 5667 veniret,
1212 5614 1271 5658 ut
1303 5604 1502 5659 dicitur
1535 5621 1564 5658 a
1610 5605 1959 5673 quibusdam,
2008 5607 2156 5662 addit

584 5692 864 5763 corrigens
910 5709 1252 5750 sermonem:
1282 5695 1350 5750 In
1397 5695 1594 5750 mundo
1632 5708 1763 5752 erat.
1800 5697 1857 5753 Si
1895 5699 2060 5768 igitur
2095 5700 2149 5754 in

2275 4700 2417 4740 nem.
2450 4686 2516 4739 Et
2555 4696 2638 4741 est
2669 4685 2834 4739 Edom
2869 4685 3009 4754 quod
3054 4687 3437 4755 interpretatur
3477 4687 3744 4740 avaritia.
3793 4688 3868 4742 Ex

2273 4777 2379 4831 isto
2423 4777 2585 4847 igitur
2631 4777 2770 4831 Esau
2819 4776 2958 4832 facta
3015 4788 3099 4832 est
3150 4792 3279 4845 gens
3319 4778 3702 4832 ldumazorum.
3759 4780 3873 4834 Ista

2274 4855 2448 4936 gens,
2475 4867 2598 4936 quia
2651 4876 2705 4922 et
2744 4867 2882 4922 Esau
2927 4877 3044 4922 erat
3091 4868 3258 4922 frater
3300 4866 3486 4934 Jacob,
3519 4867 3718 4937 utique
3777 4873 3874 4922 de.

2274 4958 2387 5011 buit
2425 4959 2683 5029 aequalem
2727 4959 3020 5014 fraternam
3052 4960 3338 5028 quamdam
3383 4959 3733 5014 affectionem
3769 4964 3874 5016 ha-

2273 5050 2399 5103 bere
2441 5051 2507 5104 ad
2555 5051 2828 5120 p0pulum.
2878 5048 2978 5117 Qui
3029 5064 3151 5105 cum
3200 5066 3306 5104 non
3357 5051 3618 5116 haberet,
3669 5053 3873 5108 incre-

2272 5149 2432 5206 patur
2459 5139 2507 5193 ei
2549 5155 2578 5192 a
2613 5141 2722 5194 Deo
2751 5142 2877 5208 quia
2909 5155 3016 5194 non
3056 5141 3294 5195 servavit
3331 5151 3543 5210 pactum
3590 5141 3874 5198 fraterni-

2273 5232 2400 5286 tatis
2455 5235 2521 5286 ad
2574 5232 2852 5300 populum.
2911 5231 3064 5299 Quid
3106 5247 3235 5301 ergo
3284 5231 3663 5300 praevaricavit
3730 5249 3870 5288 con-

2270 5324 2494 5378 scientia
2527 5325 2595 5378 ad
2629 5325 2871 5388 fratrem,
2899 5334 2951 5379 et
2980 5326 3156 5379 erexit
3181 5324 3415 5395 judicem
3455 5323 3730 5379 adversus
3766 5341 3831 5380 se
3852 5327 3878 5379 ?

2271 5414 2538 5483 Propheta
2575 5424 2753 5468 autem
2801 5417 3098 5486 praevidens
3132 5417 3371 5472 futurum
3412 5418 3477 5472 de
3515 5417 3736 5473 eisdem
3784 5421 3878 5490 ju-

2267 5513 2466 5569 dicium
2506 5521 2562 5567 et
2601 5512 2917 5578 vindictam,
2949 5524 3006 5568 ut
3051 5514 3308 5569 Israelita:
3347 5516 3411 5570 de
3439 5512 3697 5569 ldumaeis
3752 5519 3877 5572 vin-

2263 5605 2597 5668 dicarentur,
2626 5611 2913 5672 antequam
2947 5605 3101 5659 fieret
3127 5605 3361 5660 vindicta
3388 5605 3874 5675 videtjudieium,

2257 5711 2314 5754 et
2350 5697 2480 5754 dicit
2521 5710 2538 5750 :
2599 5696 2732 5762 Quis
2765 5707 2840 5752 est
2895 5697 2984 5768 qui
3028 5698 3159 5752 venit
3211 5715 3276 5752 ea:
3321 5697 3539 5753 Edam?
3583 5698 3654 5754 Et
3717 5713 3876 5756 certe

658 5850 736 5927 '_l
784 5851 892 5905 l’im
927 5869 1015 5927 _vi,
1053 5854 1135 5927 16.
1171 5924 1196 5927 μ
1225 5855 1244 5886 ⁷
1287 5854 1430 5911 Hier.
1461 5871 1622 5920 xxni,
1664 5857 1752 5911 2L
1830 5859 1850 5888 ⁸
1889 5859 2096 5912 Coloss.
2129 5874 2168 5924 ι,
2214 5858 2294 5913 l5.
2373 5859 2394 5891 ’
2433 5858 2570 5914 Gen.
2610 5875 2664 5927 ι,
2703 5860 2793 5916 26.
2883 5859 2924 5889 ”
2967 5859 3095 5914 ibid.
3176 5860 3214 5891 "
3258 5858 3364 5914 Jer.
3409 5875 3587 5921 xxiii,
3635 5859 3746 5914 24.

590 5923 631 5962 ι’
669 5921 824 5977 Joan.
852 5939 889 5988 ι,
923 5925 1007 5976 l0.

432 6065 944 6336 Χ

1086 5926 1127 5957 ¹³
1167 5924 1367 5981 ibid.9.
1447 5928 1486 5958 “
1528 5928 1658 5982 ibid.
1738 5929 1779 5959 "
1819 5929 1954 5984 Gen.
1984 5944 2064 5997 ιιι,
2101 5931 2154 5985 8.

2234 5931 2275 5961 ⁸⁸
2315 5931 2416 5986 lsa.
2447 5946 2599 6000 thu,
2633 5934 2681 5985 1.

2762 5933 2802 5970 ’⁷
2847 5929 2972 5988 ibid.
3056 5932 3095 5962 ¹⁸
3135 5930 3260 5986 ibid.
3299 5931 3353 5988 5.
3432 5931 3473 5960 ¹⁹
3513 5929 3649 5984 ibid.
