4098 6398
265 433 403 486 ΗΠ

1256 429 1343 482 DE
1383 427 1848 484 INCORPORALI
1888 425 1979 482 ET
2017 427 2359 486 lNVlSIBlLl
2390 429 2544 486 DEO.

3361 423 3527 489 ’1118

262 559 525 619 quantum
582 548 648 602 ad
694 561 806 603 rem
854 547 1084 602 necdum
1131 547 1232 602 hoc
1272 549 1495 603 scierat.
1544 548 1600 602 Si
1661 558 1843 604 autem
1871 548 1921 609 Α
1949 563 2144 619 capere
2198 552 2385 606 volunt
2429 549 2752 620 strepitibus
2795 550 3121 618 quihusdam
3168 559 3223 603 et
3267 553 3434 616 sonis,
3471 561 3526 609 et

262 643 492 697 necdum
525 639 670 695 facto
701 639 908 706 judicio
951 651 1206 709 tanquam
1239 639 1352 706 jam
1395 639 1632 707 fecisset,
1661 649 1715 694 et
1756 654 1846 694 ve—

261 731 382 788 nire
414 733 630 787 videtur
669 746 792 786 cum
838 729 1038 784 dicitur
1079 745 1369 800 apparere,
1408 731 1636 784 necdum
1682 743 1847 798 appa-

261 833 366 890 ret,
400 839 508 878 non
554 821 678 892 quia
719 828 941 891 apparet
983 829 1269 888 antequam
1312 821 1494 877 veniat
1525 835 1593 874 ex
1627 820 1794 875 Edom
1826 837 1841 887 ;

259 918 377 972 viso
414 917 558 971 enim
596 929 700 968 non
734 913 944 966 videtur
971 911 1063 981 qui
1109 913 1372 980 praevenit
1404 912 1702 975 visionem,
1755 915 1865 966 ne-’

259 1023 366 1077 que
396 1007 718 1062 vestimenta
754 1005 935 1070 habet,
965 1002 1149 1073 qualia
1184 1003 1438 1072 apparuit
1467 1003 1672 1058 habens
1699 1021 1711 1058 :
1751 1003 1845 1058 sed

258 1101 385 1170 quia
422 1098 536 1152 vult
567 1098 730 1152 veluti
777 1097 990 1167 aspergi
1037 1112 1130 1151 sua
1161 1096 1481 1149 vestimenta
1527 1110 1554 1148 a
1589 1095 1848 1164 sanguine

258 1207 442 1246 eorum
472 1193 562 1261 qui
599 1189 746 1260 digni
793 1200 920 1244 sunt
960 1198 1159 1243 morte.
1195 1187 1336 1242 Non
1361 1187 1506 1241 enim
1543 1188 1609 1240 ad
1652 1187 1845 1242 coelum

261 1281 645 1335 transmittitur
697 1279 1143 1334 interﬁcientium
1199 1278 1462 1349 sanguis,
1502 1278 1596 1332 sed
1635 1292 1702 1332 ex
1748 1279 1850 1333 hoc

259 1371 493 1424 maxime
533 1371 846 1440 agnoscitur
877 1367 1003 1437 quia
1052 1364 1414 1435 incorporalis
1457 1373 1542 1418 est
1582 1361 1757 1427 Deus,
1794 1371 1852 1417 et

258 1461 600 1515 ve5timentis
643 1475 751 1514 non
801 1458 1025 1527 indiget.
1073 1457 1211 1523 Quia
1251 1470 1372 1526 quae
1419 1463 1644 1523 apparet
1687 1453 1847 1506 indu-

261 1562 370 1616 tus,
396 1550 719 1622 signiﬁcatio
751 1558 837 1604 est
869 1548 1036 1616 magis
1068 1546 1368 1602 elﬁcientiae
1397 1561 1558 1614 quam
1590 1545 1851 1600 exhibitio

259 1652 488 1700 naturae.
528 1643 663 1696 Cum
710 1641 919 1710 judicat
952 1639 1114 1694 habet
1159 1647 1376 1702 sedem,
1417 1646 1471 1691 et
1514 1636 1604 1706 qui
1642 1635 1849 1706 judicat

259 1736 554 1800 mundum,
604 1732 754 1786 albas
797 1731 914 1799 ejus
963 1744 1083 1784 esse
1133 1741 1312 1785 vestes
1365 1728 1643 1798 Scriptura
1695 1726 1847 1782 dicit.

259 1825 392 1886 Cum
445 1834 624 1880 autem
681 1826 878 1879 iterum
928 1823 1170 1877 vindicta
1219 1824 1542 1892 completur,
1581 1833 1838 1891 tanquam

261 1919 567 1990 regrediens
599 1917 762 1971 rubra
805 1918 925 1989 ejus
953 1917 1086 1972 dicit
1129 1931 1250 1986 quae
1298 1931 1403 1970 non
1454 1924 1614 1970 erant
1644 1917 1838 1978 rubra,
1870 1896 1914 1951 Β

257 2023 312 2066 et
341 2013 662 2068 vestimenta
704 2025 825 2081 quae
871 2027 980 2066 non
1013 2017 1169 2064 erant
1201 2008 1522 2062 vestimenta
1563 2025 1577 2060 :
1616 2015 1676 2060 ut
1718 2015 1845 2061 ante

256 2105 464 2162 audiret
511 2104 736 2175 populus
780 2104 906 2174 quia
948 2102 1238 2156 vindictam
1298 2099 1449 2155 facit.
1503 2099 1615 2168 Ego
1663 2106 1844 2154 autem

259 2197 542 2250 audiebam
591 2195 914 2264 prophetam
977 2193 1242 2248 dicentem
1293 2206 1396 2245 non
1445 2190 1512 2246 de
1551 2189 1661 2244 Deo
1705 2189 1842 2253 solo,

261 2288 355 2343 sed
397 2296 452 2343 et
495 2288 560 2341 de
597 2288 899 2350 sacerdote,
946 2286 1130 2340 nescio
1175 2299 1302 2354 quo,
1334 2283 1425 2353 qui
1459 2283 1681 2337 indutus
1728 2289 1846 2336 erat

260 2381 575 2438 vestimenta
608 2381 748 2436 sicut
778 2379 1049 2434 induimur
1091 2387 1146 2432 et
1183 2392 1301 2432 nos.
1333 2377 1462 2443 Quae
1503 2385 1682 2428 autem
1713 2373 1848 2427 vidit

259 2472 523 2542 propheta
560 2471 907 2534 vestimenta,
941 2477 995 2522 et
1033 2464 1152 2538 qua:
1197 2464 1506 2520 irnmutavit
1545 2463 1803 2517 visionem
1827 2500 1844 2525 ,

259 2579 365 2618 non
413 2571 537 2618 sunt
584 2563 686 2617 ista
745 2561 1067 2616 vestimenta
1122 2574 1243 2628 qua:
1278 2573 1378 2612 nos
1436 2557 1734 2612 induimur.
1784 2553 1842 2608 Si

257 2667 435 2709 autem
480 2658 570 2723 qui
618 2653 856 2708 induitur
904 2653 1005 2706 ista
1060 2651 1379 2706 vestimenta
1424 2650 1587 2705 homo
1629 2647 1846 2716 cormpi-

257 2748 400 2803 citur
452 2748 671 2802 indutus
726 2756 781 2801 et
844 2757 1091 2810 mutans,
1142 2754 1197 2799 et
1253 2743 1560 2812 patiebatur
1624 2743 1842 2812 quidem

206 2884 209 2885 ν
257 2842 349 2899 ille
389 2841 518 2896 nihil
559 2857 748 2896 eorum
790 2855 912 2910 quae
955 2840 1090 2894 vidit
1133 2838 1427 2908 propheta,
1478 2835 1621 2892 facta
1664 2847 1844 2891 autem

256 2946 414 2998 sunt,
453 2948 571 3004 qua
610 2932 755 2986 videt
792 2932 1052 3000 propheta
1099 2929 1174 2999 (6)
1210 2949 1222 2984 :
1269 2929 1314 2984 si
1357 2929 1423 2983 de
1469 2928 1687 2981 homine
1722 2926 1843 2990 ista,

257 3036 461 3097 quanto
491 3026 664 3095 magis
702 3026 769 3080 de
826 3023 980 3077 Deo?
1044 3021 1251 3076 Dicitur
1299 3021 1353 3076 in
1416 3020 1678 3075 Zacharia
1719 3035 1846 3089 pro-

258 3121 457 3188 pheta:
496 3117 736 3172 Ostendit
769 3118 900 3171 mihi
946 3116 1088 3171 Deus
1131 3115 1318 3170 Iesum
1363 3131 1628 3170 summum
1666 3130 1841 3167 sacer-

259 3213 432 3266 dotem
467 3211 512 3243 ³ο
559 3230 574 3266 :
625 3210 806 3266 Jesum
858 3211 1044 3265 dicens
1105 3209 1475 3272 sacerdotem,
1528 3223 1635 3263 non
1693 3207 1839 3261 illum
1868 3245 1912 3304 ϐ

259 3305 494 3359 ostendit
539 3303 818 3357 Dominum
875 3302 1058 3358 Jesum
1088 3303 1177 3371 qui
1214 3313 1297 3357 est
1328 3301 1568 3369 pontifex
1621 3300 1840 3370 pontiﬁ-

260 3413 381 3451 cum
417 3405 470 3452 et
497 3395 749 3451 sacerdos
772 3396 1132 3450 sacerdotum.
1165 3393 1230 3446 Et
1257 3396 1369 3459 iste,
1403 3391 1840 3462 inquit,‘restitus

259 3492 369 3536 erat
402 3484 706 3536 vestimenta
749 3483 1000 3546 sordida,
1035 3492 1081 3536 et
1120 3483 1294 3536 stabat
1336 3481 1580 3534 diabolus
1621 3497 1654 3534 a
1706 3482 1839 3533 dea:-

259 3575 356 3629 tris
398 3573 512 3644 ejus
567 3575 779 3643 cupiens
816 3592 935 3629 eum
990 3591 1172 3628 nocere
1192 3575 1262 3631 “.
1315 3574 1485 3628 Erant
1531 3573 1675 3629 enim
1727 3575 1843 3641 ejus

259 3667 476 3720 sordida
518 3667 858 3721 vestimenta.
903 3666 1058 3720 Sicut
1101 3667 1246 3721 enim
1284 3679 1465 3721 mures
1511 3666 1576 3720 ad
1625 3666 1841 3721 nidores

262 3767 592 3811 concurrunt
623 3776 635 3811 :
664 3757 736 3811 ita
765 3757 1015 3812 diabolus
1041 3766 1095 3810 et
1146 3756 1290 3811 illius
1320 3758 1594 3812 exercitus
1637 3758 1728 3811 illo
1754 3759 1844 3812 de-

263 3849 494 3904 lectatur
518 3851 730 3904 nidore.
764 3848 829 3904 Et
859 3849 962 3904 hoc
986 3849 1129 3921 quod
1159 3859 1279 3904 erat
1319 3845 1514 3906 lectum
1554 3859 1639 3905 est
1665 3869 1677 3904 :
1708 3851 1838 3904 Cum

258 3942 477 4011 spiritus
512 3958 734 4011 nequam
788 3941 975 3995 exierit
1020 3943 1085 3994 ab
1125 3942 1353 4010 homine,
1385 3943 1570 3996 circuit
1611 3943 1840 3996 desertos

260 4029 424 4097 locos,
446 4041 492 4085 et
519 4031 706 4102 quwrit
749 4031 1055 4102 requiem”.
1093 4031 1250 4086 Sicut
1277 4041 1333 4087 et
1367 4047 1531 4087 canes
1578 4033 1840 4102 coquina-

262 4140 382 4180 rum
409 4125 688 4196 requirunt
723 4126 816 4180 ubi
856 4125 1098 4197 sanguis,
1127 4124 1218 4180 ubi
1261 4137 1498 4190 stercus,
1527 4125 1617 4181 ubi
1660 4125 1840 4180 inlotae

262 4216 576 4285 interaneaa,
612 4227 666 4272 et
713 4217 823 4274 illic
871 4228 1219 4274 concurrunt.
1267 4219 1333 4273 Et
1377 4220 1518 4274 sicut
1555 4219 1647 4289 qui
1705 4218 1837 4274 foris

263 4319 505 4373 currunt,
561 4309 910 4365 adinveniunt
949 4311 1093 4380 quod
1145 4319 1298 4380 turpe
1330 4321 1415 4365 est
1460 4311 1706 4376 verbum,
1745 4312 1836 4377 qui

261 4411 415 4457 actus
463 4401 681 4467 fmdos;
737 4401 811 4456 ita
857 4417 980 4456 cum
1029 4401 1250 4471 spiritus
1293 4401 1603 4457 immundus
1645 4401 1838 4456 exierit

261 4493 330 4546 ab
360 4492 598 4556 homine,
629 4492 822 4547 circuit
866 4493 1077 4547 deserta
1131 4501 1187 4547 et
1233 4491 1383 4546 arida
1427 4491 1545 4546 loca
1585 4507 1837 4561 quaerens

1954 642 2312 712 thymiamate
2343 643 2592 697 volantes
2617 643 2900 698 detinent:
2928 643 3002 698 ita
3033 652 3087 696 et
3123 644 3381 698 immundi
3423 646 3528 714 spi-

1951 735 2090 790 ritus
2126 735 2272 791 circa
2304 736 2578 790 immunda
2621 744 2910 806 vagantur,
2949 745 3004 791 et
3032 746 3278 807 quaerunt
3301 754 3407 794 non
3435 739 3525 795 ubi

1951 841 2119 896 purus
2155 836 2239 880 est
2287 825 2404 894 ﬂos,
2461 830 2554 883 sed
2603 827 2692 882 ubi
2745 829 3162 892 contaminatio.
3195 830 3284 884 ubi
3331 830 3528 886 fabulze

1951 919 2268 983 mendaces,
2321 920 2414 973 ubi
2448 920 2623 990 imago
2674 919 2808 975 false
2841 921 3088 990 figurata,
3119 922 3208 976 ubi
3260 923 3525 976 sacriﬁcia

1952 1009 2241 1077 malitiosa,
2287 1010 2375 1064 ubi
2417 1011 2672 1066 mulieres
2714 1012 3019 1081 impudicae,
3063 1014 3152 1068 ubi
3197 1015 3296 1068 viri
3346 1015 3524 1080 incisi,

1951 1099 2040 1153 ubi
2073 1099 2158 1154 dei
2191 1099 2423 1154 adulteri
2458 1102 2558 1171 (7),
2597 1102 2688 1155 ubi
2721 1103 2834 1157 deae
2877 1101 3234 1167 fornicantes.
3271 1104 3358 1158 ubi
3402 1120 3529 1158 sana-

1948 1190 2070 1260 guis
2117 1191 2427 1259 etpollutio,
2457 1192 2546 1246 ubi
2580 1193 2745 1258 tibiae,
2779 1193 2868 1247 ubi
2901 1193 3137 1258 saltatio,
3166 1194 3256 1248 ubi
3290 1195 3524 1259 auditas,

1950 1282 2038 1336 ubi
2070 1284 2249 1337 omnis
2284 1284 2582 1353 turpitudo.
2613 1283 2672 1338 ln
2722 1286 3023 1341 istiusmodi
3069 1287 3333 1342 immundi
3368 1290 3526 1358 spiri-

1951 1382 2036 1428 tus
2064 1375 2430 1443 requiescunt.
2461 1375 2516 1430 Si
2551 1387 2736 1432 autem
2773 1379 2975 1434 viderit
3001 1379 3237 1450 aliquem
3269 1381 3319 1434 in
3339 1382 3525 1436 habitu

1949 1466 2144 1535 pudico
2187 1478 2244 1522 et
2282 1470 2537 1537 honesto,
2567 1471 2814 1524 indutum
2852 1487 2974 1526 esse
3006 1473 3290 1527 Dominum
3317 1472 3528 1537 Jesum,

1949 1557 2132 1610 statim
2180 1556 2344 1624 dicit;
2394 1574 2516 1627 qua:
2566 1559 2701 1614 dicit
2771 1562 3071 1629 permitte:
3105 1563 3234 1632 quid
3276 1563 3430 1618 nobis
3472 1572 3529 1618 et

1952 1649 2086 1703 tibi?
2128 1648 2243 1704 Non
2286 1661 2368 1705 est
2405 1661 2590 1721 aptum
2636 1651 2815 1707 lumen
2860 1654 2944 1708 his
2973 1655 3067 1724 qui
3102 1655 3212 1710 laesi
3250 1667 3376 1710 sunt
3400 1673 3531 1712 ocu-

1949 1741 2049 1807 lis;
2099 1742 2164 1797 ad
2201 1743 2454 1797 tenebras
2484 1744 2628 1798 enim
2653 1728 3065 1810 convertentur,
3097 1748 3347 1802 tenebras
3385 1749 3556 1804 inse-'

1951 1843 2205 1901 queatur,
2235 1834 2288 1888 in
2330 1835 2574 1888 tenebris
2620 1835 2994 1905 requiescunt.
3027 1836 3160 1893 Cum
3195 1849 3371 1894 autem
3416 1843 3528 1910 spi-

1945 1925 2084 1979 ritus
2109 1925 2422 1980 immundus
2448 1927 2730 1994 quaesierit
2767 1929 2820 1980 in
2857 1929 3086 1984 desertis
3115 1940 3171 1984 et
3203 1932 3369 1986 aridis
3395 1931 3526 1989 locis

1947 2017 2186 2084 requiem
2217 2026 2271 2072 et
2301 2031 2407 2071 non
2434 2018 2720 2083 invenerit,
2755 2021 3128 2076 exicratenim
3155 2023 3223 2075 ab
3262 2024 3476 2079 homine
3510 2042 3526 2080 :
3593 2026 3603 2033 ”

1948 2106 2200 2173 Redeam,
2230 2108 2430 2178 inquit,
2456 2111 2523 2162 ad
2567 2111 2776 2164 domum
2808 2128 2975 2166 meum
3001 2115 3137 2168 unde
3161 2116 3297 2170 exivi
3317 2117 3382 2170 ".
3419 2117 3527 2172 Do-

1947 2213 2093 2254 mum
2150 2215 2302 2254 suam
2365 2211 2524 2256 vocat
2567 2204 2832 2271 eum,qui
2870 2203 3105 2258 voluerit
3164 2208 3354 2260 domus
3407 2221 3531 2266 esse

1945 2290 2083 2362 ejus.
2124 2289 2182 2345 Si
2217 2301 2398 2345 autent
2434 2292 2674 2359 redierit,
2707 2293 2902 2362 inquit,
2931 2295 3155 2362 spiritus
3189 2296 3520 2363 immundus,

1945 2391 2000 2438 et
2038 2382 2303 2438 invenerit
2357 2383 2630 2438 hominem
2695 2385 2844 2440 illum
2904 2399 3152 2455 paratum
3205 2389 3354 2443 sibi:
3398 2392 3526 2460 quia

1944 2475 2087 2528 enim
2123 2476 2258 2530 vidit
2294 2478 2529 2546 spatium
2583 2477 2636 2530 in
2696 2477 2861 2544 malo,
2907 2493 3013 2531 non
3064 2480 3180 2533 vult
3229 2479 3341 2549 jam
3381 2483 3530 2537 solus

1946 2567 2215 2634 habitare,
2246 2571 2340 2624 sed
2367 2571 2514 2628 vadit
2547 2579 2602 2626 et
2629 2570 2862 2626 assumit
2889 2571 3027 2627 alios
3053 2582 3262 2642 septem
3302 2574 3530 2644 spiritus

1945 2659 2048 2714 sibi
2095 2660 2408 2730 nequiores,
2446 2675 2500 2716 et
2549 2662 2766 2731 octuplo
2817 2672 3080 2733 quantum
3121 2664 3187 2718 ad
3237 2679 3526 2719 numerum

1946 2751 2072 2821 quia
2104 2752 2318 2822 pejores
2351 2753 2600 2808 assumit.
2639 2753 2754 2808 Non
2788 2757 2932 2810 enim
2961 2767 3224 2824 quantum
3267 2770 3529 2812 numerus

1947 2843 2293 2914 multiplicat,
2325 2853 2531 2899 tantum
2565 2847 2740 2902 solum
2774 2857 2827 2903 et
2857 2849 3062 2903 malitia
3098 2849 3264 2906 addit.
3298 2847 3373 2904 Ita
3403 2863 3527 2904 cum

1947 2940 2175 3008 eruperit
2200 2939 2323 3008 quis
2349 2941 2552 2995 moveri
2585 2941 2653 2995 ad
2689 2958 2910 2998 cursum
2945 2944 3169 3009 malum,
3201 2953 3294 2998 aut
3320 2945 3387 2999 ad
3411 2954 3527 2999 tur-

1946 3044 2068 3099 pem
2098 3029 2365 3099 loquelam
2397 3045 2550 3084 suam
2578 3032 2852 3099 paraverit
2880 3034 3152 3103 linguam;
3189 3035 3393 3090 invenit
3415 3036 3524 3104 spi-

1947 3121 2086 3176 ritus
2113 3121 2427 3177 immundus
2454 3134 2866 3192 operamentum
2895 3124 3004 3193 jam
3052 3126 3345 3195 incipiente
3379 3127 3520 3183 mala

1947 3213 2014 3266 ab
2050 3211 2295 3279 homine,
2348 3221 2402 3266 et
2449 3214 2693 3285 suggerit
2737 3215 2941 3282 pejora,
2982 3225 3037 3270 et
3072 3215 3237 3271 ellicit
3273 3217 3372 3272 ista
3401 3232 3523 3287 qme

1945 3313 2002 3359 et
2031 3305 2250 3358 videtis.
2287 3303 2406 3360 Non
2439 3305 2582 3358 enim
2617 3314 2700 3360 est
2731 3305 2875 3374 quod
2920 3307 3118 3361 videtis
3159 3315 3392 3374 tantum,
3429 3309 3524 3362 sed

1945 3395 2319 3464 unusquisque
2367 3409 2556 3448 eorum
2589 3404 2794 3464 septem
2831 3406 2885 3449 et
2915 3395 3098 3465 plures
3138 3408 3281 3451 sunt.
3315 3395 3447 3451 Nam
3474 3407 3528 3451 et

1947 3486 2129 3556 plures
2177 3485 2381 3540 habent
2411 3486 2702 3541 daemones.
2743 3485 2802 3540 Si
2828 3489 2955 3557 quis
3000 3497 3180 3541 autem
3219 3487 3519 3543 recedenti-

1944 3578 2045 3633 bus
2071 3578 2429 3640 da‘monibus,
2465 3578 2606 3632 sicut
2657 3578 2919 3633 ebrietate
2951 3579 3256 3644 recedente,
3288 3581 3520 3634 voluerit

1950 3671 2316 3742 interrogare,
2359 3673 2401 3726 si
2445 3683 2624 3726 tamen
2658 3683 2712 3727 et
2748 3674 3035 3742 agnoverit
3063 3671 3294 3741 aliquem
3332 3686 3519 3726 eorum

1945 3763 2038 3831 qui
2077 3777 2222 3816 nunc
2252 3762 2564 3832 gloriantur
2591 3763 2644 3816 in
2679 3761 3107 3830 turpitudinibus
3139 3761 3275 3825 suis,
3309 3761 3423 3831 ipse
3449 3763 3523 3816 sit

1943 3854 2031 3922 qui
2076 3853 2307 3909 faciebat
2339 3855 2474 3917 haec.
2519 3864 2611 3908 aut
2652 3853 2801 3918 fecit,
2848 3863 2941 3907 aut
2976 3852 3187 3907 locutus
3219 3861 3342 3919 est;
3397 3866 3523 3907 vere

1943 3946 2173 4002 elIicitur
2218 3947 2349 4001 illud
2400 3948 2755 4016 apostolicum
2807 3946 3008 4001 dictum
3044 3962 3057 3998 :
3089 3947 3241 4012 Quod
3292 3946 3522 4016 fructum

1946 4039 2216 4092 habebatis
2248 4049 2394 4104 tunc,
2424 4041 2477 4092 in
2501 4041 2687 4109 quibus
2715 4055 2850 4093 nunc
2875 4037 3361 4106 confundimini"?
3399 4035 3523 4092 Sic-

1942 4140 1999 4184 ut
2039 4131 2183 4184 enim
2249 4145 2391 4184 nunc
2439 4131 2685 4185 videmus
2745 4130 3052 4185 immundos
3099 4130 3324 4200 spiritus
3377 4130 3522 4184 acci-

1942 4223 2152 4293 pientes
2187 4221 2554 4285 occasionem,
2603 4222 2852 4290 persequi
2885 4238 2946 4277 ea
2991 4236 3112 4290 quae
3155 4221 3354 4275 similia
3390 4229 3520 4276 sunt

1941 4314 2186 4369 sibi:ita
2232 4322 2288 4369 et
2347 4323 2476 4368 tunc
2525 4315 2648 4383 quia
2701 4313 2921 4368 sordida
2993 4322 3150 4368 erant
3199 4314 3523 4368 vestimenta

1941 4406 2245 4460 sacerdotis
2283 4406 2401 4476 ejus
2453 4405 2544 4474 qui
2595 4404 2775 4460 fuerat
2832 4406 3000 4470 visus,
3043 4407 3222 4460 stabat
3279 4405 3524 4459 diabolus

1942 4499 2008 4552 ad
2068 4499 2346 4552 dexteram
2415 4496 2531 4565 ejus
2590 4497 2812 4566 cupiens
2879 4511 3003 4551 eum
3067 4509 3260 4549 nocere
3305 4503 3526 4562 propter

263 4589 528 4652 requiem.
577 4585 702 4652 quia
751 4599 858 4639 non
901 4584 1198 4638 delectatur
1243 4599 1456 4654 pacem,
1507 4599 1683 4655 neque
1725 4585 1839 4640 vult
1869 4593 1913 4648 D
1945 4591 2158 4646 sordida
2200 4591 2551 4646 vestimenta.
2603 4589 2795 4642 Stabat
2849 4599 3029 4642 autem
3063 4598 3115 4640 et
3148 4585 3372 4655 angelus
3404 4584 3517 4638 Dei.

262 4675 589 4741 habitacula,
614 4679 706 4733 sed
737 4679 948 4732 deserta
983 4677 1198 4746 quaerit,
1229 4688 1322 4731 aut
1363 4687 1561 4732 terram
1593 4687 1686 4732 aut
1715 4678 1834 4732 ani-

263 4783 407 4822 mam
433 4769 646 4838 quaerit.
686 4768 795 4824 Nec
820 4769 906 4822 uhi
929 4783 1120 4822 aurmn
1153 4769 1310 4824 malis
1352 4770 1558 4825 artibus
1593 4785 1834 4825 comma-

261 4860 540 4914 chinatum
582 4871 666 4915 est
703 4862 756 4914 in
801 4861 1109 4916 simulacris
1137 4861 1356 4930 quaerit,
1386 4877 1486 4916 nec
1511 4862 1600 4916 ubi
1645 4878 1836 4932 argen-

262 4960 374 5004 tum
421 4952 561 5006 male
606 4935 904 5006 conflatuni
950 4959 1117 5007 estut
1162 4952 1502 5007 adoraretur.
1541 4953 1724 5009 Sicubi
1766 4955 1832 5007 li-

261 5055 424 5107 gnum
460 5058 548 5096 ars
579 5052 671 5097 aut
698 5043 893 5098 idolum
928 5043 1170 5114 sculpsit,
1221 5045 1392 5100 sicubi
1428 5045 1656 5114 lapidem
1713 5062 1830 5102 ere-

261 5143 460 5188 Xerunt
490 5151 680 5190 manus
714 5137 779 5190 ad
812 5135 1136 5204 colendum;
1193 5137 1328 5192 tales
1375 5140 1569 5210 quaerit
1613 5141 1826 5210 requies

263 5225 486 5293 spiritus
531 5227 855 5282 immundus.
907 5228 1089 5282 Sicubi
1143 5230 1384 5300 sanguis,
1418 5232 1594 5286 sicubi
1647 5235 1828 5299 nidor,

265 5314 441 5378 sicubi
476 5319 826 5382 seducantur,
864 5319 1035 5374 sicubi
1063 5321 1299 5383 theatra,
1335 5321 1510 5376 sicubi
1545 5323 1673 5376 nudi
1704 5339 1832 5378 cur-

295 5419 471 5473 eutes,
505 5409 674 5464 sicubi
709 5410 881 5480 turpia
909 5410 1216 5480 loquentes,
1267 5421 1325 5467 et
1356 5413 1594 5482 turpiora
1641 5417 1837 5471 admit-

284 5510 464 5569 a.ntes,
506 5514 560 5558 et
599 5503 740 5558 sicut
781 5504 960 5572 apiqu
1002 5507 1290 5574 progenies
1337 5508 1834 5578 acerrimiqnidam

333 5687 380 5720 ’°
416 5687 580 5747 Zach.
617 5704 698 5754 tu,
730 5691 782 5744 i.
858 5690 901 5723 ²¹
942 5691 1070 5747 ibid.
1107 5691 1158 5747 8.
1270 5693 1313 5724 “
1339 5692 1525 5750 Matth.
1547 5709 1645 5759 xu,
1679 5694 1767 5750 45.

297 5806 433 5930 [(‘Bt
472 5806 569 5863 Ms.
624 5805 786 5862 Facta
832 5819 1005 5865 autem
1051 5821 1170 5865 sunt
1221 5809 1320 5866 ista
1355 5827 1471 5882 qua:
1506 5810 1664 5876 uides,
1716 5828 1835 5882 pro-

313 5896 356 5930 σε
383 5898 432 5929 (Ι.

262 5890 410 5935 vitam
419 5915 432 5929 .

1865 5697 1910 5732 ”
1934 5696 2062 5755 ibid.
2092 5695 2182 5750 ιι.

1944 4678 2014 4732 Et
2051 4680 2197 4745 dicit,
2245 4679 2440 4747 inquit,
2487 4675 2703 4746 angelus
2749 4675 2841 4729 Dei
2881 4675 3392 4744 diabolo:lncrepet
3429 4673 3521 4726 tibi

1944 4772 2222 4825 Dominus.
2275 4769 2415 4833 Hoc,
2466 4768 2659 4836 inquit,
2696 4767 2934 4821 relictum
2981 4778 3053 4820 est
3093 4770 3156 4819 ab
3197 4769 3333 4835 igne,
3359 4776 3404 4819 et
3445 4766 3530 4820 vis

1942 4881 2059 4918 eum
2103 4861 2502 4917 comburere”?
2549 4861 2615 4914 Et
2659 4870 2782 4929 post
2837 4859 2941 4913 hoc
2999 4859 3253 4928 praecepit
3300 4857 3522 4928 angelus

1942 4955 2142 5009 auferri
2179 4969 2208 5006 a
2258 4953 2544 5008 sacerdote
2583 4952 2798 5006 sordida
2843 4952 3182 5014 vestimenta,
3232 4959 3282 5002 et
3330 4950 3516 5004 vestiri

1942 5063 2064 5103 eum
2104 5047 2326 5100 munda.
2355 5045 2422 5098 Et
2449 5046 2702 5100 sacerdos
2723 5044 2939 5115 quidem
2970 5044 3060 5113 qui
3097 5043 3376 5096 videbatur
3407 5059 3512 5095 non

1948 5138 2175 5202 aderat;
2215 5136 2308 5190 sed
2348 5138 2645 5192 constituto
2689 5151 2754 5191 eo
2795 5135 2942 5201 alibi,
2991 5136 3274 5189 videbatur
3317 5150 3345 5187 a
3397 5149 3518 5202 pro-

1944 5233 2128 5301 pheta,
2158 5238 2213 5286 et
2236 5231 2453 5285 sordida
2485 5231 2712 5285 vestitus
2738 5240 2858 5284 erat
2893 5229 3234 5292 vestimenta,
3258 5227 3348 5282 illo
3379 5227 3519 5281 forte

1942 5321 2174 5376 candida
2211 5322 2432 5376 vestito.
2487 5320 2554 5376 Et
2602 5322 2798 5376 iterum
2849 5321 3167 5375 immutatur
3199 5320 3316 5386 ejus
3352 5319 3516 5373 vestis

1941 5417 2033 5487 qui
2077 5416 2361 5471 videbatur
2405 5432 2433 5469 a
2480 5417 2765 5486 propheta,
2797 5425 2850 5469 et
2890 5415 2976 5468 ille
3024 5431 3130 5469 non
3165 5413 3390 5468 mutavit
3423 5411 3514 5480 qui

1944 5527 2050 5565 non
2088 5519 2205 5564 erat
2236 5513 2287 5564 iu
2321 5510 2547 5564 visione.
2584 5511 2649 5564 Et
2680 5510 2929 5580 provenit
2965 5521 3222 5579 quantum
3261 5511 3324 5563 ad
3355 5509 3514 5562 visio-

2282 5695 2328 5728 ’⁸
2366 5696 2519 5750 Rom.
2550 5694 2732 5759 vr,2|.
2811 5695 2856 5725 ³⁵
2889 5693 3052 5751 Zach.
3090 5693 3230 5760 ηιθ-

2015 5814 2091 5888 (Ἱ)
2124 5813 2219 5867 Ms.
2252 5811 2354 5868 Ubi
2388 5813 2469 5866 dei
2499 5811 2876 5867 adulterantes.
