  <div class='ocr_page' id='page_1' title='image "/cluster/home/n/w/nwhite01/storage/ocr_20150623/24/hvd.32044073501108/567.png"; bbox 0 0 4100 6456; ppageno 0'>
   <div class='ocr_carea' id='block_1_1' title="bbox 591 372 732 431">
    <p class='ocr_par' dir='ltr' id='par_1_1' title="bbox 591 372 732 431">
     <span class='ocr_line' id='line_1_1' title="bbox 591 372 732 431; baseline 0.028 -4"><span class='ocrx_word' id='word_1_1' title='bbox 591 372 732 431; x_wconf 72' lang='grc' dir='ltr'><strong>ηιο</strong></span> 
     </span>
    </p>
   </div>
   <div class='ocr_carea' id='block_1_2' title="bbox 1269 379 3162 452">
    <p class='ocr_par' dir='ltr' id='par_1_2' title="bbox 1269 379 3162 452">
     <span class='ocr_line' id='line_1_2' title="bbox 1269 379 3162 452; baseline 0.01 -18"><span class='ocrx_word' id='word_1_2' title='bbox 1269 379 1533 438; x_wconf 79' lang='lat' dir='ltr'><strong>EUSEBII</strong></span> <span class='ocrx_word' id='word_1_3' title='bbox 1573 383 2056 443; x_wconf 65' lang='lat' dir='ltr'><strong>CESABIENSIS</strong></span> <span class='ocrx_word' id='word_1_4' title='bbox 2094 388 2247 444; x_wconf 82' lang='lat' dir='ltr'><strong>OPP.</strong></span> <span class='ocrx_word' id='word_1_5' title='bbox 2284 391 2467 447; x_wconf 81' lang='lat' dir='ltr'><strong>PARS</strong></span> <span class='ocrx_word' id='word_1_6' title='bbox 2505 392 2594 450; x_wconf 86' lang='lat' dir='ltr'><strong>IV.</strong></span> <span class='ocrx_word' id='word_1_7' title='bbox 2634 426 2707 438; x_wconf 90' lang='lat'><strong>—</strong></span> <span class='ocrx_word' id='word_1_8' title='bbox 2740 394 3162 452; x_wconf 77' lang='lat' dir='ltr'><strong>DOGMATICA.</strong></span> 
     </span>
    </p>
   </div>
   <div class='ocr_carea' id='block_1_3' title="bbox 3719 406 3885 459">
    <p class='ocr_par' dir='ltr' id='par_1_3' title="bbox 3719 406 3885 459">
     <span class='ocr_line' id='line_1_3' title="bbox 3719 406 3885 459; baseline 0 0"><span class='ocrx_word' id='word_1_9' title='bbox 3719 406 3885 459; x_wconf 71' lang='grc'><strong>1120</strong></span> 
     </span>
    </p>
   </div>
   <div class='ocr_carea' id='block_1_4' title="bbox 593 490 3881 591">
    <p class='ocr_par' dir='ltr' id='par_1_4' title="bbox 593 490 3881 591">
     <span class='ocr_line' id='line_1_4' title="bbox 593 490 3881 591; baseline 0.01 -46"><span class='ocrx_word' id='word_1_10' title='bbox 593 506 740 557; x_wconf 90' lang='lat' dir='ltr'><strong>nem,</strong></span> <span class='ocrx_word' id='word_1_11' title='bbox 782 490 1056 562; x_wconf 84' lang='lat' dir='ltr'><strong>duplicem</strong></span> <span class='ocrx_word' id='word_1_12' title='bbox 1093 508 1215 551; x_wconf 80' lang='lat' dir='ltr'><strong>esse</strong></span> <span class='ocrx_word' id='word_1_13' title='bbox 1254 504 1591 557; x_wconf 76' lang='lat' dir='ltr'><strong>sacerdotem</strong></span> <span class='ocrx_word' id='word_1_14' title='bbox 1634 503 1818 559; x_wconf 90' lang='lat' dir='ltr'><strong>istum.</strong></span> <span class='ocrx_word' id='word_1_15' title='bbox 1855 506 1985 561; x_wconf 80' lang='lat' dir='ltr'><strong>Erat</strong></span> <span class='ocrx_word' id='word_1_16' title='bbox 2021 509 2165 564; x_wconf 89' lang='lat' dir='ltr'><strong>enim</strong></span> <span class='ocrx_word' id='word_1_17' title='bbox 2197 513 2244 569; x_wconf 77' lang='grc' dir='ltr'><strong>Δ</strong></span> <span class='ocrx_word' id='word_1_18' title='bbox 2273 511 2490 567; x_wconf 92' lang='lat' dir='ltr'><strong>videbat</strong></span> <span class='ocrx_word' id='word_1_19' title='bbox 2532 512 2671 568; x_wconf 84' lang='lat' dir='ltr'><strong>Deus</strong></span> <span class='ocrx_word' id='word_1_20' title='bbox 2734 514 2952 571; x_wconf 65' lang='lat' dir='ltr'><strong>athletae</strong></span> <span class='ocrx_word' id='word_1_21' title='bbox 2994 532 3270 571; x_wconf 81' lang='lat' dir='ltr'><strong>coronam.</strong></span> <span class='ocrx_word' id='word_1_22' title='bbox 3324 517 3464 591; x_wconf 83' lang='lat' dir='ltr'><strong>Ergo</strong></span> <span class='ocrx_word' id='word_1_23' title='bbox 3518 535 3638 576; x_wconf 90' lang='lat' dir='ltr'><strong>cum</strong></span> <span class='ocrx_word' id='word_1_24' title='bbox 3698 522 3881 585; x_wconf 78' lang='lat' dir='ltr'><strong>Scri-</strong></span> 
     </span>
    </p>
   </div>
   <div class='ocr_carea' id='block_1_5' title="bbox 588 581 2162 664">
    <p class='ocr_par' dir='ltr' id='par_1_5' title="bbox 588 581 2162 664">
     <span class='ocr_line' id='line_1_5' title="bbox 588 581 2162 664; baseline 0.013 -30"><span class='ocrx_word' id='word_1_25' title='bbox 588 592 642 634; x_wconf 90' lang='lat' dir='ltr'><strong>et</strong></span> <span class='ocrx_word' id='word_1_26' title='bbox 669 581 829 637; x_wconf 91' lang='lat' dir='ltr'><strong>homo</strong></span> <span class='ocrx_word' id='word_1_27' title='bbox 875 583 943 637; x_wconf 85' lang='lat' dir='ltr'><strong>ad</strong></span> <span class='ocrx_word' id='word_1_28' title='bbox 984 586 1333 657; x_wconf 83' lang='lat' dir='ltr'><strong>semetipsum</strong></span> <span class='ocrx_word' id='word_1_29' title='bbox 1374 590 1484 656; x_wconf 87' lang='lat' dir='ltr'><strong>ille,</strong></span> <span class='ocrx_word' id='word_1_30' title='bbox 1514 604 1570 647; x_wconf 90' lang='lat' dir='ltr'><strong>et</strong></span> <span class='ocrx_word' id='word_1_31' title='bbox 1602 593 1787 664; x_wconf 88' lang='lat' dir='ltr'><strong>utique</strong></span> <span class='ocrx_word' id='word_1_32' title='bbox 1818 612 1919 652; x_wconf 88' lang='lat' dir='ltr'><strong>nec</strong></span> <span class='ocrx_word' id='word_1_33' title='bbox 1947 598 2162 656; x_wconf 89' lang='lat' dir='ltr'><strong>sordida</strong></span> 
     </span>
    </p>
   </div>
   <div class='ocr_carea' id='block_1_6' title="bbox 591 673 2161 762">
    <p class='ocr_par' dir='ltr' id='par_1_6' title="bbox 591 673 2161 762">
     <span class='ocr_line' id='line_1_6' title="bbox 591 673 2161 762; baseline 0.015 -36"><span class='ocrx_word' id='word_1_34' title='bbox 591 673 823 727; x_wconf 79' lang='lat' dir='ltr'><strong>habebat</strong></span> <span class='ocrx_word' id='word_1_35' title='bbox 848 676 1192 746; x_wconf 89' lang='lat' dir='ltr'><strong>vestimenta,</strong></span> <span class='ocrx_word' id='word_1_36' title='bbox 1225 696 1401 751; x_wconf 86' lang='lat' dir='ltr'><strong>neque</strong></span> <span class='ocrx_word' id='word_1_37' title='bbox 1434 683 1742 741; x_wconf 87' lang='lat' dir='ltr'><strong>immutavit</strong></span> <span class='ocrx_word' id='word_1_38' title='bbox 1774 703 1900 744; x_wconf 90' lang='lat' dir='ltr'><strong>cum</strong></span> <span class='ocrx_word' id='word_1_39' title='bbox 1941 689 2047 747; x_wconf 89' lang='lat' dir='ltr'><strong>isto</strong></span> <span class='ocrx_word' id='word_1_40' title='bbox 2069 692 2161 762; x_wconf 91' lang='lat' dir='ltr'><strong>qui</strong></span> 
     </span>
    </p>
   </div>
   <div class='ocr_carea' id='block_1_7' title="bbox 590 762 2161 846">
    <p class='ocr_par' dir='ltr' id='par_1_7' title="bbox 590 762 2161 846">
     <span class='ocr_line' id='line_1_7' title="bbox 590 762 2161 846; baseline 0.017 -33"><span class='ocrx_word' id='word_1_41' title='bbox 590 762 642 814; x_wconf 88' lang='lat' dir='ltr'><strong>in</strong></span> <span class='ocrx_word' id='word_1_42' title='bbox 673 762 883 818; x_wconf 83' lang='lat' dir='ltr'><strong>visione</strong></span> <span class='ocrx_word' id='word_1_43' title='bbox 912 774 1031 820; x_wconf 89' lang='lat' dir='ltr'><strong>erat</strong></span> <span class='ocrx_word' id='word_1_44' title='bbox 1070 767 1235 825; x_wconf 90' lang='lat' dir='ltr'><strong>visus.</strong></span> <span class='ocrx_word' id='word_1_45' title='bbox 1272 770 1482 842; x_wconf 80' lang='lat' dir='ltr'><strong>Agente</strong></span> <span class='ocrx_word' id='word_1_46' title='bbox 1528 785 1707 831; x_wconf 85' lang='lat' dir='ltr'><strong>autem</strong></span> <span class='ocrx_word' id='word_1_47' title='bbox 1744 792 1810 832; x_wconf 93' lang='lat' dir='ltr'><strong>eo</strong></span> <span class='ocrx_word' id='word_1_48' title='bbox 1835 788 1889 833; x_wconf 91' lang='lat' dir='ltr'><strong>et</strong></span> <span class='ocrx_word' id='word_1_49' title='bbox 1910 780 2081 846; x_wconf 88' lang='lat' dir='ltr'><strong>salvo,</strong></span> <span class='ocrx_word' id='word_1_50' title='bbox 2106 792 2161 838; x_wconf 89' lang='lat' dir='ltr'><strong>et</strong></span> 
     </span>
    </p>
   </div>
   <div class='ocr_carea' id='block_1_8' title="bbox 589 853 2162 937">
    <p class='ocr_par' dir='ltr' id='par_1_8' title="bbox 589 853 2162 937">
     <span class='ocr_line' id='line_1_8' title="bbox 589 853 2162 937; baseline 0.017 -34"><span class='ocrx_word' id='word_1_51' title='bbox 589 860 783 918; x_wconf 83' lang='lat' dir='ltr'><strong>agente</strong></span> <span class='ocrx_word' id='word_1_52' title='bbox 832 853 884 907; x_wconf 93' lang='lat' dir='ltr'><strong>in</strong></span> <span class='ocrx_word' id='word_1_53' title='bbox 923 855 1007 910; x_wconf 91' lang='lat' dir='ltr'><strong>his</strong></span> <span class='ocrx_word' id='word_1_54' title='bbox 1044 856 1180 913; x_wconf 89' lang='lat' dir='ltr'><strong>locis</strong></span> <span class='ocrx_word' id='word_1_55' title='bbox 1220 860 1274 915; x_wconf 92' lang='lat' dir='ltr'><strong>in</strong></span> <span class='ocrx_word' id='word_1_56' title='bbox 1311 864 1509 931; x_wconf 84' lang='lat' dir='ltr'><strong>quibus</strong></span> <span class='ocrx_word' id='word_1_57' title='bbox 1550 876 1668 921; x_wconf 86' lang='lat' dir='ltr'><strong>erat</strong></span> <span class='ocrx_word' id='word_1_58' title='bbox 1700 869 1982 937; x_wconf 88' lang='lat' dir='ltr'><strong>propheta,</strong></span> <span class='ocrx_word' id='word_1_59' title='bbox 2025 874 2162 929; x_wconf 80' lang='lat' dir='ltr'><strong>vidit</strong></span> 
     </span>
    </p>
   </div>
   <div class='ocr_carea' id='block_1_9' title="bbox 587 946 2158 1026">
    <p class='ocr_par' dir='ltr' id='par_1_9' title="bbox 587 946 2158 1026">
     <span class='ocr_line' id='line_1_9' title="bbox 587 946 2158 1026; baseline 0.015 -29"><span class='ocrx_word' id='word_1_60' title='bbox 587 957 733 1007; x_wconf 86' lang='lat' dir='ltr'><strong>eum.</strong></span> <span class='ocrx_word' id='word_1_61' title='bbox 766 960 872 1001; x_wconf 92' lang='lat' dir='ltr'><strong>non</strong></span> <span class='ocrx_word' id='word_1_62' title='bbox 914 946 1087 1016; x_wconf 84' lang='lat' dir='ltr'><strong>ipsum</strong></span> <span class='ocrx_word' id='word_1_63' title='bbox 1121 952 1374 1017; x_wconf 86' lang='lat' dir='ltr'><strong>videt,-et</strong></span> <span class='ocrx_word' id='word_1_64' title='bbox 1403 971 1525 1011; x_wconf 91' lang='lat' dir='ltr'><strong>eum</strong></span> <span class='ocrx_word' id='word_1_65' title='bbox 1558 971 1877 1026; x_wconf 68' lang='lat' dir='ltr'><strong>praesentem</strong></span> <span class='ocrx_word' id='word_1_66' title='bbox 1908 965 2158 1021; x_wconf 89' lang='lat' dir='ltr'><strong>vestitum</strong></span> 
     </span>
    </p>
   </div>
   <div class='ocr_carea' id='block_1_10' title="bbox 586 1034 2158 1119">
    <p class='ocr_par' dir='ltr' id='par_1_10' title="bbox 586 1034 2158 1119">
     <span class='ocr_line' id='line_1_10' title="bbox 586 1034 2158 1119; baseline 0.018 -35"><span class='ocrx_word' id='word_1_67' title='bbox 586 1034 803 1088; x_wconf 87' lang='lat' dir='ltr'><strong>sordida</strong></span> <span class='ocrx_word' id='word_1_68' title='bbox 827 1037 1172 1107; x_wconf 89' lang='lat' dir='ltr'><strong>vestimenta,</strong></span> <span class='ocrx_word' id='word_1_69' title='bbox 1202 1059 1321 1110; x_wconf 85' lang='lat' dir='ltr'><strong>quae</strong></span> <span class='ocrx_word' id='word_1_70' title='bbox 1353 1060 1457 1101; x_wconf 91' lang='lat' dir='ltr'><strong>non</strong></span> <span class='ocrx_word' id='word_1_71' title='bbox 1489 1048 1719 1105; x_wconf 84' lang='lat' dir='ltr'><strong>habebat</strong></span> <span class='ocrx_word' id='word_1_72' title='bbox 1749 1052 1856 1119; x_wconf 88' lang='lat' dir='ltr'><strong>ille,</strong></span> <span class='ocrx_word' id='word_1_73' title='bbox 1883 1069 1981 1109; x_wconf 90' lang='lat' dir='ltr'><strong>nec</strong></span> <span class='ocrx_word' id='word_1_74' title='bbox 2013 1056 2158 1112; x_wconf 90' lang='lat' dir='ltr'><strong>enim</strong></span> 
     </span>
    </p>
   </div>
   <div class='ocr_carea' id='block_1_11' title="bbox 586 1127 2157 1218">
    <p class='ocr_par' dir='ltr' id='par_1_11' title="bbox 586 1127 2157 1218">
     <span class='ocr_line' id='line_1_11' title="bbox 586 1127 2157 1218; baseline 0.021 -44"><span class='ocrx_word' id='word_1_75' title='bbox 586 1132 743 1177; x_wconf 83' lang='lat' dir='ltr'><strong>erant</strong></span> <span class='ocrx_word' id='word_1_76' title='bbox 775 1127 1099 1187; x_wconf 83' lang='lat' dir='ltr'><strong>vestimenta</strong></span> <span class='ocrx_word' id='word_1_77' title='bbox 1148 1135 1241 1188; x_wconf 91' lang='lat' dir='ltr'><strong>sed</strong></span> <span class='ocrx_word' id='word_1_78' title='bbox 1287 1147 1531 1205; x_wconf 90' lang='lat' dir='ltr'><strong>peccata.</strong></span> <span class='ocrx_word' id='word_1_79' title='bbox 1569 1139 1893 1201; x_wconf 84' lang='lat' dir='ltr'><strong>Vestimenta</strong></span> <span class='ocrx_word' id='word_1_80' title='bbox 1940 1150 2157 1218; x_wconf 84' lang='lat' dir='ltr'><strong>quidem</strong></span> 
     </span>
    </p>
   </div>
   <div class='ocr_carea' id='block_1_12' title="bbox 586 1215 2158 1296">
    <p class='ocr_par' dir='ltr' id='par_1_12' title="bbox 586 1215 2158 1296">
     <span class='ocr_line' id='line_1_12' title="bbox 586 1215 2158 1296; baseline 0.02 -32"><span class='ocrx_word' id='word_1_81' title='bbox 586 1221 772 1281; x_wconf 89' lang='lat' dir='ltr'><strong>utpote</strong></span> <span class='ocrx_word' id='word_1_82' title='bbox 815 1215 1050 1275; x_wconf 85' lang='lat' dir='ltr'><strong>hominis</strong></span> <span class='ocrx_word' id='word_1_83' title='bbox 1089 1233 1248 1279; x_wconf 92' lang='lat' dir='ltr'><strong>erant</strong></span> <span class='ocrx_word' id='word_1_84' title='bbox 1302 1227 1528 1283; x_wconf 90' lang='lat' dir='ltr'><strong>candida</strong></span> <span class='ocrx_word' id='word_1_85' title='bbox 1582 1247 1597 1285; x_wconf 89' lang='lat'><strong>:</strong></span> <span class='ocrx_word' id='word_1_86' title='bbox 1635 1234 1723 1288; x_wconf 90' lang='lat' dir='ltr'><strong>ubi</strong></span> <span class='ocrx_word' id='word_1_87' title='bbox 1777 1215 2158 1296; x_wconf 45' lang='lat' dir='ltr'><strong>autem—vesti-</strong></span> 
     </span>
    </p>
   </div>
   <div class='ocr_carea' id='block_1_13' title="bbox 588 1313 2155 1388">
    <p class='ocr_par' dir='ltr' id='par_1_13' title="bbox 588 1313 2155 1388">
     <span class='ocr_line' id='line_1_13' title="bbox 588 1313 2155 1388; baseline 0.02 -33"><span class='ocrx_word' id='word_1_88' title='bbox 588 1316 768 1360; x_wconf 87' lang='lat' dir='ltr'><strong>menta</strong></span> <span class='ocrx_word' id='word_1_89' title='bbox 804 1321 909 1360; x_wconf 90' lang='lat' dir='ltr'><strong>non</strong></span> <span class='ocrx_word' id='word_1_90' title='bbox 928 1320 1107 1375; x_wconf 90' lang='lat' dir='ltr'><strong>erant,</strong></span> <span class='ocrx_word' id='word_1_91' title='bbox 1130 1313 1453 1370; x_wconf 84' lang='lat' dir='ltr'><strong>vestimenta</strong></span> <span class='ocrx_word' id='word_1_92' title='bbox 1486 1330 1707 1388; x_wconf 89' lang='lat' dir='ltr'><strong>peccata</strong></span> <span class='ocrx_word' id='word_1_93' title='bbox 1734 1337 1889 1380; x_wconf 89' lang='lat' dir='ltr'><strong>erant</strong></span> <span class='ocrx_word' id='word_1_94' title='bbox 1916 1330 2155 1386; x_wconf 82' lang='lat' dir='ltr'><strong>sordida.</strong></span> 
     </span>
    </p>
   </div>
   <div class='ocr_carea' id='block_1_14' title="bbox 585 1395 2156 1480">
    <p class='ocr_par' dir='ltr' id='par_1_14' title="bbox 585 1395 2156 1480">
     <span class='ocr_line' id='line_1_14' title="bbox 585 1395 2156 1480; baseline 0.022 -35"><span class='ocrx_word' id='word_1_95' title='bbox 585 1395 718 1459; x_wconf 83' lang='lat' dir='ltr'><strong>Quia</strong></span> <span class='ocrx_word' id='word_1_96' title='bbox 752 1397 895 1453; x_wconf 91' lang='lat' dir='ltr'><strong>enim</strong></span> <span class='ocrx_word' id='word_1_97' title='bbox 931 1414 1157 1469; x_wconf 89' lang='lat' dir='ltr'><strong>peccata</strong></span> <span class='ocrx_word' id='word_1_98' title='bbox 1188 1416 1367 1474; x_wconf 87' lang='lat' dir='ltr'><strong>erant,</strong></span> <span class='ocrx_word' id='word_1_99' title='bbox 1403 1412 1620 1467; x_wconf 84' lang='lat' dir='ltr'><strong>sordida</strong></span> <span class='ocrx_word' id='word_1_100' title='bbox 1653 1417 1977 1475; x_wconf 86' lang='lat' dir='ltr'><strong>vestimenta</strong></span> <span class='ocrx_word' id='word_1_101' title='bbox 2003 1422 2156 1480; x_wconf 87' lang='lat' dir='ltr'><strong>dicit.</strong></span> 
     </span>
    </p>
   </div>
   <div class='ocr_carea' id='block_1_15' title="bbox 584 1484 2159 1586">
    <p class='ocr_par' dir='ltr' id='par_1_15' title="bbox 584 1484 2159 1586">
     <span class='ocr_line' id='line_1_15' title="bbox 584 1484 2159 1586; baseline 0.022 -48"><span class='ocrx_word' id='word_1_102' title='bbox 584 1484 716 1553; x_wconf 88' lang='lat' dir='ltr'><strong>Quia</strong></span> <span class='ocrx_word' id='word_1_103' title='bbox 748 1499 927 1546; x_wconf 86' lang='lat' dir='ltr'><strong>autem</strong></span> <span class='ocrx_word' id='word_1_104' title='bbox 960 1498 1196 1563; x_wconf 85' lang='lat' dir='ltr'><strong>peccatis</strong></span> <span class='ocrx_word' id='word_1_105' title='bbox 1217 1499 1521 1557; x_wconf 89' lang='lat' dir='ltr'><strong>delectatur</strong></span> <span class='ocrx_word' id='word_1_106' title='bbox 1548 1505 1814 1573; x_wconf 87' lang='lat' dir='ltr'><strong>diabolus,</strong></span> <span class='ocrx_word' id='word_1_107' title='bbox 1848 1513 2037 1569; x_wconf 89' lang='lat' dir='ltr'><strong>adorat</strong></span> <span class='ocrx_word' id='word_1_108' title='bbox 2063 1532 2159 1586; x_wconf 91' lang='lat' dir='ltr'><strong>per</strong></span> 
     </span>
    </p>
   </div>
   <div class='ocr_carea' id='block_1_16' title="bbox 582 1577 2157 1661">
    <p class='ocr_par' dir='ltr' id='par_1_16' title="bbox 582 1577 2157 1661">
     <span class='ocr_line' id='line_1_16' title="bbox 582 1577 2157 1661; baseline 0.024 -37"><span class='ocrx_word' id='word_1_109' title='bbox 582 1577 843 1635; x_wconf 81' lang='lat' dir='ltr'><strong>visionem</strong></span> <span class='ocrx_word' id='word_1_110' title='bbox 875 1598 888 1634; x_wconf 92' lang='lat'><strong>:</strong></span> <span class='ocrx_word' id='word_1_111' title='bbox 919 1583 1008 1637; x_wconf 89' lang='lat' dir='ltr'><strong>ubi</strong></span> <span class='ocrx_word' id='word_1_112' title='bbox 1038 1585 1182 1640; x_wconf 85' lang='lat' dir='ltr'><strong>enim</strong></span> <span class='ocrx_word' id='word_1_113' title='bbox 1211 1598 1331 1643; x_wconf 90' lang='lat' dir='ltr'><strong>erat</strong></span> <span class='ocrx_word' id='word_1_114' title='bbox 1359 1590 1535 1661; x_wconf 88' lang='lat' dir='ltr'><strong>nidor,</strong></span> <span class='ocrx_word' id='word_1_115' title='bbox 1576 1596 1684 1651; x_wconf 91' lang='lat' dir='ltr'><strong>illic</strong></span> <span class='ocrx_word' id='word_1_116' title='bbox 1708 1601 1924 1658; x_wconf 87' lang='lat' dir='ltr'><strong>sordida</strong></span> <span class='ocrx_word' id='word_1_117' title='bbox 1946 1577 2157 1660; x_wconf 80' lang='lat' dir='ltr'><strong>anima-</strong></span> 
     </span>
    </p>
   </div>
   <div class='ocr_carea' id='block_1_17' title="bbox 583 1663 2155 1764">
    <p class='ocr_par' dir='ltr' id='par_1_17' title="bbox 583 1663 2155 1764">
     <span class='ocr_line' id='line_1_17' title="bbox 583 1663 2155 1764; baseline 0.022 -45"><span class='ocrx_word' id='word_1_118' title='bbox 583 1663 654 1721; x_wconf 88' lang='lat' dir='ltr'><strong>lia</strong></span> <span class='ocrx_word' id='word_1_119' title='bbox 685 1686 701 1722; x_wconf 86' lang='lat'><strong>:</strong></span> <span class='ocrx_word' id='word_1_120' title='bbox 730 1670 819 1723; x_wconf 83' lang='lat' dir='ltr'><strong>ubi</strong></span> <span class='ocrx_word' id='word_1_121' title='bbox 856 1683 1153 1741; x_wconf 78' lang='lat' dir='ltr'><strong>peccaturo,</strong></span> <span class='ocrx_word' id='word_1_122' title='bbox 1203 1677 1312 1734; x_wconf 90' lang='lat' dir='ltr'><strong>illic</strong></span> <span class='ocrx_word' id='word_1_123' title='bbox 1350 1681 1672 1741; x_wconf 84' lang='lat' dir='ltr'><strong>adiuventur</strong></span> <span class='ocrx_word' id='word_1_124' title='bbox 1711 1690 1779 1745; x_wconf 90' lang='lat' dir='ltr'><strong>ab</strong></span> <span class='ocrx_word' id='word_1_125' title='bbox 1832 1691 1986 1750; x_wconf 90' lang='lat' dir='ltr'><strong>initio</strong></span> <span class='ocrx_word' id='word_1_126' title='bbox 2028 1711 2155 1764; x_wconf 83' lang='lat' dir='ltr'><strong>pec-</strong></span> 
     </span>
    </p>
   </div>
   <div class='ocr_carea' id='block_1_18' title="bbox 582 1758 2151 1852">
    <p class='ocr_par' dir='ltr' id='par_1_18' title="bbox 582 1758 2151 1852">
     <span class='ocr_line' id='line_1_18' title="bbox 582 1758 2151 1852; baseline 0.02 -42"><span class='ocrx_word' id='word_1_127' title='bbox 582 1758 710 1815; x_wconf 85' lang='lat' dir='ltr'><strong>cati.</strong></span> <span class='ocrx_word' id='word_1_128' title='bbox 742 1760 1003 1831; x_wconf 83' lang='lat' dir='ltr'><strong>Objurgat</strong></span> <span class='ocrx_word' id='word_1_129' title='bbox 1044 1765 1211 1836; x_wconf 79' lang='lat' dir='ltr'><strong>igitur</strong></span> <span class='ocrx_word' id='word_1_130' title='bbox 1242 1772 1466 1842; x_wconf 76' lang='lat' dir='ltr'><strong>angelus</strong></span> <span class='ocrx_word' id='word_1_131' title='bbox 1498 1791 1819 1845; x_wconf 70' lang='lat' dir='ltr'><strong>praesentem</strong></span> <span class='ocrx_word' id='word_1_132' title='bbox 1852 1758 2151 1852; x_wconf 81' lang='lat' dir='ltr'><strong>diabolum,</strong></span> 
     </span>
    </p>
   </div>
   <div class='ocr_carea' id='block_1_19' title="bbox 582 1854 2228 1939">
    <p class='ocr_par' dir='ltr' id='par_1_19' title="bbox 582 1854 2228 1939">
     <span class='ocr_line' id='line_1_19' title="bbox 582 1854 2228 1939; baseline 0.021 -37"><span class='ocrx_word' id='word_1_133' title='bbox 582 1860 632 1903; x_wconf 91' lang='lat' dir='ltr'><strong>et</strong></span> <span class='ocrx_word' id='word_1_134' title='bbox 657 1854 904 1923; x_wconf 70' lang='lat' dir='ltr'><strong>prmcipit</strong></span> <span class='ocrx_word' id='word_1_135' title='bbox 934 1871 1147 1913; x_wconf 84' lang='lat' dir='ltr'><strong>mutare</strong></span> <span class='ocrx_word' id='word_1_136' title='bbox 1172 1864 1493 1921; x_wconf 87' lang='lat' dir='ltr'><strong>vestimenta</strong></span> <span class='ocrx_word' id='word_1_137' title='bbox 1515 1872 1835 1939; x_wconf 85' lang='lat' dir='ltr'><strong>sacerdotis,</strong></span> <span class='ocrx_word' id='word_1_138' title='bbox 1864 1883 1919 1930; x_wconf 89' lang='lat' dir='ltr'><strong>et</strong></span> <span class='ocrx_word' id='word_1_139' title='bbox 1950 1879 2153 1935; x_wconf 90' lang='lat' dir='ltr'><strong>auferri</strong></span> <span class='ocrx_word' id='word_1_140' title='bbox 2186 1856 2228 1910; x_wconf 76' lang='grc' dir='ltr'><strong><em>Β</em></strong></span> 
     </span>
    </p>
   </div>
   <div class='ocr_carea' id='block_1_20' title="bbox 581 1943 2154 2033">
    <p class='ocr_par' dir='ltr' id='par_1_20' title="bbox 581 1943 2154 2033">
     <span class='ocr_line' id='line_1_20' title="bbox 581 1943 2154 2033; baseline 0.022 -40"><span class='ocrx_word' id='word_1_141' title='bbox 581 1943 651 1995; x_wconf 88' lang='lat' dir='ltr'><strong>ab</strong></span> <span class='ocrx_word' id='word_1_142' title='bbox 678 1959 743 1998; x_wconf 86' lang='lat' dir='ltr'><strong>eo</strong></span> <span class='ocrx_word' id='word_1_143' title='bbox 770 1949 1013 2013; x_wconf 86' lang='lat' dir='ltr'><strong>sordida,</strong></span> <span class='ocrx_word' id='word_1_144' title='bbox 1052 1956 1238 2010; x_wconf 90' lang='lat' dir='ltr'><strong>vestiri</strong></span> <span class='ocrx_word' id='word_1_145' title='bbox 1273 1968 1451 2012; x_wconf 90' lang='lat' dir='ltr'><strong>autem</strong></span> <span class='ocrx_word' id='word_1_146' title='bbox 1495 1976 1616 2016; x_wconf 91' lang='lat' dir='ltr'><strong>eum</strong></span> <span class='ocrx_word' id='word_1_147' title='bbox 1658 1968 1876 2033; x_wconf 91' lang='lat' dir='ltr'><strong>munda,</strong></span> <span class='ocrx_word' id='word_1_148' title='bbox 1906 1977 1959 2024; x_wconf 90' lang='lat' dir='ltr'><strong>et</strong></span> <span class='ocrx_word' id='word_1_149' title='bbox 1986 1970 2154 2026; x_wconf 88' lang='lat' dir='ltr'><strong>inter-</strong></span> 
     </span>
    </p>
   </div>
   <div class='ocr_carea' id='block_1_21' title="bbox 579 2040 2154 2129">
    <p class='ocr_par' dir='ltr' id='par_1_21' title="bbox 579 2040 2154 2129">
     <span class='ocr_line' id='line_1_21' title="bbox 579 2040 2154 2129; baseline 0.023 -45"><span class='ocrx_word' id='word_1_150' title='bbox 579 2043 824 2101; x_wconf 89' lang='lat' dir='ltr'><strong>pretatur</strong></span> <span class='ocrx_word' id='word_1_151' title='bbox 854 2040 1220 2111; x_wconf 75' lang='lat' dir='ltr'><strong>efficientiam,</strong></span> <span class='ocrx_word' id='word_1_152' title='bbox 1252 2060 1307 2104; x_wconf 91' lang='lat' dir='ltr'><strong>et</strong></span> <span class='ocrx_word' id='word_1_153' title='bbox 1337 2052 1467 2107; x_wconf 88' lang='lat' dir='ltr'><strong>dicit</strong></span> <span class='ocrx_word' id='word_1_154' title='bbox 1499 2074 1512 2110; x_wconf 88' lang='lat'><strong>:</strong></span> <span class='ocrx_word' id='word_1_155' title='bbox 1540 2054 1696 2121; x_wconf 83' lang='lat' dir='ltr'><strong>Ecce,</strong></span> <span class='ocrx_word' id='word_1_156' title='bbox 1736 2059 1927 2129; x_wconf 88' lang='lat' dir='ltr'><strong>inquit,</strong></span> <span class='ocrx_word' id='word_1_157' title='bbox 1958 2065 2154 2120; x_wconf 74' lang='lat' dir='ltr'><strong>abstuli</strong></span> 
     </span>
    </p>
   </div>
   <div class='ocr_carea' id='block_1_22' title="bbox 576 2134 2152 2212">
    <p class='ocr_par' dir='ltr' id='par_1_22' title="bbox 576 2134 2152 2212">
     <span class='ocr_line' id='line_1_22' title="bbox 576 2134 2152 2212; baseline 0.023 -36"><span class='ocrx_word' id='word_1_158' title='bbox 576 2141 608 2176; x_wconf 87' lang='lat' dir='ltr'><strong>a</strong></span> <span class='ocrx_word' id='word_1_159' title='bbox 644 2134 692 2179; x_wconf 78' lang='lat' dir='ltr'><strong>te</strong></span> <span class='ocrx_word' id='word_1_160' title='bbox 727 2142 940 2194; x_wconf 80' lang='lat' dir='ltr'><strong>peccata</strong></span> <span class='ocrx_word' id='word_1_161' title='bbox 990 2141 1083 2189; x_wconf 80' lang='lat' dir='ltr'><strong>tua</strong></span> <span class='ocrx_word' id='word_1_162' title='bbox 1104 2137 1172 2191; x_wconf 83' lang='lat'><strong>“.</strong></span> <span class='ocrx_word' id='word_1_163' title='bbox 1210 2139 1266 2195; x_wconf 88' lang='lat' dir='ltr'><strong>Si</strong></span> <span class='ocrx_word' id='word_1_164' title='bbox 1304 2141 1420 2197; x_wconf 75' lang='lat' dir='ltr'><strong>istae</strong></span> <span class='ocrx_word' id='word_1_165' title='bbox 1467 2145 1608 2200; x_wconf 81' lang='lat' dir='ltr'><strong>circa</strong></span> <span class='ocrx_word' id='word_1_166' title='bbox 1660 2148 1930 2206; x_wconf 87' lang='lat' dir='ltr'><strong>hominem</strong></span> <span class='ocrx_word' id='word_1_167' title='bbox 1975 2165 2152 2212; x_wconf 84' lang='lat' dir='ltr'><strong>vestes</strong></span> 
     </span>
    </p>
   </div>
   <div class='ocr_carea' id='block_1_23' title="bbox 579 2229 2151 2308">
    <p class='ocr_par' dir='ltr' id='par_1_23' title="bbox 579 2229 2151 2308">
     <span class='ocr_line' id='line_1_23' title="bbox 579 2229 2151 2308; baseline 0.022 -41"><span class='ocrx_word' id='word_1_168' title='bbox 579 2229 682 2269; x_wconf 90' lang='lat' dir='ltr'><strong>non</strong></span> <span class='ocrx_word' id='word_1_169' title='bbox 712 2231 867 2273; x_wconf 89' lang='lat' dir='ltr'><strong>erant</strong></span> <span class='ocrx_word' id='word_1_170' title='bbox 902 2232 1103 2292; x_wconf 82' lang='lat' dir='ltr'><strong>vestes,</strong></span> <span class='ocrx_word' id='word_1_171' title='bbox 1129 2230 1223 2283; x_wconf 88' lang='lat' dir='ltr'><strong>sed</strong></span> <span class='ocrx_word' id='word_1_172' title='bbox 1253 2233 1412 2287; x_wconf 91' lang='lat' dir='ltr'><strong>modo</strong></span> <span class='ocrx_word' id='word_1_173' title='bbox 1434 2235 1649 2304; x_wconf 87' lang='lat' dir='ltr'><strong>quidem</strong></span> <span class='ocrx_word' id='word_1_174' title='bbox 1689 2252 2036 2308; x_wconf 86' lang='lat' dir='ltr'><strong>peccatorum</strong></span> <span class='ocrx_word' id='word_1_175' title='bbox 2067 2245 2151 2301; x_wconf 90' lang='lat' dir='ltr'><strong>in-</strong></span> 
     </span>
    </p>
   </div>
   <div class='ocr_carea' id='block_1_24' title="bbox 575 2306 2146 2404">
    <p class='ocr_par' dir='ltr' id='par_1_24' title="bbox 575 2306 2146 2404">
     <span class='ocr_line' id='line_1_24' title="bbox 575 2306 2146 2404; baseline 0.022 -44"><span class='ocrx_word' id='word_1_176' title='bbox 575 2306 769 2376; x_wconf 88' lang='lat' dir='ltr'><strong>signia,</strong></span> <span class='ocrx_word' id='word_1_177' title='bbox 809 2315 969 2369; x_wconf 90' lang='lat' dir='ltr'><strong>modo</strong></span> <span class='ocrx_word' id='word_1_178' title='bbox 1000 2326 1180 2372; x_wconf 83' lang='lat' dir='ltr'><strong>autem</strong></span> <span class='ocrx_word' id='word_1_179' title='bbox 1221 2323 1514 2389; x_wconf 89' lang='lat' dir='ltr'><strong>puritatis:</strong></span> <span class='ocrx_word' id='word_1_180' title='bbox 1542 2306 1715 2397; x_wconf 81' lang='lat' dir='ltr'><strong>quare</strong></span> <span class='ocrx_word' id='word_1_181' title='bbox 1753 2347 1815 2386; x_wconf 88' lang='lat' dir='ltr'><strong>ea</strong></span> <span class='ocrx_word' id='word_1_182' title='bbox 1854 2349 1973 2404; x_wconf 73' lang='lat' dir='ltr'><strong>quae</strong></span> <span class='ocrx_word' id='word_1_183' title='bbox 2001 2337 2146 2394; x_wconf 82' lang='lat' dir='ltr'><strong>circa</strong></span> 
     </span>
    </p>
   </div>
   <div class='ocr_carea' id='block_1_25' title="bbox 578 2398 2147 2500">
    <p class='ocr_par' dir='ltr' id='par_1_25' title="bbox 578 2398 2147 2500">
     <span class='ocr_line' id='line_1_25' title="bbox 578 2398 2147 2500; baseline 0.022 -48"><span class='ocrx_word' id='word_1_184' title='bbox 578 2398 845 2458; x_wconf 89' lang='lat' dir='ltr'><strong>hominem</strong></span> <span class='ocrx_word' id='word_1_185' title='bbox 887 2420 1015 2461; x_wconf 90' lang='lat' dir='ltr'><strong>sunt</strong></span> <span class='ocrx_word' id='word_1_186' title='bbox 1065 2410 1339 2482; x_wconf 85' lang='lat' dir='ltr'><strong>descripta</strong></span> <span class='ocrx_word' id='word_1_187' title='bbox 1380 2418 1705 2477; x_wconf 87' lang='lat' dir='ltr'><strong>vestimenta</strong></span> <span class='ocrx_word' id='word_1_188' title='bbox 1761 2440 1865 2480; x_wconf 90' lang='lat' dir='ltr'><strong>non</strong></span> <span class='ocrx_word' id='word_1_189' title='bbox 1913 2430 2147 2500; x_wconf 86' lang='lat' dir='ltr'><strong>suscipi-</strong></span> 
     </span>
    </p>
   </div>
   <div class='ocr_carea' id='block_1_26' title="bbox 572 2498 2145 2591">
    <p class='ocr_par' dir='ltr' id='par_1_26' title="bbox 572 2498 2145 2591">
     <span class='ocr_line' id='line_1_26' title="bbox 572 2498 2145 2591; baseline 0.021 -46"><span class='ocrx_word' id='word_1_190' title='bbox 572 2506 712 2555; x_wconf 86' lang='lat' dir='ltr'><strong>mus.</strong></span> <span class='ocrx_word' id='word_1_191' title='bbox 749 2498 877 2565; x_wconf 86' lang='lat' dir='ltr'><strong>quia</strong></span> <span class='ocrx_word' id='word_1_192' title='bbox 911 2500 1054 2555; x_wconf 91' lang='lat' dir='ltr'><strong>circa</strong></span> <span class='ocrx_word' id='word_1_193' title='bbox 1090 2506 1365 2562; x_wconf 89' lang='lat' dir='ltr'><strong>hominem</strong></span> <span class='ocrx_word' id='word_1_194' title='bbox 1396 2509 1611 2567; x_wconf 91' lang='lat' dir='ltr'><strong>fuerant</strong></span> <span class='ocrx_word' id='word_1_195' title='bbox 1653 2531 1774 2584; x_wconf 80' lang='lat' dir='ltr'><strong>quae</strong></span> <span class='ocrx_word' id='word_1_196' title='bbox 1806 2530 1860 2573; x_wconf 89' lang='lat' dir='ltr'><strong>et</strong></span> <span class='ocrx_word' id='word_1_197' title='bbox 1890 2498 2145 2591; x_wconf 87' lang='lat' dir='ltr'><strong>vestitur;</strong></span> 
     </span>
    </p>
   </div>
   <div class='ocr_carea' id='block_1_27' title="bbox 571 2592 2147 2674">
    <p class='ocr_par' dir='ltr' id='par_1_27' title="bbox 571 2592 2147 2674">
     <span class='ocr_line' id='line_1_27' title="bbox 571 2592 2147 2674; baseline 0.021 -39"><span class='ocrx_word' id='word_1_198' title='bbox 571 2598 694 2652; x_wconf 67' lang='lat' dir='ltr'><strong>qua:</strong></span> <span class='ocrx_word' id='word_1_199' title='bbox 720 2597 898 2643; x_wconf 86' lang='lat' dir='ltr'><strong>autem</strong></span> <span class='ocrx_word' id='word_1_200' title='bbox 946 2592 1093 2647; x_wconf 72' lang='lat' dir='ltr'><strong>circa</strong></span> <span class='ocrx_word' id='word_1_201' title='bbox 1138 2594 1307 2651; x_wconf 91' lang='lat' dir='ltr'><strong>Deum</strong></span> <span class='ocrx_word' id='word_1_202' title='bbox 1342 2599 1596 2656; x_wconf 86' lang='lat' dir='ltr'><strong>dicuntur</strong></span> <span class='ocrx_word' id='word_1_203' title='bbox 1627 2607 1978 2674; x_wconf 87' lang='lat' dir='ltr'><strong>vestimenta,</strong></span> <span class='ocrx_word' id='word_1_204' title='bbox 2015 2626 2147 2667; x_wconf 86' lang='lat' dir='ltr'><strong>con-</strong></span> 
     </span>
    </p>
   </div>
   <div class='ocr_carea' id='block_1_28' title="bbox 575 2677 2143 2759">
    <p class='ocr_par' dir='ltr' id='par_1_28' title="bbox 575 2677 2143 2759">
     <span class='ocr_line' id='line_1_28' title="bbox 575 2677 2143 2759; baseline 0.021 -31"><span class='ocrx_word' id='word_1_205' title='bbox 575 2677 845 2735; x_wconf 88' lang='lat' dir='ltr'><strong>tendimus</strong></span> <span class='ocrx_word' id='word_1_206' title='bbox 865 2696 986 2739; x_wconf 82' lang='lat' dir='ltr'><strong>esse</strong></span> <span class='ocrx_word' id='word_1_207' title='bbox 1011 2688 1365 2745; x_wconf 82' lang='lat' dir='ltr'><strong>vestimenta?</strong></span> <span class='ocrx_word' id='word_1_208' title='bbox 1387 2691 1569 2748; x_wconf 82' lang='lat' dir='ltr'><strong>Multis</strong></span> <span class='ocrx_word' id='word_1_209' title='bbox 1596 2695 1810 2753; x_wconf 88' lang='lat' dir='ltr'><strong>denudo</strong></span> <span class='ocrx_word' id='word_1_210' title='bbox 1842 2703 1995 2757; x_wconf 84' lang='lat' dir='ltr'><strong>vobis</strong></span> <span class='ocrx_word' id='word_1_211' title='bbox 2021 2719 2143 2759; x_wconf 83' lang='lat' dir='ltr'><strong>om—</strong></span> 
     </span>
    </p>
   </div>
   <div class='ocr_carea' id='block_1_29' title="bbox 569 2775 2143 2853">
    <p class='ocr_par' dir='ltr' id='par_1_29' title="bbox 569 2775 2143 2853">
     <span class='ocr_line' id='line_1_29' title="bbox 569 2775 2143 2853; baseline 0.02 -32"><span class='ocrx_word' id='word_1_212' title='bbox 569 2781 691 2822; x_wconf 87' lang='lat' dir='ltr'><strong>nem</strong></span> <span class='ocrx_word' id='word_1_213' title='bbox 730 2782 941 2838; x_wconf 88' lang='lat' dir='ltr'><strong>partem</strong></span> <span class='ocrx_word' id='word_1_214' title='bbox 989 2775 1145 2831; x_wconf 85' lang='lat' dir='ltr'><strong>istam</strong></span> <span class='ocrx_word' id='word_1_215' title='bbox 1196 2777 1510 2852; x_wconf 72' lang='lat' dir='ltr'><strong>Scripturze.</strong></span> <span class='ocrx_word' id='word_1_216' title='bbox 1554 2784 1666 2842; x_wconf 85' lang='lat' dir='ltr'><strong>Nec</strong></span> <span class='ocrx_word' id='word_1_217' title='bbox 1694 2787 1851 2846; x_wconf 75' lang='lat' dir='ltr'><strong>.lesns</strong></span> <span class='ocrx_word' id='word_1_218' title='bbox 1886 2796 2143 2853; x_wconf 83' lang='lat' dir='ltr'><strong>sacerdos</strong></span> 
     </span>
    </p>
   </div>
   <div class='ocr_carea' id='block_1_30' title="bbox 568 2857 2141 2946">
    <p class='ocr_par' dir='ltr' id='par_1_30' title="bbox 568 2857 2141 2946">
     <span class='ocr_line' id='line_1_30' title="bbox 568 2857 2141 2946; baseline 0.02 -34"><span class='ocrx_word' id='word_1_219' title='bbox 568 2857 660 2914; x_wconf 87' lang='lat' dir='ltr'><strong>ille</strong></span> <span class='ocrx_word' id='word_1_220' title='bbox 689 2862 874 2917; x_wconf 88' lang='lat' dir='ltr'><strong>aderat</strong></span> <span class='ocrx_word' id='word_1_221' title='bbox 896 2865 1026 2932; x_wconf 91' lang='lat' dir='ltr'><strong>illic,</strong></span> <span class='ocrx_word' id='word_1_222' title='bbox 1066 2885 1171 2924; x_wconf 88' lang='lat' dir='ltr'><strong>non</strong></span> <span class='ocrx_word' id='word_1_223' title='bbox 1204 2873 1348 2927; x_wconf 87' lang='lat' dir='ltr'><strong>enim</strong></span> <span class='ocrx_word' id='word_1_224' title='bbox 1381 2879 1609 2933; x_wconf 87' lang='lat' dir='ltr'><strong>aderat:</strong></span> <span class='ocrx_word' id='word_1_225' title='bbox 1639 2883 1732 2936; x_wconf 90' lang='lat' dir='ltr'><strong>sed</strong></span> <span class='ocrx_word' id='word_1_226' title='bbox 1765 2898 1862 2940; x_wconf 89' lang='lat' dir='ltr'><strong>nec</strong></span> <span class='ocrx_word' id='word_1_227' title='bbox 1893 2886 2141 2946; x_wconf 84' lang='lat' dir='ltr'><strong>diabolus</strong></span> 
     </span>
    </p>
   </div>
   <div class='ocr_carea' id='block_1_31' title="bbox 567 2951 2136 3037">
    <p class='ocr_par' dir='ltr' id='par_1_31' title="bbox 567 2951 2136 3037">
     <span class='ocr_line' id='line_1_31' title="bbox 567 2951 2136 3037; baseline 0.021 -33"><span class='ocrx_word' id='word_1_228' title='bbox 567 2951 774 3019; x_wconf 85' lang='lat' dir='ltr'><strong>aderat,</strong></span> <span class='ocrx_word' id='word_1_229' title='bbox 810 2971 985 3028; x_wconf 80' lang='lat' dir='ltr'><strong>neqne</strong></span> <span class='ocrx_word' id='word_1_230' title='bbox 1012 2964 1237 3032; x_wconf 77' lang='lat' dir='ltr'><strong>angelus</strong></span> <span class='ocrx_word' id='word_1_231' title='bbox 1258 2968 1469 3035; x_wconf 85' lang='lat' dir='ltr'><strong>aderat,</strong></span> <span class='ocrx_word' id='word_1_232' title='bbox 1495 2973 1589 3025; x_wconf 90' lang='lat' dir='ltr'><strong>sed</strong></span> <span class='ocrx_word' id='word_1_233' title='bbox 1625 2983 1795 3029; x_wconf 87' lang='lat' dir='ltr'><strong>totum</strong></span> <span class='ocrx_word' id='word_1_234' title='bbox 1829 2988 1948 3031; x_wconf 91' lang='lat' dir='ltr'><strong>erat</strong></span> <span class='ocrx_word' id='word_1_235' title='bbox 1979 2980 2136 3037; x_wconf 81' lang='lat' dir='ltr'><strong>visio.</strong></span> 
     </span>
    </p>
   </div>
   <div class='ocr_carea' id='block_1_32' title="bbox 566 3041 2137 3137">
    <p class='ocr_par' dir='ltr' id='par_1_32' title="bbox 566 3041 2137 3137">
     <span class='ocr_line' id='line_1_32' title="bbox 566 3041 2137 3137; baseline 0.02 -41"><span class='ocrx_word' id='word_1_236' title='bbox 566 3041 634 3096; x_wconf 89' lang='lat' dir='ltr'><strong>Et</strong></span> <span class='ocrx_word' id='word_1_237' title='bbox 656 3048 909 3103; x_wconf 87' lang='lat' dir='ltr'><strong>sacerdos</strong></span> <span class='ocrx_word' id='word_1_238' title='bbox 937 3053 1155 3120; x_wconf 90' lang='lat' dir='ltr'><strong>quidem</strong></span> <span class='ocrx_word' id='word_1_239' title='bbox 1190 3068 1410 3128; x_wconf 88' lang='lat' dir='ltr'><strong>propter</strong></span> <span class='ocrx_word' id='word_1_240' title='bbox 1441 3074 1726 3129; x_wconf 90' lang='lat' dir='ltr'><strong>peccatum</strong></span> <span class='ocrx_word' id='word_1_241' title='bbox 1768 3080 1995 3137; x_wconf 83' lang='lat' dir='ltr'><strong>apparet</strong></span> <span class='ocrx_word' id='word_1_242' title='bbox 2020 3087 2137 3127; x_wconf 84' lang='lat' dir='ltr'><strong>sor-</strong></span> 
     </span>
    </p>
   </div>
   <div class='ocr_carea' id='block_1_33' title="bbox 565 3134 2136 3226">
    <p class='ocr_par' dir='ltr' id='par_1_33' title="bbox 565 3134 2136 3226">
     <span class='ocr_line' id='line_1_33' title="bbox 565 3134 2136 3226; baseline 0.02 -37"><span class='ocrx_word' id='word_1_243' title='bbox 565 3134 707 3191; x_wconf 88' lang='lat' dir='ltr'><strong>didis</strong></span> <span class='ocrx_word' id='word_1_244' title='bbox 738 3143 1072 3200; x_wconf 81' lang='lat' dir='ltr'><strong>vestimentis</strong></span> <span class='ocrx_word' id='word_1_245' title='bbox 1116 3148 1481 3221; x_wconf 88' lang='lat' dir='ltr'><strong>indutus;qui</strong></span> <span class='ocrx_word' id='word_1_246' title='bbox 1536 3171 1639 3209; x_wconf 92' lang='lat' dir='ltr'><strong>nou</strong></span> <span class='ocrx_word' id='word_1_247' title='bbox 1691 3167 1745 3213; x_wconf 91' lang='lat' dir='ltr'><strong>et</strong></span> <span class='ocrx_word' id='word_1_248' title='bbox 1796 3134 2003 3226; x_wconf 85' lang='lat' dir='ltr'><strong>aderat,</strong></span> <span class='ocrx_word' id='word_1_249' title='bbox 2036 3179 2136 3220; x_wconf 89' lang='lat' dir='ltr'><strong>nec</strong></span> 
     </span>
    </p>
   </div>
   <div class='ocr_carea' id='block_1_34' title="bbox 564 3233 2131 3312">
    <p class='ocr_par' dir='ltr' id='par_1_34' title="bbox 564 3233 2131 3312">
     <span class='ocr_line' id='line_1_34' title="bbox 564 3233 2131 3312; baseline 0.021 -33"><span class='ocrx_word' id='word_1_250' title='bbox 564 3238 682 3281; x_wconf 89' lang='lat' dir='ltr'><strong>erat</strong></span> <span class='ocrx_word' id='word_1_251' title='bbox 708 3233 933 3289; x_wconf 81' lang='lat' dir='ltr'><strong>vestitus</strong></span> <span class='ocrx_word' id='word_1_252' title='bbox 963 3238 1178 3294; x_wconf 82' lang='lat' dir='ltr'><strong>sordida</strong></span> <span class='ocrx_word' id='word_1_253' title='bbox 1219 3243 1564 3300; x_wconf 89' lang='lat' dir='ltr'><strong>vestimenta.</strong></span> <span class='ocrx_word' id='word_1_254' title='bbox 1601 3247 1665 3302; x_wconf 87' lang='lat' dir='ltr'><strong>Et</strong></span> <span class='ocrx_word' id='word_1_255' title='bbox 1693 3251 1938 3307; x_wconf 87' lang='lat' dir='ltr'><strong>diabolus</strong></span> <span class='ocrx_word' id='word_1_256' title='bbox 1968 3254 2131 3312; x_wconf 89' lang='lat' dir='ltr'><strong>veluti</strong></span> 
     </span>
    </p>
   </div>
   <div class='ocr_carea' id='block_1_35' title="bbox 562 3320 2134 3408">
    <p class='ocr_par' dir='ltr' id='par_1_35' title="bbox 562 3320 2134 3408">
     <span class='ocr_line' id='line_1_35' title="bbox 562 3320 2134 3408; baseline 0.02 -35"><span class='ocrx_word' id='word_1_257' title='bbox 562 3320 798 3386; x_wconf 77' lang='lat' dir='ltr'><strong>videtur,</strong></span> <span class='ocrx_word' id='word_1_258' title='bbox 829 3327 954 3396; x_wconf 86' lang='lat' dir='ltr'><strong>quia</strong></span> <span class='ocrx_word' id='word_1_259' title='bbox 998 3329 1119 3385; x_wconf 88' lang='lat' dir='ltr'><strong>istis</strong></span> <span class='ocrx_word' id='word_1_260' title='bbox 1164 3334 1360 3391; x_wconf 92' lang='lat' dir='ltr'><strong>talibus</strong></span> <span class='ocrx_word' id='word_1_261' title='bbox 1389 3341 1606 3408; x_wconf 79' lang='lat' dir='ltr'><strong>gaudet,</strong></span> <span class='ocrx_word' id='word_1_262' title='bbox 1643 3352 1698 3396; x_wconf 91' lang='lat' dir='ltr'><strong>et</strong></span> <span class='ocrx_word' id='word_1_263' title='bbox 1728 3344 1795 3397; x_wconf 87' lang='lat' dir='ltr'><strong>ad</strong></span> <span class='ocrx_word' id='word_1_264' title='bbox 1833 3345 1965 3401; x_wconf 88' lang='lat' dir='ltr'><strong>istos</strong></span> <span class='ocrx_word' id='word_1_265' title='bbox 1999 3348 2134 3405; x_wconf 84' lang='lat' dir='ltr'><strong>tales</strong></span> 
     </span>
    </p>
   </div>
   <div class='ocr_carea' id='block_1_36' title="bbox 478 3414 2132 3498">
    <p class='ocr_par' dir='ltr' id='par_1_36' title="bbox 478 3414 2132 3498">
     <span class='ocr_line' id='line_1_36' title="bbox 478 3414 2132 3498; baseline 0.02 -35"><span class='ocrx_word' id='word_1_266' title='bbox 478 3438 483 3444; x_wconf 87' lang='lat'><strong>-</strong></span> <span class='ocrx_word' id='word_1_267' title='bbox 561 3414 822 3484; x_wconf 70' lang='lat' dir='ltr'><strong>exsurgit.</strong></span> <span class='ocrx_word' id='word_1_268' title='bbox 858 3417 928 3472; x_wconf 88' lang='lat' dir='ltr'><strong>Et</strong></span> <span class='ocrx_word' id='word_1_269' title='bbox 949 3422 1171 3491; x_wconf 84' lang='lat' dir='ltr'><strong>angelus</strong></span> <span class='ocrx_word' id='word_1_270' title='bbox 1202 3426 1363 3482; x_wconf 88' lang='lat' dir='ltr'><strong>veluti</strong></span> <span class='ocrx_word' id='word_1_271' title='bbox 1416 3428 1563 3486; x_wconf 88' lang='lat' dir='ltr'><strong>visus</strong></span> <span class='ocrx_word' id='word_1_272' title='bbox 1595 3441 1696 3498; x_wconf 89' lang='lat' dir='ltr'><strong>est,</strong></span> <span class='ocrx_word' id='word_1_273' title='bbox 1730 3444 1789 3488; x_wconf 91' lang='lat' dir='ltr'><strong>ut</strong></span> <span class='ocrx_word' id='word_1_274' title='bbox 1818 3438 2132 3496; x_wconf 88' lang='lat' dir='ltr'><strong>ostendere-</strong></span> 
     </span>
    </p>
   </div>
   <div class='ocr_carea' id='block_1_37' title="bbox 561 3508 2128 3600">
    <p class='ocr_par' dir='ltr' id='par_1_37' title="bbox 561 3508 2128 3600">
     <span class='ocr_line' id='line_1_37' title="bbox 561 3508 2128 3600; baseline 0.019 -44"><span class='ocrx_word' id='word_1_275' title='bbox 561 3515 650 3558; x_wconf 89' lang='lat' dir='ltr'><strong>tur</strong></span> <span class='ocrx_word' id='word_1_276' title='bbox 702 3508 827 3575; x_wconf 85' lang='lat' dir='ltr'><strong>qnia</strong></span> <span class='ocrx_word' id='word_1_277' title='bbox 872 3526 969 3579; x_wconf 89' lang='lat' dir='ltr'><strong>per</strong></span> <span class='ocrx_word' id='word_1_278' title='bbox 1009 3516 1230 3585; x_wconf 84' lang='lat' dir='ltr'><strong>angelos</strong></span> <span class='ocrx_word' id='word_1_279' title='bbox 1273 3519 1436 3588; x_wconf 86' lang='lat' dir='ltr'><strong>justis</strong></span> <span class='ocrx_word' id='word_1_280' title='bbox 1496 3524 1730 3580; x_wconf 82' lang='lat' dir='ltr'><strong>efficitur</strong></span> <span class='ocrx_word' id='word_1_281' title='bbox 1778 3528 2128 3600; x_wconf 72' lang='lat' dir='ltr'><strong>adiutorium,</strong></span> 
     </span>
    </p>
   </div>
   <div class='ocr_carea' id='block_1_38' title="bbox 559 3598 2131 3693">
    <p class='ocr_par' dir='ltr' id='par_1_38' title="bbox 559 3598 2131 3693">
     <span class='ocr_line' id='line_1_38' title="bbox 559 3598 2131 3693; baseline 0.02 -45"><span class='ocrx_word' id='word_1_282' title='bbox 559 3598 731 3667; x_wconf 84' lang='lat' dir='ltr'><strong>magis</strong></span> <span class='ocrx_word' id='word_1_283' title='bbox 776 3614 954 3658; x_wconf 83' lang='lat' dir='ltr'><strong>autem</strong></span> <span class='ocrx_word' id='word_1_284' title='bbox 998 3620 1094 3674; x_wconf 87' lang='lat' dir='ltr'><strong>pro</strong></span> <span class='ocrx_word' id='word_1_285' title='bbox 1132 3612 1505 3675; x_wconf 85' lang='lat' dir='ltr'><strong>peccatoribus</strong></span> <span class='ocrx_word' id='word_1_286' title='bbox 1557 3618 1948 3686; x_wconf 64' lang='lat' dir='ltr'><strong>paenitentibus</strong></span> <span class='ocrx_word' id='word_1_287' title='bbox 1995 3598 2131 3693; x_wconf 40' lang='lat' dir='ltr'><strong>gau;</strong></span> 
     </span>
    </p>
   </div>
   <div class='ocr_carea' id='block_1_39' title="bbox 559 3688 2129 3783">
    <p class='ocr_par' dir='ltr' id='par_1_39' title="bbox 559 3688 2129 3783">
     <span class='ocr_line' id='line_1_39' title="bbox 559 3688 2129 3783; baseline 0.02 -42"><span class='ocrx_word' id='word_1_288' title='bbox 559 3688 730 3745; x_wconf 89' lang='lat' dir='ltr'><strong>dium.</strong></span> <span class='ocrx_word' id='word_1_289' title='bbox 785 3691 894 3749; x_wconf 82' lang='lat' dir='ltr'><strong>Nec</strong></span> <span class='ocrx_word' id='word_1_290' title='bbox 939 3697 1083 3752; x_wconf 87' lang='lat' dir='ltr'><strong>enim</strong></span> <span class='ocrx_word' id='word_1_291' title='bbox 1132 3699 1260 3754; x_wconf 92' lang='lat' dir='ltr'><strong>illud</strong></span> <span class='ocrx_word' id='word_1_292' title='bbox 1309 3714 1557 3770; x_wconf 89' lang='lat' dir='ltr'><strong>putemus</strong></span> <span class='ocrx_word' id='word_1_293' title='bbox 1580 3709 1723 3763; x_wconf 86' lang='lat' dir='ltr'><strong>sicut</strong></span> <span class='ocrx_word' id='word_1_294' title='bbox 1759 3723 1812 3767; x_wconf 91' lang='lat' dir='ltr'><strong>et</strong></span> <span class='ocrx_word' id='word_1_295' title='bbox 1856 3688 2129 3783; x_wconf 74' lang='lat' dir='ltr'><strong>putamus,</strong></span> 
     </span>
    </p>
   </div>
   <div class='ocr_carea' id='block_1_40' title="bbox 556 3780 2127 3875">
    <p class='ocr_par' dir='ltr' id='par_1_40' title="bbox 556 3780 2127 3875">
     <span class='ocr_line' id='line_1_40' title="bbox 556 3780 2127 3875; baseline 0.02 -44"><span class='ocrx_word' id='word_1_296' title='bbox 556 3780 679 3846; x_wconf 88' lang='lat' dir='ltr'><strong>quia</strong></span> <span class='ocrx_word' id='word_1_297' title='bbox 712 3792 763 3835; x_wconf 92' lang='lat' dir='ltr'><strong>et</strong></span> <span class='ocrx_word' id='word_1_298' title='bbox 793 3783 842 3837; x_wconf 91' lang='lat' dir='ltr'><strong>iu</strong></span> <span class='ocrx_word' id='word_1_299' title='bbox 865 3784 964 3840; x_wconf 85' lang='lat' dir='ltr'><strong>.lob</strong></span> <span class='ocrx_word' id='word_1_300' title='bbox 993 3786 1130 3843; x_wconf 90' lang='lat' dir='ltr'><strong>libro</strong></span> <span class='ocrx_word' id='word_1_301' title='bbox 1156 3790 1399 3848; x_wconf 88' lang='lat' dir='ltr'><strong>diabolus</strong></span> <span class='ocrx_word' id='word_1_302' title='bbox 1423 3796 1609 3852; x_wconf 89' lang='lat' dir='ltr'><strong>aderat</strong></span> <span class='ocrx_word' id='word_1_303' title='bbox 1628 3810 1752 3856; x_wconf 87' lang='lat' dir='ltr'><strong>ante</strong></span> <span class='ocrx_word' id='word_1_304' title='bbox 1780 3780 2127 3875; x_wconf 85' lang='lat' dir='ltr'><strong>conspectum</strong></span> 
     </span>
    </p>
   </div>
   <div class='ocr_carea' id='block_1_41' title="bbox 558 3870 2129 3968">
    <p class='ocr_par' dir='ltr' id='par_1_41' title="bbox 558 3870 2129 3968">
     <span class='ocr_line' id='line_1_41' title="bbox 558 3870 2129 3968; baseline 0.02 -46"><span class='ocrx_word' id='word_1_305' title='bbox 558 3870 684 3937; x_wconf 88' lang='lat' dir='ltr'><strong>Dei,</strong></span> <span class='ocrx_word' id='word_1_306' title='bbox 730 3882 785 3927; x_wconf 90' lang='lat' dir='ltr'><strong>et</strong></span> <span class='ocrx_word' id='word_1_307' title='bbox 836 3874 1031 3931; x_wconf 89' lang='lat' dir='ltr'><strong>locutio</strong></span> <span class='ocrx_word' id='word_1_308' title='bbox 1084 3890 1203 3935; x_wconf 86' lang='lat' dir='ltr'><strong>erat</strong></span> <span class='ocrx_word' id='word_1_309' title='bbox 1270 3882 1361 3939; x_wconf 92' lang='lat' dir='ltr'><strong>Dei</strong></span> <span class='ocrx_word' id='word_1_310' title='bbox 1422 3902 1543 3941; x_wconf 89' lang='lat' dir='ltr'><strong>cum</strong></span> <span class='ocrx_word' id='word_1_311' title='bbox 1585 3890 1797 3947; x_wconf 84' lang='lat' dir='ltr'><strong>diabolo</strong></span> <span class='ocrx_word' id='word_1_312' title='bbox 1835 3870 2129 3968; x_wconf 38' lang='lat' dir='ltr'><strong>ett—acqua—</strong></span> 
     </span>
    </p>
   </div>
   <div class='ocr_carea' id='block_1_42' title="bbox 554 3960 2127 4058">
    <p class='ocr_par' dir='ltr' id='par_1_42' title="bbox 554 3960 2127 4058">
     <span class='ocr_line' id='line_1_42' title="bbox 554 3960 2127 4058; baseline 0.021 -44"><span class='ocrx_word' id='word_1_313' title='bbox 554 3960 784 4019; x_wconf 81' lang='lat' dir='ltr'><strong>litate&quot;.</strong></span> <span class='ocrx_word' id='word_1_314' title='bbox 840 3967 908 4022; x_wconf 89' lang='lat' dir='ltr'><strong>Et</strong></span> <span class='ocrx_word' id='word_1_315' title='bbox 952 3970 1088 4025; x_wconf 78' lang='lat' dir='ltr'><strong>dixit</strong></span> <span class='ocrx_word' id='word_1_316' title='bbox 1127 3975 1406 4041; x_wconf 88' lang='lat' dir='ltr'><strong>Dominus,</strong></span> <span class='ocrx_word' id='word_1_317' title='bbox 1452 3988 1507 4033; x_wconf 89' lang='lat' dir='ltr'><strong>et</strong></span> <span class='ocrx_word' id='word_1_318' title='bbox 1558 3982 1694 4039; x_wconf 79' lang='lat' dir='ltr'><strong>dixit</strong></span> <span class='ocrx_word' id='word_1_319' title='bbox 1751 3960 2033 4058; x_wconf 60' lang='lat' dir='ltr'><strong>diabolus,</strong></span> <span class='ocrx_word' id='word_1_320' title='bbox 2073 4001 2127 4047; x_wconf 86' lang='lat' dir='ltr'><strong>et</strong></span> 
     </span>
    </p>
   </div>
   <div class='ocr_carea' id='block_1_43' title="bbox 555 4051 2119 4140">
    <p class='ocr_par' dir='ltr' id='par_1_43' title="bbox 555 4051 2119 4140">
     <span class='ocr_line' id='line_1_43' title="bbox 555 4051 2119 4140; baseline 0.022 -34"><span class='ocrx_word' id='word_1_321' title='bbox 555 4051 903 4125; x_wconf 83' lang='lat' dir='ltr'><strong>interrogavit</strong></span> <span class='ocrx_word' id='word_1_322' title='bbox 972 4059 1226 4120; x_wconf 88' lang='lat' dir='ltr'><strong>Dominus</strong></span> <span class='ocrx_word' id='word_1_323' title='bbox 1305 4068 1616 4140; x_wconf 84' lang='lat' dir='ltr'><strong>diabolum,</strong></span> <span class='ocrx_word' id='word_1_324' title='bbox 1686 4078 1822 4132; x_wconf 82' lang='lat' dir='ltr'><strong>unde</strong></span> <span class='ocrx_word' id='word_1_325' title='bbox 1882 4083 2119 4140; x_wconf 76' lang='lat' dir='ltr'><strong>uenisti?</strong></span> 
     </span>
    </p>
   </div>
   <div class='ocr_carea' id='block_1_44' title="bbox 552 4139 2124 4240">
    <p class='ocr_par' dir='ltr' id='par_1_44' title="bbox 552 4139 2124 4240">
     <span class='ocr_line' id='line_1_44' title="bbox 552 4139 2124 4240; baseline 0.022 -46"><span class='ocrx_word' id='word_1_326' title='bbox 552 4139 658 4195; x_wconf 85' lang='lat' dir='ltr'><strong>Sed</strong></span> <span class='ocrx_word' id='word_1_327' title='bbox 702 4145 813 4199; x_wconf 57' lang='lat' dir='ltr'><strong>haec</strong></span> <span class='ocrx_word' id='word_1_328' title='bbox 858 4151 922 4201; x_wconf 88' lang='lat' dir='ltr'><strong>ad</strong></span> <span class='ocrx_word' id='word_1_329' title='bbox 962 4152 1288 4209; x_wconf 90' lang='lat' dir='ltr'><strong>auditionem</strong></span> <span class='ocrx_word' id='word_1_330' title='bbox 1332 4168 1568 4214; x_wconf 89' lang='lat' dir='ltr'><strong>vestram</strong></span> <span class='ocrx_word' id='word_1_331' title='bbox 1618 4164 1759 4220; x_wconf 87' lang='lat' dir='ltr'><strong>velut</strong></span> <span class='ocrx_word' id='word_1_332' title='bbox 1821 4174 2124 4240; x_wconf 82' lang='lat' dir='ltr'><strong>composita</strong></span> 
     </span>
    </p>
   </div>
   <div class='ocr_carea' id='block_1_45' title="bbox 551 4235 2122 4327">
    <p class='ocr_par' dir='ltr' id='par_1_45' title="bbox 551 4235 2122 4327">
     <span class='ocr_line' id='line_1_45' title="bbox 551 4235 2122 4327; baseline 0.018 -35"><span class='ocrx_word' id='word_1_333' title='bbox 551 4235 901 4295; x_wconf 87' lang='lat' dir='ltr'><strong>inducuntur.</strong></span> <span class='ocrx_word' id='word_1_334' title='bbox 951 4242 1143 4300; x_wconf 90' lang='lat' dir='ltr'><strong>Totum</strong></span> <span class='ocrx_word' id='word_1_335' title='bbox 1196 4257 1376 4304; x_wconf 85' lang='lat' dir='ltr'><strong>autem</strong></span> <span class='ocrx_word' id='word_1_336' title='bbox 1403 4250 1556 4308; x_wconf 83' lang='lat' dir='ltr'><strong>illud</strong></span> <span class='ocrx_word' id='word_1_337' title='bbox 1599 4267 1682 4312; x_wconf 90' lang='lat' dir='ltr'><strong>est</strong></span> <span class='ocrx_word' id='word_1_338' title='bbox 1723 4235 1990 4327; x_wconf 78' lang='lat' dir='ltr'><strong>quomodo</strong></span> <span class='ocrx_word' id='word_1_339' title='bbox 2023 4262 2122 4321; x_wconf 81' lang='lat' dir='ltr'><strong>Job</strong></span> 
     </span>
    </p>
   </div>
   <div class='ocr_carea' id='block_1_46' title="bbox 553 4326 2119 4411">
    <p class='ocr_par' dir='ltr' id='par_1_46' title="bbox 553 4326 2119 4411">
     <span class='ocr_line' id='line_1_46' title="bbox 553 4326 2119 4411; baseline 0.02 -33"><span class='ocrx_word' id='word_1_340' title='bbox 553 4326 769 4395; x_wconf 87' lang='lat' dir='ltr'><strong>quidem</strong></span> <span class='ocrx_word' id='word_1_341' title='bbox 804 4341 922 4387; x_wconf 89' lang='lat' dir='ltr'><strong>erat</strong></span> <span class='ocrx_word' id='word_1_342' title='bbox 964 4333 1048 4389; x_wconf 84' lang='lat' dir='ltr'><strong>vir</strong></span> <span class='ocrx_word' id='word_1_343' title='bbox 1095 4337 1607 4411; x_wconf 81' lang='lat' dir='ltr'><strong>irreprehensibilis,</strong></span> <span class='ocrx_word' id='word_1_344' title='bbox 1647 4326 1892 4406; x_wconf 88' lang='lat' dir='ltr'><strong>diabolus</strong></span> <span class='ocrx_word' id='word_1_345' title='bbox 1942 4366 2119 4411; x_wconf 91' lang='lat' dir='ltr'><strong>autem</strong></span> 
     </span>
    </p>
   </div>
   <div class='ocr_carea' id='block_1_47' title="bbox 548 4416 2117 4501">
    <p class='ocr_par' dir='ltr' id='par_1_47' title="bbox 548 4416 2117 4501">
     <span class='ocr_line' id='line_1_47' title="bbox 548 4416 2117 4501; baseline 0.02 -31"><span class='ocrx_word' id='word_1_346' title='bbox 548 4416 778 4476; x_wconf 90' lang='lat' dir='ltr'><strong>invidus.</strong></span> <span class='ocrx_word' id='word_1_347' title='bbox 830 4424 911 4478; x_wconf 84' lang='lat' dir='ltr'><strong>Ad</strong></span> <span class='ocrx_word' id='word_1_348' title='bbox 969 4427 1266 4486; x_wconf 87' lang='lat' dir='ltr'><strong>istiusmodi</strong></span> <span class='ocrx_word' id='word_1_349' title='bbox 1318 4444 1371 4488; x_wconf 92' lang='lat' dir='ltr'><strong>et</strong></span> <span class='ocrx_word' id='word_1_350' title='bbox 1426 4436 1567 4493; x_wconf 90' lang='lat' dir='ltr'><strong>Dens</strong></span> <span class='ocrx_word' id='word_1_351' title='bbox 1630 4440 1882 4498; x_wconf 86' lang='lat' dir='ltr'><strong>defensor</strong></span> <span class='ocrx_word' id='word_1_352' title='bbox 1927 4447 2117 4501; x_wconf 90' lang='lat' dir='ltr'><strong>horum</strong></span> 
     </span>
    </p>
   </div>
   <div class='ocr_carea' id='block_1_48' title="bbox 547 4513 2115 4596">
    <p class='ocr_par' dir='ltr' id='par_1_48' title="bbox 547 4513 2115 4596">
     <span class='ocr_line' id='line_1_48' title="bbox 547 4513 2115 4596; baseline 0.018 -33"><span class='ocrx_word' id='word_1_353' title='bbox 547 4513 790 4580; x_wconf 81' lang='lat' dir='ltr'><strong>permisit</strong></span> <span class='ocrx_word' id='word_1_354' title='bbox 843 4516 1112 4575; x_wconf 86' lang='lat' dir='ltr'><strong>diabolum</strong></span> <span class='ocrx_word' id='word_1_355' title='bbox 1182 4532 1305 4579; x_wconf 83' lang='lat' dir='ltr'><strong>ante</strong></span> <span class='ocrx_word' id='word_1_356' title='bbox 1370 4540 1715 4596; x_wconf 86' lang='lat' dir='ltr'><strong>conspectum</strong></span> <span class='ocrx_word' id='word_1_357' title='bbox 1783 4551 1957 4591; x_wconf 90' lang='lat' dir='ltr'><strong>suum.</strong></span> <span class='ocrx_word' id='word_1_358' title='bbox 2010 4538 2115 4594; x_wconf 92' lang='lat' dir='ltr'><strong>Sed</strong></span> 
     </span>
    </p>
   </div>
   <div class='ocr_carea' id='block_1_49' title="bbox 546 4601 2118 4698">
    <p class='ocr_par' dir='ltr' id='par_1_49' title="bbox 546 4601 2118 4698">
     <span class='ocr_line' id='line_1_49' title="bbox 546 4601 2118 4698; baseline 0.018 -42"><span class='ocrx_word' id='word_1_359' title='bbox 546 4601 649 4659; x_wconf 88' lang='lat' dir='ltr'><strong>hoc</strong></span> <span class='ocrx_word' id='word_1_360' title='bbox 706 4604 779 4658; x_wconf 92' lang='lat' dir='ltr'><strong>ita</strong></span> <span class='ocrx_word' id='word_1_361' title='bbox 836 4619 940 4662; x_wconf 87' lang='lat' dir='ltr'><strong>est.</strong></span> <span class='ocrx_word' id='word_1_362' title='bbox 989 4610 1133 4665; x_wconf 83' lang='lat' dir='ltr'><strong>Vidit</strong></span> <span class='ocrx_word' id='word_1_363' title='bbox 1190 4614 1432 4673; x_wconf 83' lang='lat' dir='ltr'><strong>diabolus</strong></span> <span class='ocrx_word' id='word_1_364' title='bbox 1497 4621 1897 4679; x_wconf 86' lang='lat' dir='ltr'><strong>innnaculatum</strong></span> <span class='ocrx_word' id='word_1_365' title='bbox 1942 4643 1956 4680; x_wconf 87' lang='lat'><strong>:</strong></span> <span class='ocrx_word' id='word_1_366' title='bbox 1999 4644 2118 4698; x_wconf 86' lang='lat' dir='ltr'><strong>pro-</strong></span> 
     </span>
    </p>
   </div>
   <div class='ocr_carea' id='block_1_50' title="bbox 541 4696 2116 4783">
    <p class='ocr_par' dir='ltr' id='par_1_50' title="bbox 541 4696 2116 4783">
     <span class='ocr_line' id='line_1_50' title="bbox 541 4696 2116 4783; baseline 0.019 -37"><span class='ocrx_word' id='word_1_367' title='bbox 541 4696 753 4763; x_wconf 80' lang='lat' dir='ltr'><strong>peravit</strong></span> <span class='ocrx_word' id='word_1_368' title='bbox 790 4697 1064 4768; x_wconf 89' lang='lat' dir='ltr'><strong>imponere</strong></span> <span class='ocrx_word' id='word_1_369' title='bbox 1107 4707 1397 4762; x_wconf 83' lang='lat' dir='ltr'><strong>maculam.</strong></span> <span class='ocrx_word' id='word_1_370' title='bbox 1441 4710 1785 4783; x_wconf 63' lang='lat' dir='ltr'><strong>Qum-cunque</strong></span> <span class='ocrx_word' id='word_1_371' title='bbox 1831 4719 1973 4774; x_wconf 75' lang='lat' dir='ltr'><strong>enim</strong></span> <span class='ocrx_word' id='word_1_372' title='bbox 2002 4738 2116 4776; x_wconf 81' lang='lat' dir='ltr'><strong>ino-</strong></span> 
     </span>
    </p>
   </div>
   <div class='ocr_carea' id='block_1_51' title="bbox 544 4783 2115 4878">
    <p class='ocr_par' dir='ltr' id='par_1_51' title="bbox 544 4783 2115 4878">
     <span class='ocr_line' id='line_1_51' title="bbox 544 4783 2115 4878; baseline 0.019 -42"><span class='ocrx_word' id='word_1_373' title='bbox 544 4783 719 4840; x_wconf 89' lang='lat' dir='ltr'><strong>tiunes</strong></span> <span class='ocrx_word' id='word_1_374' title='bbox 762 4801 918 4842; x_wconf 84' lang='lat' dir='ltr'><strong>erant</strong></span> <span class='ocrx_word' id='word_1_375' title='bbox 967 4790 1163 4848; x_wconf 88' lang='lat' dir='ltr'><strong>diaboli</strong></span> <span class='ocrx_word' id='word_1_376' title='bbox 1215 4796 1503 4854; x_wconf 82' lang='lat' dir='ltr'><strong>adversum</strong></span> <span class='ocrx_word' id='word_1_377' title='bbox 1537 4800 1671 4865; x_wconf 84' lang='lat' dir='ltr'><strong>Job,</strong></span> <span class='ocrx_word' id='word_1_378' title='bbox 1716 4805 1830 4861; x_wconf 67' lang='lat' dir='ltr'><strong>haec</strong></span> <span class='ocrx_word' id='word_1_379' title='bbox 1867 4825 1964 4878; x_wconf 89' lang='lat' dir='ltr'><strong>per</strong></span> <span class='ocrx_word' id='word_1_380' title='bbox 1998 4826 2115 4867; x_wconf 78' lang='lat' dir='ltr'><strong>ser-</strong></span> 
     </span>
    </p>
   </div>
   <div class='ocr_carea' id='block_1_52' title="bbox 540 4886 2110 4965">
    <p class='ocr_par' dir='ltr' id='par_1_52' title="bbox 540 4886 2110 4965">
     <span class='ocr_line' id='line_1_52' title="bbox 540 4886 2110 4965; baseline 0.021 -37"><span class='ocrx_word' id='word_1_381' title='bbox 540 4890 726 4932; x_wconf 85' lang='lat' dir='ltr'><strong>mones</strong></span> <span class='ocrx_word' id='word_1_382' title='bbox 768 4891 1131 4939; x_wconf 79' lang='lat' dir='ltr'><strong>contexuntur</strong></span> <span class='ocrx_word' id='word_1_383' title='bbox 1174 4886 1226 4941; x_wconf 92' lang='lat' dir='ltr'><strong>in</strong></span> <span class='ocrx_word' id='word_1_384' title='bbox 1267 4889 1578 4960; x_wconf 87' lang='lat' dir='ltr'><strong>Scriptura;</strong></span> <span class='ocrx_word' id='word_1_385' title='bbox 1625 4906 1814 4965; x_wconf 90' lang='lat' dir='ltr'><strong>utpote</strong></span> <span class='ocrx_word' id='word_1_386' title='bbox 1863 4903 1908 4957; x_wconf 88' lang='lat' dir='ltr'><strong>si</strong></span> <span class='ocrx_word' id='word_1_387' title='bbox 1959 4904 2110 4960; x_wconf 82' lang='lat' dir='ltr'><strong>dice-</strong></span> 
     </span>
    </p>
   </div>
   <div class='ocr_carea' id='block_1_53' title="bbox 542 4963 2105 5052">
    <p class='ocr_par' dir='ltr' id='par_1_53' title="bbox 542 4963 2105 5052">
     <span class='ocr_line' id='line_1_53' title="bbox 542 4963 2105 5052; baseline 0.022 -34"><span class='ocrx_word' id='word_1_388' title='bbox 542 4963 632 5020; x_wconf 89' lang='lat' dir='ltr'><strong>bat</strong></span> <span class='ocrx_word' id='word_1_389' title='bbox 679 4969 925 5027; x_wconf 88' lang='lat' dir='ltr'><strong>diabolus</strong></span> <span class='ocrx_word' id='word_1_390' title='bbox 987 4975 1055 5030; x_wconf 92' lang='lat' dir='ltr'><strong>ad</strong></span> <span class='ocrx_word' id='word_1_391' title='bbox 1129 4981 1613 5050; x_wconf 87' lang='lat' dir='ltr'><strong>semetipsum:Si</strong></span> <span class='ocrx_word' id='word_1_392' title='bbox 1688 4963 1792 5045; x_wconf 80' lang='lat' dir='ltr'><strong>non</strong></span> <span class='ocrx_word' id='word_1_393' title='bbox 1861 4994 2105 5052; x_wconf 85' lang='lat' dir='ltr'><strong>timerem</strong></span> 
     </span>
    </p>
   </div>
   <div class='ocr_carea' id='block_1_54' title="bbox 538 5054 2110 5148">
    <p class='ocr_par' dir='ltr' id='par_1_54' title="bbox 538 5054 2110 5148">
     <span class='ocr_line' id='line_1_54' title="bbox 538 5054 2110 5148; baseline 0.022 -39"><span class='ocrx_word' id='word_1_394' title='bbox 538 5054 725 5121; x_wconf 89' lang='lat' dir='ltr'><strong>Deum,</strong></span> <span class='ocrx_word' id='word_1_395' title='bbox 777 5071 1048 5133; x_wconf 84' lang='lat' dir='ltr'><strong>tangerem</strong></span> <span class='ocrx_word' id='word_1_396' title='bbox 1097 5071 1279 5124; x_wconf 87' lang='lat' dir='ltr'><strong>omnia</strong></span> <span class='ocrx_word' id='word_1_397' title='bbox 1319 5088 1439 5141; x_wconf 71' lang='lat' dir='ltr'><strong>quae</strong></span> <span class='ocrx_word' id='word_1_398' title='bbox 1489 5076 1647 5132; x_wconf 84' lang='lat' dir='ltr'><strong>habet</strong></span> <span class='ocrx_word' id='word_1_399' title='bbox 1683 5079 1825 5148; x_wconf 81' lang='lat' dir='ltr'><strong>Joh;</strong></span> <span class='ocrx_word' id='word_1_400' title='bbox 1888 5086 2110 5143; x_wconf 89' lang='lat' dir='ltr'><strong>abstulit</strong></span> 
     </span>
    </p>
   </div>
   <div class='ocr_carea' id='block_1_55' title="bbox 538 5147 2097 5237">
    <p class='ocr_par' dir='ltr' id='par_1_55' title="bbox 538 5147 2097 5237">
     <span class='ocr_line' id='line_1_55' title="bbox 538 5147 2097 5237; baseline 0.019 -34"><span class='ocrx_word' id='word_1_401' title='bbox 538 5147 602 5203; x_wconf 80' lang='lat' dir='ltr'><strong>ab</strong></span> <span class='ocrx_word' id='word_1_402' title='bbox 641 5164 707 5203; x_wconf 86' lang='lat' dir='ltr'><strong>eo</strong></span> <span class='ocrx_word' id='word_1_403' title='bbox 742 5152 883 5209; x_wconf 88' lang='lat' dir='ltr'><strong>Deus</strong></span> <span class='ocrx_word' id='word_1_404' title='bbox 928 5156 1195 5228; x_wconf 90' lang='lat' dir='ltr'><strong>timorem,</strong></span> <span class='ocrx_word' id='word_1_405' title='bbox 1236 5170 1292 5216; x_wconf 92' lang='lat' dir='ltr'><strong>et</strong></span> <span class='ocrx_word' id='word_1_406' title='bbox 1337 5180 1443 5219; x_wconf 88' lang='lat' dir='ltr'><strong>non</strong></span> <span class='ocrx_word' id='word_1_407' title='bbox 1496 5170 1787 5237; x_wconf 88' lang='lat' dir='ltr'><strong>prohibuit.</strong></span> <span class='ocrx_word' id='word_1_408' title='bbox 1812 5147 1816 5148; x_wconf 15' lang='grc' dir='ltr'><em>ν</em></span> <span class='ocrx_word' id='word_1_409' title='bbox 1845 5175 2097 5232; x_wconf 79' lang='lat' dir='ltr'><strong>Contexi-</strong></span> 
     </span>
    </p>
   </div>
   <div class='ocr_carea' id='block_1_56' title="bbox 539 5239 2110 5329">
    <p class='ocr_par' dir='ltr' id='par_1_56' title="bbox 539 5239 2110 5329">
     <span class='ocr_line' id='line_1_56' title="bbox 539 5239 2110 5329; baseline 0.02 -37"><span class='ocrx_word' id='word_1_410' title='bbox 539 5247 629 5293; x_wconf 85' lang='lat' dir='ltr'><strong>tnr</strong></span> <span class='ocrx_word' id='word_1_411' title='bbox 661 5239 773 5308; x_wconf 85' lang='lat' dir='ltr'><strong>jam</strong></span> <span class='ocrx_word' id='word_1_412' title='bbox 824 5250 1146 5318; x_wconf 87' lang='lat' dir='ltr'><strong>compositio</strong></span> <span class='ocrx_word' id='word_1_413' title='bbox 1189 5252 1338 5310; x_wconf 89' lang='lat' dir='ltr'><strong>libri.</strong></span> <span class='ocrx_word' id='word_1_414' title='bbox 1380 5255 1525 5313; x_wconf 82' lang='lat' dir='ltr'><strong>Dixit</strong></span> <span class='ocrx_word' id='word_1_415' title='bbox 1569 5261 1835 5329; x_wconf 86' lang='lat' dir='ltr'><strong>diabolus,</strong></span> <span class='ocrx_word' id='word_1_416' title='bbox 1885 5276 1937 5320; x_wconf 92' lang='lat' dir='ltr'><strong>et</strong></span> <span class='ocrx_word' id='word_1_417' title='bbox 1976 5270 2110 5324; x_wconf 79' lang='lat' dir='ltr'><strong>dixit</strong></span> 
     </span>
    </p>
   </div>
   <div class='ocr_carea' id='block_1_57' title="bbox 535 5329 2110 5425">
    <p class='ocr_par' dir='ltr' id='par_1_57' title="bbox 535 5329 2110 5425">
     <span class='ocr_line' id='line_1_57' title="bbox 535 5329 2110 5425; baseline 0.019 -40"><span class='ocrx_word' id='word_1_418' title='bbox 535 5329 695 5389; x_wconf 72' lang='lat' dir='ltr'><strong>Deus.</strong></span> <span class='ocrx_word' id='word_1_419' title='bbox 736 5335 846 5391; x_wconf 90' lang='lat' dir='ltr'><strong>lloc</strong></span> <span class='ocrx_word' id='word_1_420' title='bbox 879 5349 982 5407; x_wconf 89' lang='lat' dir='ltr'><strong>est,</strong></span> <span class='ocrx_word' id='word_1_421' title='bbox 1019 5342 1188 5398; x_wconf 90' lang='lat' dir='ltr'><strong>voluit</strong></span> <span class='ocrx_word' id='word_1_422' title='bbox 1248 5346 1513 5415; x_wconf 87' lang='lat' dir='ltr'><strong>diabolus,</strong></span> <span class='ocrx_word' id='word_1_423' title='bbox 1558 5362 1612 5407; x_wconf 91' lang='lat' dir='ltr'><strong>et</strong></span> <span class='ocrx_word' id='word_1_424' title='bbox 1674 5371 1779 5411; x_wconf 89' lang='lat' dir='ltr'><strong>non</strong></span> <span class='ocrx_word' id='word_1_425' title='bbox 1836 5360 2110 5425; x_wconf 89' lang='lat' dir='ltr'><strong>prohibuit</strong></span> 
     </span>
    </p>
   </div>
   <div class='ocr_carea' id='block_1_58' title="bbox 533 5426 2104 5516">
    <p class='ocr_par' dir='ltr' id='par_1_58' title="bbox 533 5426 2104 5516">
     <span class='ocr_line' id='line_1_58' title="bbox 533 5426 2104 5516; baseline 0.02 -37"><span class='ocrx_word' id='word_1_426' title='bbox 533 5426 693 5483; x_wconf 77' lang='lat' dir='ltr'><strong>Deus.</strong></span> <span class='ocrx_word' id='word_1_427' title='bbox 748 5428 857 5486; x_wconf 82' lang='lat' dir='ltr'><strong>Cur</strong></span> <span class='ocrx_word' id='word_1_428' title='bbox 906 5444 1086 5492; x_wconf 89' lang='lat' dir='ltr'><strong>autem</strong></span> <span class='ocrx_word' id='word_1_429' title='bbox 1133 5454 1240 5496; x_wconf 90' lang='lat' dir='ltr'><strong>non</strong></span> <span class='ocrx_word' id='word_1_430' title='bbox 1284 5444 1595 5512; x_wconf 87' lang='lat' dir='ltr'><strong>prohibuit?</strong></span> <span class='ocrx_word' id='word_1_431' title='bbox 1650 5449 1784 5516; x_wconf 81' lang='lat' dir='ltr'><strong>Quia</strong></span> <span class='ocrx_word' id='word_1_432' title='bbox 1842 5468 1947 5509; x_wconf 88' lang='lat' dir='ltr'><strong>non</strong></span> <span class='ocrx_word' id='word_1_433' title='bbox 2022 5455 2104 5510; x_wconf 87' lang='lat' dir='ltr'><strong>in-</strong></span> 
     </span>
    </p>
   </div>
   <div class='ocr_carea' id='block_1_59' title="bbox 2270 606 3878 681">
    <p class='ocr_par' dir='ltr' id='par_1_59' title="bbox 2270 606 3878 681">
     <span class='ocr_line' id='line_1_59' title="bbox 2270 606 3878 681; baseline 0.01 -23"><span class='ocrx_word' id='word_1_434' title='bbox 2270 614 2431 675; x_wconf 88' lang='lat' dir='ltr'><strong>ptura</strong></span> <span class='ocrx_word' id='word_1_435' title='bbox 2483 606 2684 676; x_wconf 85' lang='lat' dir='ltr'><strong>aliquid</strong></span> <span class='ocrx_word' id='word_1_436' title='bbox 2736 617 2956 678; x_wconf 91' lang='lat' dir='ltr'><strong>propter</strong></span> <span class='ocrx_word' id='word_1_437' title='bbox 3011 626 3110 666; x_wconf 86' lang='lat' dir='ltr'><strong>nos</strong></span> <span class='ocrx_word' id='word_1_438' title='bbox 3155 610 3409 681; x_wconf 92' lang='lat' dir='ltr'><strong>loquitur,</strong></span> <span class='ocrx_word' id='word_1_439' title='bbox 3455 629 3561 671; x_wconf 91' lang='lat' dir='ltr'><strong>non</strong></span> <span class='ocrx_word' id='word_1_440' title='bbox 3602 627 3878 673; x_wconf 82' lang='lat' dir='ltr'><strong>nostram</strong></span> 
     </span>
    </p>
   </div>
   <div class='ocr_carea' id='block_1_60' title="bbox 2266 696 3880 773">
    <p class='ocr_par' dir='ltr' id='par_1_60' title="bbox 2266 696 3880 773">
     <span class='ocr_line' id='line_1_60' title="bbox 2266 696 3880 773; baseline 0.007 -22"><span class='ocrx_word' id='word_1_441' title='bbox 2266 696 2638 753; x_wconf 87' lang='lat' dir='ltr'><strong>infirmitatem</strong></span> <span class='ocrx_word' id='word_1_442' title='bbox 2664 698 2774 757; x_wconf 90' lang='lat' dir='ltr'><strong>Deo</strong></span> <span class='ocrx_word' id='word_1_443' title='bbox 2806 700 2931 756; x_wconf 89' lang='lat' dir='ltr'><strong>forti</strong></span> <span class='ocrx_word' id='word_1_444' title='bbox 2963 702 3320 773; x_wconf 87' lang='lat' dir='ltr'><strong>applicemus.</strong></span> <span class='ocrx_word' id='word_1_445' title='bbox 3356 704 3413 760; x_wconf 91' lang='lat' dir='ltr'><strong>Si</strong></span> <span class='ocrx_word' id='word_1_446' title='bbox 3436 706 3581 761; x_wconf 92' lang='lat' dir='ltr'><strong>enim</strong></span> <span class='ocrx_word' id='word_1_447' title='bbox 3630 708 3690 764; x_wconf 87' lang='lat' dir='ltr'><strong>in</strong></span> <span class='ocrx_word' id='word_1_448' title='bbox 3736 724 3880 764; x_wconf 82' lang='lat' dir='ltr'><strong>cor-</strong></span> 
     </span>
    </p>
   </div>
   <div class='ocr_carea' id='block_1_61' title="bbox 2263 790 3873 872">
    <p class='ocr_par' dir='ltr' id='par_1_61' title="bbox 2263 790 3873 872">
     <span class='ocr_line' id='line_1_61' title="bbox 2263 790 3873 872; baseline 0.008 -31"><span class='ocrx_word' id='word_1_449' title='bbox 2263 802 2401 857; x_wconf 91' lang='lat' dir='ltr'><strong>pore</strong></span> <span class='ocrx_word' id='word_1_450' title='bbox 2428 800 2481 845; x_wconf 89' lang='lat' dir='ltr'><strong>et</strong></span> <span class='ocrx_word' id='word_1_451' title='bbox 2515 790 2567 845; x_wconf 93' lang='lat' dir='ltr'><strong>in</strong></span> <span class='ocrx_word' id='word_1_452' title='bbox 2603 806 2770 848; x_wconf 88' lang='lat' dir='ltr'><strong>carne</strong></span> <span class='ocrx_word' id='word_1_453' title='bbox 2816 802 2963 850; x_wconf 91' lang='lat' dir='ltr'><strong>totus</strong></span> <span class='ocrx_word' id='word_1_454' title='bbox 3008 805 3311 853; x_wconf 87' lang='lat' dir='ltr'><strong>conventus</strong></span> <span class='ocrx_word' id='word_1_455' title='bbox 3344 799 3649 855; x_wconf 70' lang='lat' dir='ltr'><strong>daemonum</strong></span> <span class='ocrx_word' id='word_1_456' title='bbox 3702 802 3873 872; x_wconf 78' lang='lat' dir='ltr'><strong>legio</strong></span> 
     </span>
    </p>
   </div>
   <div class='ocr_carea' id='block_1_62' title="bbox 2266 879 3872 953">
    <p class='ocr_par' dir='ltr' id='par_1_62' title="bbox 2266 879 3872 953">
     <span class='ocr_line' id='line_1_62' title="bbox 2266 879 3872 953; baseline 0.012 -20"><span class='ocrx_word' id='word_1_457' title='bbox 2266 879 2319 934; x_wconf 90' lang='lat' dir='ltr'><strong>in</strong></span> <span class='ocrx_word' id='word_1_458' title='bbox 2378 881 2671 953; x_wconf 81' lang='lat' dir='ltr'><strong>Evangelia</strong></span> <span class='ocrx_word' id='word_1_459' title='bbox 2717 885 2896 942; x_wconf 89' lang='lat' dir='ltr'><strong>dictus</strong></span> <span class='ocrx_word' id='word_1_460' title='bbox 2933 896 3017 943; x_wconf 90' lang='lat' dir='ltr'><strong>est</strong></span> <span class='ocrx_word' id='word_1_461' title='bbox 3037 889 3105 953; x_wconf 79' lang='grc'><strong>³⁸,</strong></span> <span class='ocrx_word' id='word_1_462' title='bbox 3154 899 3210 944; x_wconf 89' lang='lat' dir='ltr'><strong>et</strong></span> <span class='ocrx_word' id='word_1_463' title='bbox 3253 906 3360 946; x_wconf 91' lang='lat' dir='ltr'><strong>non</strong></span> <span class='ocrx_word' id='word_1_464' title='bbox 3411 894 3672 950; x_wconf 85' lang='lat' dir='ltr'><strong>sustinuit</strong></span> <span class='ocrx_word' id='word_1_465' title='bbox 3729 894 3872 952; x_wconf 82' lang='lat' dir='ltr'><strong>Filii</strong></span> 
     </span>
    </p>
   </div>
   <div class='ocr_carea' id='block_1_63' title="bbox 2261 973 3861 1057">
    <p class='ocr_par' dir='ltr' id='par_1_63' title="bbox 2261 973 3861 1057">
     <span class='ocr_line' id='line_1_63' title="bbox 2261 973 3861 1057; baseline 0.011 -30"><span class='ocrx_word' id='word_1_466' title='bbox 2261 973 2355 1027; x_wconf 90' lang='lat' dir='ltr'><strong>Dei</strong></span> <span class='ocrx_word' id='word_1_467' title='bbox 2404 975 2782 1045; x_wconf 70' lang='lat' dir='ltr'><strong>praesentiam;</strong></span> <span class='ocrx_word' id='word_1_468' title='bbox 2820 992 2944 1033; x_wconf 88' lang='lat' dir='ltr'><strong>nam</strong></span> <span class='ocrx_word' id='word_1_469' title='bbox 2973 989 3030 1035; x_wconf 93' lang='lat' dir='ltr'><strong>et</strong></span> <span class='ocrx_word' id='word_1_470' title='bbox 3057 980 3305 1038; x_wconf 85' lang='lat' dir='ltr'><strong>diabolus</strong></span> <span class='ocrx_word' id='word_1_471' title='bbox 3349 983 3468 1055; x_wconf 89' lang='lat' dir='ltr'><strong>ipse</strong></span> <span class='ocrx_word' id='word_1_472' title='bbox 3504 986 3559 1041; x_wconf 91' lang='lat' dir='ltr'><strong>in</strong></span> <span class='ocrx_word' id='word_1_473' title='bbox 3585 1002 3861 1057; x_wconf 87' lang='lat' dir='ltr'><strong>corpore,</strong></span> 
     </span>
    </p>
   </div>
   <div class='ocr_carea' id='block_1_64' title="bbox 2260 1066 3857 1149">
    <p class='ocr_par' dir='ltr' id='par_1_64' title="bbox 2260 1066 3857 1149">
     <span class='ocr_line' id='line_1_64' title="bbox 2260 1066 3857 1149; baseline 0.012 -32"><span class='ocrx_word' id='word_1_474' title='bbox 2260 1074 2457 1135; x_wconf 88' lang='lat' dir='ltr'><strong>agente</strong></span> <span class='ocrx_word' id='word_1_475' title='bbox 2500 1066 2637 1122; x_wconf 86' lang='lat' dir='ltr'><strong>Filio</strong></span> <span class='ocrx_word' id='word_1_476' title='bbox 2673 1067 2765 1123; x_wconf 91' lang='lat' dir='ltr'><strong>Dei</strong></span> <span class='ocrx_word' id='word_1_477' title='bbox 2808 1086 2911 1125; x_wconf 90' lang='lat' dir='ltr'><strong>non</strong></span> <span class='ocrx_word' id='word_1_478' title='bbox 2958 1070 3056 1128; x_wconf 89' lang='lat' dir='ltr'><strong>fuit</strong></span> <span class='ocrx_word' id='word_1_479' title='bbox 3105 1088 3268 1131; x_wconf 90' lang='lat' dir='ltr'><strong>ausus</strong></span> <span class='ocrx_word' id='word_1_480' title='bbox 3300 1077 3562 1132; x_wconf 86' lang='lat' dir='ltr'><strong>accedere</strong></span> <span class='ocrx_word' id='word_1_481' title='bbox 3591 1081 3857 1149; x_wconf 87' lang='lat' dir='ltr'><strong>quandiu</strong></span> 
     </span>
    </p>
   </div>
   <div class='ocr_carea' id='block_1_65' title="bbox 2260 1156 3855 1238">
    <p class='ocr_par' dir='ltr' id='par_1_65' title="bbox 2260 1156 3855 1238">
     <span class='ocr_line' id='line_1_65' title="bbox 2260 1156 3855 1238; baseline 0.011 -27"><span class='ocrx_word' id='word_1_482' title='bbox 2260 1156 2513 1221; x_wconf 89' lang='lat' dir='ltr'><strong>esuriret,</strong></span> <span class='ocrx_word' id='word_1_483' title='bbox 2552 1167 2607 1212; x_wconf 91' lang='lat' dir='ltr'><strong>et</strong></span> <span class='ocrx_word' id='word_1_484' title='bbox 2641 1159 2960 1217; x_wconf 88' lang='lat' dir='ltr'><strong>immitteret</strong></span> <span class='ocrx_word' id='word_1_485' title='bbox 2996 1163 3047 1218; x_wconf 92' lang='lat' dir='ltr'><strong>ei</strong></span> <span class='ocrx_word' id='word_1_486' title='bbox 3072 1163 3326 1235; x_wconf 89' lang='lat' dir='ltr'><strong>laqueum</strong></span> <span class='ocrx_word' id='word_1_487' title='bbox 3369 1182 3467 1236; x_wconf 90' lang='lat' dir='ltr'><strong>per</strong></span> <span class='ocrx_word' id='word_1_488' title='bbox 3517 1167 3803 1238; x_wconf 86' lang='lat' dir='ltr'><strong>ejusmodi</strong></span> <span class='ocrx_word' id='word_1_489' title='bbox 3836 1189 3855 1228; x_wconf 72' lang='grc' dir='ltr'><em>τ</em></span> 
     </span>
    </p>
   </div>
   <div class='ocr_carea' id='block_1_66' title="bbox 2262 1248 3869 1332">
    <p class='ocr_par' dir='ltr' id='par_1_66' title="bbox 2262 1248 3869 1332">
     <span class='ocr_line' id='line_1_66' title="bbox 2262 1248 3869 1332; baseline 0.012 -33"><span class='ocrx_word' id='word_1_490' title='bbox 2262 1248 2716 1317; x_wconf 88' lang='lat' dir='ltr'><strong>quemadmodum</strong></span> <span class='ocrx_word' id='word_1_491' title='bbox 2774 1267 3066 1322; x_wconf 89' lang='lat' dir='ltr'><strong>possumus</strong></span> <span class='ocrx_word' id='word_1_492' title='bbox 3109 1257 3219 1325; x_wconf 88' lang='lat' dir='ltr'><strong>pati</strong></span> <span class='ocrx_word' id='word_1_493' title='bbox 3267 1268 3323 1313; x_wconf 92' lang='lat' dir='ltr'><strong>et</strong></span> <span class='ocrx_word' id='word_1_494' title='bbox 3361 1258 3545 1314; x_wconf 88' lang='lat' dir='ltr'><strong>dicere</strong></span> <span class='ocrx_word' id='word_1_495' title='bbox 3564 1261 3697 1332; x_wconf 87' lang='lat' dir='ltr'><strong>quia</strong></span> <span class='ocrx_word' id='word_1_496' title='bbox 3737 1262 3869 1318; x_wconf 81' lang='lat' dir='ltr'><strong>dia-</strong></span> 
     </span>
    </p>
   </div>
   <div class='ocr_carea' id='block_1_67' title="bbox 2262 1339 3865 1424">
    <p class='ocr_par' dir='ltr' id='par_1_67' title="bbox 2262 1339 3865 1424">
     <span class='ocr_line' id='line_1_67' title="bbox 2262 1339 3865 1424; baseline 0.01 -31"><span class='ocrx_word' id='word_1_497' title='bbox 2262 1339 2415 1394; x_wconf 88' lang='lat' dir='ltr'><strong>bolus</strong></span> <span class='ocrx_word' id='word_1_498' title='bbox 2450 1341 2558 1396; x_wconf 88' lang='lat' dir='ltr'><strong>Deo</strong></span> <span class='ocrx_word' id='word_1_499' title='bbox 2599 1358 2665 1397; x_wconf 78' lang='lat' dir='ltr'><strong>ex</strong></span> <span class='ocrx_word' id='word_1_500' title='bbox 2702 1344 3014 1413; x_wconf 70' lang='lat' dir='ltr'><strong>aequalitate</strong></span> <span class='ocrx_word' id='word_1_501' title='bbox 3067 1347 3278 1407; x_wconf 88' lang='lat' dir='ltr'><strong>locutus</strong></span> <span class='ocrx_word' id='word_1_502' title='bbox 3311 1352 3433 1406; x_wconf 83' lang='lat' dir='ltr'><strong>est?</strong></span> <span class='ocrx_word' id='word_1_503' title='bbox 3468 1353 3567 1409; x_wconf 87' lang='lat' dir='ltr'><strong>Cui</strong></span> <span class='ocrx_word' id='word_1_504' title='bbox 3593 1364 3648 1409; x_wconf 90' lang='lat' dir='ltr'><strong>et</strong></span> <span class='ocrx_word' id='word_1_505' title='bbox 3678 1369 3865 1424; x_wconf 79' lang='lat' dir='ltr'><strong>ange-</strong></span> 
     </span>
    </p>
   </div>
   <div class='ocr_carea' id='block_1_68' title="bbox 2260 1430 3853 1516">
    <p class='ocr_par' dir='ltr' id='par_1_68' title="bbox 2260 1430 3853 1516">
     <span class='ocr_line' id='line_1_68' title="bbox 2260 1430 3853 1516; baseline 0.011 -32"><span class='ocrx_word' id='word_1_506' title='bbox 2260 1430 2342 1486; x_wconf 90' lang='lat' dir='ltr'><strong>lus</strong></span> <span class='ocrx_word' id='word_1_507' title='bbox 2386 1431 2478 1487; x_wconf 89' lang='lat' dir='ltr'><strong>Dei</strong></span> <span class='ocrx_word' id='word_1_508' title='bbox 2520 1435 2649 1489; x_wconf 88' lang='lat' dir='ltr'><strong>dicit</strong></span> <span class='ocrx_word' id='word_1_509' title='bbox 2682 1435 2963 1507; x_wconf 79' lang='lat' dir='ltr'><strong>:Increpet</strong></span> <span class='ocrx_word' id='word_1_510' title='bbox 3011 1441 3105 1493; x_wconf 81' lang='lat' dir='ltr'><strong>tibi</strong></span> <span class='ocrx_word' id='word_1_511' title='bbox 3156 1440 3292 1497; x_wconf 81' lang='lat' dir='ltr'><strong>Deus</strong></span> <span class='ocrx_word' id='word_1_512' title='bbox 3312 1443 3377 1497; x_wconf 80' lang='lat'><strong>”.</strong></span> <span class='ocrx_word' id='word_1_513' title='bbox 3421 1444 3488 1499; x_wconf 86' lang='lat' dir='ltr'><strong>Et</strong></span> <span class='ocrx_word' id='word_1_514' title='bbox 3533 1446 3659 1516; x_wconf 88' lang='lat' dir='ltr'><strong>quid</strong></span> <span class='ocrx_word' id='word_1_515' title='bbox 3714 1448 3853 1501; x_wconf 85' lang='lat' dir='ltr'><strong>dico</strong></span> 
     </span>
    </p>
   </div>
   <div class='ocr_carea' id='block_1_69' title="bbox 2258 1522 3846 1609">
    <p class='ocr_par' dir='ltr' id='par_1_69' title="bbox 2258 1522 3846 1609">
     <span class='ocr_line' id='line_1_69' title="bbox 2258 1522 3846 1609; baseline 0.013 -35"><span class='ocrx_word' id='word_1_516' title='bbox 2258 1522 2480 1592; x_wconf 76' lang='lat' dir='ltr'><strong>angelus</strong></span> <span class='ocrx_word' id='word_1_517' title='bbox 2516 1524 2650 1579; x_wconf 82' lang='lat' dir='ltr'><strong>Dei?</strong></span> <span class='ocrx_word' id='word_1_518' title='bbox 2693 1525 2953 1584; x_wconf 86' lang='lat' dir='ltr'><strong>Vermes:</strong></span> <span class='ocrx_word' id='word_1_519' title='bbox 2986 1531 3077 1601; x_wconf 91' lang='lat' dir='ltr'><strong>qui</strong></span> <span class='ocrx_word' id='word_1_520' title='bbox 3123 1546 3223 1587; x_wconf 93' lang='lat' dir='ltr'><strong>nec</strong></span> <span class='ocrx_word' id='word_1_521' title='bbox 3267 1534 3470 1591; x_wconf 87' lang='lat' dir='ltr'><strong>vermis</strong></span> <span class='ocrx_word' id='word_1_522' title='bbox 3512 1538 3846 1609; x_wconf 83' lang='lat' dir='ltr'><strong>accepimus</strong></span> 
     </span>
    </p>
   </div>
   <div class='ocr_carea' id='block_1_70' title="bbox 2259 1615 3856 1695">
    <p class='ocr_par' dir='ltr' id='par_1_70' title="bbox 2259 1615 3856 1695">
     <span class='ocr_line' id='line_1_70' title="bbox 2259 1615 3856 1695; baseline 0.016 -32"><span class='ocrx_word' id='word_1_523' title='bbox 2259 1615 2511 1670; x_wconf 83' lang='lat' dir='ltr'><strong>virtutem</strong></span> <span class='ocrx_word' id='word_1_524' title='bbox 2551 1617 2603 1672; x_wconf 90' lang='lat' dir='ltr'><strong>in</strong></span> <span class='ocrx_word' id='word_1_525' title='bbox 2635 1620 2853 1673; x_wconf 88' lang='lat' dir='ltr'><strong>nomine</strong></span> <span class='ocrx_word' id='word_1_526' title='bbox 2878 1624 3082 1691; x_wconf 90' lang='lat' dir='ltr'><strong>crucis,</strong></span> <span class='ocrx_word' id='word_1_527' title='bbox 3116 1634 3172 1679; x_wconf 93' lang='lat' dir='ltr'><strong>ut</strong></span> <span class='ocrx_word' id='word_1_528' title='bbox 3206 1626 3537 1695; x_wconf 87' lang='lat' dir='ltr'><strong>imperemus</strong></span> <span class='ocrx_word' id='word_1_529' title='bbox 3573 1630 3856 1687; x_wconf 57' lang='lat' dir='ltr'><strong>daemoni—</strong></span> 
     </span>
    </p>
   </div>
   <div class='ocr_carea' id='block_1_71' title="bbox 2257 1705 3854 1789">
    <p class='ocr_par' dir='ltr' id='par_1_71' title="bbox 2257 1705 3854 1789">
     <span class='ocr_line' id='line_1_71' title="bbox 2257 1705 3854 1789; baseline 0.011 -28"><span class='ocrx_word' id='word_1_530' title='bbox 2257 1705 2358 1761; x_wconf 88' lang='lat' dir='ltr'><strong>bus</strong></span> <span class='ocrx_word' id='word_1_531' title='bbox 2389 1716 2444 1761; x_wconf 91' lang='lat' dir='ltr'><strong>et</strong></span> <span class='ocrx_word' id='word_1_532' title='bbox 2467 1708 2702 1775; x_wconf 87' lang='lat' dir='ltr'><strong>diabolo,</strong></span> <span class='ocrx_word' id='word_1_533' title='bbox 2736 1726 2939 1782; x_wconf 90' lang='lat' dir='ltr'><strong>eosque</strong></span> <span class='ocrx_word' id='word_1_534' title='bbox 2983 1714 3249 1784; x_wconf 84' lang='lat' dir='ltr'><strong>fugamus.</strong></span> <span class='ocrx_word' id='word_1_535' title='bbox 3299 1716 3355 1772; x_wconf 91' lang='lat' dir='ltr'><strong>Si</strong></span> <span class='ocrx_word' id='word_1_536' title='bbox 3402 1718 3567 1789; x_wconf 90' lang='lat' dir='ltr'><strong>igitur</strong></span> <span class='ocrx_word' id='word_1_537' title='bbox 3603 1736 3709 1778; x_wconf 89' lang='lat' dir='ltr'><strong>nos</strong></span> <span class='ocrx_word' id='word_1_538' title='bbox 3758 1723 3854 1777; x_wconf 81' lang='lat' dir='ltr'><strong>in-</strong></span> 
     </span>
    </p>
   </div>
   <div class='ocr_carea' id='block_1_72' title="bbox 2257 1801 3851 1869">
    <p class='ocr_par' dir='ltr' id='par_1_72' title="bbox 2257 1801 3851 1869">
     <span class='ocr_line' id='line_1_72' title="bbox 2257 1801 3851 1869; baseline 0.013 -20"><span class='ocrx_word' id='word_1_539' title='bbox 2257 1812 2565 1867; x_wconf 88' lang='lat' dir='ltr'><strong>crepamus,</strong></span> <span class='ocrx_word' id='word_1_540' title='bbox 2596 1801 2735 1856; x_wconf 87' lang='lat' dir='ltr'><strong>Deus</strong></span> <span class='ocrx_word' id='word_1_541' title='bbox 2761 1805 2828 1858; x_wconf 90' lang='lat' dir='ltr'><strong>ad</strong></span> <span class='ocrx_word' id='word_1_542' title='bbox 2860 1806 3271 1863; x_wconf 90' lang='lat' dir='ltr'><strong>collocutionem</strong></span> <span class='ocrx_word' id='word_1_543' title='bbox 3316 1811 3483 1866; x_wconf 85' lang='lat' dir='ltr'><strong>venit.</strong></span> <span class='ocrx_word' id='word_1_544' title='bbox 3516 1812 3581 1866; x_wconf 88' lang='lat' dir='ltr'><strong>Et</strong></span> <span class='ocrx_word' id='word_1_545' title='bbox 3602 1824 3768 1869; x_wconf 85' lang='lat' dir='ltr'><strong>certe</strong></span> <span class='ocrx_word' id='word_1_546' title='bbox 3802 1814 3851 1869; x_wconf 85' lang='lat' dir='ltr'><strong>si</strong></span> 
     </span>
    </p>
   </div>
   <div class='ocr_carea' id='block_1_73' title="bbox 2259 1898 3851 1963">
    <p class='ocr_par' dir='ltr' id='par_1_73' title="bbox 2259 1898 3851 1963">
     <span class='ocr_line' id='line_1_73' title="bbox 2259 1898 3851 1963; baseline 0.011 -19"><span class='ocrx_word' id='word_1_547' title='bbox 2259 1903 2583 1960; x_wconf 64' lang='lat' dir='ltr'><strong>acceperunt</strong></span> <span class='ocrx_word' id='word_1_548' title='bbox 2612 1904 2935 1963; x_wconf 91' lang='lat' dir='ltr'><strong>potestatem</strong></span> <span class='ocrx_word' id='word_1_549' title='bbox 2986 1898 3235 1955; x_wconf 89' lang='lat' dir='ltr'><strong>homines</strong></span> <span class='ocrx_word' id='word_1_550' title='bbox 3264 1899 3477 1956; x_wconf 89' lang='lat' dir='ltr'><strong>Domini</strong></span> <span class='ocrx_word' id='word_1_551' title='bbox 3508 1902 3730 1960; x_wconf 85' lang='lat' dir='ltr'><strong>calcare</strong></span> <span class='ocrx_word' id='word_1_552' title='bbox 3766 1906 3851 1961; x_wconf 80' lang='lat' dir='ltr'><strong>vi-</strong></span> 
     </span>
    </p>
   </div>
   <div class='ocr_carea' id='block_1_74' title="bbox 2257 1988 3851 2056">
    <p class='ocr_par' dir='ltr' id='par_1_74' title="bbox 2257 1988 3851 2056">
     <span class='ocr_line' id='line_1_74' title="bbox 2257 1988 3851 2056; baseline 0.013 -23"><span class='ocrx_word' id='word_1_553' title='bbox 2257 1996 2414 2050; x_wconf 77' lang='lat' dir='ltr'><strong>peras</strong></span> <span class='ocrx_word' id='word_1_554' title='bbox 2454 1993 2509 2039; x_wconf 91' lang='lat' dir='ltr'><strong>et</strong></span> <span class='ocrx_word' id='word_1_555' title='bbox 2557 1988 2895 2056; x_wconf 88' lang='lat' dir='ltr'><strong>scorpiones.</strong></span> <span class='ocrx_word' id='word_1_556' title='bbox 2921 2000 2974 2045; x_wconf 92' lang='lat' dir='ltr'><strong>et</strong></span> <span class='ocrx_word' id='word_1_557' title='bbox 3016 2005 3231 2046; x_wconf 80' lang='lat' dir='ltr'><strong>omnem</strong></span> <span class='ocrx_word' id='word_1_558' title='bbox 3270 1994 3529 2050; x_wconf 87' lang='lat' dir='ltr'><strong>virtutem</strong></span> <span class='ocrx_word' id='word_1_559' title='bbox 3574 1997 3851 2054; x_wconf 83' lang='lat' dir='ltr'><strong>adversa-</strong></span> 
     </span>
    </p>
   </div>
   <div class='ocr_carea' id='block_1_75' title="bbox 2255 2073 3843 2154">
    <p class='ocr_par' dir='ltr' id='par_1_75' title="bbox 2255 2073 3843 2154">
     <span class='ocr_line' id='line_1_75' title="bbox 2255 2073 3843 2154; baseline 0.01 -26"><span class='ocrx_word' id='word_1_560' title='bbox 2255 2073 2411 2141; x_wconf 76' lang='lat' dir='ltr'><strong>rii”;</strong></span> <span class='ocrx_word' id='word_1_561' title='bbox 2456 2076 2500 2130; x_wconf 89' lang='lat' dir='ltr'><strong>si</strong></span> <span class='ocrx_word' id='word_1_562' title='bbox 2550 2077 2798 2134; x_wconf 84' lang='lat' dir='ltr'><strong>homines</strong></span> <span class='ocrx_word' id='word_1_563' title='bbox 2844 2093 3176 2150; x_wconf 90' lang='lat' dir='ltr'><strong>acceperunt</strong></span> <span class='ocrx_word' id='word_1_564' title='bbox 3220 2088 3843 2154; x_wconf 88' lang='lat' dir='ltr'><strong>potestatem-calcare,</strong></span> 
     </span>
    </p>
   </div>
   <div class='ocr_carea' id='block_1_76' title="bbox 2253 2165 3844 2246">
    <p class='ocr_par' dir='ltr' id='par_1_76' title="bbox 2253 2165 3844 2246">
     <span class='ocr_line' id='line_1_76' title="bbox 2253 2165 3844 2246; baseline 0.012 -28"><span class='ocrx_word' id='word_1_565' title='bbox 2253 2165 2396 2219; x_wconf 89' lang='lat' dir='ltr'><strong>Dens</strong></span> <span class='ocrx_word' id='word_1_566' title='bbox 2418 2181 2483 2221; x_wconf 78' lang='lat' dir='ltr'><strong>ex</strong></span> <span class='ocrx_word' id='word_1_567' title='bbox 2524 2168 2834 2237; x_wconf 66' lang='lat' dir='ltr'><strong>aequalitate</strong></span> <span class='ocrx_word' id='word_1_568' title='bbox 2865 2173 3107 2241; x_wconf 91' lang='lat' dir='ltr'><strong>loquitur</strong></span> <span class='ocrx_word' id='word_1_569' title='bbox 3148 2176 3197 2228; x_wconf 89' lang='lat' dir='ltr'><strong>ei</strong></span> <span class='ocrx_word' id='word_1_570' title='bbox 3234 2177 3327 2246; x_wconf 89' lang='lat' dir='ltr'><strong>qui</strong></span> <span class='ocrx_word' id='word_1_571' title='bbox 3358 2177 3645 2234; x_wconf 76' lang='lat' dir='ltr'><strong>calcatur?</strong></span> <span class='ocrx_word' id='word_1_572' title='bbox 3668 2178 3844 2237; x_wconf 83' lang='lat' dir='ltr'><strong>Venit</strong></span> 
     </span>
    </p>
   </div>
   <div class='ocr_carea' id='block_1_77' title="bbox 2255 2256 3835 2339">
    <p class='ocr_par' dir='ltr' id='par_1_77' title="bbox 2255 2256 3835 2339">
     <span class='ocr_line' id='line_1_77' title="bbox 2255 2256 3835 2339; baseline 0.013 -30"><span class='ocrx_word' id='word_1_573' title='bbox 2255 2256 2469 2313; x_wconf 87' lang='lat' dir='ltr'><strong>diabolo</strong></span> <span class='ocrx_word' id='word_1_574' title='bbox 2521 2260 2748 2327; x_wconf 79' lang='lat' dir='ltr'><strong>fortior;</strong></span> <span class='ocrx_word' id='word_1_575' title='bbox 2799 2264 3023 2321; x_wconf 88' lang='lat' dir='ltr'><strong>vincens</strong></span> <span class='ocrx_word' id='word_1_576' title='bbox 3062 2280 3187 2320; x_wconf 92' lang='lat' dir='ltr'><strong>eum</strong></span> <span class='ocrx_word' id='word_1_577' title='bbox 3238 2268 3445 2339; x_wconf 88' lang='lat' dir='ltr'><strong>ligavit.</strong></span> <span class='ocrx_word' id='word_1_578' title='bbox 3488 2268 3600 2328; x_wconf 88' lang='lat' dir='ltr'><strong>Leo</strong></span> <span class='ocrx_word' id='word_1_579' title='bbox 3643 2284 3835 2329; x_wconf 89' lang='lat' dir='ltr'><strong>autem</strong></span> 
     </span>
    </p>
   </div>
   <div class='ocr_carea' id='block_1_78' title="bbox 2250 2348 3833 2433">
    <p class='ocr_par' dir='ltr' id='par_1_78' title="bbox 2250 2348 3833 2433">
     <span class='ocr_line' id='line_1_78' title="bbox 2250 2348 3833 2433; baseline 0.013 -32"><span class='ocrx_word' id='word_1_580' title='bbox 2250 2348 2474 2419; x_wconf 85' lang='lat' dir='ltr'><strong>ligatus,</strong></span> <span class='ocrx_word' id='word_1_581' title='bbox 2532 2368 2633 2409; x_wconf 90' lang='lat' dir='ltr'><strong>nec</strong></span> <span class='ocrx_word' id='word_1_582' title='bbox 2677 2364 2736 2409; x_wconf 92' lang='lat' dir='ltr'><strong>ut</strong></span> <span class='ocrx_word' id='word_1_583' title='bbox 2779 2359 2934 2413; x_wconf 88' lang='lat' dir='ltr'><strong>canis</strong></span> <span class='ocrx_word' id='word_1_584' title='bbox 2976 2368 3175 2427; x_wconf 91' lang='lat' dir='ltr'><strong>potest.</strong></span> <span class='ocrx_word' id='word_1_585' title='bbox 3218 2359 3381 2416; x_wconf 85' lang='lat' dir='ltr'><strong>Forte</strong></span> <span class='ocrx_word' id='word_1_586' title='bbox 3431 2374 3609 2419; x_wconf 89' lang='lat' dir='ltr'><strong>autem</strong></span> <span class='ocrx_word' id='word_1_587' title='bbox 3652 2365 3833 2433; x_wconf 88' lang='lat' dir='ltr'><strong>dices,</strong></span> 
     </span>
    </p>
   </div>
   <div class='ocr_carea' id='block_1_79' title="bbox 2248 2444 3838 2526">
    <p class='ocr_par' dir='ltr' id='par_1_79' title="bbox 2248 2444 3838 2526">
     <span class='ocr_line' id='line_1_79' title="bbox 2248 2444 3838 2526; baseline 0.011 -31"><span class='ocrx_word' id='word_1_588' title='bbox 2248 2444 2375 2513; x_wconf 87' lang='lat' dir='ltr'><strong>quia</strong></span> <span class='ocrx_word' id='word_1_589' title='bbox 2403 2444 2449 2498; x_wconf 90' lang='lat' dir='ltr'><strong>si</strong></span> <span class='ocrx_word' id='word_1_590' title='bbox 2478 2446 2704 2502; x_wconf 87' lang='lat' dir='ltr'><strong>veniens</strong></span> <span class='ocrx_word' id='word_1_591' title='bbox 2742 2448 2894 2515; x_wconf 89' lang='lat' dir='ltr'><strong>vicit,</strong></span> <span class='ocrx_word' id='word_1_592' title='bbox 2933 2449 3158 2505; x_wconf 89' lang='lat' dir='ltr'><strong>vincens</strong></span> <span class='ocrx_word' id='word_1_593' title='bbox 3197 2453 3407 2522; x_wconf 83' lang='lat' dir='ltr'><strong>ligavit,</strong></span> <span class='ocrx_word' id='word_1_594' title='bbox 3436 2464 3489 2509; x_wconf 92' lang='lat' dir='ltr'><strong>et</strong></span> <span class='ocrx_word' id='word_1_595' title='bbox 3531 2455 3709 2526; x_wconf 88' lang='lat' dir='ltr'><strong>ligans</strong></span> <span class='ocrx_word' id='word_1_596' title='bbox 3745 2456 3838 2511; x_wconf 84' lang='lat' dir='ltr'><strong>de-</strong></span> 
     </span>
    </p>
   </div>
   <div class='ocr_carea' id='block_1_80' title="bbox 2246 2534 3829 2607">
    <p class='ocr_par' dir='ltr' id='par_1_80' title="bbox 2246 2534 3829 2607">
     <span class='ocr_line' id='line_1_80' title="bbox 2246 2534 3829 2607; baseline 0.008 -21"><span class='ocrx_word' id='word_1_597' title='bbox 2246 2534 2327 2586; x_wconf 92' lang='lat' dir='ltr'><strong>dit</strong></span> <span class='ocrx_word' id='word_1_598' title='bbox 2354 2534 2576 2600; x_wconf 90' lang='lat' dir='ltr'><strong>calcari,</strong></span> <span class='ocrx_word' id='word_1_599' title='bbox 2620 2551 2727 2591; x_wconf 92' lang='lat' dir='ltr'><strong>non</strong></span> <span class='ocrx_word' id='word_1_600' title='bbox 2761 2538 2981 2607; x_wconf 85' lang='lat' dir='ltr'><strong>quidem</strong></span> <span class='ocrx_word' id='word_1_601' title='bbox 3010 2540 3082 2593; x_wconf 91' lang='lat' dir='ltr'><strong>sit</strong></span> <span class='ocrx_word' id='word_1_602' title='bbox 3114 2540 3243 2596; x_wconf 82' lang='lat' dir='ltr'><strong>talis</strong></span> <span class='ocrx_word' id='word_1_603' title='bbox 3276 2558 3289 2593; x_wconf 92' lang='lat'><strong>:</strong></span> <span class='ocrx_word' id='word_1_604' title='bbox 3321 2551 3447 2598; x_wconf 89' lang='lat' dir='ltr'><strong>tunc</strong></span> <span class='ocrx_word' id='word_1_605' title='bbox 3487 2556 3669 2599; x_wconf 85' lang='lat' dir='ltr'><strong>autem</strong></span> <span class='ocrx_word' id='word_1_606' title='bbox 3700 2562 3829 2601; x_wconf 89' lang='lat' dir='ltr'><strong>cum</strong></span> 
     </span>
    </p>
   </div>
   <div class='ocr_carea' id='block_1_81' title="bbox 2250 2623 3827 2702">
    <p class='ocr_par' dir='ltr' id='par_1_81' title="bbox 2250 2623 3827 2702">
     <span class='ocr_line' id='line_1_81' title="bbox 2250 2623 3827 2702; baseline 0.008 -26"><span class='ocrx_word' id='word_1_607' title='bbox 2250 2634 2421 2689; x_wconf 83' lang='lat' dir='ltr'><strong>esset,</strong></span> <span class='ocrx_word' id='word_1_608' title='bbox 2465 2624 2565 2678; x_wconf 91' lang='lat' dir='ltr'><strong>sub</strong></span> <span class='ocrx_word' id='word_1_609' title='bbox 2604 2623 2706 2680; x_wconf 82' lang='lat' dir='ltr'><strong>Joh</strong></span> <span class='ocrx_word' id='word_1_610' title='bbox 2745 2634 2865 2680; x_wconf 90' lang='lat' dir='ltr'><strong>erat</strong></span> <span class='ocrx_word' id='word_1_611' title='bbox 2896 2644 2910 2680; x_wconf 90' lang='lat'>:</span> <span class='ocrx_word' id='word_1_612' title='bbox 2943 2628 3119 2684; x_wconf 89' lang='lat' dir='ltr'><strong>adhuc</strong></span> <span class='ocrx_word' id='word_1_613' title='bbox 3177 2628 3266 2685; x_wconf 90' lang='lat' dir='ltr'><strong>ille</strong></span> <span class='ocrx_word' id='word_1_614' title='bbox 3324 2639 3536 2702; x_wconf 88' lang='lat' dir='ltr'><strong>poterat</strong></span> <span class='ocrx_word' id='word_1_615' title='bbox 3568 2633 3827 2689; x_wconf 86' lang='lat' dir='ltr'><strong>fiduciam</strong></span> 
     </span>
    </p>
   </div>
   <div class='ocr_carea' id='block_1_82' title="bbox 2246 2717 3827 2795">
    <p class='ocr_par' dir='ltr' id='par_1_82' title="bbox 2246 2717 3827 2795">
     <span class='ocr_line' id='line_1_82' title="bbox 2246 2717 3827 2795; baseline 0.006 -23"><span class='ocrx_word' id='word_1_616' title='bbox 2246 2717 2448 2773; x_wconf 85' lang='lat' dir='ltr'><strong>habere</strong></span> <span class='ocrx_word' id='word_1_617' title='bbox 2476 2734 2489 2771; x_wconf 89' lang='lat'><strong>:</strong></span> <span class='ocrx_word' id='word_1_618' title='bbox 2516 2719 2753 2773; x_wconf 90' lang='lat' dir='ltr'><strong>nondum</strong></span> <span class='ocrx_word' id='word_1_619' title='bbox 2798 2720 2941 2774; x_wconf 90' lang='lat' dir='ltr'><strong>enim</strong></span> <span class='ocrx_word' id='word_1_620' title='bbox 2988 2732 3101 2776; x_wconf 89' lang='lat' dir='ltr'><strong>erat</strong></span> <span class='ocrx_word' id='word_1_621' title='bbox 3132 2722 3325 2795; x_wconf 84' lang='lat' dir='ltr'><strong>ligatus</strong></span> <span class='ocrx_word' id='word_1_622' title='bbox 3356 2726 3683 2782; x_wconf 88' lang='lat' dir='ltr'><strong>hominibus.</strong></span> <span class='ocrx_word' id='word_1_623' title='bbox 3720 2725 3827 2782; x_wconf 75' lang='lat' dir='ltr'><strong>Pu-</strong></span> 
     </span>
    </p>
   </div>
   <div class='ocr_carea' id='block_1_83' title="bbox 2255 2806 3824 2888">
    <p class='ocr_par' dir='ltr' id='par_1_83' title="bbox 2255 2806 3824 2888">
     <span class='ocr_line' id='line_1_83' title="bbox 2255 2806 3824 2888; baseline 0.008 -28"><span class='ocrx_word' id='word_1_624' title='bbox 2255 2815 2339 2861; x_wconf 88' lang='lat' dir='ltr'><strong>tas</strong></span> <span class='ocrx_word' id='word_1_625' title='bbox 2376 2806 2448 2861; x_wconf 87' lang='lat' dir='ltr'><strong>sit</strong></span> <span class='ocrx_word' id='word_1_626' title='bbox 2490 2809 2647 2878; x_wconf 88' lang='lat' dir='ltr'><strong>Iupus</strong></span> <span class='ocrx_word' id='word_1_627' title='bbox 2688 2820 2878 2879; x_wconf 85' lang='lat' dir='ltr'><strong>potens</strong></span> <span class='ocrx_word' id='word_1_628' title='bbox 2908 2810 3194 2867; x_wconf 89' lang='lat' dir='ltr'><strong>adversum</strong></span> <span class='ocrx_word' id='word_1_629' title='bbox 3234 2828 3385 2878; x_wconf 78' lang='lat' dir='ltr'><strong>oves,</strong></span> <span class='ocrx_word' id='word_1_630' title='bbox 3423 2815 3468 2870; x_wconf 91' lang='lat' dir='ltr'><strong>si</strong></span> <span class='ocrx_word' id='word_1_631' title='bbox 3510 2823 3692 2871; x_wconf 88' lang='lat' dir='ltr'><strong>autem</strong></span> <span class='ocrx_word' id='word_1_632' title='bbox 3724 2834 3824 2888; x_wconf 86' lang='lat' dir='ltr'><strong>po-</strong></span> 
     </span>
    </p>
   </div>
   <div class='ocr_carea' id='block_1_84' title="bbox 2242 2901 3817 2976">
    <p class='ocr_par' dir='ltr' id='par_1_84' title="bbox 2242 2901 3817 2976">
     <span class='ocr_line' id='line_1_84' title="bbox 2242 2901 3817 2976; baseline 0.009 -24"><span class='ocrx_word' id='word_1_633' title='bbox 2242 2908 2361 2953; x_wconf 90' lang='lat' dir='ltr'><strong>tens</strong></span> <span class='ocrx_word' id='word_1_634' title='bbox 2387 2908 2439 2954; x_wconf 90' lang='lat' dir='ltr'><strong>et</strong></span> <span class='ocrx_word' id='word_1_635' title='bbox 2463 2901 2746 2956; x_wconf 89' lang='lat' dir='ltr'><strong>adversum</strong></span> <span class='ocrx_word' id='word_1_636' title='bbox 2777 2902 3032 2958; x_wconf 78' lang='lat' dir='ltr'><strong>leonem?</strong></span> <span class='ocrx_word' id='word_1_637' title='bbox 3072 2915 3128 2958; x_wconf 91' lang='lat' dir='ltr'><strong>ut</strong></span> <span class='ocrx_word' id='word_1_638' title='bbox 3152 2904 3223 2959; x_wconf 89' lang='lat' dir='ltr'><strong>ita</strong></span> <span class='ocrx_word' id='word_1_639' title='bbox 3249 2908 3647 2976; x_wconf 90' lang='lat' dir='ltr'><strong>quodammodo</strong></span> <span class='ocrx_word' id='word_1_640' title='bbox 3668 2925 3817 2966; x_wconf 82' lang='lat' dir='ltr'><strong>eom—</strong></span> 
     </span>
    </p>
   </div>
   <div class='ocr_carea' id='block_1_85' title="bbox 2242 2992 3815 3066">
    <p class='ocr_par' dir='ltr' id='par_1_85' title="bbox 2242 2992 3815 3066">
     <span class='ocr_line' id='line_1_85' title="bbox 2242 2992 3815 3066; baseline 0.008 -22"><span class='ocrx_word' id='word_1_641' title='bbox 2242 2992 2619 3060; x_wconf 89' lang='lat' dir='ltr'><strong>parationibus</strong></span> <span class='ocrx_word' id='word_1_642' title='bbox 2665 3002 2882 3048; x_wconf 91' lang='lat' dir='ltr'><strong>utamur</strong></span> <span class='ocrx_word' id='word_1_643' title='bbox 2930 3007 3148 3066; x_wconf 85' lang='lat' dir='ltr'><strong>propter</strong></span> <span class='ocrx_word' id='word_1_644' title='bbox 3184 2997 3488 3055; x_wconf 82' lang='lat' dir='ltr'><strong>fortiorem.</strong></span> <span class='ocrx_word' id='word_1_645' title='bbox 3520 2999 3637 3056; x_wconf 83' lang='lat' dir='ltr'><strong>Non</strong></span> <span class='ocrx_word' id='word_1_646' title='bbox 3671 3004 3815 3057; x_wconf 90' lang='lat' dir='ltr'><strong>enim</strong></span> 
     </span>
    </p>
   </div>
   <div class='ocr_carea' id='block_1_86' title="bbox 2240 3082 3815 3161">
    <p class='ocr_par' dir='ltr' id='par_1_86' title="bbox 2240 3082 3815 3161">
     <span class='ocr_line' id='line_1_86' title="bbox 2240 3082 3815 3161; baseline 0.009 -26"><span class='ocrx_word' id='word_1_647' title='bbox 2240 3082 2560 3152; x_wconf 84' lang='lat' dir='ltr'><strong>ampliorem</strong></span> <span class='ocrx_word' id='word_1_648' title='bbox 2609 3086 2821 3155; x_wconf 87' lang='lat' dir='ltr'><strong>accepit</strong></span> <span class='ocrx_word' id='word_1_649' title='bbox 2876 3086 3131 3143; x_wconf 88' lang='lat' dir='ltr'><strong>virtutem</strong></span> <span class='ocrx_word' id='word_1_650' title='bbox 3182 3106 3213 3144; x_wconf 90' lang='lat' dir='ltr'><strong>a</strong></span> <span class='ocrx_word' id='word_1_651' title='bbox 3266 3107 3498 3161; x_wconf 90' lang='lat' dir='ltr'><strong>corpore</strong></span> <span class='ocrx_word' id='word_1_652' title='bbox 3559 3094 3815 3149; x_wconf 83' lang='lat' dir='ltr'><strong>Dominus</strong></span> 
     </span>
    </p>
   </div>
   <div class='ocr_carea' id='block_1_87' title="bbox 2237 3172 3816 3254">
    <p class='ocr_par' dir='ltr' id='par_1_87' title="bbox 2237 3172 3816 3254">
     <span class='ocr_line' id='line_1_87' title="bbox 2237 3172 3816 3254; baseline 0.008 -26"><span class='ocrx_word' id='word_1_653' title='bbox 2237 3172 2414 3240; x_wconf 82' lang='lat' dir='ltr'><strong>.lesus,</strong></span> <span class='ocrx_word' id='word_1_654' title='bbox 2447 3186 2504 3230; x_wconf 92' lang='lat' dir='ltr'><strong>ut</strong></span> <span class='ocrx_word' id='word_1_655' title='bbox 2529 3187 2813 3246; x_wconf 89' lang='lat' dir='ltr'><strong>superaret</strong></span> <span class='ocrx_word' id='word_1_656' title='bbox 2858 3180 3153 3235; x_wconf 89' lang='lat' dir='ltr'><strong>diabolum.</strong></span> <span class='ocrx_word' id='word_1_657' title='bbox 3188 3180 3295 3237; x_wconf 87' lang='lat' dir='ltr'><strong>Sed</strong></span> <span class='ocrx_word' id='word_1_658' title='bbox 3325 3199 3425 3238; x_wconf 90' lang='lat' dir='ltr'><strong>cur</strong></span> <span class='ocrx_word' id='word_1_659' title='bbox 3458 3184 3573 3254; x_wconf 80' lang='lat' dir='ltr'><strong>ipsa</strong></span> <span class='ocrx_word' id='word_1_660' title='bbox 3621 3195 3675 3240; x_wconf 90' lang='lat' dir='ltr'><strong>et</strong></span> <span class='ocrx_word' id='word_1_661' title='bbox 3704 3187 3816 3242; x_wconf 75' lang='lat' dir='ltr'><strong>col-</strong></span> 
     </span>
    </p>
   </div>
   <div class='ocr_carea' id='block_1_88' title="bbox 2241 3266 3806 3349">
    <p class='ocr_par' dir='ltr' id='par_1_88' title="bbox 2241 3266 3806 3349">
     <span class='ocr_line' id='line_1_88' title="bbox 2241 3266 3806 3349; baseline 0.008 -29"><span class='ocrx_word' id='word_1_662' title='bbox 2241 3266 2464 3321; x_wconf 88' lang='lat' dir='ltr'><strong>luctatio</strong></span> <span class='ocrx_word' id='word_1_663' title='bbox 2489 3266 2631 3322; x_wconf 83' lang='lat' dir='ltr'><strong>facta</strong></span> <span class='ocrx_word' id='word_1_664' title='bbox 2654 3269 2777 3323; x_wconf 83' lang='lat' dir='ltr'><strong>est?</strong></span> <span class='ocrx_word' id='word_1_665' title='bbox 2807 3270 2943 3337; x_wconf 82' lang='lat' dir='ltr'><strong>Quia</strong></span> <span class='ocrx_word' id='word_1_666' title='bbox 2971 3273 3118 3327; x_wconf 91' lang='lat' dir='ltr'><strong>enim</strong></span> <span class='ocrx_word' id='word_1_667' title='bbox 3145 3275 3397 3345; x_wconf 78' lang='lat' dir='ltr'><strong>produxit</strong></span> <span class='ocrx_word' id='word_1_668' title='bbox 3419 3291 3619 3347; x_wconf 83' lang='lat' dir='ltr'><strong>agnum</strong></span> <span class='ocrx_word' id='word_1_669' title='bbox 3653 3279 3806 3349; x_wconf 89' lang='lat' dir='ltr'><strong>lupo:</strong></span> 
     </span>
    </p>
   </div>
   <div class='ocr_carea' id='block_1_89' title="bbox 2236 3354 3810 3432">
    <p class='ocr_par' dir='ltr' id='par_1_89' title="bbox 2236 3354 3810 3432">
     <span class='ocr_line' id='line_1_89' title="bbox 2236 3354 3810 3432; baseline 0.011 -23"><span class='ocrx_word' id='word_1_670' title='bbox 2236 3354 2395 3426; x_wconf 88' lang='lat' dir='ltr'><strong>lupus</strong></span> <span class='ocrx_word' id='word_1_671' title='bbox 2433 3366 2613 3411; x_wconf 88' lang='lat' dir='ltr'><strong>autem</strong></span> <span class='ocrx_word' id='word_1_672' title='bbox 2656 3358 2845 3414; x_wconf 89' lang='lat' dir='ltr'><strong>videns</strong></span> <span class='ocrx_word' id='word_1_673' title='bbox 2894 3375 3094 3429; x_wconf 85' lang='lat' dir='ltr'><strong>agnum</strong></span> <span class='ocrx_word' id='word_1_674' title='bbox 3132 3363 3223 3432; x_wconf 90' lang='lat' dir='ltr'><strong>qui</strong></span> <span class='ocrx_word' id='word_1_675' title='bbox 3264 3366 3549 3424; x_wconf 87' lang='lat' dir='ltr'><strong>videbatur</strong></span> <span class='ocrx_word' id='word_1_676' title='bbox 3581 3383 3650 3423; x_wconf 82' lang='lat' dir='ltr'><strong>ex</strong></span> <span class='ocrx_word' id='word_1_677' title='bbox 3678 3385 3810 3426; x_wconf 86' lang='lat' dir='ltr'><strong>con-</strong></span> 
     </span>
    </p>
   </div>
   <div class='ocr_carea' id='block_1_90' title="bbox 2235 3449 3811 3519">
    <p class='ocr_par' dir='ltr' id='par_1_90' title="bbox 2235 3449 3811 3519">
     <span class='ocr_line' id='line_1_90' title="bbox 2235 3449 3811 3519; baseline 0.011 -18"><span class='ocrx_word' id='word_1_678' title='bbox 2235 3449 2521 3502; x_wconf 87' lang='lat' dir='ltr'><strong>suetudine</strong></span> <span class='ocrx_word' id='word_1_679' title='bbox 2554 3464 2861 3519; x_wconf 89' lang='lat' dir='ltr'><strong>accurrere,</strong></span> <span class='ocrx_word' id='word_1_680' title='bbox 2889 3463 2939 3506; x_wconf 91' lang='lat' dir='ltr'><strong>et</strong></span> <span class='ocrx_word' id='word_1_681' title='bbox 2973 3463 3123 3509; x_wconf 71' lang='lat' dir='ltr'><strong>extra</strong></span> <span class='ocrx_word' id='word_1_682' title='bbox 3147 3458 3592 3515; x_wconf 87' lang='lat' dir='ltr'><strong>consuetudinem</strong></span> <span class='ocrx_word' id='word_1_683' title='bbox 3624 3462 3811 3517; x_wconf 76' lang='lat' dir='ltr'><strong>delen-</strong></span> 
     </span>
    </p>
   </div>
   <div class='ocr_carea' id='block_1_91' title="bbox 2236 3536 3808 3613">
    <p class='ocr_par' dir='ltr' id='par_1_91' title="bbox 2236 3536 3808 3613">
     <span class='ocr_line' id='line_1_91' title="bbox 2236 3536 3808 3613; baseline 0.011 -25"><span class='ocrx_word' id='word_1_684' title='bbox 2236 3542 2324 3590; x_wconf 91' lang='lat' dir='ltr'><strong>tns</strong></span> <span class='ocrx_word' id='word_1_685' title='bbox 2351 3545 2455 3591; x_wconf 87' lang='lat' dir='ltr'><strong>est.</strong></span> <span class='ocrx_word' id='word_1_686' title='bbox 2498 3536 2553 3592; x_wconf 89' lang='lat' dir='ltr'><strong>Si</strong></span> <span class='ocrx_word' id='word_1_687' title='bbox 2589 3539 2733 3593; x_wconf 90' lang='lat' dir='ltr'><strong>enim</strong></span> <span class='ocrx_word' id='word_1_688' title='bbox 2766 3540 3000 3596; x_wconf 85' lang='lat' dir='ltr'><strong>maxime</strong></span> <span class='ocrx_word' id='word_1_689' title='bbox 3045 3545 3396 3603; x_wconf 60' lang='lat' dir='ltr'><strong>etinimicus</strong></span> <span class='ocrx_word' id='word_1_690' title='bbox 3434 3559 3679 3613; x_wconf 88' lang='lat' dir='ltr'><strong>vocatur,</strong></span> <span class='ocrx_word' id='word_1_691' title='bbox 3709 3554 3808 3605; x_wconf 89' lang='lat' dir='ltr'><strong>ad-</strong></span> 
     </span>
    </p>
   </div>
   <div class='ocr_carea' id='block_1_92' title="bbox 2233 3629 3789 3703">
    <p class='ocr_par' dir='ltr' id='par_1_92' title="bbox 2233 3629 3789 3703">
     <span class='ocr_line' id='line_1_92' title="bbox 2233 3629 3789 3703; baseline 0.012 -24"><span class='ocrx_word' id='word_1_692' title='bbox 2233 3630 2508 3684; x_wconf 82' lang='lat' dir='ltr'><strong>versarius</strong></span> <span class='ocrx_word' id='word_1_693' title='bbox 2539 3629 2789 3688; x_wconf 89' lang='lat' dir='ltr'><strong>diabolus</strong></span> <span class='ocrx_word' id='word_1_694' title='bbox 2819 3646 2834 3686; x_wconf 91' lang='lat'><strong>:</strong></span> <span class='ocrx_word' id='word_1_695' title='bbox 2859 3634 2984 3703; x_wconf 87' lang='lat' dir='ltr'><strong>quia</strong></span> <span class='ocrx_word' id='word_1_696' title='bbox 3010 3636 3153 3691; x_wconf 89' lang='lat' dir='ltr'><strong>enim</strong></span> <span class='ocrx_word' id='word_1_697' title='bbox 3189 3648 3243 3692; x_wconf 88' lang='lat' dir='ltr'><strong>et</strong></span> <span class='ocrx_word' id='word_1_698' title='bbox 3269 3639 3472 3696; x_wconf 91' lang='lat' dir='ltr'><strong>inimici</strong></span> <span class='ocrx_word' id='word_1_699' title='bbox 3502 3642 3674 3697; x_wconf 85' lang='lat' dir='ltr'><strong>crucis</strong></span> <span class='ocrx_word' id='word_1_700' title='bbox 3702 3644 3789 3697; x_wconf 86' lang='lat' dir='ltr'><strong>di-</strong></span> 
     </span>
    </p>
   </div>
   <div class='ocr_carea' id='block_1_93' title="bbox 2232 3720 3797 3799">
    <p class='ocr_par' dir='ltr' id='par_1_93' title="bbox 2232 3720 3797 3799">
     <span class='ocr_line' id='line_1_93' title="bbox 2232 3720 3797 3799; baseline 0.013 -28"><span class='ocrx_word' id='word_1_701' title='bbox 2232 3728 2426 3774; x_wconf 91' lang='lat' dir='ltr'><strong>cuntur</strong></span> <span class='ocrx_word' id='word_1_702' title='bbox 2470 3720 2718 3777; x_wconf 83' lang='lat' dir='ltr'><strong>homines</strong></span> <span class='ocrx_word' id='word_1_703' title='bbox 2751 3724 2826 3796; x_wconf 87' lang='lat'><strong>(8)</strong></span> <span class='ocrx_word' id='word_1_704' title='bbox 2873 3742 3026 3781; x_wconf 89' lang='lat' dir='ltr'><strong>:non</strong></span> <span class='ocrx_word' id='word_1_705' title='bbox 3067 3730 3191 3799; x_wconf 89' lang='lat' dir='ltr'><strong>quia</strong></span> <span class='ocrx_word' id='word_1_706' title='bbox 3245 3731 3498 3789; x_wconf 90' lang='lat' dir='ltr'><strong>inimicus</strong></span> <span class='ocrx_word' id='word_1_707' title='bbox 3554 3736 3797 3792; x_wconf 83' lang='lat' dir='ltr'><strong>nomina-</strong></span> 
     </span>
    </p>
   </div>
   <div class='ocr_carea' id='block_1_94' title="bbox 2235 3810 3784 3894">
    <p class='ocr_par' dir='ltr' id='par_1_94' title="bbox 2235 3810 3784 3894">
     <span class='ocr_line' id='line_1_94' title="bbox 2235 3810 3784 3894; baseline 0.014 -31"><span class='ocrx_word' id='word_1_708' title='bbox 2235 3818 2340 3878; x_wconf 90' lang='lat' dir='ltr'><strong>tur,</strong></span> <span class='ocrx_word' id='word_1_709' title='bbox 2380 3810 2493 3880; x_wconf 88' lang='lat' dir='ltr'><strong>jam</strong></span> <span class='ocrx_word' id='word_1_710' title='bbox 2529 3815 2752 3883; x_wconf 60' lang='lat' dir='ltr'><strong>aequalis</strong></span> <span class='ocrx_word' id='word_1_711' title='bbox 2782 3826 2887 3873; x_wconf 89' lang='lat' dir='ltr'><strong>est.</strong></span> <span class='ocrx_word' id='word_1_712' title='bbox 2931 3816 3046 3874; x_wconf 82' lang='lat' dir='ltr'><strong>Non</strong></span> <span class='ocrx_word' id='word_1_713' title='bbox 3082 3822 3225 3876; x_wconf 90' lang='lat' dir='ltr'><strong>enim</strong></span> <span class='ocrx_word' id='word_1_714' title='bbox 3272 3825 3551 3894; x_wconf 75' lang='lat' dir='ltr'><strong>aequaliter</strong></span> <span class='ocrx_word' id='word_1_715' title='bbox 3578 3827 3784 3884; x_wconf 88' lang='lat' dir='ltr'><strong>habens</strong></span> 
     </span>
    </p>
   </div>
   <div class='ocr_carea' id='block_1_95' title="bbox 2233 3898 3802 3988">
    <p class='ocr_par' dir='ltr' id='par_1_95' title="bbox 2233 3898 3802 3988">
     <span class='ocr_line' id='line_1_95' title="bbox 2233 3898 3802 3988; baseline 0.015 -37"><span class='ocrx_word' id='word_1_716' title='bbox 2233 3898 2484 3956; x_wconf 90' lang='lat' dir='ltr'><strong>virtutem</strong></span> <span class='ocrx_word' id='word_1_717' title='bbox 2522 3904 2723 3959; x_wconf 89' lang='lat' dir='ltr'><strong>dicitur</strong></span> <span class='ocrx_word' id='word_1_718' title='bbox 2778 3908 3149 3981; x_wconf 88' lang='lat' dir='ltr'><strong>adversarius,</strong></span> <span class='ocrx_word' id='word_1_719' title='bbox 3214 3917 3309 3969; x_wconf 90' lang='lat' dir='ltr'><strong>sed</strong></span> <span class='ocrx_word' id='word_1_720' title='bbox 3359 3917 3477 3971; x_wconf 90' lang='lat' dir='ltr'><strong>ideo</strong></span> <span class='ocrx_word' id='word_1_721' title='bbox 3514 3920 3641 3988; x_wconf 90' lang='lat' dir='ltr'><strong>quia</strong></span> <span class='ocrx_word' id='word_1_722' title='bbox 3700 3936 3802 3975; x_wconf 90' lang='lat' dir='ltr'><strong>nou</strong></span> 
     </span>
    </p>
   </div>
   <div class='ocr_carea' id='block_1_96' title="bbox 2229 3988 3801 4069">
    <p class='ocr_par' dir='ltr' id='par_1_96' title="bbox 2229 3988 3801 4069">
     <span class='ocr_line' id='line_1_96' title="bbox 2229 3988 3801 4069; baseline 0.016 -27"><span class='ocrx_word' id='word_1_723' title='bbox 2229 3988 2405 4058; x_wconf 88' lang='lat' dir='ltr'><strong>placet</strong></span> <span class='ocrx_word' id='word_1_724' title='bbox 2451 3992 2560 4047; x_wconf 89' lang='lat' dir='ltr'><strong>Deo</strong></span> <span class='ocrx_word' id='word_1_725' title='bbox 2581 3994 2697 4065; x_wconf 81' lang='lat' dir='ltr'><strong>ejus</strong></span> <span class='ocrx_word' id='word_1_726' title='bbox 2735 3998 3062 4069; x_wconf 86' lang='lat' dir='ltr'><strong>malignitas.</strong></span> <span class='ocrx_word' id='word_1_727' title='bbox 3108 4002 3223 4059; x_wconf 87' lang='lat' dir='ltr'><strong>Non</strong></span> <span class='ocrx_word' id='word_1_728' title='bbox 3270 4008 3410 4061; x_wconf 91' lang='lat' dir='ltr'><strong>sicut</strong></span> <span class='ocrx_word' id='word_1_729' title='bbox 3443 4012 3683 4066; x_wconf 62' lang='lat' dir='ltr'><strong>tenebrae</strong></span> <span class='ocrx_word' id='word_1_730' title='bbox 3721 4014 3801 4067; x_wconf 84' lang='lat' dir='ltr'><strong>vi-</strong></span> 
     </span>
    </p>
   </div>
   <div class='ocr_carea' id='block_1_97' title="bbox 2229 4081 3799 4175">
    <p class='ocr_par' dir='ltr' id='par_1_97' title="bbox 2229 4081 3799 4175">
     <span class='ocr_line' id='line_1_97' title="bbox 2229 4081 3799 4175; baseline 0.016 -41"><span class='ocrx_word' id='word_1_731' title='bbox 2229 4081 2423 4137; x_wconf 90' lang='lat' dir='ltr'><strong>dentur</strong></span> <span class='ocrx_word' id='word_1_732' title='bbox 2473 4083 2663 4142; x_wconf 89' lang='lat' dir='ltr'><strong>lumini</strong></span> <span class='ocrx_word' id='word_1_733' title='bbox 2715 4104 2783 4143; x_wconf 80' lang='lat' dir='ltr'><strong>ex</strong></span> <span class='ocrx_word' id='word_1_734' title='bbox 2830 4094 3023 4159; x_wconf 69' lang='lat' dir='ltr'><strong>aequali</strong></span> <span class='ocrx_word' id='word_1_735' title='bbox 3056 4095 3257 4151; x_wconf 89' lang='lat' dir='ltr'><strong>virtute</strong></span> <span class='ocrx_word' id='word_1_736' title='bbox 3291 4100 3641 4168; x_wconf 74' lang='lat' dir='ltr'><strong>adversariae,</strong></span> <span class='ocrx_word' id='word_1_737' title='bbox 3679 4106 3799 4175; x_wconf 86' lang='lat' dir='ltr'><strong>quia</strong></span> 
     </span>
    </p>
   </div>
   <div class='ocr_carea' id='block_1_98' title="bbox 2229 4175 3800 4258">
    <p class='ocr_par' dir='ltr' id='par_1_98' title="bbox 2229 4175 3800 4258">
     <span class='ocr_line' id='line_1_98' title="bbox 2229 4175 3800 4258; baseline 0.016 -32"><span class='ocrx_word' id='word_1_738' title='bbox 2229 4182 2379 4229; x_wconf 90' lang='lat' dir='ltr'><strong>tanta</strong></span> <span class='ocrx_word' id='word_1_739' title='bbox 2401 4175 2643 4233; x_wconf 91' lang='lat' dir='ltr'><strong>detinent</strong></span> <span class='ocrx_word' id='word_1_740' title='bbox 2676 4183 2850 4248; x_wconf 85' lang='lat' dir='ltr'><strong>spatia</strong></span> <span class='ocrx_word' id='word_1_741' title='bbox 2882 4186 3139 4252; x_wconf 69' lang='lat' dir='ltr'><strong>tenebrre,</strong></span> <span class='ocrx_word' id='word_1_742' title='bbox 3178 4199 3381 4258; x_wconf 88' lang='lat' dir='ltr'><strong>quanta</strong></span> <span class='ocrx_word' id='word_1_743' title='bbox 3406 4203 3460 4246; x_wconf 91' lang='lat' dir='ltr'><strong>et</strong></span> <span class='ocrx_word' id='word_1_744' title='bbox 3490 4193 3692 4249; x_wconf 90' lang='lat' dir='ltr'><strong>lumen.</strong></span> <span class='ocrx_word' id='word_1_745' title='bbox 3743 4197 3800 4251; x_wconf 87' lang='lat' dir='ltr'><strong>Si</strong></span> 
     </span>
    </p>
   </div>
   <div class='ocr_carea' id='block_1_99' title="bbox 2226 4267 3798 4353">
    <p class='ocr_par' dir='ltr' id='par_1_99' title="bbox 2226 4267 3798 4353">
     <span class='ocr_line' id='line_1_99' title="bbox 2226 4267 3798 4353; baseline 0.018 -37"><span class='ocrx_word' id='word_1_746' title='bbox 2226 4273 2409 4319; x_wconf 90' lang='lat' dir='ltr'><strong>autem</strong></span> <span class='ocrx_word' id='word_1_747' title='bbox 2434 4275 2489 4321; x_wconf 93' lang='lat' dir='ltr'><strong>et</strong></span> <span class='ocrx_word' id='word_1_748' title='bbox 2518 4267 2621 4324; x_wconf 86' lang='lat' dir='ltr'><strong>hoc</strong></span> <span class='ocrx_word' id='word_1_749' title='bbox 2655 4271 2786 4337; x_wconf 87' lang='lat' dir='ltr'><strong>tale,</strong></span> <span class='ocrx_word' id='word_1_750' title='bbox 2814 4288 2918 4329; x_wconf 90' lang='lat' dir='ltr'><strong>non</strong></span> <span class='ocrx_word' id='word_1_751' title='bbox 2951 4275 3023 4329; x_wconf 91' lang='lat' dir='ltr'><strong>ita</strong></span> <span class='ocrx_word' id='word_1_752' title='bbox 3056 4277 3377 4336; x_wconf 86' lang='lat' dir='ltr'><strong>adversatur</strong></span> <span class='ocrx_word' id='word_1_753' title='bbox 3398 4284 3644 4341; x_wconf 79' lang='lat' dir='ltr'><strong>diabolus</strong></span> <span class='ocrx_word' id='word_1_754' title='bbox 3669 4289 3798 4353; x_wconf 88' lang='lat' dir='ltr'><strong>Deo,</strong></span> 
     </span>
    </p>
   </div>
   <div class='ocr_carea' id='block_1_100' title="bbox 2226 4362 3799 4447">
    <p class='ocr_par' dir='ltr' id='par_1_100' title="bbox 2226 4362 3799 4447">
     <span class='ocr_line' id='line_1_100' title="bbox 2226 4362 3799 4447; baseline 0.017 -39"><span class='ocrx_word' id='word_1_755' title='bbox 2226 4370 2332 4409; x_wconf 89' lang='lat' dir='ltr'><strong>non</strong></span> <span class='ocrx_word' id='word_1_756' title='bbox 2377 4371 2443 4412; x_wconf 83' lang='lat' dir='ltr'><strong>ex</strong></span> <span class='ocrx_word' id='word_1_757' title='bbox 2480 4362 2812 4430; x_wconf 73' lang='lat' dir='ltr'><strong>aequalitate,</strong></span> <span class='ocrx_word' id='word_1_758' title='bbox 2841 4369 2935 4422; x_wconf 89' lang='lat' dir='ltr'><strong>sed</strong></span> <span class='ocrx_word' id='word_1_759' title='bbox 2980 4370 3104 4440; x_wconf 91' lang='lat' dir='ltr'><strong>quia</strong></span> <span class='ocrx_word' id='word_1_760' title='bbox 3130 4370 3273 4429; x_wconf 87' lang='lat' dir='ltr'><strong>Deus</strong></span> <span class='ocrx_word' id='word_1_761' title='bbox 3304 4376 3542 4447; x_wconf 88' lang='lat' dir='ltr'><strong>maligno</strong></span> <span class='ocrx_word' id='word_1_762' title='bbox 3566 4394 3672 4432; x_wconf 90' lang='lat' dir='ltr'><strong>non</strong></span> <span class='ocrx_word' id='word_1_763' title='bbox 3706 4382 3799 4434; x_wconf 81' lang='lat' dir='ltr'><strong>de-</strong></span> 
     </span>
    </p>
   </div>
   <div class='ocr_carea' id='block_1_101' title="bbox 2229 4446 3798 4537">
    <p class='ocr_par' dir='ltr' id='par_1_101' title="bbox 2229 4446 3798 4537">
     <span class='ocr_line' id='line_1_101' title="bbox 2229 4446 3798 4537; baseline 0.017 -36"><span class='ocrx_word' id='word_1_764' title='bbox 2229 4446 2462 4504; x_wconf 90' lang='lat' dir='ltr'><strong>lectatur</strong></span> <span class='ocrx_word' id='word_1_765' title='bbox 2488 4469 2503 4507; x_wconf 91' lang='lat'><strong>:</strong></span> <span class='ocrx_word' id='word_1_766' title='bbox 2532 4462 2589 4508; x_wconf 90' lang='lat' dir='ltr'><strong>et</strong></span> <span class='ocrx_word' id='word_1_767' title='bbox 2626 4469 2691 4509; x_wconf 83' lang='lat' dir='ltr'><strong>ex</strong></span> <span class='ocrx_word' id='word_1_768' title='bbox 2730 4469 2795 4512; x_wconf 89' lang='lat' dir='ltr'><strong>eo</strong></span> <span class='ocrx_word' id='word_1_769' title='bbox 2837 4460 2984 4537; x_wconf 83' lang='lat' dir='ltr'><strong>quod</strong></span> <span class='ocrx_word' id='word_1_770' title='bbox 3025 4464 3276 4531; x_wconf 85' lang='lat' dir='ltr'><strong>vertitur,</strong></span> <span class='ocrx_word' id='word_1_771' title='bbox 3319 4475 3373 4521; x_wconf 92' lang='lat' dir='ltr'><strong>et</strong></span> <span class='ocrx_word' id='word_1_772' title='bbox 3423 4446 3529 4523; x_wconf 88' lang='lat' dir='ltr'><strong>non</strong></span> <span class='ocrx_word' id='word_1_773' title='bbox 3581 4471 3696 4525; x_wconf 90' lang='lat' dir='ltr'><strong>vult</strong></span> <span class='ocrx_word' id='word_1_774' title='bbox 3744 4482 3798 4528; x_wconf 83' lang='lat' dir='ltr'><strong>et</strong></span> 
     </span>
    </p>
   </div>
   <div class='ocr_carea' id='block_1_102' title="bbox 2147 4541 3795 4631">
    <p class='ocr_par' dir='ltr' id='par_1_102' title="bbox 2147 4541 3795 4631">
     <span class='ocr_line' id='line_1_102' title="bbox 2147 4541 3795 4631; baseline 0.016 -38"><span class='ocrx_word' id='word_1_775' title='bbox 2147 4563 2192 4620; x_wconf 71' lang='grc' dir='ltr'><strong>ι)</strong></span> <span class='ocrx_word' id='word_1_776' title='bbox 2230 4541 2371 4607; x_wconf 89' lang='lat' dir='ltr'><strong>odit,</strong></span> <span class='ocrx_word' id='word_1_777' title='bbox 2402 4544 2445 4598; x_wconf 91' lang='lat' dir='ltr'><strong>si</strong></span> <span class='ocrx_word' id='word_1_778' title='bbox 2480 4554 2658 4601; x_wconf 90' lang='lat' dir='ltr'><strong>tamen</strong></span> <span class='ocrx_word' id='word_1_779' title='bbox 2693 4550 2767 4605; x_wconf 90' lang='lat' dir='ltr'><strong>ita</strong></span> <span class='ocrx_word' id='word_1_780' title='bbox 2798 4551 2959 4607; x_wconf 90' lang='lat' dir='ltr'><strong>debet</strong></span> <span class='ocrx_word' id='word_1_781' title='bbox 2985 4553 3112 4622; x_wconf 90' lang='lat' dir='ltr'><strong>dici,</strong></span> <span class='ocrx_word' id='word_1_782' title='bbox 3146 4557 3369 4613; x_wconf 86' lang='lat' dir='ltr'><strong>adversa</strong></span> <span class='ocrx_word' id='word_1_783' title='bbox 3405 4561 3654 4619; x_wconf 89' lang='lat' dir='ltr'><strong>voluntas</strong></span> <span class='ocrx_word' id='word_1_784' title='bbox 3688 4581 3795 4631; x_wconf 67' lang='lat' dir='ltr'><strong>cat,</strong></span> 
     </span>
    </p>
   </div>
   <div class='ocr_carea' id='block_1_103' title="bbox 2222 4641 3797 4717">
    <p class='ocr_par' dir='ltr' id='par_1_103' title="bbox 2222 4641 3797 4717">
     <span class='ocr_line' id='line_1_103' title="bbox 2222 4641 3797 4717; baseline 0.017 -31"><span class='ocrx_word' id='word_1_785' title='bbox 2222 4651 2327 4688; x_wconf 87' lang='lat' dir='ltr'><strong>non</strong></span> <span class='ocrx_word' id='word_1_786' title='bbox 2358 4644 2533 4693; x_wconf 88' lang='lat' dir='ltr'><strong>tamen</strong></span> <span class='ocrx_word' id='word_1_787' title='bbox 2568 4641 2758 4697; x_wconf 88' lang='lat' dir='ltr'><strong>virtus.</strong></span> <span class='ocrx_word' id='word_1_788' title='bbox 2784 4644 2841 4697; x_wconf 88' lang='lat' dir='ltr'><strong>Si</strong></span> <span class='ocrx_word' id='word_1_789' title='bbox 2871 4646 3014 4700; x_wconf 91' lang='lat' dir='ltr'><strong>enim</strong></span> <span class='ocrx_word' id='word_1_790' title='bbox 3061 4663 3235 4717; x_wconf 89' lang='lat' dir='ltr'><strong>neque</strong></span> <span class='ocrx_word' id='word_1_791' title='bbox 3264 4654 3332 4704; x_wconf 91' lang='lat' dir='ltr'><strong>ah</strong></span> <span class='ocrx_word' id='word_1_792' title='bbox 3367 4653 3677 4711; x_wconf 85' lang='lat' dir='ltr'><strong>hominibus</strong></span> <span class='ocrx_word' id='word_1_793' title='bbox 3714 4668 3797 4714; x_wconf 88' lang='lat' dir='ltr'><strong>est</strong></span> 
     </span>
    </p>
   </div>
   <div class='ocr_carea' id='block_1_104' title="bbox 2221 4726 3782 4815">
    <p class='ocr_par' dir='ltr' id='par_1_104' title="bbox 2221 4726 3782 4815">
     <span class='ocr_line' id='line_1_104' title="bbox 2221 4726 3782 4815; baseline 0.015 -37"><span class='ocrx_word' id='word_1_794' title='bbox 2221 4726 2419 4781; x_wconf 89' lang='lat' dir='ltr'><strong>melior</strong></span> <span class='ocrx_word' id='word_1_795' title='bbox 2453 4728 2701 4785; x_wconf 90' lang='lat' dir='ltr'><strong>diabolus</strong></span> <span class='ocrx_word' id='word_1_796' title='bbox 2733 4749 2910 4803; x_wconf 89' lang='lat' dir='ltr'><strong>neque</strong></span> <span class='ocrx_word' id='word_1_797' title='bbox 2954 4735 3166 4801; x_wconf 83' lang='lat' dir='ltr'><strong>fortior,</strong></span> <span class='ocrx_word' id='word_1_798' title='bbox 3203 4756 3321 4809; x_wconf 74' lang='lat' dir='ltr'><strong>qua:</strong></span> <span class='ocrx_word' id='word_1_799' title='bbox 3354 4743 3545 4798; x_wconf 89' lang='lat' dir='ltr'><strong>horum</strong></span> <span class='ocrx_word' id='word_1_800' title='bbox 3582 4749 3782 4815; x_wconf 65' lang='lat' dir='ltr'><strong>proba-</strong></span> 
     </span>
    </p>
   </div>
   <div class='ocr_carea' id='block_1_105' title="bbox 2220 4817 3790 4895">
    <p class='ocr_par' dir='ltr' id='par_1_105' title="bbox 2220 4817 3790 4895">
     <span class='ocr_line' id='line_1_105' title="bbox 2220 4817 3790 4895; baseline 0.017 -27"><span class='ocrx_word' id='word_1_801' title='bbox 2220 4817 2292 4869; x_wconf 91' lang='lat' dir='ltr'><strong>tio</strong></span> <span class='ocrx_word' id='word_1_802' title='bbox 2317 4818 2340 4872; x_wconf 84' lang='lat'><strong>?</strong></span> <span class='ocrx_word' id='word_1_803' title='bbox 2364 4819 2503 4885; x_wconf 86' lang='lat' dir='ltr'><strong>Quid</strong></span> <span class='ocrx_word' id='word_1_804' title='bbox 2559 4823 2676 4877; x_wconf 91' lang='lat' dir='ltr'><strong>vnlt</strong></span> <span class='ocrx_word' id='word_1_805' title='bbox 2728 4825 3012 4882; x_wconf 86' lang='lat' dir='ltr'><strong>diabolus?</strong></span> <span class='ocrx_word' id='word_1_806' title='bbox 3046 4828 3406 4888; x_wconf 83' lang='lat' dir='ltr'><strong>Perditionem</strong></span> <span class='ocrx_word' id='word_1_807' title='bbox 3456 4837 3738 4893; x_wconf 90' lang='lat' dir='ltr'><strong>hominum</strong></span> <span class='ocrx_word' id='word_1_808' title='bbox 3773 4859 3790 4895; x_wconf 90' lang='lat'><strong>:</strong></span> 
     </span>
    </p>
   </div>
   <div class='ocr_carea' id='block_1_106' title="bbox 2214 4908 3789 4997">
    <p class='ocr_par' dir='ltr' id='par_1_106' title="bbox 2214 4908 3789 4997">
     <span class='ocr_line' id='line_1_106' title="bbox 2214 4908 3789 4997; baseline 0.017 -37"><span class='ocrx_word' id='word_1_809' title='bbox 2214 4908 2259 4962; x_wconf 89' lang='lat' dir='ltr'><strong>si</strong></span> <span class='ocrx_word' id='word_1_810' title='bbox 2288 4912 2524 4965; x_wconf 79' lang='lat' dir='ltr'><strong>correxit</strong></span> <span class='ocrx_word' id='word_1_811' title='bbox 2550 4912 2733 4980; x_wconf 90' lang='lat' dir='ltr'><strong>homo,</strong></span> <span class='ocrx_word' id='word_1_812' title='bbox 2771 4914 2964 4972; x_wconf 89' lang='lat' dir='ltr'><strong>fortior</strong></span> <span class='ocrx_word' id='word_1_813' title='bbox 2997 4920 3086 4973; x_wconf 88' lang='lat' dir='ltr'><strong>illo</strong></span> <span class='ocrx_word' id='word_1_814' title='bbox 3106 4932 3209 4976; x_wconf 86' lang='lat' dir='ltr'><strong>est.</strong></span> <span class='ocrx_word' id='word_1_815' title='bbox 3255 4924 3311 4978; x_wconf 89' lang='lat' dir='ltr'><strong>Si</strong></span> <span class='ocrx_word' id='word_1_816' title='bbox 3343 4938 3522 4980; x_wconf 86' lang='lat' dir='ltr'><strong>autem</strong></span> <span class='ocrx_word' id='word_1_817' title='bbox 3545 4931 3789 4997; x_wconf 86' lang='lat' dir='ltr'><strong>quotidie</strong></span> 
     </span>
    </p>
   </div>
   <div class='ocr_carea' id='block_1_107' title="bbox 2216 5003 3790 5085">
    <p class='ocr_par' dir='ltr' id='par_1_107' title="bbox 2216 5003 3790 5085">
     <span class='ocr_line' id='line_1_107' title="bbox 2216 5003 3790 5085; baseline 0.015 -32"><span class='ocrx_word' id='word_1_818' title='bbox 2216 5003 2481 5070; x_wconf 87' lang='lat' dir='ltr'><strong>spoliatur</strong></span> <span class='ocrx_word' id='word_1_819' title='bbox 2507 5014 2561 5060; x_wconf 89' lang='lat' dir='ltr'><strong>et</strong></span> <span class='ocrx_word' id='word_1_820' title='bbox 2591 5006 2922 5075; x_wconf 87' lang='lat' dir='ltr'><strong>denudatur,</strong></span> <span class='ocrx_word' id='word_1_821' title='bbox 2956 5022 3011 5065; x_wconf 92' lang='lat' dir='ltr'><strong>et</strong></span> <span class='ocrx_word' id='word_1_822' title='bbox 3038 5024 3336 5068; x_wconf 82' lang='lat' dir='ltr'><strong>evacuatur</strong></span> <span class='ocrx_word' id='word_1_823' title='bbox 3363 5017 3453 5085; x_wconf 92' lang='lat' dir='ltr'><strong>qui</strong></span> <span class='ocrx_word' id='word_1_824' title='bbox 3482 5017 3790 5077; x_wconf 89' lang='lat' dir='ltr'><strong>hominibus</strong></span> 
     </span>
    </p>
   </div>
   <div class='ocr_carea' id='block_1_108' title="bbox 2216 5099 3791 5174">
    <p class='ocr_par' dir='ltr' id='par_1_108' title="bbox 2216 5099 3791 5174">
     <span class='ocr_line' id='line_1_108' title="bbox 2216 5099 3791 5174; baseline 0.016 -28"><span class='ocrx_word' id='word_1_825' title='bbox 2216 5109 2411 5150; x_wconf 88' lang='lat' dir='ltr'><strong>nocere</strong></span> <span class='ocrx_word' id='word_1_826' title='bbox 2448 5099 2743 5162; x_wconf 87' lang='lat' dir='ltr'><strong>contendit.</strong></span> <span class='ocrx_word' id='word_1_827' title='bbox 2775 5111 2830 5156; x_wconf 91' lang='lat' dir='ltr'><strong>et</strong></span> <span class='ocrx_word' id='word_1_828' title='bbox 2870 5120 2975 5157; x_wconf 89' lang='lat' dir='ltr'><strong>non</strong></span> <span class='ocrx_word' id='word_1_829' title='bbox 3014 5116 3213 5174; x_wconf 90' lang='lat' dir='ltr'><strong>potest,</strong></span> <span class='ocrx_word' id='word_1_830' title='bbox 3242 5110 3335 5164; x_wconf 88' lang='lat' dir='ltr'><strong>sed</strong></span> <span class='ocrx_word' id='word_1_831' title='bbox 3366 5110 3584 5167; x_wconf 89' lang='lat' dir='ltr'><strong>nomine</strong></span> <span class='ocrx_word' id='word_1_832' title='bbox 3608 5114 3698 5169; x_wconf 90' lang='lat' dir='ltr'><strong>Dei</strong></span> <span class='ocrx_word' id='word_1_833' title='bbox 3733 5126 3791 5171; x_wconf 90' lang='lat' dir='ltr'><strong>et</strong></span> 
     </span>
    </p>
   </div>
   <div class='ocr_carea' id='block_1_109' title="bbox 2213 5190 3785 5276">
    <p class='ocr_par' dir='ltr' id='par_1_109' title="bbox 2213 5190 3785 5276">
     <span class='ocr_line' id='line_1_109' title="bbox 2213 5190 3785 5276; baseline 0.013 -37"><span class='ocrx_word' id='word_1_834' title='bbox 2213 5190 2615 5259; x_wconf 88' lang='lat' dir='ltr'><strong>nuncupatione</strong></span> <span class='ocrx_word' id='word_1_835' title='bbox 2654 5193 2787 5259; x_wconf 85' lang='lat' dir='ltr'><strong>sola,</strong></span> <span class='ocrx_word' id='word_1_836' title='bbox 2816 5204 2871 5250; x_wconf 91' lang='lat' dir='ltr'><strong>et</strong></span> <span class='ocrx_word' id='word_1_837' title='bbox 2929 5197 2996 5252; x_wconf 90' lang='lat' dir='ltr'><strong>ab</strong></span> <span class='ocrx_word' id='word_1_838' title='bbox 3038 5197 3347 5257; x_wconf 88' lang='lat' dir='ltr'><strong>hominibus</strong></span> <span class='ocrx_word' id='word_1_839' title='bbox 3383 5203 3620 5258; x_wconf 88' lang='lat' dir='ltr'><strong>vincitur</strong></span> <span class='ocrx_word' id='word_1_840' title='bbox 3650 5223 3664 5260; x_wconf 92' lang='lat'><strong>:</strong></span> <span class='ocrx_word' id='word_1_841' title='bbox 3695 5207 3785 5276; x_wconf 87' lang='lat' dir='ltr'><strong>qui</strong></span> 
     </span>
    </p>
   </div>
   <div class='ocr_carea' id='block_1_110' title="bbox 2210 5282 3783 5363">
    <p class='ocr_par' dir='ltr' id='par_1_110' title="bbox 2210 5282 3783 5363">
     <span class='ocr_line' id='line_1_110' title="bbox 2210 5282 3783 5363; baseline 0.015 -34"><span class='ocrx_word' id='word_1_842' title='bbox 2210 5293 2345 5347; x_wconf 89' lang='lat' dir='ltr'><strong>ergo</strong></span> <span class='ocrx_word' id='word_1_843' title='bbox 2381 5295 2487 5333; x_wconf 90' lang='lat' dir='ltr'><strong>non</strong></span> <span class='ocrx_word' id='word_1_844' title='bbox 2518 5282 2702 5336; x_wconf 80' lang='lat' dir='ltr'><strong>suffert</strong></span> <span class='ocrx_word' id='word_1_845' title='bbox 2738 5290 3194 5357; x_wconf 87' lang='lat' dir='ltr'><strong>nuncupationem</strong></span> <span class='ocrx_word' id='word_1_846' title='bbox 3226 5292 3343 5359; x_wconf 90' lang='lat' dir='ltr'><strong>Dei,</strong></span> <span class='ocrx_word' id='word_1_847' title='bbox 3367 5295 3639 5363; x_wconf 91' lang='lat' dir='ltr'><strong>quomodo</strong></span> <span class='ocrx_word' id='word_1_848' title='bbox 3675 5297 3783 5351; x_wconf 85' lang='lat' dir='ltr'><strong>vir-</strong></span> 
     </span>
    </p>
   </div>
   <div class='ocr_carea' id='block_1_111' title="bbox 2210 5372 3781 5457">
    <p class='ocr_par' dir='ltr' id='par_1_111' title="bbox 2210 5372 3781 5457">
     <span class='ocr_line' id='line_1_111' title="bbox 2210 5372 3781 5457; baseline 0.015 -37"><span class='ocrx_word' id='word_1_849' title='bbox 2210 5377 2379 5423; x_wconf 90' lang='lat' dir='ltr'><strong>tutem</strong></span> <span class='ocrx_word' id='word_1_850' title='bbox 2405 5380 2586 5439; x_wconf 91' lang='lat' dir='ltr'><strong>posset</strong></span> <span class='ocrx_word' id='word_1_851' title='bbox 2612 5372 2839 5431; x_wconf 78' lang='lat' dir='ltr'><strong>sufferre</strong></span> <span class='ocrx_word' id='word_1_852' title='bbox 2866 5378 2958 5434; x_wconf 90' lang='lat' dir='ltr'><strong>Dei</strong></span> <span class='ocrx_word' id='word_1_853' title='bbox 2982 5381 3003 5434; x_wconf 83' lang='lat'><strong>?</strong></span> <span class='ocrx_word' id='word_1_854' title='bbox 3025 5380 3089 5436; x_wconf 83' lang='lat' dir='ltr'><strong>Et</strong></span> <span class='ocrx_word' id='word_1_855' title='bbox 3110 5392 3258 5438; x_wconf 89' lang='lat' dir='ltr'><strong>certe</strong></span> <span class='ocrx_word' id='word_1_856' title='bbox 3286 5400 3383 5440; x_wconf 89' lang='lat' dir='ltr'><strong>nec</strong></span> <span class='ocrx_word' id='word_1_857' title='bbox 3402 5386 3576 5457; x_wconf 86' lang='lat' dir='ltr'><strong>ipsum</strong></span> <span class='ocrx_word' id='word_1_858' title='bbox 3609 5389 3781 5444; x_wconf 82' lang='lat' dir='ltr'><strong>Adam</strong></span> 
     </span>
    </p>
   </div>
   <div class='ocr_carea' id='block_1_112' title="bbox 2218 5465 3778 5549">
    <p class='ocr_par' dir='ltr' id='par_1_112' title="bbox 2218 5465 3778 5549">
     <span class='ocr_line' id='line_1_112' title="bbox 2218 5465 3778 5549; baseline 0.016 -36"><span class='ocrx_word' id='word_1_859' title='bbox 2218 5475 2522 5530; x_wconf 88' lang='lat' dir='ltr'><strong>provocans</strong></span> <span class='ocrx_word' id='word_1_860' title='bbox 2549 5465 2696 5531; x_wconf 88' lang='lat' dir='ltr'><strong>vicit,</strong></span> <span class='ocrx_word' id='word_1_861' title='bbox 2736 5470 2831 5523; x_wconf 90' lang='lat' dir='ltr'><strong>sed</strong></span> <span class='ocrx_word' id='word_1_862' title='bbox 2859 5473 3092 5530; x_wconf 80' lang='lat' dir='ltr'><strong>suadens</strong></span> <span class='ocrx_word' id='word_1_863' title='bbox 3116 5486 3171 5532; x_wconf 88' lang='lat' dir='ltr'><strong>et</strong></span> <span class='ocrx_word' id='word_1_864' title='bbox 3196 5478 3469 5549; x_wconf 87' lang='lat' dir='ltr'><strong>decipiens</strong></span> <span class='ocrx_word' id='word_1_865' title='bbox 3487 5489 3541 5536; x_wconf 91' lang='lat' dir='ltr'><strong>et</strong></span> <span class='ocrx_word' id='word_1_866' title='bbox 3565 5479 3778 5537; x_wconf 80' lang='lat' dir='ltr'><strong>fallens.</strong></span> 
     </span>
    </p>
   </div>
   <div class='ocr_carea' id='block_1_113' title="bbox 600 5628 2137 5745">
    <p class='ocr_par' dir='ltr' id='par_1_113' title="bbox 600 5628 2137 5719">
     <span class='ocr_line' id='line_1_113' title="bbox 600 5628 2137 5719; baseline 0.019 -36"><span class='ocrx_word' id='word_1_867' title='bbox 600 5629 646 5660; x_wconf 81' lang='grc'><strong>²⁶</strong></span> <span class='ocrx_word' id='word_1_868' title='bbox 669 5628 921 5700; x_wconf 64' lang='grc' dir='ltr'><strong>Ζκοιωιι,</strong></span> <span class='ocrx_word' id='word_1_869' title='bbox 956 5635 1009 5688; x_wconf 72' lang='grc' dir='ltr'><strong>ι.</strong></span> <span class='ocrx_word' id='word_1_870' title='bbox 1085 5635 1128 5667; x_wconf 80' lang='grc'><strong>’⁷</strong></span> <span class='ocrx_word' id='word_1_871' title='bbox 1156 5635 1253 5694; x_wconf 76' lang='lat' dir='ltr'><strong>Job</strong></span> <span class='ocrx_word' id='word_1_872' title='bbox 1284 5640 1420 5704; x_wconf 75' lang='grc' dir='ltr'><strong>11,Ι.</strong></span> <span class='ocrx_word' id='word_1_873' title='bbox 1485 5645 1530 5677; x_wconf 70' lang='grc'><strong>’⁸</strong></span> <span class='ocrx_word' id='word_1_874' title='bbox 1557 5645 1721 5703; x_wconf 85' lang='lat' dir='ltr'><strong>Marc.</strong></span> <span class='ocrx_word' id='word_1_875' title='bbox 1749 5665 1801 5716; x_wconf 90' lang='lat' dir='ltr'><strong>v,</strong></span> <span class='ocrx_word' id='word_1_876' title='bbox 1835 5651 1895 5719; x_wconf 88' lang='lat'><strong>9;</strong></span> <span class='ocrx_word' id='word_1_877' title='bbox 1931 5652 2062 5713; x_wconf 88' lang='lat' dir='ltr'><strong>Luc.</strong></span> <span class='ocrx_word' id='word_1_878' title='bbox 2096 5672 2137 5712; x_wconf 80' lang='lat' dir='ltr'><strong>vt</strong></span> 
     </span>
    </p>
   </div>
   <div class='ocr_carea' id='block_1_114' title="bbox 2239 5628 3415 5745">
    <p class='ocr_par' dir='ltr' id='par_1_114' title="bbox 2252 5658 3415 5745">
     <span class='ocr_line' id='line_1_114' title="bbox 2252 5658 3415 5745; baseline 0.016 -30"><span class='ocrx_word' id='word_1_879' title='bbox 2252 5658 2341 5716; x_wconf 78' lang='lat'><strong>50.</strong></span> <span class='ocrx_word' id='word_1_880' title='bbox 2418 5664 2461 5696; x_wconf 81' lang='lat'><strong>&quot;</strong></span> <span class='ocrx_word' id='word_1_881' title='bbox 2494 5662 2719 5724; x_wconf 71' lang='lat' dir='ltr'><strong>Zachar.</strong></span> <span class='ocrx_word' id='word_1_882' title='bbox 2765 5684 2849 5737; x_wconf 82' lang='grc' dir='ltr'>ιιι,</span> <span class='ocrx_word' id='word_1_883' title='bbox 2874 5671 2931 5726; x_wconf 74' lang='lat'><strong>2.</strong></span> <span class='ocrx_word' id='word_1_884' title='bbox 3010 5673 3054 5705; x_wconf 75' lang='lat'><strong><em>’°</em></strong></span> <span class='ocrx_word' id='word_1_885' title='bbox 3078 5672 3203 5731; x_wconf 85' lang='lat' dir='ltr'><strong>Luc.</strong></span> <span class='ocrx_word' id='word_1_886' title='bbox 3239 5692 3292 5745; x_wconf 71' lang='grc' dir='ltr'><strong>χ,</strong></span> <span class='ocrx_word' id='word_1_887' title='bbox 3332 5675 3415 5735; x_wconf 85' lang='lat' dir='ltr'><strong>l9.</strong></span> 
     </span>
    </p>
   </div>
   <div class='ocr_carea' id='block_1_115' title="bbox 605 5782 2021 5866">
    <p class='ocr_par' dir='ltr' id='par_1_115' title="bbox 605 5782 2021 5866">
     <span class='ocr_line' id='line_1_115' title="bbox 605 5782 2021 5866; baseline 0.02 -29"><span class='ocrx_word' id='word_1_888' title='bbox 605 5783 685 5854; x_wconf 81' lang='lat'><strong>(8)</strong></span> <span class='ocrx_word' id='word_1_889' title='bbox 714 5782 814 5841; x_wconf 71' lang='lat' dir='ltr'><strong>Hs.</strong></span> <span class='ocrx_word' id='word_1_890' title='bbox 853 5785 990 5853; x_wconf 82' lang='lat' dir='ltr'><strong>Quia</strong></span> <span class='ocrx_word' id='word_1_891' title='bbox 1017 5800 1060 5845; x_wconf 77' lang='lat' dir='ltr'><strong>et</strong></span> <span class='ocrx_word' id='word_1_892' title='bbox 1087 5791 1283 5850; x_wconf 77' lang='lat' dir='ltr'><strong>inimici</strong></span> <span class='ocrx_word' id='word_1_893' title='bbox 1309 5800 1479 5854; x_wconf 82' lang='lat' dir='ltr'><strong>crucis</strong></span> <span class='ocrx_word' id='word_1_894' title='bbox 1503 5801 1747 5859; x_wconf 78' lang='lat' dir='ltr'><strong>dicuntur</strong></span> <span class='ocrx_word' id='word_1_895' title='bbox 1770 5808 2021 5866; x_wconf 75' lang='lat' dir='ltr'><strong>homines.</strong></span> 
     </span>
    </p>
   </div>
  </div>
