4100 6456
344 402 489 459 “'21

1308 406 1395 461 DE
1433 408 1896 467 INCORPORALI
1936 416 2026 470 ΕΤ
2065 417 2404 475 ιΝνιειΒιιι
2441 422 2596 480 0E0.

3453 443 3592 497 “‘23

360 517 471 571 lloc
505 527 681 573 autem
723 518 1056 576 infirmitatis
1098 532 1183 578 est
1222 538 1377 595 opus.
1416 525 1689 593 Quantum
1724 528 1789 582 ad
1809 531 1925 584 dia~
1952 539 1999 595 Α
2028 532 2157 588 tiam
2203 537 2269 591 ad
2308 538 2591 594 Dominum
2644 541 2973 612 religiosam,
3004 547 3071 601 ad
3115 536 3589 624 conservosjusti~

252 608 259 617 ’
358 608 537 663 bolum
566 622 796 680 spectat,
822 613 965 666 nulla
992 616 1082 682 sit,
1117 615 1307 685 inquit,
1338 620 1527 687 virgo:
1565 621 1797 676 vincitur
1823 639 1923 678 au-

357 702 465 748 tem
496 708 525 747 a
563 694 747 751 tantis.
779 695 1051 764 Quantmn
1080 700 1223 753 enim
1267 703 1335 756 ad
1365 704 1635 759 diabolum
1663 706 1920 775 pertinet,

356 798 423 837 ne
457 785 669 852 quidem
694 803 832 843 unus
858 789 1118 847 salvatur.
1148 791 1217 845 At
1261 795 1461 864 nuptis:
1500 797 1742 855 honestae
1771 810 1917 870 sunt,

354 884 409 929 ct
430 877 671 933 diabolus
707 894 737 934 a
771 882 936 936 tantis
978 891 1061 938 est
1094 884 1344 942 obrutus.
1374 887 1646 955 Quantum
1677 892 1823 947 enim
1852 894 1919 949 ad

353 966 624 1022 diabolum
649 971 899 1039 pertinet,
931 974 1108 1030 nullus
1136 991 1352 1033 sursum
1379 981 1608 1050 aspiciat
1638 999 1873 1054 unquam
1898 1003 1914 1042 :

352 1058 706 1130 disrumpitur
731 1073 910 1117 autem
936 1075 1119 1122 tantos
1152 1069 1366 1125 videns.
1398 1073 1672 1139 Quantum
1709 1077 1776 1130 ad
1800 1075 1919 1131 dia-

352 1146 555 1211 bolum.
582 1166 651 1205 ne
680 1151 900 1220 quidem
932 1158 1219 1226 vestigium
1263 1162 1535 1230 pudicitia}
1564 1166 1681 1220 vult
1707 1182 1829 1223 esse
1860 1170 1913 1223 in

352 1246 515 1295 terra.
552 1241 776 1298 Feriunt
816 1255 994 1302 autem
1028 1250 1119 1321 qui
1165 1255 1477 1321 percutiunt
1513 1272 1613 1312 cor
1658 1262 1914 1319 errantis.

353 1330 622 1397 Quantum
674 1337 740 1389 ad
785 1336 1057 1395 diabolum
1083 1382 1099 1407 ,
1138 1358 1240 1399 nec
1284 1361 1480 1403 nomen
1526 1348 1754 1420 iustitia:
1793 1368 1915 1414 esse

348 1424 519 1492 cupit.
553 1422 655 1491 Qui
693 1438 873 1483 autem
914 1431 1101 1488 dicunt
1128 1438 1370 1503 peccavi,
1398 1439 1540 1496 illius
1561 1457 1723 1501 aures
1750 1450 1915 1505 casti-

2025 626 2179 693 tiam,
2210 630 2399 685 videns
2419 633 2546 702 quia
2573 647 2705 691 oves
2735 652 2869 705 quas
2910 641 3169 709 orphanis
3198 645 3500 712 occidebat,
3533 662 3589 707 et

2025 724 2209 771 tauros
2247 732 2478 786 quorum
2509 736 2704 779 carnes
2730 725 2905 781 vidute
2931 736 2986 782 et
3028 731 3258 798 orphani
3295 737 3587 794 manduca-

2021 806 2177 874 bant.
2210 820 2268 864 et
2299 813 2476 868 omnis
2510 818 2782 883 possessio
2810 820 2962 887 cujus
2995 833 3112 878 erat
3142 825 3485 895 dispensator
3514 834 3582 888 ad

2018 910 2115 950 eos
2155 899 2246 966 qui
2281 900 2551 957 habebant
2581 906 2740 971 nihil,
2772 908 2822 962 in
2867 924 2974 963 uno
3015 926 3292 969 momento
3330 927 3582 988 tanquam

2019 1000 2051 1039 a
2078 985 2186 1040 Deo
2213 987 2414 1055 ablata,
2433 1006 2610 1048 nonne
2629 996 2917 1052 doluisset?
2949 999 3054 1055 Sed
3078 1000 3180 1056 Job
3215 1005 3417 1074 gratias
3438 985 3578 1077 tegit,

2018 1086 2144 1146 puta
2173 1080 2301 1148 quia
2334 1083 2519 1135 omnia
2550 1084 2728 1140 subito
2749 1088 2969 1160 abrepta
2997 1102 3119 1146 sunt
3146 1094 3282 1162 ejus,
3314 1097 3577 1165 siquidem

2016 1176 2071 1221 et
2096 1168 2212 1223 ﬁlii.
2242 1169 2297 1225 Si
2331 1183 2509 1226 autem
2535 1183 2590 1228 et
2615 1175 2736 1242 filii,
2772 1189 2829 1233 ut
2858 1182 2987 1249 quid
3026 1184 3113 1236 tali
3156 1185 3363 1241 morte?
3390 1189 3499 1242 Cur
3524 1190 3577 1245 in

2018 1259 2147 1326 ipsis
2188 1262 2388 1317 mensis
2413 1264 2572 1318 simul
2594 1280 2782 1324 omnes
2810 1270 2996 1324 decem
3025 1278 3269 1343 oppressi
3310 1280 3477 1333 sunt?
3508 1279 3578 1334 Et

2016 1350 2117 1405 hoc
2148 1351 2341 1407 iterum
2378 1354 2672 1423 putabatur
2703 1360 2841 1416 Deus
2890 1362 3106 1419 fecisse.
3142 1365 3273 1422 Puta
3298 1370 3426 1438 quia
3457 1388 3575 1426 om-

2013 1440 2097 1495 nis
2124 1440 2355 1497 facultas
2381 1452 2435 1498 et
2473 1449 2742 1513 possessio
2792 1457 2846 1503 et
2891 1451 3010 1507 lilii.
3058 1453 3194 1519 Quid
3239 1468 3415 1513 autem
3448 1464 3572 1531 quia

345 1522 494 1582 gant.
520 1511 635 1568 Non
662 1515 775 1570 vult
810 1520 1183 1586 penitentiam
1216 1540 1358 1590 esse,
1398 1538 1452 1582 et
1475 1529 1703 1588 efﬁcitur
1734 1541 1908 1605 pteui-
2009 1540 2066 1585 ει
2115 1546 2244 1587 οπο
2276 1532 2444 1603 i[mins
2475 1511 2582 1587 '10"
2625 1540 2995 1609 θκῑδυκηεδῑυτῗ
3020 1543 3086 1598 El
3119 1547 3234 1600 Ιιτεο
3263 1511 3574 1620 οπηηίειῖρυ-

348 1604 537 1658 tentia.
583 1605 762 1662 Movet
807 1614 1266 1679 persecutionem,
1323 1625 1379 1671 et
1427 1620 1558 1676 liunt
1614 1604 1882 1699 martyres

2008 1628 2122 1676 tata
2159 1634 2290 1678 sunt
2331 1640 2450 1682 esse
2486 1644 2514 1682 a
2538 1627 2667 1694 Deo,
2694 1604 2748 1684 et
2770 1604 3013 1698 vperha‘c
3038 1635 3285 1691 universa
3313 1635 3412 1694 Job
3451 1604 3574 1709 gra-

345 1694 555 1762 Quanta
584 1696 699 1765 ejus
729 1700 899 1767 capita
934 1701 1101 1758 incisa
1138 1707 1306 1761 sunt?
1349 1709 1449 1765 hoc
1476 1721 1560 1768 εει
1584 1694 1907 1783 ῑρεῑυείάίε-
2012 1713 2114 1768 tias
2147 1717 2255 1785 egit
2306 1716 2434 1772 Deo.
2470 1718 2589 1774 Non
2641 1694 2804 1791 igitur
2832 1732 2883 1776 te
2910 1731 3111 1778 terreat
3148 1727 3433 1785 diabolus:
3460 1746 3568 1786 non

344 1786 473 1842 boli.
499 1786 629 1856 Quae
650 1792 793 1846 enim
819 1794 1126 1850 inciduntur
1151 1814 1249 1868 pro
1270 1801 1486 1859 Christo
1514 1809 1711 1877 capita,
1735 1810 1902 1880 ipsius
2007 1806 2078 1859 Sil
2103 1805 2299 1862 domus
2338 1822 2527 1874 Vacua,
2560 1786 2732 1881 neque
2756 1812 2829 1867 mi
2851 1824 3064 1884 Parma.
3095 1824 3150 1870 el
3173 1832 3275 1871 ιιοη
3310 1820 3468 1876 habe!
3494 1821 3565 1875 λυ·

340 1880 517 1948 capita
555 1882 816 1947 incidunt,
843 1886 1124 1954 quotiesiu
1160 1889 1378 1948 ﬂainma
1420 1905 1506 1950 est
1539 1900 1740 1955 missus
1772 1914 1887 1959 antt

2007 1910 2151 1950 cum.
2200 1897 2283 1951 Sit
2314 1900 2408 1953 tibi
2462 1880 2792 1970 comparatio
2841 1880 2943 1958 job
2988 1907 3055 1960 ad
3089 1907 3366 1962 victoriam
3395 1927 3409 1964 :
3438 1925 3568 1964 con-

339 1969 635 2040 gehennam
690 1974 743 2029 in
780 1977 1055 2046 gehenna!
1084 1981 1402 2053 Quicunque
1442 1988 1586 2043 enim
1622 1988 1747 2047 facti
1774 2006 1904 2051 δυηι
2006 1987 2156 2043 disce
2195 2006 2290 2057 per
2322 2005 2444 2045 eum
2478 1969 2681 2048 inimici
2712 1994 3099 2053 inﬁrmitatem.
3125 1998 3229 2054 Sed
3258 2001 3390 2056 dicis
3417 2019 3432 2056 :
3460 2018 3565 2056 non

340 2060 709 2120 holocaustum
738 2066 973 2134 Christo,
1003 2072 1092 2125 isti
1140 2074 1410 2131 diabblum
1449 2093 1904 2152 consumpserunt
2005 2080 2150 2133 enim
2181 2081 2400 2135 abduc“
2426 2092 2481 2136 ει
2510 2084 2729 2139 adduc“
2748 2085 2886 2148 loca.
2916 2098 3123 2157 660188.
3154 2090 3379 2159 ροριιιοε
3401 2107 3567 2161 quan-

337 2150 468 2219 igni,
502 2162 555 2207 et
581 2156 672 2210 alii
698 2171 820 2212 eum
852 2161 1282 2230 prazfocaverunt
1320 2168 1373 2222 in
1408 2172 1567 2237 mari,
1594 2150 1693 2230 alii
1716 2188 1897 2235 autem

338 2241 604 2298 dederunt
646 2247 763 2316 ejus
794 2263 991 2319 corpus
1038 2257 1304 2317 meatibus
1348 2258 1652 2320 ﬂuviorum.
1700 2268 1897 2335 Quanti

334 2346 457 2386 eum
508 2340 823 2395 torserunt?
850 2341 1025 2398 Etiam
1060 2345 1096 2400 ii
1128 2348 1219 2417 qui
1254 2349 1355 2405 visi
1399 2363 1524 2408 sunt
1546 2360 1807 2426 superati.
1839 2362 1897 2418 Si

333 2423 480 2482 enim
507 2436 562 2481 et
585 2428 709 2483 vicit
734 2436 1089 2501 quorumdam
1133 2455 1379 2511 corpora,
1408 2446 1500 2500 sed
1528 2423 1633 2502 non
1660 2452 1897 2518 pruden-

334 2521 461 2575 tiam
496 2533 551 2576 et
573 2523 926 2583 inteliectum.
965 2528 1227 2599 Malignus
1255 2534 1457 2589 athleta
1488 2547 1591 2604 est,
1618 2548 1672 2593 et
1706 2541 1890 2598 iucun-

331 2614 599 2672 sideratus
630 2630 887 2675 certatur.
915 2621 1047 2678 Cum
1075 2623 1217 2678 enim
1249 2628 1464 2683 videtur
1501 2629 1665 2688 ferire
1695 2632 1889 2703 alium,

331 2708 677 2779 semetipsum
733 2715 1019 2781 percussit.
1079 2713 1231 2781 Quod
1286 2716 1453 2773 habes
1508 2724 1780 2793 negotium
1827 2726 1894 2781 ad

327 2794 447 2862 Job,
486 2814 519 2852 ο
546 2801 789 2858 diabole?
826 2803 891 2861 Ut
930 2807 1057 2875 quid
1101 2816 1275 2862 VlCltlS
1313 2810 1412 2863 es?
1437 2815 1695 2879 peccasti,
1726 2826 1889 2885 tace;

329 2886 502 2942 victus
533 2903 613 2955 es,
638 2893 880 2955 quiesce.
911 2894 1017 2950 Sed
1050 2896 1307 2961 secundo,
1338 2900 1533 2970 inquit,
1565 2918 1778 2975 oportet
1805 2924 1891 2967 me

327 2980 467 3035 vinci
504 3001 517 3036 :
548 2996 654 3038 non
687 2985 812 3055 quia
848 2988 963 3043 haec
996 2990 1183 3058 voluit,
1229 2992 1324 3049 sed
1362 2997 1489 3064 quia
1531 2997 1644 3053 haec
1694 3015 1889 3070 passus

327 3080 429 3125 est.
483 3072 620 3138 Quid
673 3077 1040 3136 iutremiscis?
1089 3080 1227 3148 Quid
1279 3085 1480 3141 times?
1514 3084 1616 3145 Job
1666 3105 1770 3147 non
1804 3105 1889 3149 est

324 3164 573 3231 angelus,
608 3169 699 3222 sed
734 3170 896 3226 homo
944 3171 1206 3237 mortalis,
1235 3174 1322 3229 cui
1352 3176 1745 3235 colluctabatur
1768 3182 1884 3238 dia-

327 3252 480 3309 bolus
514 3256 874 3325 invisibiliter,
907 3261 1077 3319 victus
1119 3273 1294 3319 autem
1336 3278 1420 3322 est
1472 3269 1777 3327 visibiliter.
1808 3273 1880 3329 Et

324 3360 391 3399 ne
432 3346 597 3402 lateat
649 3360 699 3404 te
747 3350 889 3406 illius
929 3355 1211 3423 paviditas.
1244 3357 1568 3416 Certabatur
1598 3363 1745 3417 enim
1778 3379 1883 3419 nou

322 3452 589 3505 apparens
618 3457 632 3493 :
662 3449 716 3495 et
743 3457 847 3497 non
877 3445 1017 3499 sicut
1044 3447 1096 3501 in
1120 3448 1307 3505 stadiis
1332 3459 1385 3505 et
1414 3451 1885 3513 colluctationibus

322 3528 447 3581 nudi
486 3530 553 3583 ad
596 3532 767 3587 nudos
810 3544 1107 3603 certantur,
1145 3540 1239 3595 sed
1288 3541 1463 3597 latens
1511 3545 1789 3609 mittebat,
1828 3558 1883 3603 et

316 3632 424 3672 non
452 3634 721 3688 apparens
744 3621 990 3691 feriebat,
1022 3634 1077 3682 et
1103 3630 1413 3696 percutiens
1442 3632 1618 3688 victus
1646 3647 1748 3693 est.
1778 3635 1880 3694 Job

314 3709 458 3763 enim
512 3711 777 3781 ignoravit
828 3718 948 3785 quis
996 3728 1141 3773 esset
1182 3720 1274 3791 qui
1298 3720 1601 3779 luctaretur
1630 3727 1697 3781 ad
1729 3741 1873 3794 eum,

316 3800 410 3855 sed
452 3810 509 3855 et
551 3805 756 3872 putavit
786 3817 840 3860 et
873 3808 1032 3877 dixit,
1064 3812 1189 3881 quia
1220 3826 1252 3866 a
1302 3812 1413 3869 Deo
1460 3815 1623 3871 habet
1672 3816 1876 3888 plagas.

315 3893 468 3948 Alius
517 3906 637 3950 erat
691 3899 781 3967 qui
835 3904 1121 3971 pugnabat,
1174 3913 1229 3960 et
1272 3905 1410 3962 alius
1441 3906 1532 3976 qui
1584 3908 1879 3977 putabatur

315 3986 623 4042 emendare.
653 3987 763 4043 Hoc
788 3991 985 4045 furtum
1016 3994 1185 4063 magis
1216 4011 1373 4065 quam
1398 3998 1544 4053 lucta
1572 4007 1674 4052 est.
1702 4001 1872 4054 Adam

315 4074 523 4129 seducit
551 4090 566 4128 :
597 4078 665 4132 ab
694 4078 793 4133 Job
821 4084 1140 4139 occultatur.
1163 4084 1265 4143 Job
1294 4090 1438 4143 enim
1473 4092 1763 4147 admiratio
1786 4102 1872 4149 est

315 4165 441 4231 ista,
493 4170 619 4238 quia
668 4182 861 4240 putans
913 4191 942 4229 a
989 4177 1093 4232 Deo
1135 4180 1237 4235 sibi
1276 4183 1467 4237 venire
1517 4183 1723 4253 plagas,
1763 4202 1872 4241 non

314 4262 566 4315 conscius
594 4275 771 4319 autem
804 4267 906 4323 sibi
936 4282 1233 4340 peccatum,
1274 4275 1611 4330 convertitur
1646 4277 1714 4331 ad
1755 4278 1873 4331 dia-

313 4350 495 4407 bolum
537 4358 761 4427 sagittas
788 4374 908 4428 quae
945 4361 1110 4431 ipsius
1149 4374 1329 4420 erant.
1359 4364 1461 4422 Job
1497 4367 1642 4422 enim
1674 4379 1871 4438 putans

317 4441 483 4498 Deum
509 4460 631 4501 esse
656 4449 745 4517 qui
784 4448 989 4518 feriret,
1019 4462 1074 4508 et
1120 4457 1425 4527 suspicatus
1450 4468 1533 4514 est
1564 4474 1686 4515 esse
1708 4477 1737 4515 a
1763 4460 1872 4516 Deo

2006 2180 2091 2225 tos
2128 2180 2183 2225 et
2231 2172 2517 2227 videmus?
2542 2176 2776 2231 Adducit
2806 2195 2820 2232 :
2851 2178 2943 2231 sed
2984 2186 3039 2232 et
3074 2192 3320 2248 apportat
3350 2197 3445 2237 eos
3470 2183 3560 2251 qui

2004 2260 2210 2326 volunt,
2244 2261 2380 2331 fugit
2420 2273 2602 2317 autem
2646 2279 2738 2319 eos
2768 2266 2858 2333 qui
2900 2265 3196 2335 increpant.
3246 2267 3378 2322 Cum
3414 2273 3558 2324 enim

2000 2351 2148 2406 dedit
2174 2352 2223 2406 ei
2263 2351 2440 2407 locum
2482 2352 2675 2421 Judas,
2714 2355 2986 2423 ingressus
3030 2366 3113 2412 est
3149 2359 3200 2411 in
3230 2359 3345 2429 ejus
3374 2364 3557 2427 corde,

1999 2441 2210 2497 furatus
2236 2453 2340 2509 est,
2376 2446 2577 2513 prodiit
2603 2444 2736 2517 (lli).
2762 2444 2954 2501 Petrus
2986 2447 3033 2501 ei
3063 2448 3234 2504 iactus
3259 2459 3343 2505 est
3365 2462 3513 2520 petra
3543 2475 3556 2509 :

1998 2535 2171 2602 magis
2192 2534 2334 2587 enim
2369 2535 2598 2604 plagavit
2629 2550 2786 2604 quam
2817 2536 3060 2605 plagatus
3090 2547 3195 2593 est.
3238 2538 3342 2594 Sed
3375 2542 3511 2596 dicis
3539 2563 3554 2597 :

1996 2639 2101 2678 non
2122 2624 2335 2695 negavit
2359 2625 2575 2680 Petrus?
2594 2625 2795 2693 Quare?
2813 2638 3026 2696 quando
3049 2632 3273 2684 necdum
3292 2642 3410 2685 erat
3432 2648 3555 2686 cru-

1994 2713 2075 2768 cis
2116 2723 2370 2785 tropa-um
2408 2726 2668 2774 erectmn.
2703 2717 2882 2772 Nolite
2909 2733 3029 2773 esse
3066 2720 3255 2785 timidi,
3280 2722 3443 2777 nolite
3472 2724 3557 2776 in-

1994 2805 2138 2875 digni
2174 2820 2202 2858 a
2238 2812 2470 2873 proavis.
2505 2810 2707 2863 Aurmn
2746 2807 2962 2877 quidem
3011 2808 3103 2864 Dei
3134 2823 3214 2866 est
3245 2827 3259 2864 :
3290 2811 3556 2880 dicamus,

1992 2896 2153 2952 affers
2181 2897 2383 2969 ignem,
2414 2899 2572 2955 all‘crs
2606 2900 2864 2971 gladium,
2894 2901 3171 2968 addentes,
3216 2904 3394 2959 omnia
3432 2922 3558 2976 pos-

1992 3000 2114 3043 sum
2169 2998 2390 3060 propter
2449 3005 2571 3044 eum
2608 2989 2701 3061 qui
2730 2990 2986 3046 misertus
3031 3001 3114 3048 est
3150 2992 3303 3047 mihi.
3334 2993 3557 3053 Gladius

1990 3079 2173 3135 Jesum
2210 3096 2315 3136 non
2355 3080 2565 3149 incidit,
2601 3097 2773 3153 neque
2803 3083 2945 3154 ignis
2983 3098 3104 3140 eum
3141 3088 3429 3155 consumit,
3459 3091 3555 3144 sed

1992 3174 2196 3228 incisus
2251 3172 2540 3243 aliquando
2587 3184 2671 3230 est
2717 3190 2817 3245 per
2859 3175 3090 3234 clavum.
3118 3175 3256 3245 Quid
3289 3190 3374 3234 est
3412 3184 3556 3250 quod

1989 3266 2219 3321 incisum
2265 3265 2391 3320 est?
2426 3263 2546 3321 Noli
2601 3266 2865 3334 ignorare,
2914 3270 3038 3339 quia
3069 3285 3170 3325 nec
3220 3272 3274 3327 in
3314 3273 3551 3329 animam

1987 3356 2287 3426 inyeditur
2317 3356 2520 3411 clavus.
2553 3356 2836 3413 Passioues
2883 3362 3025 3414 enim
3081 3364 3390 3432 corporales
3432 3380 3554 3421 cor-

1985 3449 2206 3517 poribus
2228 3456 2355 3502 sunt
2379 3449 2761 3504 conducibiles.
2783 3448 2991 3518 Corpus
3008 3466 3038 3505 a
3060 3466 3287 3521 corpore
3301 3454 3504 3522 patitur
3531 3472 3547 3510 :

1985 3538 2319 3608 incorporale
2364 3553 2469 3593 non
2512 3540 2683 3603 ardet,
2708 3554 2813 3594 non
2865 3539 3133 3595 inciditur.
3176 3539 3325 3598 Talis
3360 3553 3549 3601 natura

1987 3642 2095 3682 non
2132 3628 2408 3697 dividitur,
2440 3644 2545 3684 non
2591 3628 2931 3700 pnel'ocatur.
2974 3629 3030 3687 Si
3060 3632 3201 3687 enim
3227 3634 3547 3690 translatum

1984 3718 2148 3774 fuerit
2175 3735 2393 3791 corpus,
2422 3736 2528 3775 non
2563 3731 2647 3777 est
2677 3721 2765 3777 ubi
2792 3723 2993 3793 capiat.
3036 3724 3144 3779 Sed
3194 3726 3319 3782 nolo
3367 3727 3549 3783 dicere

1980 3811 2123 3881 quod
2171 3812 2434 3881 sequitur,
2457 3811 2581 3882 quia
2638 3826 2739 3866 nec
2768 3812 2992 3867 rationis
3021 3825 3105 3868 est
3157 3813 3545 3885 blasphemiam

1980 3902 2125 3971 loqui
2156 3902 2209 3956 in
2234 3902 2497 3959 Ecclesia.
2537 3901 2612 3957 Ea
2639 3901 2805 3973 igitur
2833 3917 2953 3972 quae
2979 3903 3045 3959 de
3074 3904 3286 3963 diabolo
3314 3922 3420 3962 non
3443 3908 3545 3963 im-

1980 4030 2207 4093 portune
2259 4030 2635 4087 occurrerunt,
2664 4021 2737 4075 ita
2785 4021 3182 4089 quodammodo
3226 4023 3368 4081 facta
3417 4033 3547 4083 sunt

1980 4113 2288 4169 manifesta.
2339 4113 2450 4169 Nos
2511 4123 2691 4169 autem
2746 4113 3083 4170 conlldamus
3138 4115 3192 4170 in
3234 4116 3467 4181 Christo,
3489 4128 3546 4174 et

1978 4204 2674 4275 conlidentesiucrepemus
2694 4212 2766 4276 ei,
2789 4220 2843 4265 et
2904 4210 3239 4279 increpantes
3282 4226 3543 4265 memores

1976 4297 2146 4352 simus
2174 4300 2290 4367 ejus
2344 4299 2436 4367 qui
2473 4299 2548 4353 ait
2577 4315 2594 4355 :
2624 4299 2781 4356 Exite
2814 4302 2878 4356 ab
2918 4305 2993 4356 eis
3041 4314 3088 4356 et
3129 4303 3466 4370 separantiui,
3492 4310 3542 4353 et

1975 4390 2300 4443 immundum
2340 4405 2403 4444 ne
2449 4393 2720 4462 teligeritis
2741 4394 2807 4451 ³¹.
2844 4394 2979 4462 Quid
3018 4394 3162 4449 enim
3199 4394 3280 4449 eis
3320 4402 3374 4447 et
3402 4391 3539 4447 dim-

1974 4477 2106 4534 cilcs
2127 4480 2351 4536 sumus?
2373 4481 2499 4551 quid
2526 4485 2604 4538 eis
2633 4493 2686 4538 et
2718 4485 3045 4539 irascimur?
3069 4498 3186 4553 quae
3211 4483 3353 4538 enim
3382 4498 3539 4552 paena

313 4535 537 4605 plagas:
568 4549 623 4591 ει
668 4550 861 4607 putans
911 4542 1075 4600 Deum
1120 4563 1237 4604 esse
1278 4551 1369 4621 qui
1416 4550 1625 4615 feriret.
1666 4554 1869 4622 gratias
1901 4587 1944 4642 υ
1975 4572 2079 4627 alia
2109 4573 2193 4629 eis
2220 4535 2559 4630 (lebettir?Si
2603 4578 2726 4645 quis
2758 4577 2839 4631 eis
2869 4577 3216 4641 irasceretur,
3245 4576 3427 4646 utique
3453 4576 3537 4632 di-

309 4630 421 4701 egit
452 4632 504 4684 in
540 4630 724 4702 plagis.
766 4634 1073 4706 Magnitudo
1112 4652 1293 4698 autem
1346 4644 1696 4714 malignitatis
1756 4646 1869 4699 dia-

309 4720 419 4775 boli
441 4735 702 4777 conversa
725 4734 807 4778 est
843 4728 908 4781 ad
948 4732 1363 4800 magnitudinem
1390 4751 1716 4791 coronarum
1738 4736 1864 4791 Job.

310 4811 367 4868 Si
395 4814 539 4868 enim
572 4817 739 4871 sciret
759 4821 883 4888 quia
906 4821 1188 4877 adversum
1220 4824 1297 4896 (9)
1330 4825 1571 4881 invidum
1602 4836 1658 4881 et
1691 4827 1872 4884 inimi-

306 4921 427 4961 eum
448 4908 696 4975 haberet,
722 4910 862 4967 forte
883 4916 1269 4971 contentiosius
1297 4918 1500 4988 egisset
1534 4928 1589 4972 et
1610 4918 1867 4987 alacrius,

305 5009 398 5051 aut
429 5010 483 5053 et
508 5005 986 5074 contemptibilius.
1030 5006 1183 5063 Nunc
1212 5020 1390 5064 autem
1423 5010 1599 5066 malus
1629 5013 1782 5067 canis
1814 5022 1869 5068 et

306 5089 606 5147 malitiosus
643 5094 796 5165 lupus
830 5100 1178 5171 semetipsum
1209 5103 1469 5169 occultat,
1507 5114 1564 5158 et
1588 5116 1864 5175 pastorem

304 5182 572 5250 producit,
629 5194 683 5240 et
734 5186 832 5244 Job
875 5192 1290 5250 admirationem
1342 5196 1588 5252 adauxit.
1646 5197 1751 5252 Per
1800 5215 1864 5255 ea
1909 5200 1936 5255 .‘

299 5276 445 5327 enim
476 5291 597 5345 quae
630 5281 835 5346 putavit
860 5285 1090 5340 maxime
1112 5301 1171 5341 se
1194 5287 1475 5358 instigare,
1512 5303 1608 5358 per
1634 5294 1750 5344 htec
1776 5290 1861 5344 iu-

299 5366 529 5436 stigatus
546 5379 601 5423 et
631 5372 823 5437 victus,
855 5385 908 5429 et
942 5391 1104 5446 supra
1138 5393 1350 5434 omnem
1390 5395 1540 5451 spem
1572 5392 1861 5452 superatus

298 5465 535 5520 ostendit
565 5466 848 5521 victorem.
893 5466 1024 5534 Quis
1070 5471 1213 5524 enim
1244 5480 1299 5525 et
1325 5472 1551 5529 sulierre
1593 5476 1859 5546 potuisset

298 5556 478 5612 sciens
509 5572 663 5612 suam
692 5559 855 5612 vitam
886 5561 1321 5617 immaculatam?
1349 5561 1538 5623 Sciens
1564 5567 1853 5624 conscien-

369 5667 413 5701 ⁸¹
447 5668 528 5722 lsa
582 5686 674 5735 ιιι,
701 5671 787 5727 ll.

392 5759 447 5823 9)
475 5761 779 5816 Adversum.
808 5762 909 5818 Pro
938 5765 1317 5822 adversarium.

398 5831 477 5893 10)
511 5832 737 5888 l’rodu’t.
768 5834 931 5891 Forte
956 5836 1206 5889 vrodidit.

1973 4673 2121 4719 ceret
2160 4682 2175 4720 :
2209 4664 2453 4735 Spoliare
2475 4709 2491 4734 ,
2525 4667 2794 4721 deuudare
2817 4706 2835 4731 ,
2862 4668 3165 4735 deturpare,
3204 4666 3536 4739 infrigidare.

1976 4759 2167 4813 Statue
2199 4775 2320 4815 eum
2352 4761 2550 4814 nudum
2601 4760 2655 4815 in
2710 4762 2932 4831 frigore,
2960 4761 3125 4817 facito
3168 4776 3291 4816 eum
3317 4777 3538 4818 currere

1975 4858 2100 4903 ante
2126 4865 2367 4904 currum.
2390 4848 2621 4905 Laboret
2653 4852 2939 4906 ambulans
2960 4892 2976 4916 ,
3018 4855 3330 4921 deturpetur
3370 4854 3538 4906 denu-

1976 4938 2151 5001 datus,
2175 4941 2321 4994 dicat
2354 4940 2549 5008 turpia.
2607 4940 2744 5006 Quid
2792 4942 2989 5011 quaeris
3028 4938 3223 5011 punire
3263 4956 3386 4997 eum
3442 4943 3535 5011 qui

1971 5029 2317 5099 semetipsum
2353 5030 2607 5084 damnat?
2634 5030 2831 5086 sullicit
2870 5033 2950 5087 eis
2978 5033 3103 5102 quia
3149 5046 3253 5086 non
3296 5041 3421 5087 sunt
3446 5048 3536 5087 no-

1969 5119 2176 5175 biscum
2215 5137 2230 5177 :
2259 5119 2453 5175 suﬂicit
2492 5122 2647 5177 nobis
2678 5123 2803 5188 quia
2834 5137 2938 5177 non
2989 5136 3177 5177 sumus
3211 5137 3332 5177 cum
3382 5123 3532 5191 ipsis.

1969 5209 2216 5265 Habeant
2241 5214 2383 5281 quod
2410 5213 2633 5279 habent,
2664 5214 2789 5283 quia
2819 5225 2875 5269 et
2910 5214 3113 5269 volunt.
3147 5212 3264 5270 Non
3290 5214 3401 5287 (ll)
3435 5217 3534 5271 ba-

1967 5300 2156 5357 bemus
2184 5318 2344 5374 quem
2373 5307 2655 5370 habemus,
2680 5308 2805 5376 quia
2838 5316 2891 5361 et
2921 5307 3184 5363 volumus.
3233 5307 3340 5363 Sed
3370 5309 3532 5379 fugiat

1964 5399 2021 5445 et
2057 5407 2208 5449 mens
2233 5395 2472 5463 insanos,
2505 5406 2560 5452 et
2579 5398 2735 5453 sileat
2768 5399 2948 5468 lingua
2974 5416 2989 5465 ;
3017 5399 3139 5453 inde
3166 5409 3220 5454 et
3252 5410 3518 5454 converts~

1965 5490 2055 5535 tur
2075 5482 2143 5537 ad
2177 5499 2368 5552 purum
2393 5498 2446 5542 et
2492 5488 2887 5559 incorporalem
2925 5489 3116 5553 Deum,
3142 5490 3210 5543 ad
3259 5499 3529 5551 sanctum,

1962 5583 2018 5627 et
2043 5572 2197 5630 istius
2227 5577 2376 5632 chori
2412 5576 2722 5637 Dominum.
2753 5578 2871 5638 Non
2900 5594 3026 5637 eum
3072 5583 3382 5652 operiamus
3406 5592 3528 5632 cor-

2032 5771 2144 5843 (tl)
2175 5772 2320 5830 Non.
2353 5776 2429 5831 An
2463 5777 2603 5833 nos!
