4100 6456
561 365 701 418 1ιὲζὸ

1263 353 1532 410 EUSEBII
1571 349 2045 409 CESARIENSIS
2082 349 2231 404 OPP.
2275 346 2457 402 PARS
2495 343 2585 402 IV.
2625 375 2694 387 —
2731 334 3158 397 DOGMATICA.

3689 333 3837 386 1128

561 491 711 548 pore,
742 473 866 543 quia
891 487 988 528 nec
1013 472 1217 541 patitur
1252 487 1267 525 :
1298 487 1404 527 non
1445 485 1566 525 eum
1625 469 1928 524 vestiamus
1989 468 2150 522 vesti-
2180 472 2224 526 Α
2256 475 2396 518 terra
2449 474 2504 517 ut
2564 459 2858 516 scabellum
2923 463 3139 548 tactum
3181 451 3375 548 pedum
3427 458 3837 548 mensuratum,

561 579 767 632 mento,
787 567 908 636 quia
945 581 1046 620 nec
1072 565 1277 634 indiget
1315 582 1329 617 :
1366 579 1472 618 non
1497 563 1546 617 ei
1606 561 1904 617 oﬂ'eramus
1931 561 2138 615 sacriﬁ-

561 658 667 722 cia,
691 658 814 727 quia
853 672 954 710 nec
984 656 1140 725 petit.
1169 655 1406 710 [Estima
1439 655 1569 723 quid
1604 655 1758 708 dicis.
1811 653 1866 707 Si
1921 651 2134 706 dederis

563 748 610 812 ei
639 762 856 816 corpus,
882 745 1143 815 separasti
1168 747 1216 799 ei
1239 746 1451 812 locum;
1478 743 1827 812 composuisti
1847 741 2145 810 simplicem

563 848 837 901 naturam,
891 837 1210 906 placabilem
1248 835 1422 891 fecisti
1487 834 1901 904 implacabilem.
1937 833 1990 886 In
2033 833 2150 886 loco

563 945 683 984 eum
706 930 795 998 qui
823 939 877 982 et
923 945 950 981 a
978 928 1111 983 locis
1142 928 1277 984 liber
1318 937 1402 983 est
1451 926 1806 982 constituisti.
1847 925 1902 979 Si
1946 925 2151 979 dixeris

564 1036 781 1092 corpus,
810 1021 962 1074 dabis
1014 1019 1224 1082 oculos,
1274 1018 1427 1072 dabis
1482 1032 1643 1070 aures
1690 1017 1836 1071 circa
1871 1016 2063 1080 Deum,
2095 1024 2149 1069 et

565 1114 830 1183 linguam,
861 1122 916 1166 et
946 1126 1190 1175 sensum,
1219 1121 1272 1164 et
1299 1125 1442 1176 ossa,
1477 1119 1532 1163 et
1578 1109 1813 1172 viscera,
1839 1117 1892 1162 et
1932 1121 2148 1170 nervos,

563 1215 618 1259 et
639 1220 804 1259 venas
842 1220 856 1257 :
887 1214 940 1257 et
971 1204 1187 1272 ignoras
1217 1203 1286 1256 de
1321 1217 1428 1271 quo
1465 1199 1733 1270 loqueris.
1765 1198 1908 1268 Fuge
1932 1198 2153 1252 demen-

565 1298 717 1361 tiam,
758 1307 815 1350 ut
845 1294 1272 1365 comprehendas
1303 1310 1406 1348 non
1439 1303 1672 1362 quantus
1711 1301 1794 1346 est
1817 1301 2033 1353 natura,
2057 1291 2151 1344 sed

565 1399 825 1460 quantum
853 1388 945 1442 tibi
976 1386 1230 1455 possibile
1247 1396 1333 1440 est
1359 1398 1537 1438 nosse.
1561 1383 1618 1438 Si
1647 1397 1844 1452 corpus
1869 1392 1953 1436 est
1973 1382 2111 1435 Deus
2135 1397 2149 1434 :

567 1482 689 1548 quis
727 1489 808 1533 est
833 1479 924 1548 qui
967 1484 1267 1546 supportat,
1293 1476 1386 1544 qui
1413 1473 1720 1542 subbajulat
1763 1473 1961 1528 caelum
1988 1473 2012 1526 Ἰ
2042 1477 2155 1528 An-

568 1583 782 1639 tequam
815 1585 942 1638 ergo
974 1568 1167 1624 malum
1201 1568 1378 1631 ﬁeret,
1415 1565 1504 1620 ubi
1533 1574 1652 1618 erat
1679 1565 1860 1620 Deus?
1892 1564 2058 1618 Terra
2105 1563 2152 1618 ei

564 1662 858 1717 scabellum
886 1672 968 1716 est
993 1679 1006 1715 :
1035 1669 1330 1728 antequam
1360 1667 1644 1712 crearetur
1665 1667 1830 1720 terra,
1880 1656 1969 1710 ubi
1999 1664 2155 1710 erant

564 1753 761 1821 pedes?
790 1750 895 1806 Sed
923 1750 1138 1820 quando
1186 1751 1388 1804 dictum
1450 1759 1533 1803 est
1579 1750 1722 1804 hoc:
1766 1748 1968 1803 Catum
2022 1747 2153 1801 milii

2251 557 2522 626 quomodo
2564 561 2746 624 potest
2777 547 3010 604 transire
3033 545 3326 601 scabellum
3357 544 3548 612 pedum
3580 556 3794 596 suorum
3813 541 3840 593 ἲ

2250 648 2524 718 quomodo
2558 642 2889 699 ambulavit?
2947 641 3043 694 sed
3082 638 3289 692 habitat
3332 636 3470 691 Deus
3512 635 3565 689 in
3611 633 3834 700 animis,

2251 739 2465 794 habitat
2498 748 2553 790 et
2585 733 2900 788 inambulat.
2928 730 3116 785 Latior
3143 727 3289 781 enim
3320 725 3471 779 sinus
3498 731 3584 777 est
3613 722 3835 789 animae,

2251 844 2411 898 quam
2447 827 2646 880 cmlum
2676 839 2689 876 :
2721 832 2938 877 sanctus
2963 823 3016 876 in
3060 817 3263 875 sanctis
3302 817 3612 885 requiescit.
3638 813 3835 868 Indui—

2251 919 2405 983 mini,
2439 917 2634 986 inquit,
2690 914 2954 969 Christum
3005 910 3212 974 Iesum,
3247 909 3375 963 dicit
3429 907 3716 977 Apostolus
3752 906 3826 958 ‘°.

2253 1009 2446 1076 Quanti
2481 1008 2625 1063 enim
2680 1004 3019 1061 induuntur?
3065 1002 3250 1072 quanti
3287 1010 3342 1054 et
3377 999 3550 1054 vocati
3607 1007 3753 1062 sunt,
3781 1009 3840 1052 et

2254 1109 2539 1164 vocantur,
2566 1110 2618 1153 et
2643 1095 3016 1153 vocabuntur?
3044 1104 3099 1148 et
3149 1092 3520 1161 unusquisque
3549 1099 3740 1156 totum,
3773 1099 3832 1142 ct

2253 1205 2441 1244 omnes
2475 1198 2668 1252 totum,
2707 1197 2763 1242 et
2794 1198 2971 1255 neque
3008 1182 3272 1236 dividitur
3315 1181 3416 1243 eis,
3467 1192 3643 1246 neque
3699 1178 3837 1231 inci-

2261 1279 2429 1343 ditur,
2483 1291 2659 1345 neque
2718 1275 3005 1337 scinditur,
3056 1280 3111 1326 et
3163 1269 3416 1325 omnibus
3462 1268 3633 1333 adest,
3659 1275 3713 1320 et
3765 1269 3837 1319 ab

2257 1368 2513 1424 omnibus
2549 1373 2836 1434 separatus
2869 1371 2972 1425 est,
3000 1368 3054 1414 et
3078 1373 3266 1412 omnes
3306 1357 3478 1426 replet
3508 1372 3522 1407 :
3553 1355 3678 1424 quia
3730 1368 3835 1406 non

2257 1469 2346 1513 est
2380 1473 2581 1525 corpus
2612 1455 2779 1520 Deus,
2812 1467 2988 1521 neque
3015 1465 3213 1518 corpus
3237 1449 3383 1503 circa
3423 1449 3620 1515 ipsum,
3658 1456 3835 1512 neque

2260 1552 2606 1606 vestimenta.
2645 1547 2922 1617 Siquidem
2949 1553 3003 1599 et
3050 1558 3177 1598 cum
3240 1540 3294 1594 in
3349 1551 3581 1605 corpore
3640 1533 3836 1622 Filius,

2257 1659 2358 1700 nec
2387 1654 2514 1698 tunc
2560 1641 2708 1696 cadit
2766 1640 2817 1694 in
2853 1650 3091 1706 corpus:
3131 1632 3223 1689 sed
3259 1630 3429 1700 magis
3481 1625 3838 1697 incorporalis

2259 1747 2451 1790 natura
2511 1729 2830 1786 elﬁcientias
2888 1725 3017 1781 fecit
3057 1739 3259 1793 corpus
3318 1721 3547 1776 suﬂerre
3578 1759 3596 1784 ,
3639 1732 3837 1786 corpus

565 1809 708 1897 ξεαεε
733 1881 748 1906 ,
791 1809 955 1896 ιρι-να.
990 1851 1162 1895 amem
1218 1839 1507 1894 scabellum
1572 1841 1763 1908 pedum
1795 1839 2151 1894 meorum“?
2187 1823 2226 1876 Β
2253 1825 2400 1880 enim
2427 1837 2592 1892 supra
2632 1820 2833 1876 ﬂuctus
2877 1833 2984 1873 non
3017 1816 3260 1872 ambulat
3293 1813 3338 1908 f‘
3375 1831 3390 1866 :
3428 1809 3726 1908 ambulavit
3749 1823 3837 1862 er-

565 1931 699 1986 Cum
725 1931 886 1986 Israel
923 1947 1174 2001 magnum
1217 1931 1344 1999 quid
1367 1941 1587 2000 saperet
1619 1933 1684 1986 de
1717 1931 1936 2000 templo,
1994 1931 2148 1985 adin-

566 2026 790 2078 veniens
817 2024 918 2078 sibi
948 2022 1228 2092 templum.
1263 2022 1577 2091 Corripiens
1629 2023 1773 2075 enim
1827 2021 2057 2077 humiles
2097 2029 2152 2077 et

565 2115 884 2180 admonens,
918 2115 1042 2183 quia
1074 2114 1214 2168 Deus
1239 2113 1437 2182 templo
1468 2129 1576 2168 non
1601 2113 1995 2179 circumdatur,
2026 2124 2153 2167 tunc

565 2207 734 2260 dicit:
765 2205 962 2261 Caelum
983 2207 1111 2259 mihi
1141 2207 1286 2260 sedes
1313 2249 1328 2273 ,
1357 2217 1491 2258 terra
1533 2215 1707 2258 autem
1743 2206 2026 2260 scabellum
2059 2222 2153 2273 pe-

565 2297 691 2349 dum
716 2312 969 2350 meorum.
1000 2295 1109 2351 Hoc
1137 2306 1194 2349 ut
1222 2297 1405 2363 parvis
1446 2295 1707 2363 loquitur.
1744 2295 1810 2349 Et
1836 2297 1964 2365 quid
2005 2295 2153 2350 addit

568 2386 930 2456 interpretans
953 2401 1015 2440 ea
1049 2401 1168 2455 qua:
1191 2386 1370 2440 dixit:
1401 2385 1571 2451 Quam
1614 2387 1828 2439 domum
1863 2385 2154 2454 mdiﬁcabi-

568 2479 635 2530 tis
656 2479 804 2538 mihi,
832 2488 880 2533 et
914 2479 1028 2544 quis
1063 2477 1207 2531 locus
1259 2479 1594 2548 requietionis
1659 2495 1787 2533 mea:
1808 2478 1892 2534 ”?
1918 2479 1995 2532 Ad
2053 2477 2154 2533 hoc

569 2565 696 2619 illud
721 2567 851 2622 utile
879 2585 893 2621 :
921 2566 986 2620 ad
1017 2576 1266 2620 naturam
1292 2579 1472 2622 autem
1501 2583 1568 2622 nc
1585 2569 1801 2638 quidem
1827 2569 1981 2623 illud.
2012 2569 2154 2623 Audi

567 2657 712 2710 enim
741 2657 884 2712 illius
920 2658 1214 2728 magnifica:
1246 2659 1392 2713 vocis
1423 2659 1830 2713 admirationem
1857 2674 1872 2712 :
1901 2658 1966 2712 In
2001 2675 2156 2711 mun-

572 2747 641 2800 do
676 2752 812 2814 erat,
847 2758 939 2814 et,
993 2751 1126 2802 venit
1172 2751 1239 2802 od
1279 2752 1528 2804 mundum
1547 2749 1612 2802 ".
1668 2753 1966 2820 Antequam
2013 2751 2155 2804 enim

577 2850 858 2910 putaretur
906 2844 1120 2908 adesse,
1173 2844 1382 2898 aderat.
1420 2843 1536 2898 Non
1573 2855 1655 2898 est
1683 2845 1772 2898 ubi
1805 2860 1909 2898 non
1937 2853 2065 2898 est:
2103 2851 2159 2898 et

569 2932 694 3000 quia
728 2933 929 3002 ubique
975 2944 1077 3000 est,
1108 2949 1212 2989 non
1249 2935 1617 2988 circumdatur
1645 2950 1674 2988 a
1712 2935 1850 2989 loco.
1911 2936 1964 2989 Si
2002 2935 2150 2990 enim

571 3025 627 3079 in
661 3024 779 3080 loco
808 3036 943 3087 erat,
964 3026 1016 3079 in
1047 3027 1156 3082 alio
1185 3027 1302 3081 loco
1327 3043 1433 3083 non
1460 3037 1598 3082 erat.
1626 3028 1760 3094 Quia
1799 3028 1942 3082 enim
1971 3029 2155 3084 omnia

569 3116 760 3188 implet
785 3117 900 3172 loca
925 3158 938 3182 ,
969 3128 1022 3173 et
1061 3120 1312 3174 omnibus
1372 3131 1658 3190 separatus
1685 3127 1788 3185 est,
1821 3123 2001 3185 adest,
2050 3137 2155 3176 non

571 3209 727 3264 adest
761 3226 774 3262 :
812 3225 918 3264 non
954 3217 1108 3279 potes
1147 3210 1452 3279 intelligere
1489 3219 1566 3264 tu.
1598 3210 1710 3264 Hoc
1729 3211 1874 3264 enim
1902 3220 1987 3266 est
2013 3212 2155 3280 quod

571 3302 836 3372 qumritur
887 3319 901 3355 :
966 3301 1103 3356 nihil
1153 3301 1598 3366 Samaritanum,
1655 3302 1786 3355 nihil
1851 3301 2153 3366 Judaicum,

573 3391 704 3444 nihil
735 3392 836 3444 tale
863 3400 919 3443 ut
949 3391 1100 3446 dicas
1133 3409 1146 3446 :
1188 3391 1375 3445 Patres
1406 3392 1569 3444 nostri
1616 3393 1669 3444 in
1697 3400 1873 3445 monte
1895 3392 1992 3444 hoc
2024 3395 2155 3444 ado-

571 3492 819 3536 faverunt
865 3482 930 3534 ³⁵.
987 3480 1101 3536 Hoc
1155 3483 1299 3536 enim
1363 3481 1827 3537 Samaritanorum
1863 3491 1996 3548 est:
2053 3481 2156 3534 Vos

572 3584 746 3626 autem
798 3574 975 3627 dicitis
1032 3575 1087 3627 in
1143 3571 1517 3644 Hierosolyma
1586 3589 1696 3627 esse
1741 3571 1991 3627 locum“.
2039 3572 2155 3627 Non

575 3664 708 3718 mihi
757 3674 993 3728 montes,
1031 3679 1138 3718 non
1201 3663 1420 3732 templa,
1451 3679 1555 3718 non
1591 3665 1889 3729 civitatem,
1921 3680 2028 3718 nou
2069 3677 2156 3719 re:-

575 3759 814 3827 gionem,
866 3772 975 3811 non
1041 3756 1242 3820 locum,
1303 3772 1403 3811 nec
1455 3767 1818 3822 terram,nec
1852 3770 2024 3822 mare,
2058 3770 2157 3811 nec

574 3863 802 3913 aerem;
847 3863 968 3902 cum
1031 3848 1168 3903 coelo
1221 3847 1353 3902 nihil
1399 3847 1704 3903 Judaicum.
1737 3848 1883 3903 Bona
1911 3849 1995 3902 lex
2024 3859 2153 3905 est:

579 3939 664 3995 lac
692 3942 874 4010 parvis
899 3941 1031 3995 utile
1062 3950 1166 3995 est.
1201 3940 1403 3996 Factus
1455 3955 1514 3994 es
1564 3940 1853 4010 perfectus,
1893 3940 2156 3995 formatus

573 4048 654 4102 es,
704 4049 903 4090 excusa
929 4034 1080 4099 illud,
1109 4035 1252 4104 quod
1285 4033 1581 4103 aliquando
1634 4032 1728 4087 tibi
1757 4033 2046 4088 videbatur
2078 4033 2156 4088 ci-

573 4129 714 4182 vitas
769 4129 884 4194 Dei,
943 4128 1202 4196 templum
1256 4126 1371 4194 Dei,
1428 4125 1685 4194 templum
1735 4124 1974 4180 Domini.
2014 4124 2155 4179 Dicit

571 4220 714 4273 enim
750 4217 1048 4272 Jeremias:
1102 4216 1375 4286 Templum
1427 4214 1661 4278 Domini,
1713 4217 1758 4268 si
1806 4215 2149 4278 servaveritis,

572 4310 766 4377 inquit,
794 4309 1045 4362 mandata
1070 4307 1279 4361 Domini
1302 4306 1369 4357 ³⁷.
1420 4305 1625 4362 Deeora
1665 4322 1765 4361 vox
1794 4308 1968 4376 primo
2007 4307 2150 4360 testi.

575 4395 826 4450 Salomon
883 4404 1062 4449 autem
1119 4393 1403 4448 aediﬁcavit
1437 4395 1539 4448 sibi
1583 4395 1822 4458 domum,
1877 4397 1952 4450 ait
1993 4411 2009 4450 :
2059 4396 2152 4451 sed

570 4484 893 4548 Altissimus,
925 4485 1114 4552 inquit,
1146 4499 1246 4536 non
1279 4475 1482 4536 habitat
1512 4485 1566 4537 in
1602 4485 1935 4554 ,manuj'octis
1971 4487 2148 4540 Itami-

573 4592 697 4629 num
717 4575 784 4628 ³⁸.
813 4576 1123 4630 Altissimus
1155 4585 1209 4629 et
1239 4591 1343 4629 non
1376 4576 1426 4629 in
1453 4577 1677 4630 civitate
1707 4594 1718 4630 :
1749 4577 2064 4634 Altissimus
2095 4590 2146 4634 et

572 4683 677 4722 non
748 4668 800 4722 in
865 4669 1082 4737 templo.
1136 4668 1202 4722 Et
1267 4667 1403 4723 dicit
1451 4685 1546 4738 per
1579 4670 1746 4723 alium
1776 4673 2147 4739 prophetam:

573 4756 802 4812 Sanctus
833 4775 970 4824 sum,
999 4769 1047 4812 et
1077 4776 1179 4812 non
1209 4761 1475 4828 ingrediar
1510 4763 1775 4816 civitatem
1791 4762 1855 4815 ³³.
1884 4763 1940 4816 Si
1969 4776 2147 4820 autem

571 4849 625 4903 in
675 4852 948 4905 civitatem
1014 4866 1118 4906 non
1178 4853 1502 4920 ingreditur,
1553 4854 1604 4907 in
1639 4854 1838 4926 templo
1876 4859 2148 4924 quomodo

572 4936 816 4990 habitat?
841 4944 894 4990 ut
927 4937 1137 4991 dicatur
1163 4938 1359 4992 cwlum
1384 4938 1565 5004 sedes,
1603 4949 1661 4992 ut
1683 4955 1788 4994 non
1818 4941 2012 4996 domus
2045 4956 2148 5010 pu-

572 5036 716 5083 tetur
744 5038 798 5084 et
829 5038 975 5083 terra
1009 5029 1347 5084 scabellum?
1381 5029 1480 5096 Qui
1506 5041 1683 5084 autem
1727 5033 1878 5085 novit
1907 5047 2030 5086 eum
2055 5033 2147 5101 qui

571 5131 630 5172 se
662 5119 867 5187 genuit,
895 5121 1008 5186 ipse
1039 5121 1143 5174 scit
1191 5130 1245 5174 et
1283 5121 1488 5174 revelat
1520 5122 1645 5189 quia
1701 5121 1878 5177 nullus
1915 5138 2039 5177 eum
2069 5124 2148 5178 vi-

572 5209 670 5267 dit.
708 5211 775 5265 Et
819 5223 968 5268 certe
1002 5213 1148 5267 venit
1196 5212 1381 5276 Pater,
1411 5222 1465 5267 et
1501 5214 1705 5267 habitat
1740 5224 1792 5268 et
1826 5215 2145 5270 inambulat.

573 5303 640 5356 Et
667 5314 815 5360 certe
842 5306 930 5358 illa
977 5306 1365 5374 consequentia
1404 5321 1512 5360 non
1541 5307 1785 5362 consedit
1815 5308 1928 5378 (12)
1961 5309 2148 5362 ambu-

570 5391 848 5452 lationem.
879 5394 938 5450 Si
967 5396 1111 5450 enim
1151 5405 1319 5450 totum
1351 5396 1553 5450 coelum
1586 5399 1742 5451 sedes
1773 5396 1908 5464 ejus,
1943 5407 1998 5452 et
2037 5409 2146 5453 tota

662 5577 705 5609 ³²
740 5577 840 5633 lsa.
868 5593 1009 5642 Lm,
1047 5579 1097 5631 l.
1173 5577 1220 5611 ³³
1254 5581 1382 5638 ibid.
1447 5582 1669 5638 "Joan.
1707 5582 1853 5648 I,l0.

572 5648 660 5702 24.
741 5649 782 5680 ³³
815 5648 938 5703 Ose.
974 5664 1048 5714 XI,
1076 5649 1129 5703 9.
1239 5649 1283 5680 “
1321 5653 1475 5707 ltom.
1503 5653 1737 5722 11",”.

646 5739 756 5807 (ίὲ)
789 5738 1054 5792 Consedit.
1079 5737 1234 5791 Forte
1262 5742 1518 5801 concedit.

645 5809 757 5875 (ιδ)
791 5808 924 5864 Nos.
964 5807 1128 5864 Forte
1153 5825 1275 5862 non.

1932 5583 1976 5614 ³⁸
1998 5583 2154 5640 Joan.
2182 5600 2256 5644 Iv.
2282 5583 2373 5638 20.

1813 5653 1857 5685 “
1888 5653 2047 5710 Joan.
2086 5669 2161 5724 vr,
2208 5655 2292 5711 t9.

2251 1934 2319 1990 go
2359 1917 2518 1973 Jesus
2542 1930 2638 1985 per
2670 1928 2887 1982 corpus.
2925 1910 3041 1966 Non
3066 1923 3196 1980 ergo
3231 1906 3404 1962 deitas
3434 1905 3658 1959 deducta
3689 1910 3772 1956 est
3804 1915 3837 1951 a

2253 2023 2504 2079 corpore,
2559 2008 2655 2062 sed
2685 2019 2886 2074 corpus
2922 2003 3190 2057 elevatum
3228 2007 3312 2052 est
3341 2012 3370 2050 a
3403 1997 3646 2050 deitate:
3690 1992 3838 2061 Spuit

2254 2117 2472 2173 corpus,
2498 2101 2617 2170 ejus
2647 2099 2794 2153 enim
2819 2103 3012 2150 natura
3052 2101 3158 2148 est.
3190 2091 3291 2158 Qui
3316 2098 3496 2144 autem
3523 2087 3577 2141 in
3609 2099 3839 2154 corpore

2253 2196 2442 2247 adesse
2472 2191 2724 2260 dignatus
2767 2197 2872 2252 est,
2901 2183 3062 2264 simul
3110 2196 3234 2237 cum
3257 2188 3414 2249 sputo
3451 2177 3632 2232 emisit
3662 2175 3838 2229 virtu-

2257 2293 2361 2338 tem
2389 2298 2492 2336 non
2523 2281 2767 2336 incidens
2797 2294 2826 2331 a
2857 2293 2939 2344 se,
2972 2286 3025 2331 et
3051 2275 3222 2329 lutum
3246 2273 3406 2327 ﬁebat
3431 2287 3499 2326 ex
3531 2280 3692 2341 sputo
3723 2285 3741 2326 :
3771 2283 3839 2323 ex

2255 2385 2414 2442 sputo
2449 2384 2630 2428 autem
2676 2382 2731 2426 et
2781 2369 2893 2424 luto
2945 2366 3133 2424 oculos
3189 2365 3284 2435 qui
3347 2374 3556 2418 naturas
3605 2361 3839 2415 deerant

2257 2465 2510 2536 ﬁguravit
2537 2481 2551 2516 :
2584 2472 2641 2517 ut
2670 2463 2736 2516 ab
2759 2462 2912 2515 initio
2943 2459 3176 2513 intueris
3211 2465 3379 2510 totum
3439 2453 3659 2525 quidem
3714 2467 3842 2506 cor-

2256 2575 2356 2631 pus
2381 2558 2715 2616 alleviatum.
2741 2564 2797 2608 et
2841 2553 3164 2608 vestimenta
3215 2548 3460 2618 corporis
3501 2545 3786 2601 efﬁcientia
3821 2556 3836 2596 :

2255 2660 2312 2705 et
2358 2650 2425 2704 ad
2480 2649 2833 2710 vestimenta,
2871 2653 2929 2700 ut
2975 2644 3159 2698 videas
3177 2643 3302 2711 quia
3327 2641 3513 2696 divina
3545 2639 3718 2693 virtus
3742 2652 3842 2705 per

2257 2757 2452 2798 omnes
2506 2750 2758 2812 penetrat
2791 2738 2883 2808 qui
2945 2737 3261 2806 tetigerunt.
3320 2733 3476 2788 Sicut
3521 2731 3666 2784 enim
3700 2729 3841 2799 ignis

2257 2833 2511 2890 calefacit
2545 2830 2792 2902 proxima
2835 2829 2976 2892 sibi,
3025 2837 3080 2882 et
3121 2841 3216 2896 per
3266 2823 3525 2880 calefacta
3578 2821 3662 2875 his
3723 2834 3842 2890 quas

2259 2927 2627 2997 adiunguntur
2705 2920 2979 2976 calefactis
3059 2918 3293 2973 calorem
3373 2914 3614 2984 impertit
3679 2923 3695 2963 :
3769 2910 3840 2964 ita

2258 3015 2620 3074 sanctiﬁcavit
2653 3013 2916 3070 Dominus
2945 3025 3143 3081 corpus
3179 3009 3321 3080 quod
3381 3005 3614 3076 accepit,
3639 3011 3694 3058 et
3747 3017 3842 3072 per

2259 3123 2459 3178 corpus
2487 3114 2731 3177 sputum,
2763 3115 2818 3161 et
2851 3120 2947 3174 per
2969 3117 3172 3172 corpus
3201 3099 3544 3157 vestimenta.
3572 3097 3664 3151 Illa
3695 3096 3839 3151 enim

2185 3177 2227 3235 (ἶ
2269 3177 2464 3254 mulier
2485 3213 2606 3267 qua:
2633 3197 3003 3252 summitatem
3053 3192 3279 3247 limbriaa
3325 3191 3496 3260 tetigit
3554 3188 3838 3242 vestimen-

2267 3301 2464 3355 torum,
2501 3290 2700 3345 fontem
2726 3288 3084 3344 insanabilem
3113 3283 3390 3352 sanguinis
3454 3281 3676 3342 habens,
3707 3279 3814 3333 hau

2266 3384 2356 3438 riit
2382 3397 2477 3453 per
2525 3383 2792 3436 tin‘tbriam
2826 3380 3078 3436 sanitatis
3117 3375 3384 3432 medelam
3411 3373 3458 3405 "
3500 3391 3515 3428 :
3554 3387 3584 3426 a
3637 3370 3839 3427 deitate

2265 3475 2472 3531 scilicet
2503 3489 2623 3544 quae
2660 3473 2846 3528 aderat
2879 3473 2932 3527 in
2955 3484 3181 3539 corpore
3214 3466 3344 3522 :sed
3378 3464 3698 3520 vestimenta
3724 3464 3842 3532 ejus

2265 3569 2633 3639 pmsentiam.
2664 3565 2850 3634 Neque
2884 3563 3048 3634 igitur
3080 3564 3195 3630 ipse
3227 3573 3429 3629 corpus
3473 3553 3842 3610 necessarium

2264 3658 2456 3714 habuit
2480 3674 2495 3712 :
2527 3659 2619 3714 sed
2641 3659 2996 3728 quibuserat
3021 3655 3148 3709 utile
3177 3653 3491 3720 contingere
3512 3659 3566 3705 et
3596 3648 3839 3703 tunicam

2263 3758 2320 3804 et
2377 3765 2593 3818 corpus,
2623 3759 2678 3804 et
2735 3765 2831 3820 per
2884 3749 3136 3820 spiritum
3191 3746 3378 3800 videre
3445 3739 3839 3811 incorporalem

2264 3839 2454 3906 Deum,
2476 3839 2567 3908 qui
2604 3839 2906 3893 ministerio
2937 3835 3354 3905 incorporalium
3386 3833 3536 3888 dives
3569 3841 3709 3887 erat.
3740 3829 3836 3884 Mi-

2263 3930 2542 3985 nisterium
2585 3939 2765 3984 autem
2791 3930 3018 3984 audiens
3053 3943 3159 3984 non
3213 3926 3596 3982 necessitatem
3653 3921 3837 3976 audire

2263 4023 2446 4086 debes,
2481 4022 2574 4077 sed
2612 4021 2938 4077 beneﬁcium
2982 4035 3170 4076 eorum
3207 4018 3300 4086 qui
3351 4017 3688 4081 ministrant,
3729 4029 3834 4069 non

2263 4129 2417 4169 usum
2470 4121 2650 4169 tamen
2705 4112 2823 4181 ejus
2876 4113 2970 4181 qui
3003 4112 3386 4165 ministratur:
3422 4107 3648 4162 multum
3689 4106 3829 4160 enim

2262 4225 2360 4265 nos
2398 4209 2508 4280 (l5)
2537 4224 2822 4278 prosumus
2850 4207 2980 4269 Deo,
3005 4207 3132 4277 quia
3158 4206 3401 4259 videnmr
3439 4217 3536 4270 pro
3572 4203 3682 4256 Deo
3707 4215 3835 4256 con-

2265 4301 2502 4356 tendere.
2532 4300 2702 4356 Nobis
2728 4298 2870 4353 enim
2900 4295 3108 4351 lucrum
3138 4305 3240 4358 est,
3271 4303 3329 4348 ut
3360 4293 3596 4362 religiosi
3618 4292 3789 4346 simus
3816 4307 3830 4345 :

2261 4393 2416 4448 nobis
2441 4391 2650 4446 lucrum
2684 4399 2770 4444 est
2803 4390 2848 4443 si
2891 4403 2997 4444 non
3029 4401 3313 4458 perversas
3365 4384 3716 4439 habuerimus
3768 4385 3834 4437 de

2261 4485 2371 4539 Deo
2398 4493 2623 4547 mentes,
2658 4496 2724 4536 ne
2745 4491 2800 4536 et
2828 4481 3143 4534 decidamus
3189 4493 3217 4532 a
3249 4479 3376 4532 Deo.
3413 4475 3622 4529 Decidit
3656 4483 3831 4528 autem

2257 4576 2438 4632 omnis
2471 4591 2500 4629 a
2531 4573 2665 4640 Deo,
2695 4574 2784 4642 qui
2823 4573 2998 4626 aliena
3036 4571 3196 4640 sapit.
3227 4572 3299 4624 De
3349 4582 3456 4637 quo
3494 4567 3538 4620 si
3582 4565 3831 4620 didiceris

2256 4668 2328 4722 ita
2363 4676 2421 4719 ut
2443 4675 2545 4729 est,
2584 4665 2750 4718 habes
2787 4677 2909 4718 eum
2943 4680 2959 4717 :
2999 4661 3045 4717 si
3077 4669 3258 4714 autem
3282 4659 3446 4712 alium
3480 4671 3577 4726 pro
3601 4656 3707 4710 alio
3737 4669 3830 4724 pu-

2259 4760 2474 4823 taveris,
2512 4772 2633 4812 eum
2662 4757 2753 4826 qui
2799 4764 2882 4810 est
2918 4771 3024 4809 non
3055 4753 3302 4809 habebis.
3347 4749 3482 4815 Quia
3532 4764 3640 4803 non
3671 4761 3830 4816 agno-

2255 4851 2381 4905 visti
2405 4864 2563 4918 quem
2597 4860 2773 4917 putas,
2811 4864 2915 4901 non
2944 4847 3109 4901 habes
3132 4861 3254 4900 eum
3285 4843 3445 4912 :quia
3488 4855 3596 4894 non
3634 4849 3717 4893 est
3751 4849 3829 4892 ta-

2254 4940 2321 4995 lis
2346 4940 2555 5010 qualem
2586 4928 2768 5009 putas.
2827 4938 2943 4992 Non
2997 4938 3062 4992 de
3104 4936 3344 5006 quolibet
3398 4941 3674 4986 certamen
3723 4936 3825 4983 est.

2255 5030 2547 5085 Irridemus
2577 5045 2670 5085 eos
2716 5039 2771 5084 et
2796 5030 2921 5098 quia
2978 5029 3079 5082 ista
3144 5041 3310 5096 parva
3369 5023 3690 5092 delinquunt
3735 5019 3825 5088 qui

2253 5128 2505 5193 ignorant
2538 5133 2680 5175 artes
2710 5137 2724 5173 :
2753 5121 2842 5174 ubi
2875 5136 2967 5175 ars
2997 5129 3079 5174 est
3108 5115 3437 5181 necessaria,
3483 5129 3578 5168 eos
3600 5112 3688 5181 qui
3721 5126 3823 5164 non

2255 5223 2616 5285 assequuntur
2683 5229 2747 5268 ea
2806 5228 2925 5281 qua:
2974 5213 3222 5274 audiunt,
3287 5209 3598 5278 frequenter
3643 5204 3824 5258 dicen-

2256 5317 2361 5362 tem
2388 5308 2498 5377 (M)
2530 5308 2698 5372 vides,
2732 5307 2983 5368 dicimus,
3019 5320 3122 5358 non
3164 5302 3342 5369 audis,
3388 5316 3491 5355 non
3547 5295 3822 5365 intelligis.

2255 5397 2419 5467 Igitur
2445 5400 2511 5453 de
2541 5400 2624 5453 his
2657 5413 2776 5468 qua:
2807 5397 3084 5452 hominum
3117 5404 3264 5460 sunt,
3313 5392 3468 5462 culpa
3515 5400 3599 5445 est
3631 5391 3676 5442 si
3722 5401 3824 5440 non

2451 5583 2495 5614 "
2535 5583 2664 5639 ibid.
2741 5581 2784 5616 "'
2813 5583 2924 5638 Jer.
2957 5598 3065 5646 vn,
3098 5580 3151 5634 4.
3229 5580 3397 5634 "Act.
3430 5590 3529 5644 vn,
3559 5571 3628 5628 48
3650 5591 3664 5641 ;
3689 5585 3824 5645 Im,

2399 5655 2444 5686 ⁸⁸
2483 5654 2670 5708 Matth.
2706 5670 2784 5717 Ix,
2816 5653 3008 5708 20-22.

2327 5726 2440 5815 (Li)
2469 5745 2757 5800 Dicentem.
2786 5739 2945 5800 Forte
2974 5744 3222 5800 dicentes.
