4100 6456
338 417 479 475 “25

334 631 667 701 despexerit,
698 640 793 686 aut
848 631 1036 687 audire
1092 628 1346 696 noluerit,
1375 640 1469 685 aut
1490 632 1790 702 intelligere
1817 631 1919 685 mi-

334 741 438 780 nus
484 723 745 795 potuerit,
775 723 902 792 quid
948 733 1105 793 putas
1131 722 1276 778 erit?
1327 722 1445 778 Noli
1480 739 1667 779 errare
1704 720 1737 778 a‘
1784 725 1913 779 Deo.

332 816 477 872 Laus
504 817 619 882 Dei,
644 817 848 886 agnitio
873 826 958 871 est
989 816 1107 872 Dei.
1137 815 1447 872 Secundum
1486 817 1738 885 quod'est
1761 818 1917 873 nobis

331 908 592 979 possibile
630 908 886 963 recedere
933 922 963 962 a
1018 907 1440 963 consuetudine.
1487 905 1602 962 Non
1638 907 1914 964 hominem

332 1002 532 1071 qutcris
582 1011 642 1057 ut
671 1002 883 1070 aperias
930 998 979 1055 ei
1030 999 1216 1055 oculos
1242 999 1355 1072 (15)
1381 1008 1435 1055 et
1474 1015 1655 1063 aures,
1688 1012 1744 1055 et
1775 1015 1836 1055 os
1861 1007 1917 1055 et

330 1093 594 1164 linguam,
646 1106 699 1146 et
732 1106 949 1157 manus,
986 1100 1039 1146 et
1064 1101 1275 1161 pectus,
1307 1102 1362 1147 et
1409 1091 1594 1162 pedes,
1628 1099 1684 1146 et
1744 1107 1915 1162 ponas

330 1188 430 1242 sub
453 1200 515 1241 eo
543 1186 724 1239 sedem
749 1224 765 1252 ,
799 1194 854 1238 et
885 1183 1148 1254 subjicias
1177 1181 1495 1245 scabellum,
1525 1192 1580 1237 et
1640 1194 1913 1253 supponas

337 1288 561 1333 terram.
607 1274 726 1333 Non
780 1282 866 1331 εει
913 1290 981 1331 ex
1035 1275 1193 1331 nobis
1222 1273 1511 1339 Dominus,
1543 1274 1637 1331 sed
1683 1291 1784 1332 nos
1817 1291 1915 1346 per

327 1370 503 1442 ipsum
544 1385 754 1424 sumus.
782 1369 878 1423 Vis
918 1380 1099 1423 autem
1148 1368 1392 1424 ediscere
1417 1368 1541 1437 quia
1590 1382 1695 1422 non
1733 1377 1815 1424 est
1844 1384 1911 1423 ex

327 1462 526 1518 nobis?
553 1461 629 1517 De
656 1461 794 1517 Filio
823 1461 941 1530 ejus
961 1475 1084 1515 cum
1120 1460 1324 1515 dictum
1350 1470 1523 1523 esset,
1572 1459 1911 1526 Emmanuel,

327 1553 598 1608 uobiscum
658 1551 890 1618 Deus”;
941 1566 1049 1606 non
1115 1550 1435 1621 simpliciter
1490 1551 1770 1617 nobiscum
1827 1559 1913 1607 est

328 1644 553 1710 dictum,
582 1628 678 1699 sed
713 1659 835 1698 cum
876 1643 929 1697 in
986 1657 1216 1712 corpore
1263 1645 1410 1698 venit
1457 1642 1746 1709 Dominus,
1783 1652 1910 1699 tunc

328 1738 609 1793 nobiscum
638 1754 653 1793 :
678 1752 800 1792 cum
829 1734 991 1807 Virgo
1018 1737 1070 1791 in
1105 1745 1258 1792 utero
1308 1736 1561 1806 concepit
1594 1777 1610 1804 ,
1640 1745 1765 1791 tunc
1813 1751 1910 1791 no-

329 1833 541 1887 hiscum
590 1832 752 1887 Deus.
791 1832 933 1887 Ante
978 1831 1136 1887 istam
1194 1839 1376 1886 autem
1424 1831 1907 1902 dispensationem,

327 1924 488 1978 etiam
526 1924 649 1979 dum
680 1935 827 1980 esset
854 1939 1111 1994 praesens,
1166 1938 1274 1978 non
1322 1933 1441 1978 erat
1492 1925 1796 1980 nobiscum.
1851 1922 1909 1980 Si

231 2048 241 2059 ε
326 2014 468 2068 enim
498 2026 696 2082 corpus
730 2012 926 2069 feceris
957 2014 1121 2069 Deum
1148 2051 1165 2079 ,
1188 2023 1243 2068 et
1272 2027 1469 2083 corpus
1511 2014 1909 2085 plenitudinem

326 2106 447 2164 εωιὶ
481 2115 536 2163 et
567 2117 749 2172 terrae,
782 2115 878 2161 aut
906 2107 1052 2177 quod
1089 2118 1313 2176 superat
1339 2122 1503 2178 supra
1528 2108 1674 2176 haec;
1703 2109 1756 2162 in
1794 2109 1912 2179 ipso

326 2213 495 2269 pones
524 2197 744 2266 cmlum,
768 2206 823 2252 et
850 2205 1014 2255 terrae
1039 2197 1269 2268 lapides,
1296 2208 1353 2254 et
1395 2202 1574 2255 omnia
1611 2215 1730 2270 qua:
1764 2210 1908 2257 sunt.

327 2288 383 2344 Si
401 2289 544 2343 enim
574 2298 636 2344 ut
656 2303 854 2359 corpus
877 2297 1229 2344 coexteusum
1260 2300 1343 2344 est
1364 2291 1711 2360 corporibus,
1736 2293 1913 2362 primo

326 2381 544 2451 quidem
565 2382 820 2438 abstrahe
857 2382 1040 2437 omnia
1067 2422 1084 2447 ,
1126 2393 1184 2437 ut
1213 2382 1389 2439 locum
1420 2383 1618 2438 habeat
1650 2385 1814 2440 Deus.
1852 2384 1910 2440 Si

326 2472 470 2529 enim
518 2488 715 2544 corpus
753 2482 839 2527 est
865 2488 1162 2544 magnum:
1193 2482 1489 2543 egestatem
1547 2473 1668 2531 dico
1708 2489 1912 2546 paupe-

326 2581 475 2633 rum,
507 2581 613 2620 non
644 2565 833 2635 implet
853 2566 1032 2620 omnia
1068 2579 1082 2615 :
1109 2564 1291 2619 nullus
1314 2566 1453 2621 alius
1480 2566 1677 2621 habeat
1706 2567 1908 2622 locum.

327 2654 523 2712 Omnia
558 2656 702 2712 enim
732 2655 992 2726 praevenit
1026 2654 1201 2713 Deus.
1223 2655 1289 2710 Et
1322 2655 1466 2711 sicut
1499 2657 1767 2726 repletum
1812 2674 1908 2714 vas

330 2748 516 2812 fuerit,
541 2763 608 2803 eo
634 2748 723 2818 qui
756 2756 1113 2817 praecesserat
1151 2747 1414 2817 replente,
1458 2765 1565 2805 non
1616 2760 1700 2804 est
1761 2749 1911 2807 locus

324 2851 383 2894 ut
406 2841 823 2910 supermittatur
861 2839 1063 2910 aliquid
1111 2839 1258 2895 aliud
1288 2857 1303 2894 :
1339 2840 1410 2896 ita
1457 2842 1502 2896 si
1537 2841 1680 2898 Deus
1713 2858 1911 2911 corpus

321 2940 423 2993 est,
468 2932 745 3001 praecessit
803 2941 984 2986 autem
1043 2933 1267 3001 omnia,
1306 2948 1413 2988 non
1462 2933 1657 2989 habeat
1712 2935 1908 2992 coelum

323 3024 501 3080 locum
550 3034 609 3081 ut
662 3025 850 3092 iaciat,
912 3038 1091 3096 neque
1152 3033 1294 3080 terra
1350 3025 1568 3092 locum;
1632 3029 1910 3096 praecessit

324 3119 468 3173 enim
494 3118 653 3174 Deus.
687 3118 743 3174 Si
785 3127 964 3172 autem
996 3126 1078 3172 est
1106 3116 1300 3171 cmlum
1330 3127 1387 3172 et
1411 3127 1578 3183 terra,
1622 3127 1676 3174 et
1713 3135 1865 3175 mare
1889 3160 1906 3185 ,

332 3220 384 3265 el
422 3226 548 3274 aer,
581 3211 763 3264 nullus
784 3209 934 3266 locus
971 3220 1057 3266 est
1085 3224 1323 3266 vacuus:
1369 3224 1547 3281 neque
1596 3225 1664 3266 ex
1713 3222 1904 3265 natura
1933 3232 1976 3291 α

323 3317 512 3357 eorum
569 3317 857 3371 corporum
915 3318 1037 3372 qua:
1082 3303 1286 3367 insunt,
1320 3316 1498 3371 neque
1520 3316 1586 3357 ex
1617 3306 1906 3373 praesentia

330 3382 423 3449 Dei
454 3411 469 3461 ;
504 3397 630 3465 quia
662 3410 758 3463 per
786 3386 1011 3464 corpora
1039 3405 1330 3465 penetrans
1355 3395 1531 3459 adest,
1569 3410 1675 3450 non
1706 3411 1907 3467 corpus

324 3489 438 3557 ipse
465 3498 567 3543 est.
601 3485 878 3558 Siquidem
909 3503 1007 3544 nec
1054 3488 1101 3543 si
1126 3489 1304 3543 anima
1349 3499 1534 3543 nostra
1586 3499 1734 3544 esset
1782 3505 1904 3544 eor-

321 3598 443 3652 pus,
473 3592 690 3653 poterat
724 3598 844 3637 esse
870 3583 924 3636 in
956 3597 1205 3655 corpore.
1225 3582 1381 3639 Sicut
1412 3583 1558 3639 enim
1597 3584 1904 3653 suscipiens

320 3671 513 3747 aquam
539 3693 647 3732 non
683 3686 864 3731 manet
896 3686 1158 3748 quantum
1184 3685 1325 3741 erat,
1357 3676 1451 3731 sed
1479 3676 1904 3734 additamentum

321 3779 484 3840 auget
526 3767 951 3839 magnitudinem
985 3782 1294 3822 mensurae:
1326 3767 1398 3823 ita
1451 3782 1647 3839 corpus
1682 3768 1901 3838 corpori

322 3862 705 3930 compositum.
734 3860 800 3914 Et
833 3860 970 3915 sicut
1014 3860 1282 3927 aediliciis,
1312 3871 1365 3916 et
1395 3860 1647 3924 navibus,
1679 3872 1734 3915 et
1772 3861 1905 3916 cho-

324 3951 426 4018 ris,
455 3956 509 4006 et
541 3950 775 4021 populis,
800 3957 854 4005 et
873 3948 1203 4015 civitatibus,
1227 3958 1283 4005 et
1325 3949 1491 4019 agris,
1519 3958 1572 4004 et
1598 3948 1903 4013 arboribus,

321 4042 466 4097 aliud
487 4041 593 4097 alio
623 4041 865 4096 additum
912 4049 1074 4111 auget
1110 4039 1580 4111 magnitudinem:
1630 4041 1675 4095 si
1722 4049 1903 4094 autem

321 4143 587 4204 angustus
616 4130 782 4186 fuerit
812 4131 981 4197 locus,
1015 4144 1136 4200 quae
1177 4137 1612 4200 praecesserunt,
1643 4143 1765 4199 qua:
1802 4143 1897 4183 an-

320 4236 430 4279 tem
484 4224 1044 4289 subintroducuntur,
1107 4240 1210 4278 non
1257 4222 1534 4278 habebunt
1598 4221 1800 4277 locum.
1842 4221 1901 4277 Si

320 4314 485 4384 igitur
535 4326 764 4382 corpora
825 4313 1099 4367 adduntur
1153 4313 1367 4383 corpori
1418 4312 1715 4368 constituto
1766 4313 1899 4382 Deo,

320 4404 633 4476 angelisque
664 4406 826 4469 Deus,
859 4414 1015 4474 putas
1038 4421 1141 4462 non
1165 4417 1284 4461 erat
1310 4404 1586 4476 perfectus
1606 4415 1900 4478 antequam

319 4499 611 4554 adderetur
640 4497 874 4554 caelum?
906 4497 964 4554 Si
994 4508 1174 4553 autem
1216 4498 1336 4568 ipse
1362 4508 1480 4553 erat
1514 4498 1790 4569 perlectus
1846 4512 1901 4555 et

1293 411 1381 470 ns
1406 388 1877 474 'thoaPonAu
1916 413 2015 505 Et;
2040 415 2383 473 mrsqu
2424 413 2581 475 nso.

232 608 239 617 δ
335 537 688 596 habuerimus
746 536 814 592 de
843 535 1101 596 invisibili
1152 536 1285 592 Deo.
1310 537 1443 592 Cum
1472 547 1650 592 autem
1681 536 1805 608 quis
1831 544 1923 591 aut
1953 541 1997 598 Α
2026 536 2293 592 ἱηιειιεεια
2325 538 2722 606 conspiciuntur
2737 535 2802 591 “.
2851 534 2988 604 Quid
3029 545 3135 603 est,
3167 536 3439 593 intellecta
3466 553 3603 594 con-

3463 418 3638 477 H26-

2019 627 2361 694 spiciuntur?
2393 630 2557 695 Deus,
2608 628 2807 699 inquit,
2866 628 3139 683 intellecta
3176 629 3430 686 visibilis.
3458 628 3605 686 Visi—

2018 719 2143 776 hilis
2200 728 2378 775 autem
2426 721 2626 777 dicitur
2665 720 2740 775 ita
2781 720 2923 775 sicut
2949 720 3209 789 scriptum
3244 732 3349 790 est,
3397 720 3466 778 Et
3492 722 3602 778 vidi

2015 810 2281 866 visionem
2312 812 2404 868 Dei
2441 830 2455 867 :
2493 812 2789 876 intellecta,
2820 820 3009 882 utpote
3038 823 3366 884 suggerente
3399 813 3598 880 oculis,

2016 916 2136 973 quae
2156 902 2287 957 vidit
2312 918 2433 958 esse
2460 904 2720 973 inscripta
2745 904 2796 958 in
2825 904 3085 973 Operibus
3114 902 3251 972 ejus.
3287 904 3418 972 Qua:
3453 906 3600 961 enim

2018 992 2279 1062 inscripta
2308 1004 2455 1059 sunt,
2499 995 2655 1049 nobis
2698 994 3005 1050 necessaria
3041 994 3315 1050 videntur.
3347 995 3459 1051 Cur
3501 1011 3600 1051 au-

2015 1091 2124 1138 tem
2154 1082 2245 1137 illa
2272 1084 2429 1139 audis
2455 1100 2573 1154 quae
2603 1084 2891 1140 visibiliter
2913 1085 3059 1141 dicta
3105 1096 3251 1151 sunt,
3279 1099 3470 1142 natura
3501 1102 3599 1143 au-

2020 1185 2123 1231 tem
2175 1191 2305 1232 vere
2336 1187 2391 1232 et
2423 1177 2799 1247 principaliter
2846 1194 2953 1233 non
2993 1177 3271 1233 admittis?
3314 1179 3433 1235 Vidi
3490 1180 3596 1235 Do-

2018 1269 2245 1335 minum,
2277 1270 2475 1324 audisti
2510 1285 2524 1322 :
2565 1268 2857 1324 invisibilia
2882 1268 2999 1337 ejus
3020 1284 3127 1325 non
3162 1270 3400 1325 audisti?
3425 1270 3596 1325 Audi-

2015 1364 2082 1419 sti
2110 1364 2239 1434 quia
2269 1364 2361 1420 ille
2387 1363 2577 1421 nescio
2611 1364 2700 1434 qui
2725 1365 2862 1419 vidit
2896 1364 3209 1431 Dominum,
3247 1365 3417 1421 Deum
3440 1382 3599 1423 nemo

2013 1455 2148 1511 vidit
2185 1472 2422 1525 unquam
2455 1473 2560 1514 non
2588 1457 2831 1513 audisti?
2859 1457 3073 1513 Audisti
3106 1458 3232 1528 quia
3277 1460 3369 1515 ille
3423 1459 3596 1527 novit,

2014 1563 2190 1619 neque
2224 1549 2380 1614 vidit,
2408 1564 2591 1620 neque
2619 1549 2806 1605 videre
2830 1551 3035 1621 poterit
3060 1568 3075 1605 :
3111 1566 3216 1606 non
3254 1552 3474 1621 audisti,
3501 1552 3601 1608 sed

2013 1641 2221 1696 audivit
2255 1657 2379 1698 eum
2405 1641 2575 1698 Filius
2599 1657 2734 1699 suus
2763 1645 2982 1715 magis?
3023 1656 3284 1715 quantum
3311 1647 3427 1716 ipse
3449 1645 3597 1701 enim

2014 1735 2164 1789 novit
2207 1735 2424 1790 Patrem
2466 1750 2627 1791 suum
2677 1737 2768 1807 qui
2803 1737 2879 1791 ait
2909 1756 2922 1793 :
2960 1736 3144 1808 Neque
3165 1754 3337 1791 vocem
3366 1738 3481 1809 ejus
3506 1752 3602 1792 un-

2012 1845 2169 1898 quam
2191 1829 2439 1894 audistis,
2470 1846 2633 1901 neque
2678 1829 2869 1899 faciem
2893 1829 3007 1899 ejus
3045 1830 3247 1883 uidistis
3273 1828 3342 1885 ".
3398 1828 3457 1885 Si
3500 1841 3601 1884 au-

2017 1932 2124 1977 tem
2149 1922 2387 1978 volueris
2415 1938 2481 1977 ex
2512 1924 2620 1979 tuis
2647 1938 2944 1995 agnoscere
2975 1922 3166 1987 Deum,
3190 1934 3246 1980 et
3269 1934 3320 1978 te
3347 1933 3402 1978 et
3425 1922 3596 1978 Deum

2014 2013 2288 2084 ignorabis
2320 2029 2335 2067 :
2370 2013 2468 2070 sed
2508 2030 2737 2084 sequere
2772 2015 3012 2081 humilis,
3041 2017 3326 2072 considera
3362 2015 3458 2071 ubi
3495 2015 3592 2071 sis.

2014 2106 2059 2162 Ο
2098 2118 2357 2165 quantum
2397 2107 2543 2162 inter
2598 2117 2652 2164 te
2709 2115 2765 2162 et
2803 2108 3001 2164 caelum
3058 2109 3319 2164 interest!
3361 2106 3597 2175 amplius

2013 2207 2194 2252 autem
2222 2198 2621 2269 derelinquilur
2650 2199 2845 2254 caelum
2871 2216 2899 2254 a
2922 2200 3049 2256 Deo.
3072 2200 3185 2256 Non
3219 2200 3409 2272 spatiis
3433 2199 3592 2255 dico:

2014 2288 2148 2343 nihil
2180 2291 2325 2343 enim
2357 2290 2632 2345 desertum
2664 2289 2773 2345 Deo
2802 2300 2884 2346 est
2921 2310 2932 2345 :
2966 2291 3017 2345 in
3060 2291 3207 2345 nullo
3239 2301 3421 2367 alitem
3459 2289 3593 2345 reti-

2012 2388 2172 2434 netur
2196 2378 2358 2435 Deus.
2394 2379 2558 2435 Forte
2594 2380 2689 2435 isti
2715 2395 2997 2438 sermones
3037 2383 3196 2437 aliam
3232 2382 3469 2453 linguam
3495 2397 3594 2436 ne-

2012 2470 2303 2525 cessariam
2342 2471 2714 2541 habent,quia
2761 2473 2901 2529 etde
2926 2474 3030 2527 alia
3068 2483 3260 2527 natura
3321 2472 3592 2528 dicuntur.

2011 2561 2144 2617 Cum
2199 2562 2363 2632 igitur
2413 2578 2694 2619 sermones
2760 2564 2888 2619 moti
2969 2564 3171 2619 iuerint
3226 2563 3277 2618 in
3338 2563 3594 2629 ecclesia,

2012 2652 2277 2722 siquidem
2304 2653 2369 2709 de
2400 2654 2652 2709 humanis
2683 2655 2915 2726 negotiis
2940 2695 2956 2720 ,
3003 2656 3372 2727 unusquisque
3400 2665 3597 2711 acutus

2011 2753 2066 2799 et
2091 2759 2216 2800 acer
2243 2746 2478 2813 auditor,
2509 2756 2562 2801 et
2591 2764 2658 2802 ex
2702 2750 2903 2818 quibus
2936 2749 3166 2817 patitur,
3210 2759 3265 2803 et
3301 2762 3368 2803 ex
3396 2750 3595 2817 quibus

2011 2837 2246 2890 admittit
2277 2839 2571 2906 respiciens
2602 2841 2669 2895 ad
2703 2841 3000 2905 dicentem,
3029 2848 3086 2895 et
3123 2854 3448 2909 comparans
3471 2856 3592 2910 quae

2011 2926 2262 2982 dicantur
2291 2929 2374 2983 his
2405 2945 2526 3000 qua:
2563 2933 2699 3001 agit,
2726 2942 2783 2987 et
2808 2949 2928 3003 qua:
2954 2932 3307 3003 proferuntur
3355 2933 3439 2988 his
3475 2948 3597 3005 qua!

2010 3021 2246 3090 patitur;
2275 3023 2456 3077 statim
2506 3027 2745 3094 prudens
2787 3035 2842 3080 et
2884 3026 3239 3097 scrupulosus
3265 3026 3480 3083 auditor
3538 3038 3593 3081 et

2009 3117 2228 3183 agnovit
2255 3125 2310 3171 et
2336 3119 2633 3173 consensit.
2660 3117 2794 3173 Cum
2837 3131 3020 3175 autem
3047 3122 3596 3177 transmutaverimus

2011 3220 2338 3277 sermonem,
2370 3212 2511 3266 etab
2538 3211 2790 3266 humanis
2825 3213 3234 3278 recesserimus,
3260 3222 3314 3268 et
3339 3214 3406 3268 ad
3425 3214 3591 3268 Deum

2010 3307 2245 3352 mentem
2296 3302 2699 3356 ostenderimus
2736 3302 2850 3374 (l7)
2903 3313 3145 3359 nostram
3189 3322 3202 3359 :
3263 3303 3387 3359 istic
3435 3292 3590 3359 multi

2009 3390 2226 3460 quidem
2268 3391 2630 3457 suscitantur,
2677 3393 2896 3464 quidam
2952 3404 3249 3462 gravantur
3292 3410 3325 3450 a
3376 3408 3593 3459 somno,

2009 3480 2357 3537 aliidelirare
2397 3493 2593 3552 putant
2620 3484 2916 3540 dicentem.
2953 3484 3023 3541 Ut
3074 3494 3257 3541 autem
3306 3487 3591 3543 condiseas

2008 3571 2113 3628 hoc
2140 3572 2331 3627 vitium
2360 3574 2433 3628 ita
2466 3589 2608 3639 esse,
2650 3576 2851 3631 audeat
2900 3578 3026 3649 quis
3062 3579 3322 3633 honestus
3379 3577 3594 3650 ingres-

2008 3676 2102 3720 sus
2132 3665 2399 3721 theatrum
2426 3666 2609 3723 dicere
2636 3683 2765 3722 vera
2817 3671 2901 3725 his
2941 3672 3032 3741 qui
3080 3671 3335 3728 mendose
3374 3673 3592 3729 conlin-

2007 3766 2160 3828 guut,
2186 3768 2239 3813 et
2268 3774 2551 3816 assumere
2581 3763 2946 3817 constantiam
2975 3763 3265 3831 decoram;
3302 3765 3347 3819 si
3403 3775 3587 3821 autem

2007 3860 2061 3906 et
2092 3851 2143 3906 in
2170 3851 2262 3907 illo
2290 3854 2546 3908 decorum
2571 3865 2654 3911 est
2679 3856 2887 3927 ingredi
2916 3855 3072 3923 loco;
3103 3865 3158 3911 et
3189 3858 3412 3927 incipiat
3437 3859 3585 3914 dice-

2008 3958 2067 4000 re
2094 3962 2107 3997 :
2138 3945 2411 4009 Insanitis,
2434 3961 2467 4001 o
2490 3945 2741 4001 homines
2773 3964 2789 4004 :
2826 3963 2935 4002 non
2972 3949 3167 4003 videtis
3208 3948 3381 4004 oculis
3412 3968 3427 4004 :
3460 3964 3587 4003 sur-

2007 4037 2089 4092 da:
2112 4038 2263 4092 vobis
2284 4048 2410 4094 sunt
2438 4054 2619 4095 aures.
2652 4040 2759 4096 Iste
2800 4040 2945 4098 enim
2973 4042 3066 4111 qui
3097 4041 3280 4109 saltat,
3313 4041 3453 4096 ludit
3491 4057 3586 4098 ve-

2007 4145 2174 4188 SIram
2193 4132 2506 4199 cultionem,
2530 4134 2778 4204 deturpat
2805 4150 2870 4190 ea
2913 4150 3033 4205 qua:
3070 4134 3283 4203 colitis,
3320 4133 3584 4189 mentitur

2006 4229 2131 4294 iste,
2161 4235 2216 4281 et
2244 4242 2343 4283 vos
2367 4226 2710 4283 consentitis.
2739 4228 2905 4284 Putas
2933 4229 3212 4299 patientur
3232 4268 3248 4294 ,
3280 4237 3339 4281 ut
3371 4227 3590 4298 impleat

2006 4319 2412 4375 accusationem
2440 4330 2494 4375 et
2523 4322 2921 4377 convictiouem
2939 4362 2954 4387 ,
2978 4330 3033 4375 et
3060 4337 3167 4376 non
3194 4320 3363 4391 ipsius
3390 4318 3591 4374 theatri

2007 4407 2338 4476 accipientes
2374 4408 2579 4477 lapides
2616 4410 2793 4465 mittet
2838 4418 2933 4464 aut
2968 4410 3151 4464 volvet
3190 4409 3590 4479 unusquisque,

2006 4508 2067 4553 ut
2094 4501 2141 4554 ei
2185 4498 2349 4554 inierit
2374 4502 2569 4567 virtus,
2599 4513 2855 4573 tanquam
2909 4503 2976 4557 ad
3016 4505 3361 4572 deceptorem
3402 4511 3459 4557 et
3508 4502 3591 4558 in-

318 4600 659 4663 praevenerat
690 4591 891 4656 omnia,
915 4606 1020 4644 non
1054 4590 1326 4645 habebant
1352 4589 1531 4645 locum
1566 4606 1740 4657 mare,
1786 4601 1897 4646 ter-
1931 4578 1977 4634 Ι)
2006 4593 2365 4651 terlicientem
2405 4596 2497 4666 qui
2548 4597 2872 4651 beneficium
2919 4595 3231 4650 tribuebat?
3291 4594 3347 4650 Si
3409 4605 3588 4651 autem

318 4702 378 4741 ra
401 4693 457 4741 et
489 4684 710 4740 caelum.
742 4681 799 4738 Si
835 4691 1014 4737 autem
1055 4683 1273 4753 quidem
1304 4683 1405 4738 ista
1437 4692 1587 4750 sunt,
1622 4683 1766 4740 Deus
1802 4700 1900 4738 au-

318 4788 427 4832 tem
451 4791 514 4831 ea
569 4774 718 4839 fecit,
749 4783 804 4828 et
836 4775 1120 4843 gubernat,
1145 4784 1200 4830 et
1239 4775 1415 4844 regit;
1474 4775 1764 4831 invisibilis
1816 4787 1901 4830 est

316 4877 499 4922 rector
532 4863 892 4922 invisibilibus
939 4865 1093 4934 aquis
1139 4875 1477 4934 superstans.
1522 4864 1579 4921 Si
1612 4865 1754 4919 enim
1784 4865 1900 4935 ipse

316 4974 424 5012 non
496 4966 739 5026 regeret,
794 4972 1066 5028 nunquam
1109 4972 1268 5028 passa
1317 4959 1507 5012 luisset
1553 4967 1695 5012 terra
1725 4973 1897 5024 mare,

316 5058 372 5101 et
397 5060 571 5116 neque
595 5063 742 5103 mare
767 5058 990 5117 terram,
1035 5049 1263 5105 adversa
1315 5060 1372 5105 et
1413 5049 1640 5119 jurgans
1702 5062 1894 5104 natura

315 5151 371 5196 et
391 5142 609 5212 erigens
650 5155 744 5205 se,
772 5154 826 5196 et
874 5145 1164 5212 extollens,
1219 5154 1276 5199 et
1325 5143 1560 5209 minans,
1591 5142 1787 5198 indens
1839 5152 1894 5199 et

316 5235 653 5291 contendens
685 5232 793 5303 (16)
820 5248 835 5296 ;
864 5235 1118 5290 invisibili
1148 5232 1329 5292 autem
1360 5251 1519 5291 manu
1545 5251 1640 5291 sua
1675 5237 1898 5293 statutis

315 5327 420 5382 sibi
448 5324 697 5405 terminis
722 5326 788 5379 lis
810 5340 913 5379 non
946 5328 1363 5397 transgreditur.
1410 5327 1553 5396 Ergo
1579 5340 1676 5398 per
1708 5328 1898 5384 visibi-

317 5421 386 5475 lia
428 5419 715 5475 invisibilis
782 5419 1140 5488 conspicitur,
1166 5422 1310 5476 sicut
1335 5422 1601 5493 scriptum
1627 5433 1709 5477 est
1742 5441 1757 5477 :
1794 5421 1896 5476 Iu-

318 5513 543 5570 tisibilia
566 5523 741 5567 autent
767 5513 882 5567 eius
915 5529 1008 5582 per
1034 5522 1333 5567 creaturam
1354 5516 1538 5570 mundi
1564 5532 1628 5570 ea:
1651 5516 1893 5585 operibus

385 5668 432 5702 “
460 5658 649 5725 Matth.
669 5682 709 5734 ι,
739 5666 831 5723 23.
907 5666 955 5699 ⁸⁸
977 5666 1134 5722 Rom.
1155 5682 1194 5733 ι,
1223 5665 1314 5721 20.
1391 5668 1435 5699 "
1458 5667 1616 5729 Joan.
1644 5687 1700 5740 ν,
1726 5669 1823 5726 37.

387 5831 498 5903 (l5)
523 5830 620 5903 Ms.
659 5828 730 5903 Ut
765 5847 998 5899 apponas
1018 5806 1065 5885 ei
1088 5828 1285 5887 oculos.
1434 5874 1445 5903 ς

392 5900 504 5961 illi)
528 5902 628 5960 Ms.
649 5902 716 5959 Et
751 5904 921 5958 minas
947 5903 1130 5979 indens
1153 5911 1200 5958 et
1226 5900 1556 5981 contendens.

2006 4701 2063 4744 et
2091 4704 2376 4759 personam
2410 4689 2666 4752 comoedi,
2694 4700 2787 4744 aut
2807 4689 3025 4743 illorum
3050 4689 3142 4759 qui
3180 4687 3255 4742 illi
3295 4687 3589 4757 plurimum

2005 4782 2246 4837 clamore
2276 4791 2629 4844 consuerunt,
2684 4782 2948 4836 inducens
2989 4780 3113 4849 quis
3155 4778 3320 4835 fuerit
3382 4778 3589 4848 ingres-

2007 4889 2103 4929 sus
2131 4875 2184 4928 in
2224 4874 2408 4930 habitu
2442 4874 2660 4943 quidem
2704 4872 2834 4943 lupi,
2880 4874 3101 4944 incipiat
3146 4883 3327 4927 autem
3371 4873 3586 4927 dicere:

2009 4965 2105 5021 Est
2129 4965 2294 5031 Deus,
2329 4976 2383 5021 et
2415 4967 2518 5021 iste
2542 4982 2647 5022 non
2685 4965 2736 5021 in
2776 4966 3012 5035 templis,
3036 4982 3142 5021 non
3172 4967 3225 5020 in
3253 4965 3586 5030 simulacris,

2007 5075 2115 5113 non
2147 5060 2201 5114 in
2231 5059 2481 5129 picturis,
2509 5059 2691 5114 nonin
2724 5061 2974 5114 manibus
3017 5058 3287 5114 artiﬁcum
3314 5076 3329 5112 ε
3362 5059 3405 5114 si
3433 5058 3587 5113 dixe-

2005 5152 2079 5207 rit
2104 5166 2229 5207 vera
2260 5152 2401 5221 apud
2426 5167 2522 5208 eos
2549 5152 2639 5221 qui
2670 5151 3003 5208 meditantur
3026 5150 3219 5205 menda
3249 5150 3387 5222 (l8),
3429 5162 3587 5221 putas

2004 5241 2307 5296 concedent
2355 5241 2578 5310 implere
2630 5240 2876 5295 veritatis
2938 5256 3242 5305 sermones,
3286 5256 3391 5296 non
3460 5252 3586 5296 ante

2006 5348 2282 5389 sermones
2342 5334 2570 5389 obruent
2609 5348 2731 5389 eum
2775 5333 3043 5401 lapidibus
3090 5334 3404 5390 dicentem?
3452 5333 3584 5390 Nam

2006 5425 2109 5479 etsi
2134 5424 2258 5479 talia
2291 5439 2395 5480 non
2432 5426 2568 5480 ﬁunt
2612 5428 2662 5480 in
2723 5427 2988 5491 ecclesiis,
3027 5436 3204 5481 tamen
3243 5442 3368 5482 cum
3416 5442 3584 5497 supra

2005 5515 2417 5572 sensibilitatem
2484 5519 2817 5575 moverimus
2870 5534 3180 5575 sermonem
3216 5557 3233 5587 ,
3285 5519 3437 5575 multi
3483 5534 3583 5577 nos

2079 5827 2192 5902 (17)
2234 5828 2627 5902 Qslendetjmus
2672 5828 2836 5884 Forte
2862 5828 3267 5888 extenderimus.

2078 5900 2191 5963 ll8)
2228 5900 2442 5959 Meuda.
2468 5900 2632 5961 Forte
2665 5902 2963 5958 mendacia.
