4100 6456
548 362 690 417 1127

1255 357 1525 415 EUSEBII
1563 357 2051 414 CIESARIENSIS
2088 357 2237 443 OPP.
2283 357 2462 412 PARS
2499 356 2593 412 ιν.
2635 386 2703 401 -
2740 354 3162 414 DOGMATICA.

3664 358 3803 411 H28

547 476 972 546 derelinquunt:
1010 482 1065 527 et
1094 487 1320 542 corpore
1341 472 1555 541 quidem
1606 473 1934 528 erubescunt
1977 450 2197 538 rece-
2224 487 2418 528 carnes
2457 471 2572 544 (20)
2617 472 2801 527 vivent
2833 488 2850 536 ;
2898 473 2992 527 sed
3047 473 3228 525 anima
3252 507 3269 535 ,
3320 479 3377 525 et
3418 472 3721 542 cogitatus,
3749 478 3802 528 e'

546 572 698 631 dere,
727 576 909 621 mente
935 573 1118 618 autem
1145 563 1275 617 olim
1304 562 1713 631 dereliquerunt
1751 577 1766 615 :
1806 573 2123 633 reputantes

545 660 690 729 apud
716 673 798 721 se,
832 656 1005 725 magis
1031 667 1213 709 autem
1241 653 1557 708 lraudantes
1590 666 1645 709 et
1675 669 1782 708 non
1830 654 2125 708 admitten-

546 760 651 807 tes.
704 749 799 804 Est
847 763 977 819 ergo
1030 746 1234 816 aliquid
1277 746 1421 814 quod
1453 761 1558 801 non
1598 755 1776 815 potest
1823 762 2013 801 manus
2054 754 2124 801 le-

547 855 677 897 uere
710 858 724 896 :
757 850 841 895 est
895 837 1097 908 aliquid
1126 835 1273 906 quod
1298 852 1405 890 non
1438 846 1617 905 potest
1658 836 1850 891 oculus
1895 836 2121 892 videre:

547 941 631 989 est
664 931 864 1001 aliquid
898 930 1041 1000 quod
1104 945 1209 985 non
1272 938 1358 984 est
1396 927 1755 984 sensibilitas.
1808 926 1925 983 Non
1958 928 2125 984 habes

548 1030 786 1084 animam
808 1028 832 1082 ?
857 1026 1037 1082 vidisti
1070 1005 1169 1081 ista
1194 1022 1348 1095 (l9)?
1376 1032 1536 1093 putas
1553 1038 1704 1092 ergo,
1732 1021 1859 1091 quia
1885 1022 2122 1076 animam

551 1139 654 1177 nou
684 1120 865 1175 vidisti
895 1128 1065 1181 tuam,
1095 1134 1200 1173 non
1229 1125 1315 1173 est
1346 1116 1489 1186 quod
1531 1115 1736 1169 babes?
1777 1124 1833 1169 et
1878 1127 2029 1169 certe
2056 1115 2123 1168 de

538 1215 726 1271 .auima
759 1212 955 1266 dubius
988 1226 1108 1265 esse
1135 1226 1239 1264 non
1270 1210 1433 1264 debes
1458 1209 1501 1263 si
1531 1216 1637 1273 est,
1661 1208 1754 1262 sed
1779 1207 1846 1261 de
1874 1223 2119 1278 corpore.

544 1303 771 1372 Corpori
810 1303 953 1356 enim
992 1312 1053 1356 ut
1085 1302 1179 1367 sit,
1218 1301 1506 1369 praesentia
1534 1298 1664 1352 facit
1699 1299 1895 1352 anima:
1936 1317 1950 1353 :
1992 1314 2120 1352 num

545 1398 711 1451 debes
737 1395 1021 1450 dubitare?
1057 1395 1112 1449 Si
1147 1394 1296 1447 videt
1319 1391 1509 1447 oculus
1547 1401 1691 1460 tuus,
1716 1391 1761 1446 si
1803 1399 1983 1462 gustat
2022 1390 2123 1443 lin-

544 1506 644 1558 gua
674 1498 726 1543 et
774 1489 1034 1560 loquitur,
1062 1497 1119 1542 et
1160 1487 1203 1542 si
1246 1487 1419 1555 tangit
1477 1500 1707 1550 manus;
1738 1499 1837 1539 cur
1882 1483 2118 1546 dubitas,

544 1592 601 1636 et
632 1597 741 1638 non
774 1583 948 1651 magis
981 1578 1265 1635 edoceris?
1318 1575 1560 1633 Ostendo
1604 1576 1701 1631 tibi
1741 1590 1939 1647 corpus
1985 1590 2123 1629 mor-

545 1673 665 1728 tui:
698 1673 885 1729 oculus
913 1672 961 1728 ei
1015 1688 1121 1726 non
1177 1671 1348 1734 deest,
1396 1677 1450 1724 et
1484 1685 1590 1725 non
1652 1667 1842 1732 videt;
1880 1666 2117 1737 linguam

544 1766 728 1831 habet,
781 1777 837 1821 et
900 1780 1205 1820 sermonem
1238 1777 1342 1819 non
1386 1761 1584 1830 habet;
1654 1775 1816 1816 aures
1842 1758 2023 1821 habet,
2066 1766 2121 1813 et

2223 577 2436 623 sensus.
2471 564 2529 618 Si
2566 574 2744 618 autem
2767 573 2823 619 et
2852 562 3182 620 contenditis
3211 578 3333 618 esse
3356 578 3583 634 corpora
3611 576 3793 621 etcar~

2224 671 2319 710 nes
2357 655 2626 717 Deopnon
2656 668 2995 725 opponamus
3033 654 3085 709 ei
3127 655 3219 724 qui
3267 670 3371 710 non
3403 655 3665 726 suscipit,
3706 659 3801 712 sed

2222 748 2294 803 sit
2320 757 2601 817 separatus
2628 756 2681 799 ut
2731 755 2850 812 est,.
2883 746 2954 801 sit
2997 760 3182 816 purus,
3226 746 3299 800 sit
3342 746 3477 801 liber
3530 751 3801 817 corporali

2224 837 2416 893 allecto
2452 837 2519 892 ab
2551 838 2698 893 omni
2734 836 2873 903 loco,
2897 837 2969 891 ab
2993 837 3141 892 omni
3172 838 3409 905 regione,
3438 839 3506 894 ab
3534 841 3677 894 omni
3703 856 3799 894 na-

2225 939 2365 983 tura.
2396 928 2556 984 Solus
2581 931 2727 984 enim
2757 938 2847 984 est
2879 929 2931 983 in
2976 928 3302 1000 semetipso,
3338 929 3484 983 solus
3530 931 3665 999 apud
3708 945 3799 985 se-

2224 1021 2541 1091 metipsum,
2594 1020 2740 1077 solus
2791 1030 3068 1089 reparatus
3107 1024 3173 1076 ad
3214 1037 3302 1089 se,
3351 1033 3405 1077 et
3446 1036 3567 1077 cum
3604 1022 3675 1078 sit
3716 1039 3798 1076 re-

2224 1122 2445 1182 paratus
2472 1112 2538 1167 ad
2564 1127 2642 1177 se,
2675 1112 2907 1183 complet
2928 1114 3135 1181 omnia,
3171 1114 3265 1169 sed
3291 1128 3395 1168 non
3422 1116 3791 1184 corporaliter.

2224 1200 2374 1258 Tuba
2404 1218 2541 1273 opus
2565 1212 2678 1269 est;
2738 1218 2841 1258 vox
2869 1204 3104 1259 maxima
3138 1205 3448 1258 necessaria
3486 1213 3568 1259 est
3614 1220 3629 1257 :
3684 1221 3796 1257 tua-

2222 1298 2306 1367 gis
2333 1306 2515 1352 autem
2540 1312 2639 1352 nec
2684 1312 2806 1361 vox,
2845 1313 2943 1352 nec
2993 1297 3142 1363 tuba,
3197 1298 3293 1351 sed
3351 1311 3504 1351 mens
3553 1313 3707 1368 pura,
3738 1307 3797 1351 ut

2220 1390 2471 1443 videatur
2499 1390 2589 1459 qui
2625 1404 2732 1443 non
2761 1389 2994 1454 videtur,
3041 1398 3101 1443 ut
3127 1388 3376 1442 audiatur
3426 1390 3518 1458 qui
3564 1404 3667 1442 non
3708 1403 3797 1443 au-

2225 1480 2393 1548 ditur,
2424 1490 2482 1535 ut
2524 1480 2853 1550 intelligatur
2880 1481 2970 1550 qui
3008 1495 3114 1535 non
3166 1479 3581 1551 interpretatur,
3627 1490 3680 1534 et
3708 1481 3793 1536 di-

2221 1583 2375 1627 catur
2400 1571 2490 1641 qui
2523 1585 2626 1626 non
2657 1571 2888 1636 dicitur,
2917 1580 2975 1625 ut
2998 1582 3325 1643 agnoscatur
3362 1572 3455 1643 qui
3506 1587 3612 1627 non
3646 1588 3796 1628 eom-

2221 1664 2609 1736 prehenditur,
2667 1673 2723 1719 et
2791 1665 2863 1719 sit
2918 1664 3007 1719 isti
3068 1664 3159 1719 tali
3227 1664 3337 1718 Deo
3391 1679 3487 1735 per
3539 1678 3659 1719 eum
3702 1665 3793 1736 qui

2220 1755 2382 1811 talem
2411 1755 2568 1811 nobis
2615 1757 2896 1811 annuntiat
2938 1766 2991 1812 et
3040 1755 3429 1827 interpretatur
3468 1757 3636 1811 Deum
3683 1757 3795 1828 glo-

543 1858 785 1913 auditum
821 1873 925 1913 non
953 1856 1160 1931 habet;
1201 1871 1306 1910 non
1334 1865 1522 1923 gustus
1556 1855 1628 1920 ei,
1665 1868 1770 1908 non
1812 1860 2008 1908 tactus.
2040 1849 2124 1904 ln-
2150 1838 2193 1894 Β
2225 1849 2324 1914 ria,
2362 1849 2555 1913 honor,
2589 1848 2874 1919 imperium
2899 1886 2917 1915 ,
2950 1848 3205 1917 maiestas
3259 1849 3312 1903 in
3362 1848 3567 1918 Spiritu
3600 1860 3792 1905 sancto

542 1949 707 2003 tueris
743 1947 863 2016 quia
903 1948 1165 2002 abscessit
1198 1946 1393 2000 artifex
1445 1944 1773 2011 invisibilis,
1820 1951 1875 1997 et
1930 1954 2118 1996 cessa-

544 2047 671 2094 runt
726 2037 960 2095 visibilia
1012 2037 1597 2110 operamentalNunc
1651 2049 1847 2105 corpus
1898 2050 1913 2089 :

2220 1950 2276 1996 et
2306 1955 2447 1996 nunc
2479 1952 2536 1996 et
2563 1954 2775 2010 semper
2792 1979 2809 2006 ,
2835 1947 2890 1995 et
2919 1953 3015 2010 per
3033 1939 3213 1996 omnia
3231 1938 3425 1996 saecula
3447 1940 3787 1998 szeculorum.

1968 2048 2113 2089 nunc
2214 2034 2409 2092 Amen.

2634 2208 3784 2233 m

1509 2424 2071 2544 EUSEBII
2148 2427 2838 2544 PAMPHILI

1368 2687 2999 2819 DEINCORPOBALU

1864 2907 2099 2971 LIBER
2141 2908 2461 2972 PRIMUS.

613 3318 894 3375 Multitudo
918 3318 1274 3389 quaestionum
1304 3318 1359 3374 in
1390 3319 1478 3375 his
1502 3334 1623 3387 quas
1653 3320 1789 3377 lecta
1839 3329 1964 3377 sunt
1999 3322 2117 3378 haec
2142 3331 2188 3393 ρ
2218 3324 2399 3379 omnia
2430 3337 2716 3393 corporum
2753 3332 2879 3379 sunt
2910 3324 3039 3381 vitia
3064 3334 3121 3382 et
3152 3326 3459 3398 passiones,
3489 3337 3546 3382 et
3573 3328 3794 3383 divisio-

541 3413 871 3474 continetur.
911 3409 976 3467 Et
1023 3409 1164 3467 forte
1210 3427 1333 3467 cum
1390 3412 1597 3483 jejunio
1648 3415 1895 3481 poteritis
1930 3415 2120 3470 audire

539 3516 593 3560 ct
626 3520 745 3575 quae
777 3512 899 3559 sunt
926 3520 1047 3575 qua:
1077 3514 1393 3574 quaeruntur
1416 3545 1433 3571 ,
1476 3514 1531 3560 et
1573 3520 1693 3574 qua:
1722 3520 1909 3561 eorum
1953 3507 2123 3562 inter-

543 3597 776 3668 pretatio
804 3596 1089 3651 habeatur.
1123 3596 1395 3663 Quaeritur
1424 3598 1570 3651 enim
1604 3598 1656 3652 in
1700 3597 1783 3652 his
1824 3612 1947 3668 quae
1981 3598 2118 3654 lecta

542 3700 689 3756 sunt,
744 3690 790 3745 sl
850 3689 993 3745 Deus
1043 3690 1096 3744 in
1155 3699 1393 3744 montem
1437 3691 1717 3746 descendit
1751 3692 1906 3756 Sina,
1965 3700 2021 3746 et
2074 3692 2118 3747 si

541 3782 909 3837 circumdatur
956 3782 1098 3837 Deus
1158 3782 1210 3835 in
1260 3792 1444 3837 monte
1492 3792 1587 3837 aut
1649 3782 1789 3838 loco.
1843 3783 2120 3850 Quaeritur

539 3874 706 3928 etiam
734 3890 855 3944 quae
903 3884 1022 3930 erat
1069 3876 1233 3942 tuba,
1280 3890 1403 3946 qua:
1446 3890 1542 3932 ore
1583 3876 1956 3945 proferebatur
2003 3876 2118 3933 Dei.

545 3963 839 4034 Quaeritur,
887 3981 985 4021 cur
1031 3967 1527 4037 appmpinqnantes
1576 3968 1641 4022 ad
1690 3978 1902 4023 montes
1924 3968 2035 4041 (21)
2068 3970 2119 4024 in

546 4071 653 4128 quo
708 4068 828 4112 erat
877 4058 1039 4123 Deus,
1082 4058 1584 4125 interﬁciebantur,
1638 4068 1694 4115 et
1738 4061 2122 4132 prohibebatur

543 4150 771 4221 populus
803 4150 1252 4220 appropinquare.
1295 4149 1433 4218 Quid
1462 4150 1565 4205 sibi
1600 4151 1712 4207 vult
1743 4153 1997 4207 columna
2021 4170 2122 4207 nu-

543 4241 626 4298 bis
660 4240 749 4298 ubi
780 4252 863 4296 est
893 4240 1071 4296 Dens?
1107 4242 1236 4311 quid
1264 4242 1425 4295 etiam
1460 4256 1615 4297 mons
1650 4242 1909 4299 fumans?
1937 4244 2122 4299 Adda-

542 4344 629 4389 tur
662 4345 841 4388 autem
875 4334 990 4398 his,
1022 4348 1122 4388 cur
1148 4334 1192 4388 si
1245 4334 1365 4404 quis
1390 4335 1616 4390 vidisset
1652 4336 1816 4391 Deum
1851 4336 2121 4391 morieba-

543 4435 654 4491 tur,
685 4436 737 4481 et
766 4442 870 4481 non
904 4426 1075 4498 magis
1120 4427 1358 4482 vivebat.
1405 4426 1515 4484 Has
1563 4444 1752 4485 omnes
1794 4430 2121 4499 quaestiones

540 4518 709 4573 ambit
726 4518 874 4572 locus
886 4517 976 4587 qui
1004 4519 1178 4573 lectus
1193 4521 1535 4575 est.0rantes
1554 4520 1719 4589 igitur
1736 4521 1908 4590 ipsum
1930 4521 2119 4588 Deum,

540 4608 630 4678 qui
662 4607 811 4662 solus
839 4616 1016 4675 potest
1044 4623 1142 4663 sua
1170 4609 1402 4675 edicere,
1434 4611 1503 4663 ita
1533 4612 1597 4664 ad
1617 4609 1913 4666 solutiones
1940 4612 2122 4666 istius-

2222 3431 2319 3470 nes
2346 3423 2401 3471 et
2431 3417 2773 3479 partitiones.
2816 3414 2909 3471 Illa
2944 3430 3124 3473 autem
3177 3430 3369 3473 natura
3419 3418 3585 3476 libera
3634 3430 3717 3476 est
3768 3437 3795 3474 ε

2220 3508 2563 3577 corporibus,
2599 3524 2703 3561 non
2732 3508 2907 3563 solum
2942 3520 3001 3564 ut
3041 3526 3150 3565 non
3178 3512 3251 3565 sit
3278 3526 3474 3582 corpus
3496 3555 3510 3576 ,
3538 3514 3631 3567 sed
3653 3524 3703 3567 et
3739 3525 3799 3569 ut

2221 3617 2328 3657 non
2361 3601 2557 3656 habeat
2580 3617 2798 3672 corpus.
2834 3600 2943 3660 Nec
2965 3604 3110 3658 enim
3156 3614 3215 3657 ut
3263 3606 3443 3661 anima
3475 3605 3795 3675 incorpora-

2221 3694 2289 3748 lis
2335 3694 2553 3763 quidem
2606 3703 2710 3761 est,
2748 3694 2891 3751 circa
2934 3708 3130 3766 corpus
3177 3706 3357 3751 autem
3401 3698 3797 3767 quodammodo

2220 3794 2324 3847 est,
2366 3793 2459 3838 aut
2484 3799 2682 3855 corpus
2710 3786 2855 3839 circa
2884 3785 3055 3856 ipsam
3076 3825 3095 3854 ,
3123 3798 3215 3841 aut
3249 3790 3518 3858 quomodo
3547 3790 3668 3858 quis
3697 3806 3795 3845 vo~

2222 3874 2385 3931 luerit
2419 3876 2599 3931 dicere
2633 3891 2647 3928 :
2683 3891 2859 3945 neque
2902 3878 3005 3934 hoc
3037 3880 3406 3950 accipiendum
3448 3882 3512 3936 de
3550 3883 3658 3937 Deo
3686 3893 3793 3947 est,

2220 3968 2346 4037 quia
2379 3984 2553 4038 neque
2602 3985 2800 4041 corpus
2841 3980 2925 4026 est
2971 3971 3147 4038 Deus,
3198 3989 3371 4043 neque
3415 3991 3613 4043 corpus
3650 3977 3794 4031 circa

2223 4059 2422 4129 ipsum,
2446 4076 2620 4130 neque
2648 4062 2701 4116 in
2729 4076 2956 4133 corpore
2978 4073 3061 4119 est
3084 4063 3217 4132 ipse.
3252 4063 3319 4118 Et
3338 4066 3459 4137 quis
3481 4068 3797 4135 corporibus

2224 4150 2519 4206 innutritus
2566 4150 2708 4207 forte
2752 4153 3138 4221 suspicabitur,
3200 4156 3335 4211 nihil
3371 4172 3491 4213 esse
3534 4161 3796 4228 enm,qui

2223 4254 2333 4295 non
2364 4250 2598 4307 tenetur,
2622 4258 2723 4297 nec
2747 4243 2981 4307 videtur,
3007 4259 3106 4298 nec
3129 4254 3393 4313 arctatur,
3410 4262 3506 4302 nec
3540 4251 3794 4318 tangitur.

2224 4333 2330 4388 Sed
2383 4349 2682 4389 conversus
2730 4335 3016 4389 edoceatur
3064 4348 3314 4391 naturam
3376 4339 3610 4410 negotii,
3674 4343 3796 4409 quia

2220 4442 2343 4497 qua:
2379 4426 2652 4491 videntur,
2684 4434 2739 4481 et
2771 4427 3002 4482 tactibus
3031 4427 3332 4492 incurrunt,
3370 4437 3427 4482 et
3472 4431 3799 4500 cogitatibus

2223 4516 2642 4587 amplectuntur,
2692 4533 2818 4573 vere
2874 4534 3151 4589 nunquam
3208 4531 3355 4576 sunt.
3402 4522 3462 4576 Si
3516 4531 3699 4578 autem
3750 4537 3801 4580 et

2225 4609 2553 4665 transfertur
2582 4619 2639 4665 et
2666 4620 3085 4677 transmutatur,
3116 4622 3172 4668 et
3201 4615 3485 4683 scinditur,
3518 4627 3575 4672 et
3602 4620 3799 4674 dividi-

541 4700 688 4755 modi
736 4702 1036 4753 veniemus.
1095 4699 1261 4754 Deum
1321 4704 1542 4771 quidem
1591 4704 1895 4757 circumdat
1951 4705 2117 4772 nihil;
2150 4696 2196 4754 D
2226 4714 2332 4765 tur,
2357 4712 2413 4757 et
2459 4704 2740 4773 putrescit,
2790 4714 2845 4759 et
2898 4720 3174 4775 nunquam
3224 4708 3397 4777 ipsum
3439 4707 3552 4779 (22)
3602 4711 3799 4781 accipit

539 4791 844 4848 circumdat
881 4802 1062 4847 autem
1100 4791 1241 4847 Deus
1285 4795 1468 4849 omnia
1494 4836 1510 4863 ,
1569 4810 1675 4850 non
1743 4795 2118 4867 corporaliter.

542 4882 755 4938 Virtute
797 4884 941 4939 enim
993 4883 1318 4954 iucorporali
1370 4885 1526 4941 adest
1591 4888 1880 4950 omnibus,
1923 4888 2121 4957 ubique

542 4992 781 5047 praesens
807 4987 910 5043 est,
942 4986 997 5031 et
1021 4977 1089 5031 ab
1115 4978 1366 5032 omnibus
1393 4988 1674 5047 separatus
1702 4993 1804 5035 est.
1832 4979 1947 5034 Non
1976 4980 2118 5035 enim

543 5079 601 5122 ut
631 5069 1021 5139 permisceatur
1051 5069 1226 5131 adest,
1254 5079 1346 5124 aut
1374 5081 1433 5124 ut
1461 5071 1765 5140 copuletur,
1804 5083 1896 5127 aut
1923 5082 1978 5127 ut
2000 5073 2122 5143 jun-

543 5171 727 5231 gatur;
778 5162 870 5217 sed
902 5161 1039 5216 liber
1075 5171 1129 5217 et
1172 5173 1454 5233 Separattts
1496 5163 1669 5217 adest.
1723 5164 1891 5219 Adest
1939 5174 2116 5219 autem

544 5268 649 5308 non
672 5253 900 5319 divisus,
931 5265 1023 5309 aut
1050 5255 1274 5317 scissus,
1305 5264 1396 5310 aut
1423 5266 1756 5327 segregatus.
1786 5255 1970 5325 Neque
1995 5271 2119 5327 pars

544 5347 760 5417 quidem
794 5346 910 5415 ejus
964 5347 1151 5411 adest,
1181 5362 1305 5416 pars
1357 5356 1536 5402 autem
1568 5348 1760 5414 abest;
1807 5363 1980 5417 neque
2030 5347 2120 5402 hic

543 5440 759 5510 quidem
791 5455 917 5510 pars
942 5439 1079 5505 alia,
1112 5438 1215 5493 alia
1243 5449 1422 5495 autem
1472 5453 1599 5509 pars
1634 5439 1785 5495 alibi.
1824 5438 1927 5495 Ista
1972 5441 2117 5495 enim

615 5658 728 5728 (19)
761 5657 896 5728 (sta.
926 5657 1088 5714 Forte
1110 5659 1286 5712 istam.
1576 5726 1611 5728 μ
1988 5704 1995 5717 κ

614 5725 727 5801 (20)
760 5725 917 5782 Nunc
941 5745 1148 5798 corpus,
1178 5744 1313 5783 nunc
1345 5744 1547 5785 carnes.
1572 5726 1751 5795 Forte,
1776 5743 1876 5785 non
1910 5742 2121 5797 corpus,

547 5815 648 5853 non
674 5814 878 5854 ωηερε.

2220 4804 2443 4849 statum.
2476 4793 2683 4861 Quibus
2721 4794 2867 4849 enim
2902 4796 3203 4866 proprietas
3228 4806 3350 4863 est,
3375 4800 3667 4856 minoratio
3700 4807 3797 4855 ista

2220 4884 2465 4940 videtur:
2486 4884 2610 4954 quid
2631 4884 2773 4938 enim
2802 4884 3077 4954 proprium
3098 4894 3183 4939 est
3209 4890 3527 4955 corporibus
3553 4890 3656 4945 nisi
3685 4892 3797 4964 (23)

2220 4978 2607 5033 veterascant?
2637 4978 2693 5034 Si
2719 4979 2863 5033 enim
2894 4987 3039 5033 esset
3063 4992 3352 5048 corporum
3390 4992 3578 5035 natura
3614 4985 3795 5054 perfe-

2223 5077 2343 5134 cta,
2378 5086 2485 5124 non
2538 5071 2803 5141 indigeret
2848 5071 3007 5125 istam
3060 5072 3415 5127 additamenti
3460 5088 3794 5132 mensuram.

2223 5162 2299 5216 lta
2325 5164 2468 5217 enim
2495 5178 2722 5233 corpora
2749 5162 2963 5219 inﬁrma
2986 5172 3147 5232 sunt,
3183 5176 3239 5221 et
3271 5166 3359 5220 illa
3404 5168 3640 5222 maxime
3678 5187 3797 5241 qua:

2228 5255 2477 5309 videntur
2512 5254 2807 5310 fortissima
2843 5272 2984 5318 esse.
3032 5259 3157 5328 quia
3182 5259 3434 5330 adjuvare
3457 5274 3516 5314 se
3540 5276 3645 5314 non
3675 5278 3799 5331 pos-

2223 5353 2367 5402 sunt.
2396 5345 2451 5399 Si
2489 5346 2630 5399 enim
2660 5348 2845 5415 pulsus
2870 5345 3031 5401 luerit
3058 5348 3192 5417 lapis
3211 5390 3227 5416 ,
3255 5359 3309 5401 et
3336 5348 3501 5403 semel
3529 5355 3798 5420 acceperit

2226 5437 2435 5492 initium
2466 5438 2735 5505 ntcadat,
2770 5448 2826 5493 et
2848 5440 3076 5509 coeperit
3099 5440 3428 5507 comminui,
3466 5456 3572 5496 non
3624 5454 3797 5511 potesl

2297 5654 2408 5724 (2i)
2436 5654 2659 5710 Montes.
2688 5655 2790 5710 Pro
2818 5668 3062 5712 montem.

2298 5726 2410 5797 (ῃ)
2440 5725 2643 5797 ipsum.
2664 5727 2856 5790 Αὐτόν,
2890 5730 3147 5785 eumdem.

2300 5794 2414 5861 αὖ)
2446 5794 2583 5854 Nisi.
2609 5796 2789 6025 Ἑνὶ.
2822 5798 2924 5853 nisi
2946 5808 3025 5855 ut.

2672 6046 2705 6080 cn.
