4098 6398
317 376 478 436 ,1129

1635 380 1725 436 οε
1758 379 2246 458 tsconropau.

3449 384 3586 440 “30

326 510 583 552 revocare
638 508 791 550 suam
851 498 1100 562 ruinam;
1142 509 1194 553 et
1241 502 1284 554 si
1342 503 1543 557 scissus
1591 505 1752 558 fuerit
1794 521 1897 559 non
1929 510 1972 564 Α
2004 501 2082 570 git
2109 502 2253 555 enim
2288 502 2501 555 ﬂamma
2537 516 2683 556 eum.
2715 500 2769 555 Si
2801 511 2982 556 antem
3022 501 3164 572 ignis
3209 502 3585 562 confabulatus

318 589 683 660 conjungitur,
718 598 772 642 et
798 590 1004 645 divisus
1043 590 1213 646 distat
1238 608 1266 646 a
1300 596 1613 664 semetipso.
1645 594 1721 650 ita
1752 608 1806 652 et
1833 599 1900 652 de

319 681 589 736 montibus
613 679 923 735 ediciuntur
950 681 1244 738 incisiones
1273 695 1326 738 et
1371 687 1568 752 ruinzc;
1603 697 1657 742 et
1695 701 1896 758 quanto

318 771 522 840 majora
565 783 692 826 sunt
726 787 846 842 qua:
874 774 1228 838 scinduntur,
1258 785 1409 830 tanto
1441 794 1646 849 magum
1689 790 1816 834 sunt
1845 791 1900 835 et

319 863 509 916 ruina‘.
542 862 608 916 Et
634 876 740 916 non
770 863 822 916 in
871 863 1233 918 crassitudine
1274 867 1450 920 virtus
1482 878 1583 922 est.
1605 867 1664 922 Si
1717 879 1896 923 autem

315 962 527 1022 oportet
565 964 620 1009 et
659 955 897 1024 ipsorum
927 969 1218 1024 corporum
1251 959 1485 1013 scrutari
1517 969 1774 1025 naturas,
1809 975 1894 1017 se-

315 1045 548 1098 cundum
578 1047 906 1115 propositam
935 1047 1292 1115 quaestionem
1323 1062 1721 1120 consequenter
1747 1053 1895 1109 video

315 1135 508 1196 bimus,
557 1136 681 1204 quia
717 1146 772 1191 et
825 1138 1065 1207 ipsorum
1121 1152 1410 1210 corporum
1462 1143 1733 1200 subtilitas
1775 1159 1894 1214 qua:

313 1237 572 1296 putantur
591 1241 716 1282 esse
735 1227 974 1293 infirma,
1020 1230 1248 1285 fortiora
1279 1233 1681 1301 quodammodo
1727 1252 1894 1307 appa-

313 1325 429 1370 rent
467 1329 483 1367 :
522 1326 578 1370 ut
605 1325 741 1384 puta
767 1317 912 1385 quod
942 1317 1098 1385 dico,
1129 1327 1272 1375 terra
1303 1323 1460 1392 aquis
1491 1334 1576 1379 est
1630 1329 1890 1393 crassior,

313 1422 466 1476 aqua:
518 1423 552 1463 a
605 1419 747 1462 terra
803 1409 978 1464 minus
1025 1423 1222 1465 crassa
1270 1413 1563 1470 habentur.
1616 1417 1722 1473 Sed
1768 1435 1890 1474 cum

313 1505 455 1550 terra
509 1498 798 1552 incurrerit
839 1513 1058 1568 aquam,
1119 1501 1484 1558 dissolvitur:
1533 1522 1652 1560 cum
1709 1519 1889 1564 autem

312 1601 452 1654 aqua
475 1588 893 1656 apprelienderit
925 1598 1150 1654 terram,
1180 1603 1424 1662 penetrat
1473 1611 1613 1652 eam.
1653 1597 1718 1651 Et
1747 1603 1890 1667 quod

313 1679 516 1748 patitur
561 1687 704 1732 terra
748 1679 817 1733 ab
870 1693 1030 1747 aqua,
1064 1682 1164 1737 hoc
1224 1685 1428 1750 patitur
1469 1701 1609 1756 aqua
1647 1689 1715 1742 ab
1744 1702 1885 1742 aere.

312 1769 454 1836 Quid
500 1772 648 1826 enim
700 1774 1153 1840 improvectiones
1205 1777 1316 1848 (24)
1378 1779 1497 1834 istic
1561 1783 1888 1836 ostendunt?

1985 593 2164 750 xerit
2189 593 2376 662 lapidi,
2415 607 2512 662 per
2539 602 2706 647 totum
2757 593 2990 664 lapidem
3030 605 3294 666 penetrat.
3325 595 3401 650 ita
3449 608 3504 651 et
3539 599 3586 654 si

1985 718 1996 750 ε
2053 694 2354 737 ramentum
2377 683 2674 738 immissum
2702 683 2866 738 fuerit
2889 685 2940 738 in
2968 686 3108 750 igne,
3135 696 3227 739 aut
3249 685 3586 750 ferrum,aut

1963 683 2354 750 giramentum
2377 683 2674 738 immissum
2702 683 2866 738 fuerit
2889 685 2940 738 in
2968 686 3108 754 igne,
3135 696 3227 739 aut
3249 685 3588 752 ferrum,aut

1997 757 2173 842 ipsum
2201 788 2424 835 aurum,
2461 774 2821 828 immutantur
2863 774 3074 830 colores
3102 777 3381 842 omnium,
3421 786 3476 830 et
3516 777 3584 830 ad

2001 863 2146 933 ignis
2205 863 2610 920 transferuntur
2666 866 2900 920 colorem
2951 877 3006 922 et
3059 867 3375 935 magistrum
3417 866 3580 936 (TI):

1999 956 2250 1025 quodque
2279 971 2467 1010 eorum
2500 956 2659 1027 ignis,
2689 967 2782 1012 aut
2819 959 2920 1012 hoc
2951 972 3055 1027 qua
3092 958 3292 1013 dicitur
3320 967 3374 1013 et
3403 959 3582 1014 calore

1997 1055 2051 1100 et
2090 1045 2296 1115 fulgore
2339 1053 2394 1100 et
2445 1047 2699 1103 omnibus
2747 1049 3166 1118 proprietatibus
3224 1048 3384 1119 ignis'.
3445 1049 3581 1118 Quia

1995 1147 2174 1191 autem
2200 1136 2340 1205 ignis
2370 1137 2438 1190 ad
2479 1121 2670 1192 aurum
2707 1155 2811 1193 non
2841 1139 3004 1207 cadit,
3035 1155 3224 1194 aurum
3263 1151 3442 1195 autem
3487 1158 3583 1196 ea-

1997 1226 2219 1293 lefacit;
2254 1227 2546 1285 manifesta
2577 1239 2660 1284 est
2692 1231 3005 1286 eminentia.
3052 1231 3116 1284 Et
3145 1232 3270 1301 quia
3308 1232 3444 1302 ignis
3471 1249 3577 1288 non

1995 1317 2313 1373 dissolvitur
2340 1334 2370 1374 a
2407 1320 2609 1389 petris,
2645 1320 2889 1376 dissolvit
2932 1331 3109 1376 autem
3139 1333 3354 1391 petras;
3389 1335 3577 1392 aperta

1995 1421 2080 1465 est
2132 1413 2329 1467 virtus.
2378 1413 2442 1466 Et
2481 1413 2606 1482 quia
2653 1413 2792 1484 ignis
2836 1430 2939 1470 non
2989 1417 3263 1470 detinetur
3311 1414 3379 1470 ab
3431 1431 3578 1482 sete,

1994 1504 2189 1558 scindit
2231 1515 2412 1560 autem
2451 1516 2504 1560 et
2531 1521 2744 1560 sursum
2775 1506 2984 1574 currit;
3012 1515 3254 1577 apertum
3293 1508 3576 1578 imperimn

1993 1605 2098 1650 est.
2130 1595 2196 1648 Et
2223 1597 2345 1665 quia
2377 1606 2530 1666 urget
2565 1611 2778 1651 sursum
2823 1598 2962 1661 tieri,
2999 1610 3053 1652 et
3103 1599 3370 1668 positione
3412 1608 3580 1654 estet

1995 1688 2193 1742 virtute
2217 1699 2271 1742 et
2305 1688 2486 1742 colore
2517 1686 2731 1744 fortior.
2773 1691 2879 1745 Sed
2915 1690 3054 1745 forte
3095 1693 3314 1761 quidam
3341 1691 3578 1763 jurgimn

2001 1793 2261 1847 aquarum
2291 1781 2576 1834 adversum
2608 1782 2784 1852 ignem
2825 1783 3000 1846 videt,
3039 1785 3164 1850 quia
3195 1783 3263 1836 ab
3297 1784 3450 1852 aquis
3482 1798 3578 1838 es-

312 1860 415 1915 itoc
441 1876 603 1916 unum
635 1865 870 1920 maxime
892 1905 906 1930 ,
941 1867 1069 1936 quia
1110 1868 1177 1922 ad
1209 1869 1704 1940 lncorporalitatem
1735 1887 1788 1930 et
1817 1881 1883 1932 ad
1918 1857 1958 1911 Β
1999 1870 2293 1938 stin-gnitur
2335 1871 2473 1940 ignis
2501 1887 2514 1923 :
2543 1873 2684 1942 quod
2717 1872 2934 1940 quidem
2971 1875 3203 1928 recessio
3231 1875 3400 1944 magis
3439 1876 3578 1946 ignis

311 1951 480 2008 levius
506 1968 723 2023 corpus,
757 1959 1016 2025 majorem
1048 1959 1328 2029 imponunt
1356 1963 1608 2018 virtutem
1638 1967 1888 2023 subtilio-

309 2045 478 2098 ribus.
528 2046 635 2100 Δει-
673 2049 816 2102 enim
849 2064 945 2118 per
982 2066 1152 2121 aquas
1191 2063 1479 2122 penetrat;
1513 2067 1758 2125 penetrat
1790 2075 1886 2114 an-

309 2146 419 2188 tem
453 2135 523 2189 ita
556 2145 613 2189 ut
653 2137 755 2190 vim
786 2138 954 2192 faciat
1000 2157 1169 2211 aquas
1198 2145 1372 2198 emitti
1409 2163 1504 2216 per
1548 2163 1606 2203 se
1641 2152 1704 2204 ad
1733 2166 1886 2219 supe-

312 2228 484 2282 riores
511 2238 691 2298 partes
713 2268 728 2293 ,
761 2231 904 2302 quod
944 2233 1059 2301 ejus
1088 2250 1192 2290 non
1225 2248 1306 2290 est
1335 2249 1560 2296 naturae.
1597 2242 1659 2296 Et
1685 2246 1728 2298 si
1763 2248 1886 2314 quis

311 2319 538 2376 voluerit
569 2321 670 2377 lioc
703 2339 882 2392 nosse,
911 2327 1037 2394 quia
1075 2342 1180 2382 non
1212 2329 1523 2385 detinentur
1555 2350 1786 2403 superna
1817 2339 1885 2392 ab

309 2413 394 2466 liis
413 2427 536 2480 qute
559 2414 806 2469 deorsum
827 2427 974 2482 sunt,
1003 2416 1048 2471 si
1073 2419 1195 2488 quis
1219 2421 1504 2490 repleverit
1535 2441 1660 2478 aere
1687 2439 1880 2489 utrem.

308 2519 539 2574 eumque
583 2507 904 2562 demerserit
953 2509 1006 2562 in
1055 2525 1284 2578 aquam;
1335 2520 1388 2565 et
1456 2527 1600 2568 certe
1644 2534 1766 2570 cum
1815 2520 1884 2572 sit

311 2596 523 2664 pellium
557 2607 749 2651 natura
778 2600 1012 2654 crassior
1041 2612 1096 2655 et
1125 2603 1344 2672 gravior
1383 2606 1552 2674 tnagis
1591 2624 1753 2676 quam
1793 2625 1886 2664 aer

310 2686 558 2752 habetur,
588 2703 684 2743 aer
707 2704 958 2759 quaerens
998 2707 1155 2748 suum
1189 2692 1425 2748 oliieium
1479 2706 1531 2752 et
1581 2702 1880 2769 regionem,

308 2792 482 2848 neque
505 2793 631 2832 cum
661 2781 994 2850 gravissimis
1025 2785 1235 2841 utribus
1267 2787 1541 2842 detinetur
1563 2829 1578 2852 ,
1620 2791 1712 2843 sed
1744 2793 1883 2846 scin-

304 2870 440 2924 dens
475 2885 643 2939 aquas
665 2888 882 2925 sursum
909 2875 1160 2929 educitur
1182 2891 1302 2932 cum
1328 2880 1588 2946 gravibus
1611 2896 1706 2950 per
1729 2899 1880 2938 aera.

304 2959 466 3016 latam
500 2963 664 3032 igitur
689 2965 992 3031 passionem
1018 2982 1184 3037 quam
1218 2984 1373 3039 aqua:
1404 2972 1473 3024 ab
1500 2987 1627 3028 aere
1667 2976 1882 3044 patiun-

303 3062 413 3119 tur,
439 3063 500 3108 et
522 3069 617 3108 ser
645 3054 712 3108 ab
745 3057 866 3126 igne
897 3060 1166 3122 sustinet,
1187 3071 1242 3113 et
1272 3064 1421 3116 testis
1455 3063 1567 3134 (25)
1613 3068 1881 3120 sermonis

306 3143 536 3200 ﬂama
551 3155 681 3200 sunt
707 3157 760 3201 et
786 3147 1037 3205 lucernae.
1075 3148 1198 3205 ideo
1226 3154 1370 3208 enim
1395 3163 1702 3211 attenuatur
1723 3156 1877 3211 ﬂam-

303 3251 405 3290 ma:
433 3237 740 3302 summitas,
763 3239 888 3308 quia
921 3240 1108 3295 incidit
1131 3243 1294 3298 istum
1321 3248 1649 3303 ambientem
1670 3265 1872 3306 aerem.

305 3328 371 3382 Et
402 3328 616 3384 videtur
641 3330 854 3398 quidem
908 3332 1045 3403 ignis
1105 3349 1134 3387 a
1179 3336 1510 3402 videntibus,
1561 3342 1874 3407 agnoscitur

301 3433 480 3476 autem
513 3423 581 3477 ab
610 3422 692 3477 his
716 3425 804 3493 qui
841 3437 1065 3494 possunt
1091 3427 1205 3496 ejus
1229 3439 1475 3483 naturam
1503 3433 1715 3495 videre,
1748 3435 1873 3502 quia

301 3515 368 3568 ad
397 3529 552 3570 suam
601 3513 819 3570 festinat
857 3518 1128 3587 regionem
1156 3559 1170 3579 .
1221 3522 1287 3572 ad
1325 3521 1602 3587 superiora
1646 3523 1872 3576 scilicet.

300 3603 405 3659 Istc
433 3605 597 3674 igitur
626 3603 1008 3659 subtilissiums
1040 3605 1183 3670 ignis
1221 3621 1344 3658 cum
1391 3607 1464 3659 sit
1509 3622 1647 3660 unus
1695 3623 1726 3660 e
1752 3623 1874 3661 ror-

299 3695 540 3765 poribus,
571 3699 848 3766 proximus
875 3706 957 3750 est
994 3695 1443 3764 incorporalibus.
1484 3695 1698 3752 Intuere
1727 3700 1871 3752 enim

299 3796 532 3854 «plantas
560 3787 756 3843 habeat
782 3787 1140 3855 proprietates
1179 3786 1464 3841 adversum
1516 3798 1711 3844 caetera
1747 3803 1872 3844 cor-

299 3891 450 3945 pora.
489 3877 544 3931 lu
578 3879 742 3932 certis
780 3882 926 3932 enim
977 3879 1297 3948 corporibus
1337 3881 1721 3935 comliscnmus
1771 3882 1871 3935 imo

298 3967 505 4038 perium
555 3983 676 4021 esse
725 3967 1003 4022 subtilium
1057 3983 1126 4022 ne
1175 3982 1394 4022 crassus
1438 3967 1664 4024 effectus
1714 3971 1873 4024 cadat

297 4059 435 4114 sicut
459 4067 514 4115 et
537 4073 764 4128 corpora
793 4073 973 4114 crassa
1011 4075 1024 4110 :
1065 4060 1163 4114 sed
1208 4070 1441 4116 mentem
1486 4061 1553 4116 ad
1583 4060 1821 4118 laetitiam
1853 4080 1868 4118 :

295 4153 622 4222 corporibus
648 4153 866 4224 quidem
915 4153 992 4208 sis
1023 4153 1158 4208 liber
1180 4193 1196 4218 ,
1232 4154 1298 4207 ad
1335 4152 1651 4224 incorporea
1687 4163 1868 4209 autem

297 4243 538 4300 festines.
591 4245 734 4315 ignis
786 4245 950 4314 igitur
995 4246 1172 4316 primo
1221 4247 1441 4316 quidem
1490 4247 1669 4302 dicam
1727 4247 1869 4302 idem

294 4334 479 4402 gloria:
501 4344 586 4389 est
607 4351 768 4404 supra
792 4336 973 4390 omnia
1002 4351 1230 4407 corpora
1251 4376 1268 4403 ,
1299 4347 1356 4392 et
1397 4336 1674 4393 illuminat
1706 4336 1812 4392 alia
1853 4355 1868 4391 :

296 4443 356 4482 se
383 4437 560 4481 autem
594 4443 698 4482 non
727 4429 880 4482 facile
908 4428 976 4483 ad
1006 4429 1109 4483 alia
1143 4428 1408 4482 tenebrat.
1441 4427 1700 4482 Penctrat
1719 4429 1866 4482 enim

1991 1972 2072 2014 est
2126 1976 2286 2030 quam
2339 1963 2667 2029 corruptela.
2719 1964 2870 2018 Sicut
2919 1964 3062 2017 enim
3106 1977 3138 2015 a
3193 1964 3429 2018 tenebris
3470 1981 3575 2017 non

1991 2053 2365 2115 consumitur,
2415 2055 2507 2106 sed
2574 2053 2883 2107 cohabitare
2942 2054 3129 2106 iisdem
3187 2070 3292 2107 non
3350 2055 3570 2124 patitur.

1990 2139 2341 2196 lmmutemus
2375 2154 2580 2207 autem,
2609 2154 2665 2197 et
2693 2145 2970 2198 videamus
3020 2159 3140 2197 cum
3173 2159 3312 2211 aqua
3371 2146 3424 2199 in
3475 2159 3575 2205 vas

1949 2229 1953 2232 ’
1989 2233 2155 2286 fuerit
2211 2233 2478 2297 immissa,
2537 2245 2592 2287 et
2635 2235 2872 2287 oblatum
2905 2247 2995 2288 vas
3037 2233 3198 2288 fuerit
3225 2234 3356 2302 igni,
3387 2235 3510 2305 quis
3541 2252 3570 2288 a

1989 2337 2095 2391 quo
2124 2323 2244 2377 istic
2271 2325 2630 2386 consumitur,
2661 2325 2790 2393 quid
2836 2333 3014 2379 autem
3047 2325 3208 2379 veluti
3235 2341 3421 2393 pinnas
3456 2340 3573 2380 sus-

1985 2417 2159 2480 tinet,
2201 2426 2257 2469 et
2298 2425 2454 2470 sonat
2505 2430 2559 2470 et
2603 2417 2773 2470 bullit.
2831 2416 2974 2485 Ignis
3020 2415 3164 2471 enim
3219 2431 3494 2487 nunquam
3539 2431 3571 2472 a

1989 2505 2180 2575 frigida
2212 2523 2350 2574 aqua
2403 2508 2582 2561 factus
2617 2518 2698 2561 est
2737 2506 2965 2576 frigidus
3002 2528 3014 2562 :
3061 2521 3200 2576 aqua
3235 2517 3414 2562 autem
3466 2509 3578 2564 fre-

1981 2607 2214 2667 quenter
2237 2608 2288 2651 et
2315 2613 2550 2666 semper,
2585 2609 2641 2652 ttt
2670 2601 2740 2653 ita
2768 2600 2966 2660 dicam,
2984 2599 3053 2652 ab
3077 2599 3199 2667 igne
3227 2598 3459 2654 edicitur
3477 2613 3578 2654 ca-

1987 2689 2115 2746 lida.
2141 2689 2284 2755 Ergo
2327 2699 2382 2745 et
2433 2691 2591 2755 istic,
2639 2689 2765 2760 quia
2829 2704 2966 2759 aqua
3023 2689 3256 2743 assumit
3309 2688 3571 2751 calorem,

1988 2782 2129 2854 ignis
2167 2793 2346 2837 autem
2406 2783 2702 2852 frigdorem
2761 2796 2868 2838 non
2917 2783 3154 2837 admittit
3187 2783 3575 2836 :eonsumitnr

1985 2886 2164 2929 autem
2194 2891 2333 2943 aqua
2363 2876 2597 2944 amplius
2643 2873 2902 2930 calefacta
2923 2914 2939 2938 ,
2971 2875 3039 2928 ab
3083 2874 3224 2944 igne,
3268 2883 3326 2929 et
3360 2874 3573 2928 ferrem

1985 2975 2173 3035 utpote
2206 2974 2262 3020 et
2294 2966 2492 3021 emissa
2521 2977 2577 3022 et
2598 2967 2902 3032 ebulliens,
2941 2965 3076 3035 fugit
3103 2976 3287 3035 partes
3316 2979 3569 3021 vasorqu

1981 3057 2050 3110 ad
2077 3071 2213 3124 quas
2241 3057 2689 3126 propinquaverit
2717 3056 2856 3127 ignis
2879 3095 2895 3122 ,
2917 3065 2973 3110 et
3017 3065 3240 3125 urgetur
3267 3053 3502 3127 eﬂugere
3535 3074 3572 3110 is

1982 3149 2128 3202 vasis
2155 3159 2209 3202 et
2234 3145 2459 3204 eﬂ‘undi.
2503 3146 2618 3202 Non
2641 3147 2784 3202 enim
2813 3157 2990 3217 potest
3018 3147 3157 3215 ignis
3191 3144 3423 3203 sufferre
3452 3164 3571 3203 cru-

1933 3240 1945 3256 ‘
1979 3241 2178 3293 ciatus.
2232 3238 2374 3308 Ergo
2428 3239 2480 3292 in
2531 3239 2652 3294 istis
2705 3238 2961 3293 omnibus
3005 3239 3288 3292 subtiliora
3340 3253 3568 3307 corpora

1979 3329 2204 3384 fortiora
2238 3339 2371 3383 sunt
2401 3329 2618 3383 caeteris
2651 3345 2667 3379 ς
2709 3328 2944 3383 secunda
2976 3340 3155 3382 autem
3192 3343 3255 3382 ea
3294 3343 3414 3383 esse
3456 3330 3568 3382 vir-

1977 3434 2122 3488 tute,
2151 3440 2271 3493 quae
2304 3424 2484 3476 minus
2511 3421 2779 3477 habentur
2822 3422 2876 3475 iu
2905 3421 3206 3476 subtilitate
3229 3460 3246 3483 ,
3290 3431 3348 3476 et
3373 3436 3570 3477 secun-

1977 3515 2104 3570 dum
2137 3514 2553 3582 competentiam
2603 3512 3034 3581 uniuscujusque
3083 3526 3255 3581 usque
3304 3513 3372 3566 ad
3412 3527 3570 3583 quar-

1979 3614 2112 3657 tum.
2154 3602 2220 3659 Ut
2249 3613 2428 3656 autem
2456 3611 2512 3657 et
2541 3603 2641 3656 ista
2669 3602 2975 3666 addantur,
3015 3600 3232 3655 ﬂamma
3260 3601 3430 3656 incisa
3459 3618 3564 3657 neu

1977 3693 2253 3748 inciditur.
2292 3694 2398 3748 Sed
2425 3701 2481 3748 et
2506 3692 2551 3748 si
2594 3691 2829 3747 volueris
2865 3706 3153 3746 assumens
3197 3691 3401 3748 ferrum
3424 3731 3440 3754 ,
3469 3706 3565 3746 aut

1975 3785 2119 3841 aliud
2143 3786 2349 3856 aliquid
2373 3787 2520 3854 quod
2567 3785 2782 3839 videtur
2823 3785 3100 3847 incidere.
3126 3792 3181 3839 et
3217 3784 3288 3840 ad
3331 3785 3562 3840 alteram

1975 3879 2293 3950 perduxeris
2323 3887 2529 3946 partem
2554 3893 2651 3947 per
2677 3877 2973 3938 ﬂammam,
3003 3886 3188 3929 manet
3211 3883 3346 3941 tota,
3383 3885 3437 3930 et
3481 3876 3564 3930 in-

1976 3973 2238 4026 cisionem
2269 3951 2399 4027 non.
2430 3970 2681 4040 suscipit.
2741 3969 2796 4024 Si
2849 3977 3032 4023 autem
3077 3982 3185 4024 non
3219 3967 3565 4026 intellexistis

1974 4063 2115 4132 quod
2143 4061 2346 4117 dictum
2375 4070 2478 4124 est,
2513 4071 2855 4114 transeamus
2881 4059 2950 4112 ad
2993 4057 3181 4113 radios
3213 4057 3346 4114 solis
3384 4075 3398 4112 :
3431 4058 3562 4119 istos

1974 4154 2020 4208 si
2045 4151 2278 4208 voluerit
2304 4153 2428 4221 quis
2479 4151 2716 4205 incidere
2748 4149 2962 4219 gladio,
3006 4149 3058 4203 in
3114 4149 3358 4204 inferiori
3409 4160 3563 4221 parte

1977 4259 2082 4300 non
2117 4245 2462 4299 invenientur
2505 4261 2518 4298 :
2561 4257 2775 4298 sursum
2822 4242 2966 4296 enim
3005 4250 3290 4296 remanent
3333 4257 3436 4296 non
3478 4242 3562 4294 iur

1971 4338 2095 4392 cisi.
2125 4337 2204 4393 ita
2243 4347 2296 4390 et
2331 4335 2570 4400 ﬂamma,
2603 4335 2692 4389 ubi
2715 4335 2837 4404 ejus
2877 4333 3038 4387 fuerit
3068 4332 3257 4396 radix,
3305 4333 3415 4386 illic
3451 4342 3557 4390 tota

1973 4428 2267 4498 colligitur.
2304 4426 2417 4480 Non
2448 4436 2531 4480 est
2550 4426 2704 4479 enim
2739 4425 2921 4477 videre
2966 4432 3176 4491 partem
3221 4420 3449 4474 ﬂammae
3476 4437 3560 4474 su-

293 4533 390 4588 per
416 4533 626 4582 omnes,
657 4529 713 4572 et
758 4520 1001 4575 dissoivit
1039 4522 1221 4575 omnia
1260 4534 1512 4589 corpora.
1546 4519 1863 4588 Quanquam
1897 4543 1942 4599 υ
1972 4520 2159 4589 peritis
2174 4519 2363 4589 gladio
2393 4519 2618 4572 incisam
2645 4529 2949 4575 remanere,
2985 4523 3196 4581 partem
3233 4523 3430 4596 autem
3477 4516 3558 4566 ln-

291 4608 437 4663 euim
471 4624 620 4678 petra
658 4611 730 4663 ita
769 4621 853 4665 est
877 4611 1040 4678 dura,
1076 4621 1170 4665 aut
1215 4626 1339 4681 qua
1373 4620 1550 4680 potest
1599 4609 1866 4666 confabu-

291 4701 399 4754 ιω
445 4700 564 4771 (36)
608 4701 835 4757 tlamnm:
883 4718 990 4759 non
1063 4704 1354 4758 ostendere
1415 4701 1696 4758 fortiorem
1747 4717 1870 4757 esse

290 4791 519 4850 autem
550 4793 803 4848 virtutem
830 4813 860 4848 a
891 4797 974 4850 sui
1025 4806 1217 4850 natura
1257 4813 1272 4849 :
1308 4794 1582 4849 emollitur
1623 4793 1767 4849 enim
1817 4804 1870 4848 et

291 4884 492 4938 ferrum
526 4899 624 4954 per
655 4886 852 4956 ignem.
886 4887 1145 4953 probatur
1187 4897 1242 4940 et
1270 4903 1486 4953 aurum,
1513 4888 1727 4942 colatur
1777 4903 1868 4940 ar-

291 4985 532 5042 gentum,
559 4974 826 5031 conﬂatur
846 4976 1146 5046 plumbum,
1177 4986 1230 5030 et
1254 4977 1435 5032 omnia
1465 4991 1588 5045 qua
1607 4985 1868 5046 putantur

292 5066 509 5122 fortiora
532 5083 659 5122 esse
681 5083 934 5138 corpora,
969 5068 1076 5138 igni
1121 5069 1319 5124 cedunt
1358 5080 1583 5140 propter
1614 5067 1862 5124 subtilem

293 5160 429 5230 ignis
483 5171 749 5214 naturam.
811 5162 1048 5231 Denique
1092 5161 1136 5216 si
1190 5161 1484 5232 proieceris
1533 5163 1761 5231 lapidem
1811 5163 1860 5216 in

291 5251 524 5315 ﬂamma,
558 5250 1010 5318 trunsitquidem.
1047 5254 1140 5307 sed
1167 5270 1268 5308 non
1297 5267 1394 5321 per
1419 5252 1715 5307 ﬂammam.
1753 5251 1863 5306 Fu-

361 5451 472 5524 (υ)
503 5451 983 5524 Ιηῳνοιοεειέωιᾳ.-
1010 5449 1168 5503 Forte
1203 5451 1254 5524 in
1290 5465 1416 5502 voce
1449 5451 1547 5524 bar.
1573 5465 1856 5520 perperam

285 5520 526 5580 additum
555 5523 646 5581 im,
670 5538 731 5573 es
759 5520 1022 5575 vocabulo
1051 5521 1369 5589 pmicedent't
1391 5521 1745 5590 geminatum.

358 5594 474 5659 ('25)
498 5591 684 5646 Testis.
717 5590 898 5651 Forte.
925 5603 1098 5645 testes.

358 5664 469 5735 (26)
495 5665 599 5718 Aut
622 5678 738 5731 qua:
771 5674 957 5735 potest.
989 5659 1162 5735 Forte
1212 5674 1305 5735 per
1351 5659 1855 5735 interrogationem,

285 5730 384 5787 Aut
414 5730 529 5801 qna:
559 5730 719 5794 mites!
753 5730 1433 5798 συνιιίιὺυιιιιίιωμιλήσισει.
1461 5731 1681 5801 sociata)
1701 5730 1852 5801 ﬁunt—

266 5823 402 5866 ,mtt'.
427 5798 670 5858 i'tt..!$iv
700 5813 816 5869 post
849 5818 1034 5867 patum,
1069 5805 1110 5852 si
1144 5801 1278 5868 ignis
1305 5800 1664 5874 contabulatas
1696 5798 1853 5864 fuerit

566 5900 836 5960 ιἈτιιοι..
875 5896 992 5958 Gtt.
1031 5897 1079 5957 Χ
1095 5895 1176 5955 XI
1192 5896 1260 5957 Υ.

1975 4611 2166 4673 ferius,
2189 4613 2284 4665 sed
2321 4619 2431 4664 tota
2464 4609 2530 4664 ad
2554 4606 2903 4675 semetipsam
2931 4591 3298 4674 coniungitur.
3327 4601 3554 4674 Liguum

1968 4713 2146 4758 autem
2179 4712 2234 4756 et
2263 4710 2508 4763 terram,
2547 4707 2601 4752 et
2650 4712 2781 4752 saxa
2839 4696 3138 4750 incidentes
3188 4694 3480 4748 dividimus
3523 4712 3552 4748 a

1966 4795 2294 4863 semetipsis,
2344 4801 2401 4848 et
2455 4789 2818 4858 disjungimus
2857 4796 3065 4858 partem
3111 4801 3141 4838 a
3181 4797 3375 4854 parte:
3413 4785 3555 4840 forte

1968 4898 2146 4944 autem
2180 4885 2472 4940 incidimus
2510 4893 2565 4936 et
2598 4895 2804 4942 aerem,
2849 4879 2942 4933 sed
2977 4877 3154 4945 ejecto
3197 4891 3264 4931 co
3287 4877 3428 4946 quod
3467 4877 3553 4931 in-

1965 4985 2114 5048 cidit.
2153 4983 2338 5038 statim
2384 4980 2456 5036 ob
2499 4979 2851 5034 subtilitatem
2904 4974 2986 5030 sui
3037 4973 3386 5040 semetipsum
3421 4983 3549 5024 con-

1968 5073 2164 5144 jungit.
2194 5072 2388 5125 Gladio
2422 5072 2590 5135 enim,
2615 5080 2710 5124 aut
2737 5069 2910 5140 ligno,
2939 5074 3033 5120 aut
3065 5066 3277 5136 lapide,
3308 5078 3404 5134 per
3429 5075 3550 5132 qua!

1976 5163 2165 5218 incisio
2195 5161 2423 5216 eliicitur
2461 5162 2581 5230 (per
2613 5161 2775 5215 multa
2815 5159 2957 5214 enim
2993 5156 3228 5212 admittit
3263 5155 3400 5210 ratio
3432 5153 3548 5210 fieri

1975 5253 2595 5315 incisionemisublato.
2649 5268 2742 5308 aer
2785 5261 3009 5322 propter
3055 5246 3410 5305 subtilitatem
3461 5247 3547 5304 sui

1963 5451 2152 5519 lapidi,
2184 5462 2234 5504 et
2265 5451 2402 5507 infra
2436 5453 2499 5508 ds
2532 5454 2788 5518 incorpor.
2820 5450 2914 5506 lib.
2935 5465 2972 5506 tt
2995 5450 3092 5506 sub
3110 5447 3203 5504 iin.
3231 5447 3277 5502 si
3292 5445 3547 5516 confabu.

1963 5524 2278 5595 (etstatuae:
2314 5525 2497 5595 fuisset
2527 5524 2735 5595 (istﬂsi-
2862 5591 2871 5595 _
2946 5590 2959 5595 -
3125 5593 3133 5595 .
3505 5585 3515 5595 -

2035 5593 2147 5660 (27)
2173 5590 2236 5645 Et
2265 5589 2597 5662 ntdgistrunt'.
2627 5589 2789 5645 Forte
2831 5591 2908 5644 sic
2946 5590 3230 5662 legendum
3248 5627 3273 5662 ε
3295 5596 3345 5640 et
3366 5589 3545 5662 magi-

1963 5656 2395 5737 striins'quoiqu'e
2432 5679 2607 5718 eorum
2646 5662 2778 5732 ignis
2804 5671 2905 5717 etc.
2937 5656 3031 5714 καὶ
3071 5658 3332 5720 egenam
3359 5656 3545 5737 (detns-

1965 5732 2114 5796 imm)
2140 5734 2196 5785 τὸ
2226 5732 2296 5786 πῦ
2308 5751 2336 5804 ρ

3107 5890 3186 5946 36
