4098 6398
546 353 676 409 “5|

1207 346 1480 435 gzusnnu
1514 343 1999 403 cmsamm‘srs
2037 346 2135 403 om

2239 348 2407 405 PARS
2442 348 2531 405 IV.
2567 380 2637 391 —
2674 348 3102 405 DOGMATICA.

3665 350 3813 405 “32

542 456 823 547 coniungit
852 478 1032 542 partes
1057 469 1278 523 incisas.
1312 469 1369 524 Si
1418 480 1597 524 autem
1631 469 1735 524 hoc
1778 479 1996 540 propter
2045 470 2129 522 in-
2156 474 2202 529 Α
2228 487 2385 525 ramo
2410 471 2612 539 potitus
2642 470 2778 541 (30).
2802 468 3137 536 Quibusdam
3161 476 3342 521 autem
3370 464 3691 534 compositio
3721 476 3817 521 est

542 565 913 622 visibilitatem
946 564 1127 617 minus
1166 564 1482 632 agnoscitur
1503 603 1519 626 ,
1550 562 1604 617 in
1636 564 1789 632 aquis
1812 563 2125 631 agnoscitur

542 659 686 729 quod
713 656 933 712 dicitur.
962 655 1096 711 Cum
1145 654 1315 709 incisa
1365 655 1532 709 fuerit
1590 670 1752 722 aqua,
1809 666 1903 709 aut
1943 656 2124 709 scissa

542 765 640 817 per
688 746 915 815 lignum,
964 755 1058 799 aut
1100 761 1196 816 per
1242 744 1389 798 aliud
1446 745 1666 813 aliquod
1726 746 2124 815 operimentum

544 840 680 913 (28),
717 849 838 909 post
871 849 1052 893 autem
1082 838 1129 892 si
1163 837 1456 892 abstuleris
1488 838 1540 891 id
1578 838 1719 906 quod
1769 836 1980 903 incidit,
2031 854 2125 891 ur-

544 946 700 1006 getur
732 948 872 1004 aqua
928 932 995 985 ad
1032 931 1468 1000 conjunctiouem
1503 930 1588 983 sui
1629 944 1641 978 :
1686 938 1769 982 est
1800 930 1943 983 enim
1986 945 2125 996 aqua

543 1048 573 1085 a
610 1039 754 1084 terra
784 1027 1055 1082 subtilior.
1095 1024 1267 1079 Terra
1311 1024 1455 1077 enim
1503 1022 1577 1076 ita
1620 1021 1723 1075 sibi
1759 1031 1818 1075 ut
1848 1024 2127 1091 aquaad-

538 1125 732 1194 juvare
762 1137 868 1175 non
926 1127 1104 1190 potest
1133 1134 1148 1171 :
1185 1126 1244 1171 ut
1276 1132 1341 1169 ex
1386 1116 1490 1170 hoc
1522 1122 1817 1185 appareat,
1848 1115 1973 1183 quia
2009 1131 2129 1184 qua:

542 1220 799 1274 dicuntur
840 1214 1064 1269 fortiora
1116 1225 1370 1278 corpora,
1404 1208 1509 1261 ista
1565 1206 1735 1262 multo
1799 1207 1973 1276 magis
2004 1214 2131 1260 sunt

546 1311 867 1373 inﬁrmiora,
929 1317 984 1361 et
1028 1319 1135 1359 non
1187 1303 1239 1357 in
1297 1300 1668 1370 magnitudine
1729 1308 1812 1353 est
1866 1298 2125 1367 potentia.

541 1403 683 1471 Quid
713 1402 858 1457 enim
889 1408 1096 1452 tantum
1129 1397 1291 1450 habet
1317 1407 1493 1457 mons,
1522 1401 1781 1461 quantum
1808 1391 1966 1444 habet
1989 1405 2130 1443 mar-

542 1498 718 1566 garita
763 1494 830 1548 ad
872 1487 1369 1563 pulchritudinem?
1420 1484 1733 1553 magnitudo
1774 1482 1921 1537 enim
1954 1482 2130 1535 calca-

544 1602 655 1656 tur,
703 1589 756 1642 in
806 1585 955 1641 brevi
1007 1595 1184 1638 autem
1238 1579 1585 1649 pulchritudo
1637 1577 1954 1647 requiritur.
2024 1575 2131 1629 Sed

546 1693 887 1735 transeamus
908 1692 935 1728 a
959 1675 1148 1744 primis
1173 1691 1291 1737 qua:
1325 1675 1580 1728 dicuntur
1609 1674 1949 1743 corporibus,
1970 1683 2129 1726 terra:

542 1775 667 1827 dico
720 1784 775 1824 et
819 1770 957 1840 ignis
995 1778 1050 1822 et
1083 1782 1235 1837 aqua:
1287 1776 1341 1821 et
1369 1768 1546 1829 aeris,
1582 1767 1648 1820 ad
1681 1782 1744 1819 ea
1769 1781 1889 1835 qua:
1922 1782 1986 1819 ex
2045 1766 2129 1818 his

2232 562 2285 617 in
2317 562 2641 617 bntronibus
2675 563 2787 633 (5f)
2813 560 3104 630 conjungi,
3136 569 3191 614 et
3220 558 3522 614 immutatio
3567 561 3815 615 colorum

2233 658 2285 711 in
2316 657 2503 710 iisdem
2533 666 2637 722 est,
2689 667 2742 709 et
2769 656 2935 724 ipsius
2962 652 3075 723 (32)
3102 653 3349 721 generis,
3382 663 3438 705 et
3477 652 3644 721 ipsius
3685 668 3823 721 spe-

2235 752 2335 806 ciei
2370 766 2385 804 :
2436 752 2794 820 quorumdam
2846 749 3063 818 quidem
3106 747 3592 799 manducanturea
3621 762 3741 815 quae
3784 760 3819 798 a

2234 844 2367 900 foris
2415 844 2701 907 habentur,
2750 842 3108 911 quorumdam
3156 848 3337 893 autem
3391 838 3459 892 ab
3513 839 3655 893 intus
3687 846 3823 890 sunt

2233 955 2355 1009 quae
2384 939 2759 994 comeduntur.
2797 935 2863 989 Et
2891 936 3059 989 multa
3090 943 3177 987 est
3217 933 3453 986 varietas
3489 932 3823 984 annuntians

2235 1048 2332 1102 per
2359 1032 2537 1085 omnia
2577 1030 2839 1099 sapientis
2863 1028 3210 1098 sapientiam,
3237 1037 3293 1079 et
3326 1025 3497 1095 ipsius
3518 1024 3700 1094 operis
3729 1024 3823 1076 di-

2237 1124 2544 1194 sciplinam.
2582 1123 2788 1176 Tamen
2847 1120 2901 1174 in
2957 1120 3077 1173 istis
3104 1120 3420 1187 corporibus
3454 1117 3579 1186 quia
3636 1115 3821 1170 oﬂicia

2237 1216 2483 1285 quaedam
2512 1224 2569 1268 et
2597 1215 2816 1267 ordines
2847 1212 3281 1279 conspiciuntur,
3323 1219 3381 1263 et
3439 1224 3727 1271 mensum,
3760 1218 3824 1262 et

2238 1316 2499 1374 tempora,
2518 1313 2573 1357 et
2592 1304 2921 1374 agnitiones,
2945 1310 3004 1354 ut
3022 1301 3369 1356 emolliantur
3395 1314 3518 1354 cum
3545 1300 3823 1368 incipiunt

2235 1398 2475 1451 fructum
2517 1394 2752 1460 aﬂ'erre;
2786 1396 3079 1465 projiciunt
3111 1393 3253 1447 enim
3301 1392 3513 1446 etiamsi
3572 1393 3826 1446 lloruerit

2238 1492 2305 1543 ad
2332 1490 2588 1556 fructum,
2618 1499 2674 1542 et
2703 1488 3029 1550 educantur,
3065 1498 3121 1541 et
3153 1487 3353 1542 sensim
3394 1485 3700 1549 accedunt,
3761 1492 3827 1538 et

2238 1584 2305 1638 ad
2337 1594 2543 1651 tempus
2574 1592 2905 1643 occurrunt;
2940 1596 3219 1649 nunquam
3254 1589 3433 1634 autem
3476 1589 3665 1633 essent
3706 1578 3820 1632 ista

2236 1692 2357 1746 quae
2386 1684 2531 1743 sunt,
2568 1676 2672 1730 nisi
2700 1690 2763 1730 ea
2793 1673 3158 1742 incorporalis
3189 1674 3435 1742 quadam
3463 1671 3638 1726 virtus
3680 1671 3826 1740 ﬁgu-

2239 1779 2422 1823 raret:
2468 1768 2543 1821 ita
2576 1775 2631 1822 et
2663 1768 2715 1821 in
2750 1766 3077 1821 animalibus
3119 1766 3267 1834 leges
3326 1773 3606 1833 pracepta:
3661 1773 3823 1827 sunt,

544 1872 671 1919 sunt
698 1861 995 1931 composita
1050 1869 1104 1913 et
1147 1859 1401 1912 videntur
1436 1857 1620 1911 omnia
1672 1872 1737 1912 ex
1786 1858 1869 1911 his
1912 1858 2132 1919 habere,
2168 1843 2210 1897 Β
2240 1871 2297 1916 ιιι
2328 1861 2396 1915 ab
2418 1861 2578 1931 equis
2599 1862 2748 1931 equi,
2776 1868 2831 1915 et
2878 1862 2946 1914 ab
3005 1871 3332 1928 unoquoque
3388 1870 3590 1927 genere
3646 1871 3827 1925 genus

543 1954 778 2009 calorem
804 1952 923 2007 dico
951 1962 1005 2005 et
1032 1952 1314 2005 humorem
1343 1960 1398 2003 et
1427 1950 1848 2004 crassitudinem
1881 1962 1935 2004 et
1961 1949 2135 2004 subti-

545 2050 751 2102 litatem
784 2056 838 2099 et
866 2044 1006 2107 alia;
1043 2054 1098 2097 et
1128 2044 1408 2097 videamus
1439 2044 1485 2097 si
1511 2053 1597 2096 est
1630 2043 1681 2095 in
1718 2043 1800 2096 his
1842 2043 2133 2105 stabilitas,

543 2143 589 2195 si
622 2149 709 2195 est
742 2137 974 2191 mansio.
1022 2137 1088 2190 Et
1144 2152 1211 2190 ne
1262 2137 1384 2205 quis
1439 2145 1591 2204 putet
1638 2137 1929 2189 materiam
1964 2136 2135 2189 intro-

542 2234 664 2287 duci
689 2245 960 2293 sermone,
986 2238 1079 2283 aut
1098 2230 1368 2298 quomodo
1393 2228 1817 2282 iutroducuntur
1838 2226 2132 2289 elementa,

542 2327 738 2393 quibus
762 2334 817 2378 et
849 2322 1196 2376 inducuntur.
1232 2320 1340 2374 Sed
1368 2320 1498 2374 illud
1527 2320 1671 2384 dico,
1702 2322 1827 2390 quia
1857 2321 1909 2373 in
1940 2335 2135 2389 corpo-

544 2421 698 2472 ribus
720 2433 839 2487 quae
867 2425 1155 2469 moventur
1186 2428 1201 2466 :
1243 2415 1534 2468 motionem
1572 2423 1751 2467 autem
1786 2413 1909 2468 dico
1938 2414 2127 2478 istam,

543 2527 663 2580 qua:
686 2509 951 2565 naturalis
982 2518 1068 2563 est
1103 2522 1294 2567 eorttm
1345 2507 1435 2576 qui
1493 2505 1697 2560 habent
1755 2513 1813 2558 ut
1860 2513 2135 2569 crescant,

542 2606 633 2673 qui
666 2604 868 2658 habent
898 2610 956 2654 ut
982 2601 1332 2664 minuantur;
1379 2614 1566 2653 eorum
1598 2598 1689 2668 qui
1725 2597 1959 2652 fructum
2002 2599 2135 2652 aﬁ'e-

542 2707 693 2762 runt,
722 2710 907 2751 eorum
944 2696 1035 2763 qui
1064 2702 1353 2747 moventur
1380 2709 1409 2745 a
1443 2691 1579 2746 locis
1623 2692 1689 2744 ad
1741 2691 1879 2756 loca,
1924 2692 2136 2744 anima-

543 2790 673 2846 lium
699 2797 886 2858 utpote
911 2798 965 2841 et
1005 2786 1264 2839 arborum
1320 2795 1375 2838 et
1425 2783 1729 2838 hominum.
1778 2782 2132 2839 Variﬁcatum

540 2883 690 2938 enim
717 2892 803 2937 est
825 2894 1026 2948 corpus
1067 2888 1122 2933 et
1166 2878 1545 2946 compositum.
1585 2874 1957 2946 Compositum
1991 2876 2136 2931 enim

541 2989 706 3032 estet
738 2975 988 3030 Salvator
1023 2972 1135 3042 (‘39)
1180 2986 1274 3040 per
1326 2970 1698 3039 incorporales
1750 2968 2000 3022 virtutes.
2027 2967 2135 3021 Ne-

542 3086 650 3139 que
674 3068 821 3124 enim
846 3066 1067 3121 arbores
1101 3065 1319 3118 sibimet
1348 3063 1474 3131 ipsa?
1509 3068 1753 3115 statuunt
1814 3069 2028 3127 tempus
2076 3068 2137 3112 ut

544 3163 794 3240 ﬁorgant,
824 3175 929 3213 non
984 3157 1411 3227 magnitudinem
1448 3152 1703 3207 foliorum
1728 3191 1743 3214 .
1773 3167 1879 3206 non
1929 3162 2137 3220 tempus

544 3254 780 3324 frugum,
811 3268 916 3307 non
945 3249 1395 3321 compositionem
1423 3261 1610 3300 eorum
1636 3259 1765 3313 qua:
1811 3244 2136 3311 ﬁgurantur,

543 3365 651 3404 non
679 3363 742 3404 ea
769 3363 892 3418 qua:
921 3349 1067 3402 intus
1100 3353 1230 3399 sunt
1258 3344 1326 3397 ad
1365 3340 1780 3397 custodiendum
1801 3378 1818 3402 ,
1859 3352 1968 3391 non
2018 3350 2141 3406 qum

546 3444 695 3499 foras
724 3451 855 3497 sunt
888 3441 955 3495 ad
989 3437 1229 3493 tutelam.
1278 3435 1393 3489 Non
1448 3434 1598 3488 enim
1647 3432 1701 3486 in
1747 3431 2002 3485 arborum
2055 3438 2141 3483 est

543 3545 831 3606 potestate.
864 3533 934 3588 de
962 3532 1047 3587 his
1075 3546 1197 3601 qua
1224 3538 1354 3584 sunt
1380 3528 1433 3582 in
1465 3523 1776 3579 arboribus.
1819 3522 1877 3575 Si
1907 3521 2052 3575 enim
2086 3530 2142 3574 et

545 3631 598 3683 in
624 3628 780 3683 nobis
809 3622 1227 3680 rationabilibus
1276 3636 1383 3674 non
1435 3628 1521 3673 est
1565 3625 1814 3688 potestas
1868 3628 2144 3668 mensura-

546 3738 690 3787 rum,
719 3736 827 3774 non
861 3728 1081 3773 attalum
1102 3756 1117 3780 ,
1156 3730 1263 3769 non
1296 3712 1691 3773 membrorum,
1724 3721 1898 3775 neque
1924 3705 2142 3775 quando

547 3816 740 3870 debeat
793 3825 1103 3881 procreare,
1160 3817 1253 3861 aut
1300 3805 1471 3868 nasci,
1510 3812 1607 3857 aut
1650 3815 1933 3862 crescere,
1967 3813 2142 3867 neque

548 3923 720 3978 usque
752 3907 818 3960 ad
850 3904 1077 3973 capillos
1111 3920 1125 3953 :
1160 3916 1267 3955 non
1321 3899 1496 3952 solum
1547 3905 1605 3949 ut
1644 3893 1859 3962 quando
1890 3889 2140 3953 ﬂoreant,

547 4011 601 4056 et
648 3999 867 4071 quando
905 3998 1174 4060 debeant,
1219 3992 1310 4062 qui
1354 3989 1585 4045 necdum
1638 3994 1905 4041 venerunt
1933 3984 2001 4037 ad
2030 3981 2139 4069 ﬁo-

547 4110 702 4159 rem;
738 4092 832 4146 sed
885 4104 1061 4159 neque
1094 4088 1162 4141 de
1194 4101 1261 4140 eo
1308 4092 1366 4137 ut
1403 4080 1700 4137 transferat
1741 4077 2005 4139 colorem,
2030 4063 2084 4128 et
2113 4092 2140 4127 a

550 4186 709 4257 nigro
739 4184 925 4238 veniat
953 4182 1019 4235 ad
1052 4180 1259 4243 album,
1287 4185 1372 4233 est
1405 4176 1459 4230 in
1492 4184 1681 4229 nostra
1711 4178 2013 4241 potestate,
2050 4166 2142 4236 qui

549 4282 844 4351 cogitatum
874 4274 1215 4345 possidemus
1245 4281 1301 4325 et
1335 4283 1555 4325 sensum
1586 4285 1602 4323 :
1629 4266 1675 4320 si
1712 4265 1879 4336 igitur
1908 4270 1963 4318 et
1992 4276 2143 4328 qua:-

550 4387 765 4442 cunque
796 4370 849 4423 in
892 4367 1047 4423 nobis
1076 4373 1205 4421 sunt
1248 4362 1558 4427 naturalia,
1617 4375 1722 4413 non
1776 4368 1903 4412 sunt
1948 4364 2145 4408 nostrae

549 4463 862 4533 potestatis,
891 4469 1096 4530 quanto
1128 4457 1304 4529 magis
1332 4457 1387 4510 in
1435 4450 1903 4509 irrationabilibus
1934 4447 2147 4501 anima-

2236 1953 2540 2023 proprium,
2594 1954 2795 2007 similia
2826 1968 2856 2006 a
2892 1952 3202 2017 similibus;
3257 1958 3313 2004 et
3358 1960 3673 2003 mensurata
3734 1958 3827 2002 est

2235 2047 2675 2119 concupiscentia
2700 2044 3049 2098 animalibus.
3078 2041 3193 2095 Non
3228 2040 3373 2095 enim
3418 2041 3470 2094 in
3501 2041 3649 2094 omni
3684 2052 3828 2093 tem-

2236 2159 2366 2213 pore
2399 2140 2725 2195 animalibus
2752 2148 2835 2192 est
2866 2134 3313 2197 communicatio,
3331 2133 3426 2187 sed
3463 2142 3681 2200 tempus
3711 2142 3830 2186 sta-

2238 2248 2410 2290 tutum
2462 2244 2549 2289 est
2593 2242 2649 2288 et
2681 2232 3018 2300 agnoscitur.
3072 2228 3137 2282 Et
3175 2226 3400 2281 masculi
3436 2234 3567 2279 tunc
3598 2240 3830 2279 moven-

2241 2340 2355 2392 tur,
2388 2337 2445 2381 et
2471 2327 2684 2381 femina:
2721 2334 2849 2377 tunc
2877 2322 3177 2391 patiuntur,
3217 2327 3273 2373 et
3316 2319 3533 2372 transiit
3580 2329 3825 2386 tempus,

2236 2428 2291 2473 et
2318 2427 2567 2473 emortua
2597 2415 2767 2470 estin
2827 2410 3294 2468 irrationabilibus
3348 2407 3825 2477 concupiscentia.

2240 2512 2311 2567 Et
2330 2512 2417 2567 ubi
2451 2520 2596 2565 tanta
2624 2508 2860 2563 varietas
2882 2516 2988 2569 est,
3013 2518 3191 2559 nonne
3223 2502 3569 2558 confessibile
3597 2502 3715 2571 (33)
3740 2513 3829 2556 est

2245 2604 2485 2675 ignorari
2538 2602 2606 2656 ab
2656 2599 3124 2656 irrationabilibus
3190 2612 3313 2665 qua:
3389 2595 3559 2649 ﬁunt?
3612 2593 3827 2649 Tamen

2238 2704 2537 2769 agnoscunt
2558 2692 2831 2763 quomodo
2883 2699 3143 2758 reguntur
3169 2698 3227 2741 et
3250 2686 3614 2751 adducuntur,
3643 2696 3705 2740 et
3734 2686 3828 2739 ubi

2237 2796 2455 2860 oportet
2486 2786 2771 2849 seminari,
2804 2791 2860 2837 et
2886 2782 2979 2837 ubi
3004 2779 3294 2837 conveniat
3322 2778 3701 2833 commendari
3728 2795 3745 2832 :
3772 2789 3829 2832 et

2239 2884 2554 2954 ignorantes
2587 2879 2730 2949 quod
2770 2876 3007 2931 futurum
3077 2883 3181 2937 est,
3242 2872 3596 2928 nihilominus
3635 2881 3826 2927 tamen

2238 2976 2447 3046 legibus
2476 2972 2797 3027 suadentur.
2833 2968 2891 3021 lu
2935 2966 3256 3021 matricibus
3295 2976 3473 3020 autem
3505 2980 3605 3020 nec
3647 2965 3827 3019 ratio-

2240 3067 2449 3123 nabiles
2476 3063 2731 3120 mulieres
2760 3070 2962 3116 norunt
2998 3059 3127 3129 quid
3154 3057 3448 3112 efﬁciatur.
3504 3054 3714 3111 Tamen
3769 3069 3829 3111 et

2166 3189 2211 3249 Ο
2243 3156 2706 3213 irrationabilibus
2736 3154 3060 3224 ﬁgurantur,
3082 3159 3138 3204 et
3171 3150 3347 3203 nullus
3386 3159 3602 3203 emovet
3629 3159 3692 3203 ut
3716 3165 3826 3202 non

2245 3258 2567 3306 moveantur
2588 3256 2746 3303 extra
2778 3259 3109 3308 mensuram,
3144 3257 3319 3311 neque
3344 3252 3404 3295 ut
3434 3241 3563 3295 illud
3591 3242 3828 3295 mandu-

2243 3354 2348 3409 cet,
2376 3353 2430 3399 et
2482 3341 2551 3395 ab
2597 3339 2691 3393 illo
2749 3352 2809 3392 se
2844 3336 3137 3392 abstineat.
3166 3333 3562 3404 Nonnunquam
3593 3332 3743 3387 enim
3774 3340 3833 3383 et

2242 3436 2518 3491 minantur
2559 3432 2873 3503 plurimum,
2900 3439 2955 3484 et
2983 3437 3217 3481 currunt
3262 3442 3383 3496 qua:
3426 3436 3828 3495 conceperunt,

2242 3538 2299 3586 et
2332 3526 2578 3583 custodit
2601 3540 2664 3579 ea
2690 3538 2813 3593 qua:
2833 3522 3094 3577 custodit.
3143 3520 3298 3587 Apud
3353 3534 3451 3573 nos
3506 3519 3654 3573 enim
3696 3520 3832 3589 quia

2243 3622 2464 3690 adjuvat
2497 3632 2588 3671 ars
2616 3627 2841 3679 naturae,
2893 3614 3236 3668 immutatum
3266 3621 3349 3664 est
3375 3627 3403 3663 a
3447 3621 3643 3663 natura
3675 3614 3834 3675 adju-

2243 3721 2508 3768 mentum.
2529 3707 2629 3763 Ubi
2661 3718 2840 3760 autem
2872 3704 3005 3757 nihil
3030 3702 3262 3758 coefﬁcit
3286 3716 3377 3755 ars
3394 3712 3621 3762 naturae,
3642 3708 3826 3755 totum

2244 3804 2615 3874 adjumentum
2657 3796 2984 3852 custoditur.
3019 3791 3185 3846 Multa
3218 3792 3362 3845 enim
3390 3799 3518 3845 sunt
3568 3805 3693 3859 qua
3738 3793 3824 3845 vi-

2245 3896 2439 3949 dentur
2473 3893 2526 3946 in
2559 3890 2682 3944 aliis
2712 3886 3064 3948 animalibus,
3089 3898 3217 3953 qua:
3251 3896 3349 3936 nos
3380 3897 3486 3935 non
3532 3881 3825 3936 habemus.

2246 3987 2412 4041 Nobis
2438 3984 2584 4040 enim
2621 3996 2802 4051 neque
2829 3978 2963 4033 tales
2990 3986 3178 4041 cutes,
3235 3988 3413 4043 neque
3468 3974 3605 4027 tanti
3638 3974 3828 4041 capilli

2246 4086 2393 4144 sunt,
2426 4076 2612 4147 quanti
2647 4085 2703 4128 et
2736 4073 2867 4127 illis.
2898 4071 3003 4125 Ars
3033 4069 3177 4123 enim
3216 4068 3455 4122 vestiens
3477 4082 3565 4129 ea,
3591 4068 3833 4135 complet

2246 4170 2389 4242 quod
2420 4167 2845 4222 videturdeesse
2890 4173 3118 4216 naturae.
3174 4159 3289 4213 Non
3324 4160 3660 4228 operimenta
3703 4171 3835 4213 sunt

2249 4262 2439 4316 iisdem
2469 4275 2485 4323 ;
2549 4256 2831 4311 sufﬁciunt
2861 4254 3005 4307 enim
3037 4253 3153 4320 pili.
3188 4250 3305 4303 Non
3334 4249 3608 4317 opertoria
3638 4263 3654 4311 ;
3691 4249 3831 4301 ami-

2248 4365 2335 4411 cta
2382 4361 2466 4407 est
2513 4351 2659 4402 enim
2718 4362 2845 4417 pars
2899 4360 3019 4413 qua:
3070 4344 3156 4398 his
3186 4341 3479 4409 indigebat.
3532 4337 3836 4393 Sufﬁciunt

2249 4441 2448 4510 quippe
2482 4437 2589 4490 illis
2627 4435 2806 4503 capilli
2836 4445 2892 4487 et
2916 4448 3014 4503 pro
3040 4432 3293 4486 domibus
3324 4440 3380 4484 et
3408 4430 3582 4492 tectis,
3609 4438 3665 4482 et
3686 4430 3836 4481 tuni-

482 4538 487 4549 ’
552 4523 715 4623 libus,
744 4523 858 4611 non.
878 4523 1003 4609 sunt
1030 4554 1086 4608 in
1122 4523 1363 4623 ipsorum
1394 4553 1666 4618 potestate
1693 4556 1813 4612 qua:
1851 4554 1947 4593 sua
1979 4537 2145 4592 sunt?
2175 4555 2221 4612 ι)
2250 4534 2329 4589 cis
2358 4542 2414 4585 et
2445 4529 2620 4599 palliis
2645 4537 2702 4583 et
2727 4526 3083 4596 operimentis
3115 4542 3130 4591 ;
3180 4534 3231 4577 et
3284 4524 3574 4591 unicuique
3605 4523 3833 4575 animali

552 4652 720 4721 Magis
743 4658 923 4703 autem
961 4649 1066 4701 hoc
1115 4644 1170 4699 iu
1205 4641 1497 4698 arboribus
1543 4652 1647 4691 non
1681 4643 1765 4688 est
1816 4642 1872 4687 et
1919 4630 2138 4702 plantis.

551 4743 621 4798 Et
650 4741 908 4797 tamenin
940 4738 1025 4794 his
1061 4753 1183 4808 quae
1214 4736 1336 4790 sine
1386 4734 1567 4787 anima
1614 4738 1763 4791 sunt,
1817 4727 1919 4781 hoc
1960 4734 2043 4779 est
2083 4724 2138 4778 in

552 4835 841 4892 arboribus
870 4834 990 4887 istis
1028 4840 1082 4885 et
1129 4828 1350 4900 plantis,
1392 4836 1690 4885 mensurae,
1737 4816 2139 4887 magnitudines

555 4928 821 4999 partibus.
855 4932 910 4978 et
934 4923 1034 4992 ipsi
1067 4921 1247 4975 omnia
1297 4916 1482 4972 arbori
1527 4923 1581 4969 et
1613 4913 1840 4981 plantat,
1891 4919 1945 4962 et
1989 4906 2137 4962 foliis

554 5021 673 5091 ejus
724 5028 780 5073 et
830 5015 1121 5077 fructibus,
1183 5021 1240 5068 et
1300 5004 1785 5077 compositionibus
1844 5001 2137 5071 habeptnr.

557 5110 924 5179 Quarumdam
944 5107 1086 5161 enim
1111 5104 1323 5159 fructus
1352 5100 1527 5171 sparsi
1561 5106 1692 5153 sunt
1718 5137 1734 5164 ,
1781 5096 1921 5149 alius
1953 5094 2006 5148 in
2034 5091 2141 5145 alio

632 5284 743 5353 (‘28)
793 5284 1202 5353 Operimenlum.
1227 5278 1367 5353 Lege
1415 5283 1837 5353 operamaiunt,
1878 5284 1998 5353 quas
2027 5283 2135 5353 vox

558 5341 851 5422 interpreti
869 5365 1052 5422 nostro
1085 5341 1496 5422 familiaris,pr
1545 5360 1610 5422 eo
1636 5342 1777 5422 quod
1817 5350 1900 5419 est
1935 5341 2136 5390 instru-

556 5410 807 5481 mentum.
844 5420 937 5478 Sic
980 5437 1140 5490 supra
1204 5420 1307 5473 col.
1366 5410 1502 5471 i099
1549 5416 1589 5468 Δ
1621 5432 1634 5466 :
1662 5410 1933 5490 Provenit_
1957 5418 2135 5490 ηιμ-φ

733 5475 939 5562 portare
957 5475 1287 5545 niedirirmlia
1311 5497 1671 5562 aperumenta;
1696 5491 1750 5535 et
1778 5477 2049 5559 col..H27
2074 5475 2132 5525 B:

555 5550 844 5623 Cesserunt
870 5564 1097 5617 visibrlia
1120 5550 1485 5627 operantium:
1515 5556 1744 5623 idlpsum
1764 5550 1961 5621 passim
2000 5560 2145 5614 repe-

557 5644 687 5690 rias.
1478 5644 1481 5647 ’

628 5705 742 5773 (29)
769 5705 1038 5761 Salvator.
1066 5701 1265 5773 Forte,
1307 5700 1563 5751 minatur.

630 5772 741 5846 (30)
770 5776 1000 5846 Potitus.
1040 5772 1219 5846 Forte,
1244 5773 1461 5846 positus.

630 5830 744 5921 (51)
768 5845 1108 5899 Butronibus.
1149 5830 1387 5896 Deducta
1419 5854 1522 5894 vox
1554 5854 1617 5896 ea
1655 5838 1866 5893 videtur
1894 5844 1920 5884 a
1945 5830 2137 5885 Grmca

2248 4641 2349 4697 pro
2379 4625 2460 4679 sui
2503 4631 2694 4676 natura
2744 4628 2799 4673 et
2851 4618 3125 4686 opertoria
3170 4618 3292 4669 data
3353 4623 3497 4668 sunt.
3532 4614 3630 4667 llis
3682 4616 3832 4667 etiim

2246 4717 2339 4786 qui
2383 4716 2561 4769 minus
2580 4721 2833 4783 poterant
2868 4713 3140 4763 sustinuere
3173 4708 3487 4778 fridgorem,
3538 4705 3832 4774 spissiora

2245 4808 2337 4877 pili
2362 4818 2417 4862 et
2452 4808 2723 4874 longiores
2758 4802 2950 4859 indulti
2978 4810 3129 4859 sunt,
3167 4798 3289 4852 aliis
3320 4798 3456 4850 lana:
3484 4815 3497 4850 :
3532 4808 3587 4850 et
3612 4797 3829 4850 unicui-

2244 4915 2350 4970 que
2385 4909 2631 4967 separata
2685 4908 2768 4953 est
2807 4912 2931 4951 esca
2966 4904 3021 4947 et
3074 4892 3314 4946 immissa
3340 4930 3356 4956 ,
3391 4899 3447 4942 et
3480 4889 3624 4942 circa
3681 4888 3828 4940 illam

2247 5008 2426 5050 escam
2462 4994 2549 5047 illa
2578 4992 2851 5045 alacritas.
2882 4989 3013 5055 Quae
3038 4986 3182 5040 enim
3206 4995 3433 5038 excusat
3460 4981 3575 5051 (36)
3608 4995 3828 5041 cervus,

2251 5090 2367 5143 hate
2403 5086 2750 5156 persequitur
2774 5084 2857 5136 leo
2886 5098 2900 5134 :
2928 5090 2983 5133 et
3010 5079 3161 5132 varia
3193 5074 3472 5147 proposita
3507 5082 3595 5128 est
3642 5074 3826 5141 magni

2246 5268 2425 5338 βότρις
2473 5260 2925 5338 raremus.__(;_erte
2968 5257 3239 5338 sententia
3267 5253 3430 5338 huius
3463 5254 3564 5308 loci
3613 5253 3829 5338 videtur

2243 5326 2431 5391 eadem
2454 5349 2573 5389 esse
2596 5348 2713 5398 qua:
2744 5331 2885 5385 illius
2907 5332 3045 5396 apud
3067 5327 3321 5390 Plinium,
3350 5327 3443 5398 lib.
3470 5340 3559 5385 xv,
3586 5339 3704 5398 cap.
3722 5326 3823 5377 εει

2246 5406 2547 5472 Dependent
2574 5394 2681 5454 alia
2709 5394 2985 5470 pediculi},
3024 5409 3076 5451 ut
3121 5399 3237 5459 pira
3258 5414 3277 5462 ;
3312 5395 3420 5447 alia
3462 5394 3681 5447 recentia
3709 5434 3724 5457 ,
3766 5404 3826 5445 ut

2244 5492 2377 5538 um,
2408 5476 2613 5541 palmet.

2319 5540 2433 5609 (52’)
2463 5544 2656 5612 Ipsius.
2696 5540 2891 5603 Αὐτοῦ,
2918 5541 3172 5609 ejusdem.

2320 5602 2433 5686 (55)
2471 5602 3209 5686 Conmaibilc.Confessum,
3242 5614 3615 5686 compertum:
3635 5602 3829 5684 Ut_su-

2250 5675 2341 5760 prd
2372 5675 2601 5760 nul,_47,
2653 5685 2848 5760 inimici
2908 5680 3227 5758 coit/caules,
3265 5679 3455 5744 aperti,
3492 5675 3737 5741 professi.

2321 5758 2430 5829 (3t)
2459 5741 2713 5829 meum.
2747 5755 2800 5809 ld
2846 5755 2926 5808 est
2962 5741 3151 5821 respuit
3184 5741 3326 5804 sicut
3374 5750 3685 5802 notavimus
3713 5741 3830 5800 col.

2251 5831 2377 5887 “Ui
2394 5870 2407 5894 ,
2447 5838 2559 5885 nol.
2598 5828 2684 5882 (33.
