4098 6398
320 353 460 437 iis;

1660 346 1746 403 DE
1782 345 2268 407 lNCORPthALl.

3442 361 3580 416 Ηῧῶ

320 469 412 524 Dei
444 482 650 532 mensa,
685 465 838 535 plena
867 463 1084 534 quidem
1124 463 1396 531 omnibus,
1429 466 1762 520 conveniens
1795 482 1894 520 au-
1928 471 1970 525 Α
2002 467 2286 525 mamillas,
2314 464 2735 536 quadripedihus
2766 470 2947 522 autem
2975 470 3026 522 in
3058 471 3180 527 aliis
3215 473 3389 527 infixit
3420 477 3573 533 locis.

321 568 427 614 tem
490 557 780 626 unicuique
839 567 1062 610 naturae.
1103 553 1168 609 Et
1196 563 1279 609 est
1323 553 1631 609 admiratio.
1666 553 1881 606 Numeri

316 645 460 698 enim
495 643 762 698 mensium
799 644 1116 697 matricibus
1149 652 1202 695 et
1228 643 1696 698 irrationabilibus
1726 644 1886 712 positi

316 742 460 790 stmt.
494 727 559 788 Et
600 735 721 803 quis
757 751 861 788 non
903 745 1139 804 stupeat,
1199 735 1323 804 quia
1377 735 1429 790 in
1487 744 1728 805 tempore
1786 738 1891 790 isto

277 823 289 871 ι’
318 836 670 892 concurrunt,
725 825 878 893 cujus
910 826 1089 880 exitus
1129 823 1365 879 fructum
1419 837 1712 896 apportat,
1765 843 1888 882 cum

317 920 580 988 asperitas
617 913 822 972 hiberni
879 918 1191 972 transierit?
1237 926 1297 971 ut
1335 934 1440 972 non
1494 924 1678 973 tenera
1715 920 1890 975 adlmc

317 1006 610 1065 constituta
637 1025 757 1078 qua:
783 1019 907 1062 nata
929 1019 1054 1062 sunt
1080 1010 1133 1062 in
1157 1009 1320 1064 domo
1345 1025 1449 1064 non
1467 1009 1704 1074 conlota,
1733 1026 1891 1080 aspe-

316 1102 534 1156 ritatem
568 1111 744 1154 autem
779 1101 974 1154 hiemis
1001 1101 1332 1154 incurrentia
1375 1102 1638 1168 perirent,
1669 1111 1722 1153 et
1757 1102 1890 1154 deli-

314 1197 464 1241 ceret
490 1204 677 1256 genus,
714 1188 758 1240 si
791 1189 862 1240 ita
903 1188 1153 1258 frigdore
1178 1191 1366 1258 gelidae
1393 1191 1585 1244 hiemis
1613 1192 1889 1245 interfice-

314 1286 480 1328 retur.
505 1276 609 1330 Sed
644 1276 788 1346 leges
815 1286 1050 1342 statutae,
1076 1288 1131 1332 et
1161 1280 1294 1334 lines
1317 1290 1443 1333 sunt
1465 1279 1649 1349 positi,
1673 1281 1889 1349 quando

313 1367 587 1422 seminare
619 1370 900 1435 deberent,
932 1380 987 1424 et
1021 1371 1237 1438 quando
1283 1371 1520 1425 lmctum
1575 1372 1792 1426 all‘erre.
1825 1374 1888 1426 Et

313 1473 490 1527 neque
523 1459 629 1514 illis
653 1475 790 1528 opus
843 1470 927 1514 est
975 1460 1292 1526 obstetrice,
1325 1477 1501 1532 neque
1532 1474 1650 1519 arte
1703 1464 1888 1518 istius-

315 1554 481 1617 modi,
515 1569 689 1623 neque
709 1565 772 1609 ut:
795 1557 952 1610 cadat
976 1567 1030 1608 et
1056 1555 1234 1626 jaceat
1262 1571 1275 1609 :
1309 1557 1402 1610 sed
1434 1557 1616 1612 statim
1642 1566 1701 1611 ut
1728 1558 1886 1611 enixa

316 1645 479 1699 fuerit
502 1655 633 1710 stat,
666 1648 849 1701 statim
883 1657 940 1700 ut
969 1657 1154 1700 natum
1185 1646 1348 1701 fuerit
1402 1662 1570 1715 pecus
1622 1648 1884 1716 exsurgit,

314 1747 368 1792 et
393 1742 634 1810 agnoscit
671 1739 1042 1795 irratiooabile
1086 1739 1286 1794 animal
1323 1740 1466 1810 quod
1517 1739 1680 1808 ejecit
1707 1757 1736 1796 e
1774 1757 1890 1794 ma-

1995 557 2133 621 Quid
2161 567 2340 611 autem
2367 558 2502 613 dicis
2527 558 2652 626 q‘uia
2680 557 3096 630 unumquodque
3130 561 3354 631 animal,
3389 571 3576 623 statim

1993 659 2050 701 ιιι
2086 658 2266 702 natum
2294 643 2474 717 fuerit,
2510 659 2769 718 quantum
2806 664 2888 707 est
2917 664 3124 710 tantum
3162 670 3263 718 est,
3294 645 3570 731 magnitu-

1995 738 2121 792 dine
2147 737 2291 803 dico,
2325 743 2418 796 scd
2447 743 2593 812 quod
2623 743 2759 799 nihil
2797 748 3029 815 amplius
3062 752 3293 805 assumit
3326 753 3391 807 ad
3422 771 3576 810 men-

1995 839 2124 884 tem.
2153 831 2326 885 llabet
2347 833 2490 887 enim
2521 835 2910 891 scnsibilitates
2943 855 3091 905 suas,
3124 841 3286 897 habet
3323 839 3571 915 capillos";

1993 933 2048 976 et
2080 922 2202 990 quia
2245 924 2378 977 nihil
2410 928 2551 990 apud
2598 942 2692 983 eos
2745 931 3042 999 pretiosum
3079 943 3185 995 est,
3244 936 3364 990 ideo
3399 947 3569 992 totttm

1993 1015 2177 1068 statim
2204 1015 2256 1069 in
2281 1017 2360 1070 eis
2382 1016 2608 1072 ell‘usum
2640 1030 2768 1076 est':
2801 1023 2944 1076 sicut
2998 1033 3052 1077 et
3102 1025 3455 1081 infructuosis
3479 1039 3572 1082 ar-

1994 1108 2216 1163 boribus
2249 1110 2430 1164 statim
2453 1114 2804 1169 concurritet
2831 1115 3126 1172 ell'unditur
3155 1122 3485 1188 magnitudo.
3516 1124 3571 1186 In

1993 1198 2290 1254 fructifcris
2316 1210 2497 1256 autem
2549 1206 2748 1260 sensim
2803 1208 3020 1276 prolicit
3075 1223 3446 1281 augmentum.
3490 1213 3570 1270 lta

1991 1300 2066 1343 et'
2089 1291 2518 1347 rationabilibus
2549 1308 2654 1348 non
2685 1299 2867 1350 statim
2897 1298 3134 1355 efficitur
3164 1313 3220 1356 ut
3275 1286 3565 1372 crescant,

1992 1396 2098 1435 non
2127 1383 2308 1436 statim
2333 1392 2536 1448 Status,
2583 1402 2686 1439 non
2725 1390 2908 1441 statim
2960 1405 3107 1448 esca.
3142 1393 3420 1464 Siquidem
3469 1411 3574 1454 nec

1993 1475 2300 1543 margarita:
2324 1477 2374 1530 in
2410 1478 2548 1533 facie
2577 1481 2924 1550 reperiuntur
2947 1491 3143 1537 terrae:
3178 1486 3272 1539 sed
3303 1497 3423 1555 post
3447 1499 3572 1542 tan-

1993 1576 2075 1619 tas
2101 1567 2452 1624 difficultates
2476 1571 2618 1638 quod
2661 1573 2964 1639 pretiosum
3009 1585 3092 1628 est
3136 1576 3432 1632 invenitur.
3461 1576 3570 1634 Ta«

1993 1674 2112 1712 men
2147 1660 2286 1728 quod
2317 1672 2576 1731 properat
2604 1678 2786 1718 sermo
2812 1666 2877 1718 ad
2931 1666 3279 1738 semetipsum
3331 1670 3565 1728 dicimus

1991 1750 2114 1816 quia
2149 1766 2325 1818 neque
2350 1751 2834 1810 irrationabilibus.
2861 1756 2917 1811 Si
2957 1760 3100 1812 enim
3139 1772 3386 1826 nossent,
3427 1763 3566 1820 forte

316 1831 468 1894 ιτὶοεν
497 1841 550 1884 ει
570 1832 710 1900 quod
738 1847 840 1884 Ιιοιι
869 1831 1079 1885 Viden“
1107 1841 1167 1884 υῐ
1199 1832 1380 1886 SCieﬂS
1410 1842 1584 1886 malet
1615 1832 1884 1902 agnoscil.
1920 1829 1962 1884 Β
1991 1841 2208 1908 quidam
2240 1858 2406 1895 ausus
2431 1844 2642 1910 luisset,
2677 1857 2730 1900 et
2753 1847 2958 1903 diceret
2991 1850 3231 1917 ipsorum
3266 1868 3386 1910 esse
3407 1871 3560 1924 opus.

311 1932 366 1977 et
386 1925 666 1992 progenies
692 1924 756 1978 ad
791 1934 1014 1977 matrem
1034 1926 1372 1979 convertitur
1393 1940 1554 1994 quam
1586 1926 1881 1980 nesciebat.

309 2014 376 2068 Et
415 2031 535 2068 cum
560 2015 742 2069 adsint
771 2015 882 2088 (55)
919 2016 1086 2086 ipsius
1119 2018 1334 2084 generis
1364 2019 1475 2084 alii,
1511 2031 1620 2073 non
1649 2026 1768 2072 erat
1807 2018 1882 2070 ir-

310 2108 645 2164 rationabilis
667 2110 732 2162 ad
758 2109 1049 2176 modicum,
1072 2120 1124 2164 et
1149 2112 1331 2166 statim
1360 2113 1608 2182 agnoscit
1632 2121 1881 2164 matrem.

311 2199 570 2269 Agnoscit
597 2210 775 2255 autem
811 2211 865 2254 et
898 2202 980 2256 sui
1015 2203 1231 2271 generis
1263 2221 1277 2257 :
1316 2219 1423 2258 non
1459 2205 1673 2275 ignorat
1717 2203 1881 2255 etiam

309 2297 367 2345 et
391 2304 509 2359 qua:
539 2291 638 2344 sibi
673 2291 896 2345 adversa
931 2301 1077 2346 sunt.
1134 2293 1482 2364 Accipiamus
1527 2294 1672 2347 enim
1708 2293 1883 2360 gratia

309 2381 729 2450 comparationis
757 2397 919 2434 unum
946 2395 1013 2435 ev
1047 2382 1152 2449 his,
1181 2395 1236 2437 et
1266 2385 1568 2438 videamus.
1604 2382 1762 2437 Cervi
1788 2397 1884 2436 ca-

312 2475 530 2544 preolus
565 2476 743 2529 statim
777 2486 834 2530 ut
866 2485 1022 2530 natus
1053 2477 1217 2531 fuerit
1242 2477 1414 2532 currit
1442 2477 1508 2530 ad
1544 2485 1796 2540 matrem,
1829 2484 1884 2529 et

311 2568 632 2633 qumritnon
685 2568 822 2622 unde
846 2569 1192 2637 processerit,
1249 2569 1345 2623 sed
1403 2569 1546 2624 unde
1601 2578 1879 2637 pascatur.

310 2653 402 2708 llla
433 2665 608 2710 autem
651 2673 768 2724 qua:
799 2669 956 2712 antea
982 2673 1089 2712 non
1128 2658 1684 2724 dederatmatnillam,
1714 2672 1880 2727 agno-

313 2748 418 2804 scit
445 2749 559 2816 ejus
583 2750 672 2818 qui
714 2762 874 2805 natus
905 2761 986 2806 est
1013 2753 1389 2818 alacritatem,
1439 2761 1495 2805 et
1548 2759 1701 2820 aptat
1752 2758 1882 2805 nato

310 2852 617 2893 mensuram
641 2839 835 2894 volenti
861 2843 1176 2913 contingere
1199 2852 1257 2897 ut
1285 2843 1580 2923 pertingat,
1608 2843 1766 2897 matri
1787 2859 1883 2896 au-

310 2940 416 2984 tem
447 2946 567 3000 qua:
595 2932 795 3001 praebet
826 2941 884 2986 ιιι
911 2935 1172 3004 suscipiat
1200 2946 1255 2988 et
1290 2945 1498 3005 pascat.
1549 2934 1660 2990 Cur
1700 2945 1880 2989 autem

308 3034 415 3074 non
444 3022 575 3075 abiit
609 3022 675 3075 ad
713 3023 874 3076 aliam
905 3023 1173 3079 similem?
1199 3023 1310 3079 Cur
1345 3026 1515 3096 ipsius
1539 3038 1750 3081 natura:
1774 3027 1878 3080 alia

310 3126 416 3165 non
454 3112 722 3181 suscepit?
751 3113 860 3167 Cur
891 3131 995 3170 non
1026 3119 1094 3171 ad
1119 3133 1181 3173 os
1217 3119 1389 3188 patris
1447 3119 1742 3188 perrexit?
1780 3134 1880 3174 cur

1992 1933 2124 2000 Quia
2147 1944 2324 1988 autem
2361 1936 2613 2006 ignorant
2641 1940 2879 2007 quidem,
2912 1941 3152 1995 efticitur
3185 1959 3350 2011 vero;
3381 1956 3561 2000 tamen

1991 2026 2114 2094 quia
2146 2025 2281 2078 liuut
2306 2042 2556 2095 corpora,
2587 2037 2642 2082 et
2687 2029 2987 2100 figurantur
3041 2034 3092 2087 in
3131 2037 3475 2100 matricibus,
3509 2052 3566 2092 et

1991 2129 2244 2172 crescunt
2268 2130 2388 2189 post
2418 2123 2705 2186 matrices;
2761 2134 3070 2193 quaerentes
3102 2128 3410 2186 invenimus
3435 2136 3564 2203 quia

1991 2210 2279 2278 praesentia
2308 2212 2609 2281 corporalis
2635 2214 2830 2269 animae
2874 2231 2936 2270 ex
2991 2221 3309 2276 matricibus
3343 2236 3563 2291 exeunt,

1989 2310 2044 2354 et
2073 2299 2200 2367 ριιε(
2220 2317 2499 2370 egressum
2531 2316 2844 2374 pascuntur,
2885 2317 2939 2362 et
2976 2323 3230 2365 CI'CSCUIII.
3253 2324 3308 2367 Cl
3337 2330 3562 2370 moveu-

1993 2401 2100 2444 tur.
2129 2392 2185 2446 Si
2213 2403 2392 2448 autem
2423 2397 2545 2464 quis
2570 2397 2799 2462 dubitet,
2833 2401 3143 2456 consideret
3177 2419 3374 2473 corpus
3421 2408 3564 2462 unde
3648 2421 3661 2448 κ

1991 2485 2220 2539 recessit
2255 2486 2457 2552 anima,
2486 2497 2540 2541 ct
2563 2489 2700 2543 sciet
2737 2489 2887 2558 cujus
2931 2496 3214 2561 praesentia
3240 2506 3371 2551 sunt
3393 2513 3564 2567 opera

1991 2575 2109 2630 ista.
2136 2576 2278 2647 Ergo
2305 2588 2358 2633 et
2391 2581 2711 2649 corporibus
2745 2594 2808 2637 ut
2839 2584 2948 2638 sint
2973 2595 3026 2640 et
3062 2600 3336 2651 crescant,
3365 2601 3421 2645 et
3449 2607 3564 2644 ma-

1989 2678 2156 2723 neant
2184 2680 2360 2725 etnon
2387 2672 2776 2740 dissolvantur,
2801 2680 3084 2745 praesentia
3110 2681 3304 2738 animm
3337 2685 3560 2752 praebet,

1988 2761 2305 2830 impertiens
2334 2779 2456 2835 quae
2484 2781 2591 2820 non
2620 2766 2784 2823 habet
2837 2785 3057 2840 corpus.
3088 2772 3222 2828 Cum
3273 2776 3418 2828 enim
3453 2791 3560 2831 non

1989 2863 2242 2922 pascatur
2269 2858 2480 2924 pascit;
2518 2873 2640 2912 cum
2673 2875 2778 2913 non
2822 2871 3053 2928 crescat,
3106 2865 3322 2932 corpori
3360 2866 3563 2936 praebet

1989 2952 2048 2996 ut
2071 2955 2320 3000 crescat:
2358 2960 2479 3000 cmn
2502 2949 2737 3004 colorem
2772 2965 2880 3006 non
2938 2951 3388 3025 habeat,-pra:bet
3412 2958 3561 3013 colt»

1988 3049 2100 3090 rem
2128 3051 2142 3088 :
2173 3051 2294 3091 cum
2328 3053 2434 3093 non
2466 3049 2706 3095 transeat
2735 3057 2766 3096 a
2809 3041 2928 3097 loco
2961 3044 3029 3098 ad
3085 3044 3285 3111 locum,
3319 3062 3386 3103 ex
3439 3048 3557 3102 loco

1987 3126 2056 3180 ad
2091 3126 2267 3182 locum
2303 3138 2650 3186 transmutat.
2683 3132 2750 3186 Et
2782 3132 2887 3188 hoc
2931 3135 3106 3204 ipsum
3151 3140 3292 3205 quod
3346 3139 3593 3195 videtur'

315 3216 417 3254 non
446 3200 666 3258 olfendit
720 3207 787 3260 ad
836 3206 1002 3271 latus,
1050 3211 1141 3263 sed
1181 3209 1472 3263 mamillatn
1505 3209 1738 3278 qumrit?
1774 3225 1882 3279 quo
1908 3197 1952 3254 C
1984 3234 2103 3274 esse
2126 3236 2345 3290 corpus,
2368 3237 2467 3293 ρει-
2505 3225 2743 3278 animam
2777 3235 2861 3280 εει
2902 3197 3046 3295 φ]οα
3095 3197 3197 3282 θεέ,
3251 3229 3561 3285 accedent,

310 3294 609 3349 edocente?
630 3311 736 3368 quo
766 3301 1131 3369 suggerente?
1166 3300 1312 3368 Unde
1343 3309 1523 3356 autem
1558 3312 1612 3356 et
1636 3303 1882 3372 agnoscit

310 3383 439 3454 quid
478 3385 674 3441 habeat
709 3391 988 3445 mamilla?
1048 3393 1188 3447 unde
1234 3394 1391 3448 novit
1449 3394 1580 3463 quid
1617 3402 1877 3463 operetur

310 3479 432 3537 fons
458 3481 811 3537 mamillarum
837 3483 860 3537 ’ὲ
887 3485 1010 3554 quis
1047 3486 1096 3539 ei
1124 3486 1281 3551 dixit,
1306 3485 1434 3554 quia
1459 3485 1642 3540 fontes
1669 3484 1883 3538 mamil-

311 3571 375 3627 lae
404 3573 726 3630 suntiNam
781 3587 837 3630 et
883 3591 1004 3630 cum
1054 3577 1320 3631 ceciderit
1371 3576 1422 3629 in
1467 3584 1633 3639 terra,
1692 3576 1879 3629 statim

313 3675 442 3731 stat,
467 3679 522 3720 et
552 3682 723 3737 neque
751 3683 953 3723 cornua
981 3667 1322 3738 pertimescit
1347 3682 1636 3721 cervorum
1672 3666 1803 3721 talia
1829 3679 1883 3722 et

309 3756 386 3812 ita
415 3759 697 3822 terribilia,
725 3772 899 3826 neque
926 3759 1211 3829 perturbat
1259 3773 1380 3812 eum
1411 3758 1719 3813 immutatio
1753 3773 1879 3829 gre-

309 3850 412 3921 gis.
442 3849 498 3905 Si
523 3861 700 3905 autem
733 3852 1044 3921 apparuerit
1064 3850 1276 3905 catulus
1303 3851 1484 3915 canis,
1510 3851 1696 3906 statim
1729 3851 1798 3904 ab
1813 3866 1881 3906 eo

310 3943 401 4011 qui
437 3953 595 3997 natus
618 3952 702 3996 est
726 3944 1056 4013 agnoscitur,
1084 3943 1208 4012 quia
1243 3943 1595 4013 impugnator
1627 3954 1710 3997 est
1735 3943 1874 4012 ejus.

309 4034 376 4089 Et
404 4035 449 4090 si
476 4035 739 4090 simulans
784 4037 944 4091 homo
997 4037 1236 4090 imitatus
1271 4035 1434 4091 fuerit
1484 4051 1674 4090 vocem
1705 4041 1876 4103 cauis,

307 4129 492 4196 atatim
522 4136 578 4182 et
610 4139 896 4200 antequam
936 4131 1158 4197 videat,
1213 4131 1576 4186 imitationem
1609 4131 1837 4185 audiens
1863 4169 1879 4195 ,

306 4235 493 4273 vocem
519 4219 672 4290 fugit.
709 4221 839 4288 Quis
863 4236 990 4291 ergo
1036 4222 1090 4276 in
1126 4221 1590 4277 irrationabilibus
1622 4220 1881 4290 sapiens?

307 4322 362 4366 et
383 4323 531 4367 certe
561 4329 661 4369 nos
691 4314 780 4382 qui
831 4315 1079 4367 videmur
1123 4325 1180 4368 et
1212 4329 1402 4369 sumus
1463 4313 1824 4369 rationabiles
1861 4351 1880 4380 ,

307 4407 486 4462 statim
520 4409 628 4462 nati
660 4407 792 4462 nihil
822 4409 1014 4464 horum
1041 4409 1327 4469 habemus,
1358 4408 1502 4476 quod
1525 4415 1608 4462 est
1632 4406 1878 4461 admirao

308 4501 456 4552 tione
484 4498 700 4570 dignum
731 4517 746 4554 :
779 4515 877 4554 cur
899 4500 1075 4554 infans
1102 4510 1327 4554 matrem
1361 4500 1579 4568 ignorat
1607 4538 1624 4560 .
1677 4507 1731 4554 et
1775 4513 1876 4568 pa-
1908 4533 1954 4588 Β

307 4599 444 4643 trem
477 4605 580 4643 non
613 4591 890 4660 agnoscit?
927 4588 1109 4659 Neque
1141 4605 1170 4643 a
1201 4603 1261 4644 se
1301 4591 1478 4660 pergit
1522 4589 1638 4660 ('56)
1671 4589 1737 4642 ad
1763 4605 1878 4644 ma-

306 4680 530 4747 millam,
557 4697 729 4751 neque
755 4683 960 4752 aliquid
989 4679 1296 4736 istiusmodi
1323 4679 1486 4736 facit.
1531 4681 1670 4747 Quia
1725 4680 1872 4736 enim

303 4784 385 4829 est
415 4789 607 4828 sensus
638 4775 689 4829 in
719 4785 914 4840 matre,
948 4784 1003 4829 et
1038 4774 1202 4828 tutela
1239 4773 1289 4826 in
1334 4783 1527 4842 patre,
1567 4781 1623 4826 et
1661 4785 1764 4826 .ars
1819 4771 1874 4825 iu

302 4866 592 4922 obstetrice
620 4882 635 4919 :
661 4877 717 4921 ut
742 4875 998 4937 appareat
1021 4866 1368 4936 providentia.-
1396 4863 1753 4934 dispensatio,
1783 4862 1874 4918 ubi

304 4956 406 5013 ista
434 4956 646 5019 desunt.
673 4966 866 5011 natura
893 4957 1128 5026 complet
1159 4974 1174 5010 :
1207 4957 1302 5009 ubi
1327 4965 1510 5009 autem
1547 4955 1648 5010 ista
1693 4954 1871 5008 abun-

304 5052 458 5112 dant,
488 5059 675 5103 natura
704 5050 866 5104 cedit.
896 5047 1010 5104 Non
1045 5051 1188 5102 enim
1215 5047 1397 5104 statim
1437 5049 1609 5117 surgit
1639 5046 1821 5102 infans
1856 5066 1875 5102 ι

307 5140 467 5194 habet
509 5142 656 5194 enim
687 5157 877 5196 manus
906 5158 1027 5211 qua:
1070 5149 1334 5212 portant:
1398 5142 1740 5197 necessarios
1778 5155 1873 5195 ea-

303 5231 460 5301 pillos
489 5247 594 5286 non
620 5233 805 5286 habuit
829 5249 843 5283 :
875 5234 968 5302 pili
992 5235 1136 5290 enim
1170 5234 1350 5289 ovium
1379 5232 1690 5288 necessaria
1717 5247 1870 5287 com-

303 5322 468 5392 plent.
509 5322 743 5388 Quaerito
792 5335 970 5377 autem
1001 5332 1055 5378 et
1090 5325 1260 5392 ipsam
1316 5326 1646 5395 positionem
1703 5323 1873 5379 fontis

303 5431 548 5471 escarum
578 5413 753 5484 qualis
788 5415 928 5484 apud
961 5429 1079 5480 nos,
1119 5426 1174 5472 et
1210 5417 1389 5486 qualis
1417 5417 1557 5487 apud
1583 5416 1876 5470 irrationa-

304 5507 439 5563 biles
465 5509 745 5562 habeatur.
772 5507 908 5572 Quia
938 5509 1081 5560 enitn
1105 5519 1322 5564 erectus
1349 5521 1535 5566 noster
1563 5520 1650 5564 est
1672 5519 1874 5571 status,

303 5602 426 5670 quia
451 5601 502 5654 in
533 5599 678 5653 inani
722 5615 783 5654 os
835 5611 1141 5668 portamus,
1177 5602 1426 5670 superius
1487 5603 1766 5658 constituit
1817 5609 1871 5656 et

372 5783 484 5857 ('55)
517 5782 710 5857 Ipsius.
738 5784 933 5854 Αὑτοῦ,
963 5785 1222 5856 eiusdsm.

1984 3318 2164 3364 autem
2194 3315 2396 3379 anima,
2432 3318 2616 3367 statim
2641 3316 2985 3371 convincitur
3008 3333 3225 3386 corpus,
3253 3322 3434 3376 statim
3453 3324 3562 3377 dis-

1983 3401 2234 3466 solvitur,
2257 3404 2440 3458 statim
2478 3407 2684 3472 delluit,
2709 3407 3002 3477 spargitur,
3024 3410 3380 3481 obputrescit,
3408 3393 3575 3469 emo?

1987 3493 2142 3556 ritur,
2182 3493 2531 3565 infrigdatur,
2563 3498 2815 3553 immutat
2847 3499 3104 3554 colorem.
3148 3501 3266 3558 Non
3290 3506 3408 3574 ejus
3429 3521 3559 3561 ocu-

1987 3583 2071 3640 lus
2102 3587 2268 3650 videt,
2297 3596 2484 3642 etnon
2527 3601 2778 3645 movetur
2809 3607 3028 3657 manus,
3075 3609 3180 3647 non
3239 3611 3354 3666 pes,
3406 3599 3575 3670 auria,

1985 3691 2091 3729 non
2117 3677 2286 3739 audit,
2313 3676 2491 3747 lingua
2522 3693 2628 3733 non
2655 3691 2834 3749 gustat
2865 3700 2880 3737 ι
2911 3692 2967 3737 et
2991 3681 3037 3735 si
3062 3683 3356 3742 immiseris
3375 3701 3558 3742 escam

1982 3767 2092 3821 vim
2124 3766 2354 3838 faciens,
2389 3785 2496 3824 non
2552 3771 2798 3826 efficiunt
2845 3787 3191 3844 operamenta
3247 3793 3367 3847 qua:
3413 3780 3562 3834 intus

1983 3872 2109 3916 sunt
2140 3879 2156 3918 :
2188 3864 2474 3918 recedente
2496 3865 2638 3918 enim
2666 3866 2880 3921 artifice
2905 3876 3071 3922 stant.
3091 3867 3160 3922 Et
3185 3869 3363 3938 capilli
3391 3871 3558 3926 etiam

1985 3967 2091 4007 non
2122 3953 2492 4019 adducuntur,
2525 3966 2579 4009 et
2622 3958 2952 4023 moriuntur,
2985 3969 3040 4014 et
3073 3974 3282 4030 ungues
3306 3961 3420 4028 iam
3449 3979 3556 4017 non

1984 4056 2315 4109 crescentes,
2354 4054 2408 4099 et
2435 4047 2616 4100 omnia
2663 4049 2836 4102 otiosa
2871 4059 3038 4106 sunt:
3100 4051 3242 4107 sicut
3288 4053 3426 4108 fabri
3467 4065 3562 4109 ant

1983 4138 2216 4194 alterius
2240 4137 2493 4201 artiﬁcis.
2518 4141 2564 4195 si
2603 4142 2894 4196 recesserit
2934 4143 3154 4208 artifex,
3201 4159 3554 4216 cperamenta

1979 4231 2162 4300 jacent
2189 4231 2432 4300 quidem,
2466 4233 2712 4300 indigent
2755 4242 2937 4288 autem
2971 4234 3260 4291 habentem
3298 4238 3557 4292 animam.

1985 4317 2182 4371 Statim
2214 4318 2361 4372 enim
2401 4327 2484 4373 est
2533 4320 2716 4374 videre
2764 4319 2908 4376 foeda
2951 4338 3178 4392 corpora
3213 4326 3559 4382 morientium

1985 4408 2299 4463 animalium
2324 4410 2576 4486 putrida,
2607 4427 2785 4481 neque
2832 4422 2890 4467 ut
2945 4417 3334 4485 contingantur
3379 4425 3556 4486 apta:

1984 4511 2083 4553 nec
2109 4499 2253 4553 enim
2283 4485 2338 4552 et
2369 4499 2436 4553 ad
2469 4515 2651 4555 escam
2683 4511 2811 4556 sunt
2829 4504 3193 4558 conducibilia
3229 4521 3244 4558 :
3276 4506 3346 4559 ita
3377 4485 3560 4560 anima

1986 4591 2273 4646 recedente
2305 4607 2411 4646 non
2449 4591 2563 4645 sint
2606 4593 2756 4647 utilia
2793 4595 2859 4649 ad
2909 4610 2972 4649 ea
3005 4610 3126 4665 qua:
3180 4612 3292 4651 suae
3353 4607 3561 4653 natura:

1983 4692 2128 4737 sunt.
2157 4682 2341 4737 Mirari
2369 4684 2514 4738 enim
2539 4686 3066 4756 estetilla,quorum
3093 4689 3270 4742 anima
3302 4689 3560 4759 languore

1983 4783 2077 4827 aut
2107 4773 2470 4828 dissolutione
2495 4774 2800 4831 istiusmodi
2835 4780 3062 4834 recedit.
3092 4780 3148 4833 Si
3175 4788 3355 4834 autem
3390 4789 3446 4834 et
3477 4797 3562 4835 re-

1981 4865 2177 4920 cedere
2201 4872 2418 4934 oportet
2445 4864 2552 4919 dici
2579 4867 2818 4921 animam
2849 4869 3328 4933 irrationabilium,
3363 4870 3556 4924 horum

1982 4954 2328 5010 mortiﬁcatio
2361 4955 2644 5010 immutata
2672 4967 2756 5012 est
2780 4974 2813 5012 a
2845 4967 2990 5014 statu
3029 4959 3242 5014 illorum
3270 4977 3390 5030 qua:
3413 4961 3552 5015 oeci-

1981 5043 2202 5098 duntur.
2227 5043 2356 5110 Quae
2373 5043 2703 5101 occiduntur
2727 5047 2872 5102 enim
2903 5048 3009 5103 alia
3062 5058 3190 5103 sunt
3217 5057 3273 5104 et
3325 5048 3512 5105 calore
3541 5093 3556 5117 ,

1976 5138 2080 5194 alia
2107 5153 2320 5209 sapore,
2354 5142 2457 5197 alia
2497 5150 2553 5196 et
2585 5141 2778 5206 odore,
2808 5141 2914 5195 alia
2963 5142 3410 5199 manducatione.
3461 5143 3557 5198 illa

1980 5243 2159 5286 autem
2183 5248 2303 5302 qua:
2327 5235 2633 5291 moriuntur
2659 5243 2715 5288 et
2741 5249 2848 5289 non
2884 5234 3225 5302 occiduntur,
3267 5247 3323 5290 et
3355 5237 3408 5290 in
3441 5237 3559 5304 ipsa

1981 5335 2157 5379 morte
2181 5325 2384 5381 habent
2414 5327 2852 5382 immutationem
2903 5328 3013 5381 sui.
3067 5327 3120 5381 In
3159 5336 3367 5384 tantum
3413 5329 3557 5382 enim

1981 5415 2391 5472 demonstratur
2423 5429 2685 5486 quantum
2746 5429 2926 5487 potest
2980 5423 3262 5489 praesentia
3314 5421 3556 5484 animm,

1981 5507 2107 5577 quia
2140 5518 2189 5562 et
2223 5525 2323 5562 vos
2379 5511 2561 5565 subito
2615 5511 2840 5574 recedit,
2873 5519 2928 5565 et
2976 5522 3238 5582 tanquam
3272 5512 3558 5581 vestigium

1984 5615 2106 5670 qua:
2130 5602 2182 5655 in
2219 5601 2408 5657 iisdem
2437 5614 2519 5657 εει
2543 5601 2666 5655 vitae
2698 5600 2972 5674 relinquit.
3003 5603 3143 5672 Quid
3197 5614 3377 5660 autem
3407 5601 3560 5658 dicas

2054 5784 2164 5858 (36)
2195 5783 2241 5838 Α
2267 5801 2339 5840 se.
2375 5781 2639 5841 Δὺτόθεν.
