4100 6456
579 359 721 415 “35

1252 358 1516 417 EUSEBII
1553 359 2034 416 CAESARIENSIS
2073 362 2139 416 OI

2226 403 2229 415 .
2275 363 2452 417 PARS
2492 363 2581 417 IV.
2626 395 2689 403 -—
2727 362 3150 419 DOUIIA'I'ICA.

3687 362 3837 418 1156

574 476 642 531 de
666 484 850 532 nostra
881 475 1104 530 anima?
1133 476 1229 531 sed
1255 492 1362 532 non
1396 485 1481 532 est
1510 478 1736 532 rationis
1773 478 1845 532 ita
1875 492 1975 531 nos
2002 477 2146 547 inju~
2180 486 2221 541 Α
2251 479 2663 535 dcccnsltonor.
2701 480 2759 534 Ei
2793 491 2969 533 autem
3000 480 3091 549 qui
3118 478 3322 533 creavit
3351 493 3582 547 corpora
3623 488 3679 533 et
3709 482 3836 535 ani-

573 566 709 621 riam
744 565 925 621 facere
948 567 1198 636 pretiosa:
1219 568 1434 622 animae.
1469 567 1526 622 Si
1554 569 1699 623 enim
1729 566 2061 624 voluerimus
2092 570 2145 625 in

574 659 678 714 isto
701 658 848 713 brevi
883 658 1059 727 spatio
1092 660 1239 714 hora:
1263 675 1482 716 movere
1516 661 1582 717 de
1630 676 1692 716 ea
1728 676 2059 725 sermonem,
2091 670 2147 717 et

573 750 887 805 transitorie
932 748 1051 818 ejus
1108 752 1426 806 memoriam
1474 752 1683 818 facere,
1730 753 1933 808 inimici
1974 753 2147 822 magis

572 840 878 894 videbimur
903 848 1103 895 nostra
1133 840 1328 895 anima:
1359 858 1523 912 quam
1557 843 1740 898 amici.
1770 843 1878 897 Sed
1926 843 1996 898 sit
2027 860 2142 899 ser-

571 932 715 984 moni
764 932 980 1000 quidem
1038 947 1319 997 mensura,
1383 935 1576 987 anima.
1606 946 1787 989 autem
1828 930 2139 990 rationabili

2253 585 2392 633 mas,
2423 579 2477 624 et
2533 570 2884 626 rationabiles
2916 582 2970 623 et
2997 568 3421 633 irrationabiles,
3470 571 3538 624 ab
3570 572 3831 627 omnibus

2250 661 2431 727 simul,
2465 670 2519 715 et
2551 663 2639 731 qui
2666 678 2767 716 non
2793 662 3107 732 loquuntur,
3161 676 3259 732 per
3311 677 3499 731 unum,
3534 677 3630 730 per
3657 678 3829 731 quem

2250 764 2304 807 et
2330 755 2508 806 omnia
2539 754 2844 816 constituit,
2873 755 2943 807 sit
2985 754 3180 824 gloria,
3236 754 3433 818 honor,
3491 752 3777 823 imperium
3809 792 3831 817 ,

2252 844 2523 912 ntajestas,
2558 861 2678 900 cum
2714 846 2918 914 Spiritu
2948 855 3158 910 sancto,
3184 853 3237 899 et
3262 860 3407 900 nunc
3426 852 3479 901 et
3501 859 3736 916 semper,
3766 858 3829 899 et

2251 952 2345 1006 per
2370 939 2544 988 munia
2578 937 2770 990 szecula
2811 937 3149 990 sreculornm.
3182 938 3351 990 Amen

1522 1264 2083 1385 EUSEBII
2174 1265 2857 1377 PAMPHILI

1385 1502 1530 1590 DE
1629 1500 2453 1593 INCORPORALI
2557 1501 2938 1589 ANI’MA
2983 1563 3014 1601 ,

1844 1695 2076 1754 LIBER
2122 1693 2366 1753 SIZCUN
2378 1694 2541 1755 DCS.

632 1993 910 2064 Reliquis),
935 2008 1055 2064 quae
1093 1994 1159 2049 de
1208 1993 1531 2064 incorporali
1562 1994 1857 2049 refectione
1886 1995 2139 2048 hesterno
2175 2004 2213 2057 Β
2244 2002 2521 2063 agnoscat.
2566 1992 2928 2061 Incongruutn
2993 2004 3078 2049 est
3116 1995 3261 2049 enim
3287 2034 3303 2062 ,
3338 2005 3397 2050 ut
3426 1995 3497 2051 de
3526 1997 3648 2053 aliis
3692 1999 3812 2068 qui-

558 2084 718 2139 nobis
749 2084 1062 2139 resederunt
1094 2084 1200 2150 die,
1229 2084 1389 2139 hodie
1438 2086 1731 2138 secundum
1787 2099 2131 2153 consequen-

564 2177 691 2229 tiam
722 2175 989 2230 sermonis
1047 2177 1143 2229 iter
1172 2176 1509 2244 perfruamur
1549 2175 1687 2246 (57).
1724 2175 1955 2231 Solitum
1989 2176 2130 2230 enim

558 2276 615 2320 et
646 2266 729 2320 his
758 2275 862 2331 est,
892 2266 981 2336 qui
1015 2281 1241 2336 corpora
1268 2277 1497 2335 pascunt
1526 2283 1647 2329 sua,
1683 2283 1802 2322 cum
1838 2282 1942 2320 non
1966 2266 2134 2320 suffe-

559 2353 732 2408 cerint
760 2354 827 2407 ad
857 2356 1177 2410 sumendum
1209 2357 1455 2423 plurimis
1480 2356 1545 2409 ad
1579 2356 1925 2412 refectionem
1960 2372 2131 2427 appo-

558 2448 722 2502 sitis:
759 2446 1199 2519 manducantque
1230 2449 1371 2506 diem
1408 2460 1669 2519 quantum
1714 2459 1941 2519 possunt
1987 2449 2126 2521 (38),

556 2538 859 2592 recondunt
903 2548 1086 2592 autem
1141 2540 1245 2593 sibi
1282 2540 1552 2610 superﬂua
1610 2541 1663 2595 in
1712 2542 1942 2597 alterum
1988 2542 2123 2596 ναΐου

555 2630 753 2684 ctionis
773 2629 937 2683 diem.
965 2628 1127 2684 Forte
1158 2642 1336 2686 autem
1366 2648 1468 2685 non
1498 2634 1688 2688 eadem
1727 2634 1910 2703 imago
1924 2648 2127 2688 conve—

555 2721 639 2774 nit
686 2721 866 2775 nobis.
908 2720 1025 2775 Non
1050 2723 1195 2777 enim
1244 2739 1306 2777 ea
1344 2739 1465 2793 quae
1494 2726 1811 2780 resederunt
1856 2726 2129 2795 proposita

554 2825 698 2867 nunc
730 2822 876 2878 sunt,
911 2815 1003 2867 sed
1046 2814 1155 2869 sint
1182 2829 1245 2869 ea
1299 2818 1516 2882 quidem
1564 2832 1683 2885 quae
1730 2828 2125 2886 prmcesserunt

554 2918 661 2957 non
690 2904 949 2982 esca,.sed
978 2915 1198 2973 gustus:
1224 2922 1362 2961 nunc
1378 2918 1578 2973 autem,
1604 2918 1660 2961 ut
1683 2908 1753 2961 ita
1779 2910 1974 2971 dicam,
2007 2910 2119 2978 ipsa

558 2993 804 3048 refectio.
842 2994 1018 3050 Motus
1078 2997 1223 3049 enim
1279 2997 1432 3051 nobis
1466 3008 1548 3051 est
1602 3013 1782 3052 sermo
1835 3000 1901 3054 de
1948 3010 2129 3055 monte

557 3082 711 3147 Sina,
756 3084 951 3154 inquo
988 3086 1273 3141 dicebatur
1301 3088 1481 3142 fumus
1536 3089 1705 3143 luisse
1765 3098 1819 3143 et
1876 3090 2015 3159 ignis
2073 3100 2125 3145 et

554 3173 790 3243 procella
828 3184 886 3229 et
940 3178 1081 3231 tubas
1128 3190 1183 3231 et
1212 3191 1371 3233 voces
1415 3193 1444 3231 a
1500 3178 1607 3233 Deo
1638 3179 1681 3210 ⁸⁵
1720 3197 1734 3235 :
1784 3196 1903 3250 qua:
1947 3184 2123 3237 omnia

554 3264 727 3335 magis
752 3265 1077 3334 quzestiOnes
1100 3268 1409 3325 movebant.
1437 3267 1698 3325 Videntur
1723 3273 1868 3327 enim
1899 3274 1999 3328 ista
2018 3290 2122 3329 non

2239 2086 2354 2138 dem
2380 2085 2646 2139 curiosius
2674 2086 2932 2154 requirat,
2967 2087 3313 2156 semetipsatn
3348 2098 3529 2142 autem
3552 2089 3811 2161 negligat,

2237 2177 2319 2230 cui
2348 2177 2623 2246 proprium
2661 2193 2859 2247 corpus
2893 2191 2996 2233 est.
3036 2178 3171 2245 Quia
3222 2182 3364 2235 enim
3396 2183 3569 2252 posita
3611 2194 3691 2239 est
3714 2201 3812 2239 ve-

2234 2267 2313 2321 lut
2340 2268 2391 2321 in
2422 2268 2616 2323 mediis
2641 2268 2918 2336 gradibus,
2947 2270 3070 2323 aliis
3121 2270 3337 2340 quidem
3372 2272 3707 2339 pracellens,
3740 2280 3808 2327 ab

2235 2358 2356 2414 aliis
2385 2369 2565 2413 autem
2602 2361 2884 2424 deficiens,
2925 2361 3065 2416 forte
3102 2377 3406 2432 agnoscens
3440 2367 3808 2438 semetipsam,

2236 2450 2499 2519 despiciet
2520 2452 2738 2521 quidem
2773 2453 3003 2516 minora,
3045 2456 3402 2523 protendetur
3441 2466 3620 2512 autem
3650 2459 3717 2512 ad
3739 2473 3805 2515 ea

2232 2559 2351 2613 quae
2382 2560 2543 2614 supra
2579 2560 2637 2600 se
2672 2556 2819 2600 sunt.
2851 2546 3198 2614 Accipiamus
3225 2547 3390 2619 igitur
3421 2551 3589 2620 ipsius
3616 2553 3811 2608 anima

2234 2636 2579 2705 dignitatem,
2611 2647 2665 2690 et
2698 2636 3000 2692 efﬁcientes
3020 2636 3157 2706 ejus,
3195 2656 3261 2694 ex
3286 2642 3481 2711 quibus
3512 2644 3715 2714 cogitat
3750 2654 3809 2701 et

2232 2734 2419 2799 agitat,
2447 2740 2704 2797 operatur
2755 2739 2810 2784 et
2854 2731 3021 2785 donat
3071 2733 3306 2801 corpori,
3346 2744 3401 2790 et
3426 2750 3493 2790 ex
3520 2738 3719 2806 quibus
3752 2739 3802 2792 ei

2231 2825 2553 2878 adversatur
2575 2824 2886 2888 utilissime,
2910 2834 2965 2881 et
2993 2841 3060 2881 ex
3085 2829 3281 2896 quibus
3314 2831 3380 2884 de
3438 2833 3546 2886 Deo
3600 2835 3803 2904 cogitat

2230 2925 2284 2970 et
2316 2916 2473 2984 sapit.
2526 2918 2867 2987 Accipiamus
2923 2928 3105 2974 autem
3154 2930 3210 2973 et
3266 2923 3575 2979 testimonia
3610 2938 3673 2977 ex
3718 2926 3800 2979 itis

2230 3022 2349 3075 quae
2380 3010 2654 3075 videntur,
2676 3019 2732 3063 et
2762 3026 2791 3063 a
2816 3009 3141 3081 Scripturis.
3174 3011 3240 3067 Et
3277 3014 3473 3084 primo,
3507 3018 3633 3084 quia
3682 3018 3797 3085 qui-

2230 3100 2350 3153 dam
2368 3109 2557 3170 putant
2576 3100 2811 3155 animam
2834 3111 3073 3157 nostram
3097 3120 3202 3160 non
3224 3106 3397 3161 solum
3421 3124 3544 3162 cum
3576 3126 3803 3180 corpore

2230 3204 2369 3257 esse,
2400 3192 2493 3246 sed
2520 3202 2611 3246 aut
2635 3194 2994 3263 corporalem,
3021 3206 3116 3251 aut
3140 3212 3335 3267 corpus
3361 3217 3379 3254 :
3410 3202 3592 3256 multis
3614 3214 3791 3258 autem

2230 3283 2448 3351 sanguis
2482 3293 2703 3352 putatur
2737 3295 2792 3340 et
2817 3296 3001 3341 nostra
3029 3289 3211 3345 anima
3237 3305 3393 3359 esse;
3445 3293 3676 3351 dicimus
3728 3295 3795 3351 de

548 3357 867 3411 consentire
906 3357 1237 3427 incorporali
1289 3369 1516 3415 natura).
1568 3360 1707 3428 Quia
1743 3363 1907 3433 igitur
1936 3365 2120 3421 dome-
2152 3346 2193 3403 δ
2231 3374 2313 3427 his
2346 3374 2616 3443 primum;
2654 3386 2707 3429 et
2737 3377 2862 3447 quia
2901 3393 2965 3433 ex
3023 3380 3307 3450 Scriptura
3359 3384 3796 3442 circumveniunt

559 3446 701 3502 stica
730 3448 971 3503 efficitur
1030 3449 1366 3516 satisfactio,
1408 3466 1531 3507 cum
1572 3468 1601 3507 a
1634 3456 2017 3510 communibus
2072 3466 2126 3509 et

549 3538 751 3606 apertis
777 3538 941 3595 fuerit
969 3550 1133 3605 mota,
1170 3542 1291 3595 ideo
1321 3542 1374 3596 in
1403 3559 1688 3599 commune
1721 3546 1789 3600 de
1814 3547 2125 3616 incorpora-

550 3628 690 3684 libus
718 3631 985 3685 movimus
1015 3632 1390 3700 quaestionem.
1446 3635 1793 3703 Accipientes
1821 3638 1965 3692 enim
1997 3654 2121 3693 cor-

549 3736 743 3793 porum
801 3732 1025 3778 naturas
1075 3724 1464 3791 discrevimus,
1500 3736 1555 3780 et
1598 3730 1936 3786 ostendimus
1995 3732 2119 3799 quia

549 3828 653 3867 non
684 3824 743 3867 ut
772 3824 995 3882 putatur
1024 3818 1294 3870 crassiora
1330 3815 1557 3873 fortiora
1579 3831 1730 3887 sunt,
1784 3823 1879 3876 sed
1926 3838 2119 3877 secun-

546 3906 672 3959 dum
704 3906 1124 3974 competentiam
1161 3907 1586 3982 uniuscujusque
1629 3914 1895 3981 corporis,
1951 3928 2117 3983 quan-

548 4003 658 4047 tum
688 3998 1108 4064 unumquodque
1128 3996 1380 4051 subtilius
1419 4010 1523 4064 est,
1566 4009 1775 4054 tantum
1811 4011 1865 4056 et
1901 4002 2113 4057 fortius.

544 4081 710 4140 Istinc
743 4096 1125 4153 promoventes
1153 4088 1395 4143 venimus
1440 4091 1505 4145 ad
1538 4103 1808 4158 naturam,
1847 4109 1875 4147 a
1919 4103 2112 4149 natura

544 4174 611 4229 ad
642 4176 1093 4232 irrationabilium
1156 4181 1415 4234 animam.
1465 4182 1523 4235 In
1558 4198 1664 4251 quo
1701 4184 1821 4239 Ioco
1863 4201 2111 4255 compre-

549 4268 734 4322 ltendit
762 4285 861 4324 nos
912 4284 1159 4340 vespera,
1213 4285 1268 4327 et
1312 4275 1700 4332 collocavimus
1751 4281 2109 4335 mansionem.

544 4358 679 4425 Quia
714 4374 843 4430 ergo
865 4363 1126 4417 successit
1151 4364 1261 4432 jam
1290 4365 1491 4433 lumen,
1534 4379 1890 4439 exsurgentes
1931 4382 2113 4427 tenes.

543 4463 661 4502 ntus
688 4451 1130 4519 consequentiam
1162 4469 1347 4508 eorum
1375 4470 1495 4525 quae
1527 4472 1739 4512 rursum
1762 4460 2112 4517 ambulantes

541 4540 911 4595 transivimus.
970 4538 1279 4599 Secundum
1344 4548 1788 4615 consequentiam
1830 4549 1994 4620 igitur
2053 4563 2110 4607 et

538 4629 784 4683 ordinem
819 4630 1029 4685 initium
1062 4633 1133 4686 sit
1156 4637 1413 4703 sermoni,
1441 4652 1563 4707 qua:
1594 4638 1752 4693 hodie
1789 4642 1854 4694 de
1905 4653 2106 4698 nostra:

539 4722 736 4775 animm
761 4722 1019 4791 dignitate
1045 4724 1307 4780 dicemus.
1334 4727 1487 4783 Sicut
1520 4731 1664 4783 enim
1709 4749 1738 4784 a
1786 4734 2104 4802 corporibus

533 4814 600 4868 ad
626 4825 897 4879 naturam,
928 4831 958 4869 a
1002 4825 1193 4871 natura
1227 4832 1407 4875 autem
1437 4823 1505 4875 ad
1546 4823 1970 4880 irrationabilent
1993 4829 2103 4881 ani-

534 4905 751 4959 malium
771 4906 1018 4961 venimus
1046 4908 1306 4975 animant,
1332 4912 1400 4964 ita
1429 4927 1813 4979 promoventes
1852 4926 2104 4973 ettraus-

530 4998 860 5063 candentes,
899 4999 966 5053 ab
986 4999 1438 5055 irrationabilium
1470 5006 1651 5058 anima
1684 5007 1750 5059 ad
1784 5007 2092 5065 rationabi-

530 5085 634 5140 lem
674 5090 1041 5157 pervenimus,
1066 5101 1125 5145 ut
1144 5093 1370 5146 exerciti
1399 5094 1451 5146 in
1476 5097 1795 5163 corporibus
1834 5100 2094 5166 primum,

528 5180 601 5233 ita
637 5181 917 5238 veniamus
941 5183 1008 5238 ad
1030 5183 1422 5253 incorporalem
1455 5189 1711 5244 animant:
1739 5202 1794 5245 et
1823 5194 1895 5247 ab
1916 5193 2098 5247 anima

526 5273 591 5327 ad
626 5273 1004 5342 incorporalia.
1034 5274 1099 5331 Et
1126 5277 1197 5331 ita
1227 5293 1334 5333 non
1359 5281 1538 5336 subito
1574 5284 1641 5336 ad
1674 5276 1966 5352 puritatem
2000 5286 2095 5340 Dei

527 5363 868 5428 accedentes,
903 5379 972 5418 ex
999 5363 1296 5436 fulgoribus
1320 5370 1412 5437 qui
1448 5370 1571 5426 inde
1610 5384 1739 5429 sunt
1769 5374 2096 5431 obteuebre-

525 5466 664 5505 tnur.
696 5452 857 5508 Decet
879 5454 1023 5508 enim
1044 5450 1248 5521 talher,
1283 5470 1339 5513 ut
1360 5462 1538 5515 anima
1563 5464 1713 5532 prius
1741 5468 2089 5538 scutetipsam

592 5571 640 5603 “
662 5574 833 5627 Exod.
866 5589 980 5639 xu,
1003 5574 1091 5630 16.
1196 5578 1239 5607 ⁸⁷
1276 5579 1411 5634 Gen.
1443 5597 1480 5648 ι,
1504 5583 1595 5638 ΞΗ.
1671 5584 1717 5615 ⁸⁸
1740 5586 1875 5641 Ibid.
1914 5589 2002 5644 20.

565 5686 706 5767 .(37)
745 5687 860 5766 Iter
880 5689 1235 5769 perfruantur.
1255 5690 1413 5750 Forte
1444 5698 1538 5751 iter
1564 5714 1661 5755 vos
1694 5699 1793 5756 fuit
1834 5719 2083 5776 cutupcu-

525 5756 613 5811 dio
652 5758 851 5827 scripta
888 5759 939 5811 in
968 5775 1068 5812 tns.
1094 5776 1192 5831 pro
1222 5764 1426 5820 uerum.

2227 3464 2460 3518 animam
2493 3473 2749 3536 tanquam
2778 3470 3001 3539 sanguis
3038 3472 3328 3539 habeatur,
3356 3489 3425 3529 ex
3471 3477 3583 3545 ipsa
3643 3477 3796 3531 Scri-

2226 3569 2382 3627 ptura
2415 3558 2532 3627 ejus
2584 3574 2900 3628 separemus
2958 3562 3300 3633 dignitatem.
3337 3566 3793 3623 Irrationabilium

2224 3649 2367 3702 enim
2396 3642 2709 3703 animalium
2746 3651 2943 3706 anima:
2965 3667 3072 3707 uno
3099 3666 3368 3723 praecepto
3402 3672 3522 3710 cum
3550 3663 3797 3729 corpori-

2223 3740 2322 3794 bus
2348 3742 2588 3810 liguratte
2613 3751 2759 3796 sunt.
2780 3742 2956 3808 Dixit,
2977 3746 3173 3815 inquit,
3197 3746 3628 3820 Deus,producat
3652 3765 3796 3807 tem

2220 3830 2477 3882 animalia
2529 3831 2875 3900 quadripedia
2935 3833 3005 3897 "’,
3042 3844 3094 3887 et
3128 3851 3247 3904 qua:
3301 3851 3624 3909 sequuntur.
3679 3842 3798 3899 Uno

2219 3934 2471 3976 sermone
2506 3936 2703 3991 genera
2739 3925 3056 3980 animaliqu
3090 3930 3339 3985 universa
3380 3944 3434 3987 et
3474 3949 3706 4002 corpora
3743 3946 3795 3991 et

2219 4011 2426 4066 animas
2459 4012 2606 4078 fecit,
2633 4024 2687 4069 et
2718 4032 2822 4071 non
2855 4019 3136 4074 discrevit.
3174 4022 3238 4076 Et
3264 4024 3480 4091 iterum,
3517 4026 3791 4082 Produeat

2218 4116 2373 4170 aqua.
2436 4102 2613 4158 Etiam
2664 4107 2708 4161 si
2779 4108 2882 4164 hoc
2934 4112 3175 4180 primum
3247 4118 3479 4184 positum
3540 4130 3627 4176 est
3675 4122 3790 4176 ait:

2218 4192 2485 4247 Producat
2520 4213 2659 4266 aqua
2690 4203 2925 4255 natantia
2968 4222 3085 4273 qua:
3109 4208 3163 4260 in
3195 4210 3349 4277 aquis
3375 4220 3522 4274 sunt.
3550 4224 3604 4265 et
3639 4215 3794 4268 vola-

2215 4284 2331 4338 tit-ia
2355 4288 2471 4340 cali
2508 4306 2625 4357 qua:
2651 4292 2704 4344 in
2737 4309 2857 4347 aere
2910 4296 2976 4351 “.
3010 4296 3372 4369 Propinquior
3402 4304 3551 4358 enim
3597 4319 3794 4374 genere

2215 4390 2354 4445 aqua
2386 4379 2498 4433 aeri
2521 4391 2625 4434 est.
2657 4382 2917 4451 Repletur
2952 4389 3095 4441 enim
3129 4404 3224 4445 aer
3244 4392 3403 4461 aquis
3438 4408 3536 4463 per
3590 4397 3787 4452 nubes.

2212 4468 2398 4524 Celata
2435 4482 2613 4527 autem
2646 4490 2786 4545 aqua
2823 4479 3214 4535 transmittitur
3244 4485 3311 4536 ad
3335 4496 3594 4541 aeremet
3623 4490 3794 4546 nubes

2206 5019 2382 5075 nobis.
2417 5022 2526 5077 Sed
2555 5027 2678 5093 quia
2711 5027 2942 5085 aliorum
2974 5034 3192 5102 quidem
3222 5036 3538 5097 animalium
3588 5042 3786 5097 anime

2241 5110 2469 5167 niversaa
2497 5130 2602 5170 uno
2630 5133 2902 5189 prmeepto
2937 5138 3059 5177 cum
3089 5128 3410 5197 corporibus
3436 5127 3593 5185 facta
3620 5141 3779 5187 sunt:

2209 5201 2367 5257 homo
2417 5217 2598 5263 autem
2633 5227 2806 5281 neque
2851 5230 2973 5271 cum
3012 5218 3136 5275 aliis
3190 5221 3517 5279 animalibus
3546 5264 3561 5290 ,
3591 5240 3775 5297 mque

2204 5303 2331 5348 ante
2363 5296 2466 5352 alia
2520 5300 2694 5358 lactus
2738 5307 2951 5362 videtur
2982 5327 2995 5362 :
3029 5320 3081 5365 et
3114 5326 3237 5365 cum
3278 5314 3399 5368 aliis
3427 5316 3646 5385 quidem
3674 5296 3783 5373 non

2203 5394 2285 5439 est
2339 5385 2512 5445 factus
2556 5408 2775 5464 propter
2827 5402 3265 5471 pretiositatem;
3300 5417 3425 5461 ante
3464 5408 3569 5461 alia
3598 5421 3780 5464 autem

2204 5491 2309 5532 non
2366 5493 2449 5536 est
2501 5496 2716 5542 creatus
2756 5501 2977 5562 propter
3023 5495 3246 5551 tutelam
3309 5498 3420 5553 Dei.
3459 5499 3592 5566 Quia
3633 5501 3780 5556 enim

2267 5711 2377 5780 (58)
2412 5711 2508 5769 Ms.
2549 5718 2870 5775 manducent
2905 5722 3113 5791 quidem
3142 5737 3392 5794 quamam
3418 5739 3660 5795 passum.
