4100 6456
311 331 447 394 1137

1527 327 1615 380 DE
1653 321 2119 380 ιλροιιροιιΑιι
2158 321 2392 378 ΑΝΙΜᾹ.

3429 319 3562 375 1138

312 447 647 518 incipiebant
687 444 738 501 ei
769 443 962 515 subjici
990 399 1172 500 omnia
1212 457 1333 513 quae
1357 442 1499 498 facta
1531 458 1561 497 a
1587 442 1696 498 Deo
1723 451 1886 505 sunt;
1918 447 1960 500 Α
1990 455 2060 510 go
2092 449 2273 495 autem
2302 437 2534 493 necdum
2563 434 2757 490 vivens
2783 473 2800 499 ,
2853 441 2909 488 et
2950 433 3165 500 iacebat
3192 430 3334 501 quod
3364 430 3564 486 factum

307 549 364 593 ut
401 553 508 593 non
541 537 710 606 ipsius
737 545 1063 608 putarentur
1091 551 1254 608 opera
1287 551 1406 606 qua
1438 535 1584 592 facta
1609 537 1882 601 videntur,

307 631 638 687 novissimus
686 631 951 701 ﬁguratur
1002 629 1164 685 homo
1193 670 1210 696 ,
1272 637 1327 683 et
1376 643 1481 683 non
1534 629 1764 698 primus.
1824 626 1882 681 Si

308 724 452 777 enim
482 731 540 776 et
567 722 640 776 ita
665 721 960 777 novissimo
995 722 1137 775 facto
1180 719 1420 781 homine.
1449 720 1569 774 ausi
1610 729 1737 774 sunt
1763 718 1885 790 qui-

309 810 433 867 dam
485 827 581 882 per
613 813 824 868 fabulas
873 814 1250 878 introducere;
1293 812 1421 881 quid
1455 826 1560 866 non
1596 812 1712 865 ausi
1750 810 1884 864 fuis-

309 912 436 961 sent
462 905 506 960 si
547 919 655 959 non
689 905 789 958 ista
826 905 1192 976 praecessisset
1232 903 1393 958 tutela
1427 903 1452 957 ?
1503 902 1675 957 Aliter
1703 911 1884 956 autem

308 1005 367 1050 et
397 994 626 1048 decebat
670 1003 959 1062 antequam
1004 1000 1292 1047 crearetur
1334 1008 1427 1047 rex
1459 1007 1620 1062 super
1655 1002 1883 1052 terram.

314 1083 607 1154 praparari
645 1083 952 1137 necessaria
981 1081 1215 1150 primum
1241 1122 1260 1147 ,
1297 1090 1355 1136 ut
1391 1083 1461 1137 ita
1491 1082 1766 1137 adveniret
1794 1083 1886 1152 qui

309 1190 374 1232 ea
407 1173 607 1244 perfrui
657 1173 899 1229 deberet.
942 1171 1207 1228 Servatur
1243 1184 1421 1228 autem
1477 1183 1533 1228 et
1587 1175 1637 1227 in
1674 1173 1887 1227 irratio-

313 1266 588 1320 nabilibus
643 1266 800 1331 ordo,
838 1266 1136 1320 secundum
1186 1264 1547 1337 Scripturam.
1582 1265 1697 1321 Non
1744 1269 1887 1321 enim

311 1359 466 1429 prius
490 1359 633 1414 facta
664 1369 794 1413 sunt
822 1360 1076 1412 animalia
1096 1399 1112 1424 ,
1151 1374 1313 1429 qnam
1347 1357 1536 1414 ﬁerent
1563 1375 1623 1413 ea
1660 1375 1778 1428 qua:
1801 1375 1887 1428 pa-

313 1459 529 1507 scerent
578 1448 870 1520 animalia.
905 1447 1038 1514 Quia
1090 1449 1233 1503 enim
1277 1447 1477 1503 factum
1505 1449 1722 1516 quidem
1778 1450 1888 1518 jam

311 1537 491 1594 fuerat
518 1539 734 1602 caelum,
762 1537 978 1593 fundata
1008 1549 1184 1593 autem
1204 1538 1316 1608 jam
1347 1549 1466 1592 erat
1497 1547 1660 1602 terra,
1694 1550 1748 1595 et
1779 1556 1891 1593 ma-

317 1645 378 1684 re
407 1627 584 1681 fuerat
606 1635 914 1696 separatum
941 1626 1008 1682 ab
1035 1628 1208 1693 arida,
1237 1625 1443 1681 eﬁusus
1468 1637 1650 1682 autem
1688 1637 1806 1682 erat
1837 1637 1891 1682 et

318 1735 432 1784 aer,
458 1728 716 1773 coronata
744 1727 920 1772 autem
959 1726 1113 1770 erant
1151 1729 1274 1784 qua:
1317 1716 1458 1771 facta
1508 1726 1663 1783 sunt,
1697 1733 1891 1772 unum-

315 1811 569 1880 quodque
604 1809 656 1864 in
688 1817 1006 1863 ornamento
1039 1822 1137 1863 suo
1182 1825 1196 1863 :

316 1900 599 1954 arboribus
643 1907 698 1952 et
746 1898 944 1968 plantis
979 1910 1116 1950 :aer
1165 1912 1262 1968 per
1315 1897 1495 1951 avium
1546 1897 1649 1952 iter
1700 1898 1892 1954 avibus

316 1990 560 2058 praebens
593 2006 608 2043 :
647 2003 796 2043 mare
840 1997 897 2044 et
935 1986 1154 2042 ﬁumina
1185 1995 1240 2043 et
1279 1987 1456 2043 fontes
1483 1989 1721 2059 piscibus
1747 1989 1893 2044 laeta-

317 2080 537 2144 bantur,
567 2080 658 2148 qui
683 2080 736 2134 in
784 2094 842 2134 se
871 2079 1089 2134 fuerant
1118 2078 1251 2132 nati.
1298 2079 1506 2136 Caelum
1537 2091 1717 2134 autem
1753 2081 1894 2135 vari-

322 2181 504 2227 catum
551 2173 665 2242 (59)
699 2174 812 2228 suis
857 2173 1083 2229 ﬁoribus
1111 2183 1270 2238 erat.
1317 2182 1376 2228 et
1409 2182 1533 2228 tunc
1579 2172 1754 2228 factus
1809 2181 1894 2229 est

329 2264 514 2318 homo.
541 2262 770 2319 Creatus
801 2274 980 2318 autem
1015 2273 1100 2319 est
1138 2264 1299 2319 homo
1335 2277 1440 2318 non
1470 2279 1575 2318 uno
1603 2273 1893 2335 praecepto,

322 2353 419 2408 sed
448 2368 645 2424 corpus
667 2355 881 2425 quidem
910 2355 1108 2409 dicitur
1163 2356 1411 2411 manibus
1446 2356 1754 2428 ﬁguratum.
1783 2355 1892 2409 Ex-

324 2445 454 2501 hinc
479 2455 661 2500 autem
703 2443 815 2514 jam
856 2457 1174 2516 argumenta
1217 2447 1325 2502 sint
1356 2448 1421 2502 de
1469 2447 1710 2502 incertis.
1749 2446 1895 2501 Scri—

329 2547 476 2606 ptum
501 2546 586 2592 est
613 2538 756 2591 enim
809 2537 875 2605 “,
908 2538 1034 2608 quia
1056 2537 1264 2607 accepit
1293 2537 1433 2593 Deus
1453 2547 1651 2594 eterra
1681 2538 1888 2592 limum.

326 2629 492 2684 Putas
519 2630 644 2699 quia
697 2629 937 2699 accepit,
969 2629 1147 2694 dixit,
1203 2630 1462 2684 addemus
1489 2629 1537 2684 ei
1572 2637 1626 2683 et
1652 2643 1840 2683 manus
1869 2629 1894 2682 ?

329 2720 600 2791 Scriptum
623 2730 706 2778 est
735 2721 862 2791 quia
892 2731 948 2777 et
998 2723 1248 2792 ﬁguravit
1271 2722 1572 2780 hominem.
1606 2721 1673 2776 Et
1696 2723 1894 2792 ﬁgura-

324 2813 402 2867 tio
432 2812 650 2882 quidem
685 2812 930 2881 corporis
960 2812 1198 2881 jaccbat,
1228 2813 1408 2868 anima
1436 2823 1617 2866 autem
1648 2828 1754 2866 non
1777 2821 1896 2867 erat

321 2903 486 2958 simut
519 2913 726 2959 creata.
758 2903 865 2958 Sed
896 2904 1083 2959 volens
1115 2904 1253 2960 Deus
1299 2919 1397 2974 per
1427 2918 1589 2975 opera
1618 2911 1896 2973 separatas

330 3007 620 3064 segregare
649 3001 873 3047 naturas
902 2994 1196 3063 separatim
1231 2993 1481 3064 ﬁguravit
1512 3008 1708 3063 corpus
1735 3031 1750 3056 ,
1808 3008 1893 3048 se-

323 3083 552 3151 paratim
582 3085 816 3138 animam
841 3081 991 3139 fecit.
1021 3083 1085 3138 Et
1115 3083 1317 3156 factum
1347 3094 1432 3140 est
1463 3086 1609 3139 velut
1637 3085 1888 3140 taberna-

327 3175 508 3229 culum
535 3190 731 3246 corpus
764 3193 779 3230 :
815 3175 1118 3231 introducta
1150 3185 1234 3231 est
1275 3187 1455 3232 autem
1482 3177 1686 3241 anima,
1708 3186 1762 3230 et
1792 3179 1892 3230 ha-

333 3265 545 3320 bitavit.
593 3265 657 3320 Et
683 3282 746 3320 ne
777 3277 930 3334 putes
962 3267 1084 3334 quia
1116 3268 1388 3336 prtecessit
1416 3282 1614 3339 corpus
1655 3269 1709 3322 in
1738 3283 1892 3322 crea-

335 3358 478 3411 tione
507 3397 523 3422 ,
559 3357 671 3426 jam
715 3369 770 3411 et
821 3359 872 3411 in
921 3359 1124 3413 honore
1150 3358 1425 3429 praecellit.
1473 3359 1578 3414 Sed
1627 3368 1896 3412 memento

327 3464 448 3519 qua:
476 3450 723 3518 superius
753 3448 972 3514 audisti,
999 3449 1124 3518 quia
1152 3458 1205 3505 et
1229 3449 1615 3504 irrationabilia
1640 3448 1894 3502 animalia

325 3548 452 3595 ante
486 3539 759 3594 hominem
790 3543 931 3594 facta
961 3550 1089 3594 sunt
1124 3557 1138 3594 :
1167 3547 1222 3594 et
1249 3540 1494 3609 nonquia
1525 3547 1898 3609 praevenerunt

325 3635 378 3688 in
414 3632 728 3703 operatione
757 3672 771 3696 ,
799 3631 910 3702 jam
947 3641 1001 3684 et
1032 3631 1207 3699 prima
1246 3640 1371 3686 sunt
1413 3631 1466 3685 in
1495 3631 1720 3686 honore.
1751 3630 1898 3700 Ipso-

330 3739 447 3778 rum
474 3731 653 3777 autetn
687 3722 1136 3778 irrationabilium
1176 3737 1238 3778 ea
1264 3737 1384 3792 qua
1416 3723 1484 3778 ad
1515 3737 1696 3778 escam
1718 3737 1898 3778 neces-

327 3816 470 3871 saria
493 3821 638 3879 sunt,
667 3815 846 3885 priora
876 3824 1056 3868 creata
1093 3824 1216 3869 sunt
1241 3833 1254 3868 ι
1281 3824 1334 3868 et
1366 3831 1469 3870 non
1496 3817 1619 3885 quia
1656 3831 1774 3884 qua:
1804 3814 1900 3868 uti.

329 3905 399 3960 lia
429 3914 554 3960 sunt
579 3904 926 3971 animalibus,
956 3914 1010 3958 et
1055 3903 1166 3972 jam
1197 3903 1309 3975 (40)
1337 3905 1740 3959 bonorabiliora
1769 3915 1898 3960 sunt

326 3996 544 4052 iisdem.
576 3995 718 4065 Ergo
741 4010 848 4050 non
882 4008 914 4050 a
949 3995 1284 4064 temporibus
1308 3995 1656 4064 accipiamus,
1693 3996 1894 4066 pretio-

329 4089 474 4146 siora
504 4103 568 4145 ca
607 4103 728 4144 esse
757 4102 878 4158 quae
918 4089 1096 4158 priora
1132 4097 1297 4143 sunt:
1339 4089 1603 4159 siquidem
1657 4099 1710 4145 et
1755 4102 1895 4144 terra

326 4190 452 4238 ante
502 4181 663 4237 istum
716 4180 809 4251 qui
866 4179 1082 4235 videtur
1111 4179 1308 4236 cmlum
1347 4181 1626 4237 estfacta.
1681 4181 1738 4238 Si
1775 4181 1898 4252 quis

327 4273 474 4329 enim
506 4271 636 4342 legit
668 4273 1033 4340 Scripturam,
1057 4283 1149 4326 aut
1175 4273 1442 4343 legentem
1469 4274 1696 4337 audivit,
1749 4275 1898 4328 inve-

329 4366 442 4420 niet
465 4365 589 4434 quia
627 4365 885 4434 scriptum
911 4373 996 4419 est
1025 4383 1038 4418 :
1068 4362 1134 4418 lu
1159 4365 1416 4433 principio
1457 4365 1579 4434 fecit
1631 4363 1766 4419 Deus
1796 4382 1895 4419 caa-

1987 544 2160 590 estut
2191 541 2600 603 operamsntum
2639 549 2654 585 :
2699 527 3010 598 requirebat
3046 535 3227 583 autem
3275 526 3565 592 artiﬁcem,

1989 641 2093 679 non
2127 623 2402 679 intellectu
2433 632 2528 677 aut
2551 621 2750 676 eﬂ‘ectu
2769 659 2785 684 ,
2818 617 2912 674 sed
2939 619 3265 674 necessitate
3285 617 3561 688 poscebat.

1990 715 2265 784 Scriptum
2319 715 2464 769 enim
2493 723 2616 778 est,
2652 714 2778 782 quia
2831 719 2952 780 post
2998 710 3143 765 hoc:
3175 708 3461 779 [aspiravit
3505 711 3564 764 in

1991 823 2110 860 cum
2145 807 2394 859 Dominus
2431 806 2811 872 spiramentum
2844 803 2962 856 vita?
2982 818 3000 866 ;
3034 811 3083 855 ει
3116 801 3287 870 [actus
3313 811 3388 856 cst
3410 803 3564 854 homo

1992 901 2045 950 in
2076 898 2309 950 animam
2339 898 2592 950 viventem
2620 895 2686 949 ".
2713 893 2778 948 Et
2804 894 3017 958 iterum,
3046 892 3108 946 In
3135 891 3380 961 spiritum
3401 891 3570 959 uiuiﬁ-

1992 999 2196 1042 cantem
2229 988 2298 1041 ".
2353 988 2497 1057 Ergo
2543 989 2610 1041 ab
2646 986 2798 1040 initio
2844 983 3136 1054 separatim
3185 984 3404 1052 quidem
3446 996 3567 1035 cor-

1989 1095 2089 1148 pus
2117 1118 2132 1144 ,
2166 1077 2462 1147 separatim
2498 1085 2677 1130 autem
2706 1076 2885 1130 ani-ma
2935 1074 3078 1127 facta
3127 1082 3231 1128 est.
3275 1073 3340 1127 Et
3367 1086 3566 1141 corpus

1991 1169 2209 1239 quidem
2235 1167 2354 1222 sine
2383 1167 2567 1220 anima
2593 1181 2701 1221 non
2743 1165 2874 1219 vivit
2907 1181 2921 1218 :
2955 1179 3077 1218 cum
3115 1172 3294 1218 autem
3321 1163 3566 1230 ingressa

1992 1262 2159 1318 fuerit
2183 1261 2390 1324 anima,
2425 1267 2558 1312 tunc
2589 1256 2818 1312 efﬁcitur
2845 1259 3005 1312 homo
3040 1257 3092 1309 in
3125 1257 3362 1310 animam
3389 1258 3573 1310 viven-

1994 1364 2124 1408 tem.
2159 1351 2226 1406 Et
2263 1352 2386 1420 quis
2419 1349 2755 1419 comparabit
2778 1358 3081 1418 opportune
3126 1361 3322 1416 corpus
3348 1348 3566 1416 quidem

1991 1446 2145 1510 nubi,
2173 1443 2411 1500 animam
2447 1451 2628 1498 autem
2655 1441 2913 1497 immissis
2943 1458 2971 1495 a
3001 1440 3116 1496 sole
3145 1438 3569 1510 splendoribus?

1995 1537 2245 1590 immutat
2271 1535 2417 1588 enim
2477 1533 2634 1587 nubis
2684 1533 2960 1597 colorem,
2995 1533 3243 1586 immutat
3293 1531 3409 1599 ejus
3461 1529 3569 1586 eiii-

1992 1629 2158 1697 giem,
2189 1627 2284 1682 sed
2317 1641 2424 1680 non
2447 1625 2711 1679 viviﬁcat.
2763 1624 2956 1691 Qumre
2984 1639 3112 1694 ergo
3157 1624 3428 1693 quomodo
3478 1637 3569 1678 ac-

1993 1720 2135 1790 cepit
2189 1720 2332 1773 Deus
2364 1718 2553 1772 limum
2609 1727 2767 1772 terrm
2795 1758 2812 1784 ,
2860 1725 2915 1772 et
2961 1715 3234 1787 quomodo
3285 1714 3571 1786 inspiravit

1238 1817 1382 1862 terra
1419 1807 1636 1877 quidem
1690 1806 1890 1864 ﬂorens
1924 1780 1967 1835 Β
1996 1780 2156 1867 Deus.
2190 1811 2404 1880 Accipit
2431 1808 2575 1864 enim
2611 1810 2728 1863 sine
2768 1809 3018 1864 manibus
3047 1848 3062 1873 ,
3091 1817 3147 1862 et
3185 1780 3417 1876 inspirat
3447 1805 3569 1862 sine

1992 1917 2110 1957 ore.
2142 1903 2255 1958 Cur
2289 1917 2417 1972 ergo
2451 1900 2712 1971 accepit?
2760 1909 2820 1954 ut
2867 1908 3147 1968 appareret
3176 1899 3302 1969 quia
3341 1913 3449 1952 non
3498 1896 3570 1952 ab

1994 1993 2096 2047 alia
2125 2002 2371 2048 creatura
2399 2001 2484 2048 est
2508 1993 2696 2056 homo,
2727 1992 2822 2046 sed
2855 2006 2883 2044 a
2913 1990 3302 2059 conspersioue
3334 1988 3570 2043 fermen-

1997 2095 2134 2140 tum.
2156 2085 2266 2141 Cur
2294 2094 2472 2140 autem
2497 2093 2552 2140 et
2581 2083 2864 2153 inspiravit
2890 2082 2914 2136 ἲ
2945 2081 3050 2136 Pro
3071 2096 3138 2136 eo
3160 2091 3220 2136 ut
3240 2082 3409 2146 dicat,
3439 2079 3567 2151 quia

1996 2177 2244 2233 innnisit.
2276 2176 2333 2231 Si
2361 2177 2504 2231 enim
2529 2173 2884 2244 corporaliter
2922 2174 3294 2240 acceperimus
3319 2173 3461 2242 quod
3479 2173 3576 2226 in-

1993 2269 2224 2340 spiravit
2274 2268 2436 2333 Deus,
2469 2279 2529 2322 ut
2554 2283 2584 2321 a
2620 2267 2730 2322 Deo
2760 2281 2886 2336 pars
2910 2265 3174 2320 efﬁcimur
3208 2264 3300 2319 Dei
3331 2263 3570 2334 inspira-

1996 2363 2140 2416 tione
2172 2361 2274 2415 ista
2302 2399 2318 2424 ,
2343 2369 2400 2414 et
2440 2359 2730 2414 dividimus
2761 2358 3073 2414 indivisum.
3114 2357 3178 2410 Et
3210 2356 3565 2424 quemadmo-

1994 2451 2123 2505 dum
2178 2449 2436 2520 possibile
2465 2459 2584 2502 erat
2605 2463 2834 2519 peccare
2860 2463 2975 2515 eos,
3004 2448 3097 2517 qui
3123 2463 3152 2500 a
3177 2446 3304 2503 .Deo
3337 2456 3396 2500 ut
3427 2461 3556 2516 pars

1991 2539 2111 2605 ejus
2153 2549 2309 2592 erant
2339 2539 2622 2608 separati?
2671 2537 2750 2593 Ita
2785 2552 2917 2609 ergo
2971 2553 3037 2593 ex
3070 2545 3318 2593 creatura
3348 2535 3566 2606 quidem

1991 2631 2106 2701 ipsa
2130 2634 2312 2685 statim
2337 2641 2649 2699 separatum
2679 2639 2762 2684 est
2796 2639 3040 2684 nostrum
3075 2642 3276 2697 corpus
3293 2627 3360 2680 ab
3386 2626 3568 2680 anima

1993 2732 2202 2776 nostra.
2232 2721 2426 2775 Anima
2464 2731 2645 2775 autem
2682 2722 2924 2774 omnium
2960 2718 3272 2773 animalium
3323 2731 3442 2786 qua:
3497 2716 3569 2771 ab

1994 2813 2303 2868 hominibus
2347 2813 2774 2875 manducantur,
2825 2811 3002 2866 dictus
3041 2819 3125 2866 est
3157 2810 3419 2878 sanguis,
3460 2821 3571 2863 non

1995 2916 2177 2962 tamen
2210 2907 2468 2962 hominis.
2503 2905 2610 2960 Sed
2641 2920 2761 2960 cum
2811 2905 3016 2960 diceret
3063 2903 3268 2960 homini
3304 2904 3442 2957 Deus
3464 2941 3484 2966 ,
3510 2909 3572 2954 ut

1991 3000 2141 3069 prius
2187 2998 2490 3054 effunderet
2535 2999 2891 3068 sanguinem,
2948 3006 3004 3052 et
3057 2996 3130 3051 ita
3181 2995 3574 3055 manducaret;

1995 3091 2060 3145 de
2094 3091 2419 3148 animalibus
2445 3093 2547 3146 iste
2577 3091 2694 3160 eius
2723 3099 2844 3146 erat
2886 3103 3086 3144 sermo.
3128 3086 3212 3142 Ab
3245 3085 3399 3142 initio
3433 3099 3569 3154 ergo

1995 3183 2397 3249 creaturae,ita
2432 3184 2627 3236 melior
2667 3192 2748 3238 est
2792 3192 2978 3236 nostra
3026 3179 3206 3234 anima
3237 3194 3268 3234 a
3317 3193 3574 3247 corpore,

1995 3285 2050 3330 et
2082 3285 2330 3345 separata
2362 3285 2465 3330 est.
2505 3274 2576 3330 Ut
2619 3285 2799 3328 autem
2842 3274 3124 3327 veniamus
3151 3271 3220 3326 ad
3246 3270 3362 3338 ejus
3390 3271 3572 3341 digni-

1999 3373 2185 3428 tatem,
2211 3371 2516 3418 scrutantes
2547 3375 2853 3417 scrutemur
2887 3362 3011 3432 quia
3047 3375 3278 3430 corpora
3312 3376 3416 3414 non
3442 3375 3568 3430 ger-

1998 3455 2226 3518 minant,
2268 3456 2362 3509 sed
2392 3454 2618 3508 arbores
2654 3460 2709 3508 et
2739 3452 2940 3522 plantae
2960 3461 3288 3521 acceperunt
3321 3465 3566 3520 germen,

1997 3556 2052 3600 et
2071 3554 2442 3615 augmentum,
2474 3553 2530 3599 et
2551 3558 2757 3607 escam,
2789 3557 2952 3612 quam
2997 3555 3107 3597 non
3138 3541 3411 3596 habebant
3439 3555 3574 3596 saxa

1997 3654 2115 3708 qua:
2139 3652 2267 3692 vere
2311 3645 2437 3692 sunt
2485 3652 2639 3691 saxa.
2669 3634 2989 3692 Germinare
3017 3633 3160 3690 enim
3189 3642 3244 3689 et
3276 3647 3527 3689 crescere
3551 3674 3570 3700 ,

1997 3739 2052 3785 et
2103 3729 2364 3784 imbribus
2395 3729 2593 3784 nutriri
2623 3743 2728 3784 non
2784 3727 3022 3792 habet,
3072 3728 3167 3782 sed
3199 3726 3315 3781 Ι)ωο
3347 3741 3574 3797 accepe-

2000 3829 2124 3874 runt
2150 3819 2346 3890 plantae
2374 3828 2430 3874 et
2453 3821 2694 3875 arbores.
2719 3818 2788 3873 Et
2811 3833 2879 3873 ne
2897 3817 3020 3888 quis
3059 3818 3322 3888 producat
3351 3827 3574 3873 cantra-

1998 3912 2326 3978 dictionem,
2357 3912 2401 3966 si
2431 3911 2601 3983 aliqui
2645 3910 2854 3982 lapides
2895 3917 3151 3965 crescunt
3179 3910 3232 3966 in
3261 3911 3422 3975 mari,
3455 3910 3574 3966 sive

1998 4004 2179 4074 nigri,
2213 4004 2328 4058 sive
2378 4003 2527 4058 rubri
2555 4020 2572 4058 :
2600 4001 2677 4057 illi
2721 4001 2867 4057 enim
2917 3999 3116 4070 plantis
3145 4000 3317 4071 magis
3367 4000 3576 4056 similes

1996 4103 2123 4150 sunt
2145 4109 2306 4163 quam
2335 4093 2604 4163 lapidibus
2630 4111 2658 4154 ε,
2676 4091 2831 4148 incisi
2864 4091 3012 4146 enim
3038 4107 3161 4146 cum
3185 4090 3412 4157 fuerint,
3443 4101 3574 4147 tunc

2001 4184 2206 4254 lapides
2233 4181 2544 4238 efﬁciuntur
2573 4199 2588 4238 :
2615 4183 2671 4239 in
2700 4194 2960 4253 quantum
2999 4192 3178 4238 autem
3199 4189 3347 4236 stant
3367 4189 3574 4235 natum

1997 4275 2226 4346 legibus,
2256 4285 2310 4329 et
2347 4275 2560 4330 radices
2589 4275 2880 4340 emittunt,
2909 4284 2965 4330 et
3008 4273 3411 4345 pullulationem
3442 4283 3577 4340 ope-

1999 4376 2208 4432 rantur,
2245 4376 2299 4421 et
2333 4368 2729 4424 incrementum
2755 4366 3052 4437 accipiunt,
3086 4375 3142 4420 et
3173 4363 3336 4418 ramis
3358 4375 3572 4417 annun-

325 4457 434 4512 lum
473 4466 520 4510 et
557 4466 750 4510 (errant
784 4456 853 4511 '°.
899 4455 1108 4512 leum
1159 4457 1301 4510 enim
1336 4472 1455 4510 cum
1508 4466 1647 4512 terra
1695 4457 1895 4522 factum
1931 4477 1976 4530 ι)
2006 4462 2138 4514 tiant
2169 4458 2504 4515 aﬁinitatem.
2540 4461 2682 4530 Ergo
2711 4459 2912 4530 plantis
2947 4466 3004 4513 et
3030 4456 3317 4514 arboribus
3344 4456 3447 4508 ista
3470 4454 3573 4509 ad-

327 4549 500 4616 dicit,
539 4565 644 4604 non
676 4549 840 4603 istum
883 4537 975 4618 qui
1024 4546 1257 4611 videtur,
1295 4547 1390 4602 sed
1440 4547 1604 4601 alium
1651 4549 1898 4617 superio-

329 4652 467 4694 rem.
499 4637 750 4694 Secundo
780 4639 922 4693 enim
972 4637 1060 4693 die
1109 4635 1340 4692 eﬁicitur
1384 4638 1484 4694 iste
1531 4639 1621 4708 qui
1659 4641 1900 4707 videtur,

328 4743 384 4788 ct
413 4732 726 4788 nominatur
760 4731 1175 4786 ﬁrmamentum.
1217 4729 1450 4786 Tantum
1495 4735 1636 4788 enim
1667 4734 1899 4789 honora-

327 4824 488 4880 bilior
513 4834 568 4880 et
619 4824 722 4880 iste
748 4841 776 4876 a
807 4833 947 4879 terra
989 4834 1070 4879 est
1095 4862 1112 4887 ,
1147 4834 1404 4892 quantum
1431 4834 1490 4880 et
1529 4826 1704 4896 Spalio
1735 4827 1899 4881 distat

325 4916 720 4986 superpositus.
746 4917 810 4970 Et
839 4931 946 4970 non
976 4917 1099 4984 quia
1141 4925 1253 4971 toto
1296 4917 1382 4972 die
1411 4918 1694 4986 precessit
1751 4929 1896 4974 terra

329 5009 495 5064 istum
535 5010 625 5078 qui
655 5009 864 5064 videtur
887 5011 1107 5074 ccelmn,
1133 5009 1244 5079 jam
1272 5017 1327 5064 et
1367 5010 1569 5066 honore
1603 5010 1773 5079 prima
1801 5027 1898 5082 pu-

331 5101 554 5157 tabitur.
581 5099 661 5154 ita
694 5102 952 5172 ﬁguretur
997 5103 1147 5170 prius
1181 5118 1401 5172 corpus,
1428 5111 1630 5172 etpost
1664 5105 1756 5159 ﬁat
1780 5106 1895 5160 ani-

328 5210 440 5263 ma,
471 5203 524 5248 et
553 5191 709 5246 nobis
740 5204 987 5247 servetur
1010 5194 1266 5264 dignitas.
1303 5193 1502 5250 Factus
1531 5195 1694 5265 igitur
1735 5198 1898 5255 homo

325 5298 408 5342 est
433 5329 448 5353 ,
483 5285 559 5340 ita
592 5284 736 5337 enim
763 5283 1002 5337 nominat
1034 5283 1173 5339 Deus
1198 5287 1324 5339 dum
1359 5285 1506 5339 dicit.
1541 5284 1610 5338 Et
1653 5285 1896 5356 ﬁgurauit

329 5380 468 5434 Deus
502 5379 788 5441 hominem,
823 5377 1009 5430 limum
1035 5393 1068 5430 α
1102 5386 1242 5430 terra
1264 5379 1520 5446 accipiens
1543 5378 1610 5431 ⁸¹.
1660 5377 1896 5433 Necdum

324 5479 446 5526 erat
475 5479 620 5526 totus
654 5469 814 5524 homo
847 5487 860 5521 :
891 5467 984 5523 sed
1017 5467 1062 5522 si
1098 5467 1236 5522 forte
1275 5468 1452 5539 imago
1479 5470 1732 5538 hominis,
1763 5471 1896 5525 inta-

400 5587 444 5619 δ’
483 5586 620 5642 Gen.
676 5601 734 5648 ιι,
777 5584 828 5637 7.
903 5583 951 5615 ”
983 5581 1134 5638 .Gcn.
1187 5598 1224 5650 ι,
1276 5583 1328 5637 1.

402 5742 511 5816 ιὸίὶ)
545 5743 726 5810 Forte,
757 5741 1121 5808 i’ariﬁcutum.
1147 5751 1201 5798 ut
1226 5758 1384 5813 supra
1416 5745 1516 5802 uol.
1559 5747 1688 5810 115!
1728 5743 1792 5800 Β.

1405 5582 1448 5616 ⁸⁸
1477 5583 1612 5642 Gen.
1640 5603 1702 5653 ll,
1730 5585 1781 5638 7.
1857 5585 1904 5618 ³⁹
1930 5584 2059 5642 ibid.

2003 4553 2225 4618 duntur,
2261 4554 2384 4622 quia
2418 4553 2618 4608 habent
2662 4561 2721 4605 ut
2750 4550 3091 4622 germinent,
3128 4559 3187 4602 ut
3234 4545 3577 4616 procedant,

2006 4654 2066 4699 ut
2101 4653 2396 4710 crescant,
2446 4653 2506 4698 ut
2555 4651 2866 4711 pascantur.
2899 4639 3236 4696 Animalibus
3283 4644 3462 4693 autem
3517 4635 3574 4690 id

2002 4738 2146 4795 inest
2165 4737 2309 4808 quod
2341 4738 2502 4798 inest,
2531 4735 2629 4790 hoc
2656 4745 2741 4790 est
2777 4745 2837 4788 ut
2884 4743 3190 4797 nascantur,
3219 4739 3275 4786 et
3297 4739 3573 4795 crescant,

2001 4841 2056 4888 et
2083 4840 2393 4903 pascantur.
2427 4829 2618 4886 Juncta
2646 4837 2824 4884 autem
2851 4827 3042 4882 iisdem
3067 4835 3152 4881 est
3183 4833 3237 4878 ct
3269 4824 3572 4894 proprieta-

2003 4927 2074 4982 tis
2099 4924 2518 4980 additamentum
2541 4921 2886 4978 sensibilitas.
2908 4919 3004 4975 Est
3022 4927 3199 4974 autem
3224 4916 3327 4972 hoc
3351 4915 3406 4970 in
3436 4915 3576 4986 lapi-

2004 5014 2160 5070 dibus
2202 5023 2261 5069 ut
2285 5017 2412 5080 sint,
2444 5013 2537 5068 sed
2570 5028 2673 5068 non
2712 5012 2853 5066 inest
2891 5010 2970 5066 eis
2998 5018 3057 5064 ut
3088 5016 3358 5073 crescant,
3392 5015 3448 5060 et
3477 5005 3575 5061 ad-

2007 5108 2301 5162 ditamenta
2333 5115 2574 5170 sumant,
2602 5104 2744 5173 quod
2767 5112 2848 5158 est
2880 5103 2932 5156 in
2957 5099 3278 5156 animalibus
3300 5098 3574 5153 omnibus.

2002 5197 2136 5252 Esse
2167 5205 2347 5251 autem
2385 5197 2526 5250 inest
2547 5197 2696 5250 saxis
2725 5204 2783 5250 et
2828 5203 3024 5250 terrae:
3061 5192 3364 5262 germinare
3385 5199 3568 5245 autem

2003 5296 2059 5342 et
2089 5300 2360 5353 crescere,
2396 5297 2451 5341 et
2481 5288 2690 5358 augeri,
2730 5287 2872 5356 quod
2898 5297 3018 5340 erat
3053 5284 3328 5346 arborum,
3361 5297 3466 5336 non
3489 5287 3574 5335 est

2002 5380 2056 5434 in
2085 5378 2185 5433 eis.
2220 5378 2659 5434 Additamentum
2695 5388 2874 5432 autem
2914 5390 3101 5432 eorum
3129 5383 3434 5446 separatum
3489 5380 3575 5426 est

2007 5469 2341 5525 sensibilitas
2364 5509 2380 5537 ,
2405 5479 2589 5540 utpote
2614 5485 2756 5527 una
2787 5470 2840 5526 in
2869 5468 3192 5526 animalibus
3229 5465 3476 5524 habetur.
3512 5460 3574 5518 In

2139 5584 2185 5616 ³³
2213 5585 2344 5640 ibid.

2083 5741 2195 5813 (40)
2223 5739 2288 5797 Ε(
2320 5741 2456 5812 jam.
2497 5739 2581 5796 An
2615 5739 2820 5797 etiam?
2880 5769 2885 5776 ~
