4098 6398
544 345 685 422 “3‘9

1224 364 1491 422 EUSEBII
1529 365 2007 422 C/ESARIENSIS
2043 365 2195 422 OPP.
2240 364 2417 423 PARS
2456 368 2542 423 IV.
2579 351 2651 410 '--
2690 367 3116 426 DOGRIATICA.

3652 353 3804 428 tuo

547 483 704 536 nobis
752 490 928 536 autem
977 481 1156 534 omnia
1205 495 1328 550 quae
1373 484 1628 552 praedicta
1661 494 1786 538 sunt
1833 485 2120 540 habentur.
2155 487 2198 542 Α
2229 484 2426 552 perﬂna
2455 501 2468 549 ;
2505 489 2597 540 sed
2627 465 2830 540 tantum
2854 488 3034 540 anima
3070 501 3294 556 corpore
3329 487 3519 542 fortior
3548 493 3800 561 est,quia

545 575 801 628 Additum
856 584 1034 626 autem
1071 573 1226 627 nobis
1258 584 1342 628 est
1382 577 1524 644 quod
1575 586 1818 630 nostrum
1868 586 1951 631 est
1999 592 2124 645 pro-

551 667 749 732 prium,
775 675 828 718 et
849 664 990 734 quod
1020 665 1174 720 nobis
1209 667 1458 732 provenit
1485 707 1500 731 ,
1546 677 1605 720 ut
1633 669 1882 721 deorsum
1907 669 2122 736 quidem

550 759 849 812 habeamus
877 756 1057 809 omnia
1092 772 1212 826 qua:
1238 758 1435 812 habent
1463 772 1525 814 ea
1553 773 1673 828 quae
1705 760 1806 812 sub
1841 775 1936 813 nos
1959 771 2120 821 sunt;

549 850 888 914 extrinsecus
909 859 1083 903 autem
1110 858 1354 903 nostrum
1400 851 1542 918 quod
1577 861 1660 904 est
1693 850 1968 921 proprium
1994 893 2008 916 ,
2055 853 2125 906 sit

550 943 604 993 i-n
642 939 795 993 nobis
827 941 1094 1010 cogitatus
1139 950 1194 992 et
1228 955 1442 994 sensus.
1487 939 1686 995 lterum
1737 958 1799 997 ea
1835 958 1955 1012 qua:
2005 951 2125 1011 post

551 1045 649 1085 nos
677 1040 834 1095 sunt,
877 1031 1059 1082 statim
1100 1030 1493 1085 irrationabilia
1525 1030 1778 1085 animalia
1823 1033 2060 1102 cogitatu
2093 1049 2120 1085 a

549 1125 706 1178 nobis
737 1124 1119 1191 relinquuntur
1145 1133 1200 1176 et
1242 1137 1429 1177 sensu.
1466 1121 1678 1176 Habent
1711 1132 1890 1178 autem
1919 1127 2120 1191 omnia,

550 1231 884 1286 quaecunque
915 1217 1132 1283 habent,
1166 1217 1400 1269 minora.
1423 1216 1532 1269 Illis
1553 1219 1695 1269 enim
1725 1227 1779 1270 et
1804 1218 1944 1286 quod
1968 1234 2122 1273 suum

550 1317 636 1363 est
674 1309 854 1374 inest,
892 1307 1229 1364 sensibilita's
1283 1309 1510 1364 scilicet.
1541 1309 1738 1362 Iterum
1791 1309 2014 1364 arbores
2072 1319 2127 1364 et

548 1399 747 1467 plantat
777 1400 1159 1468 relinquuntur
1200 1400 1415 1470 quidem
1449 1415 1478 1453 a
1525 1401 1760 1470 cogitatu
1795 1411 2003 1464 nostro,
2041 1417 2126 1454 re-

552 1489 867 1558 linquuntur
913 1503 1092 1544 autem
1126 1500 1182 1544 et
1212 1506 1240 1543 a
1272 1490 1630 1544 sensibilitate
1657 1492 1988 1544 animalium.
2020 1491 2126 1546 lla-

550 1582 680 1635 bent
725 1591 908 1636 autem
950 1598 1045 1635 sua
1106 1583 1494 1652 proprietatem
1545 1583 1829 1637 adversum
1889 1599 2019 1638 saxa
2071 1594 2126 1637 et

553 1680 776 1732 terram,
818 1672 1268 1740 germinationem
1315 1673 1529 1726 scilicet
1551 1683 1603 1727 et,
1641 1681 1987 1743 augmentum
2019 1713 2034 1737 ,
2071 1683 2127 1726 et

550 1763 988 1824 crescibilitatem
1031 1775 1087 1818 et
1119 1779 1324 1820 escam.
1370 1766 1480 1821 Fex
1520 1779 1723 1831 autem,
1761 1776 1812 1821 et
1855 1783 1974 1836 qua:
2025 1783 2122 1836 pu-

2224 585 2278 628 et
2326 579 2538 646 corpori
2586 593 2873 634 mensuras
2923 581 2990 632 ad
3043 581 3270 636 salutem
3307 583 3472 651 ponit.
3511 583 3574 636 Et
3619 585 3805 650 primo

2224 666 2442 733 quidem
2475 669 2712 722 ostendit
2736 685 2856 738 qua}
2885 671 3078 726 debeat
3101 688 3332 737 sumere,
3359 684 3412 727 et
3442 690 3471 728 a
3513 676 3707 744 quibus
3737 691 3806 731 se

2225 757 2524 820 abstinere,
2553 765 2607 810 et
2629 773 2688 811 ea
2712 773 2830 827 quze
2855 759 2999 815 licita
3023 772 3151 816 sunt
3182 763 3532 827 manducare,
3557 767 3804 836 quando,

2225 861 2279 904 et
2315 861 2572 921 quantum
2591 887 2616 912 -.
2642 861 2696 905 et
2721 852 2920 921 quibus
2969 851 3118 907 horis
3143 893 3159 916 ,
3191 863 3246 907 et
3291 852 3419 920 quid
3447 853 3641 907 debeat
3669 867 3808 909 ante

2225 957 2405 999 escam
2439 945 2652 1012 operari
2686 985 2701 1010 ,
2751 954 2805 997 et
2856 945 3312 1012 quemadmodum
3353 945 3554 999 moveri
3587 947 3809 1002 deside-

2227 1033 2364 1086 rium
2387 1049 2654 1096 escarum,
2677 1044 2732 1087 et
2771 1035 3223 1102 quemadmodum
3260 1050 3480 1090 servare
3500 1051 3679 1091 eseam
3705 1039 3798 1092 in-

2227 1140 2462 1195 gressam
2484 1169 2496 1185 ,
2527 1135 2580 1178 et
2605 1127 2875 1195 quomodo
2909 1127 3136 1181 reticere
3165 1138 3514 1195 operamenta
3547 1147 3560 1182 :
3592 1138 3650 1183 ut
3687 1145 3805 1184 non

2226 1230 2292 1269 ex
2334 1215 2630 1268 abundanti
2683 1216 2919 1270 motione
2951 1215 3195 1271 confusio
3225 1217 3316 1270 ﬂat
3345 1216 3460 1283 ejus
3483 1218 3570 1282 qui
3601 1221 3805 1286 pascit.

2229 1306 2294 1360 Et
2345 1307 2603 1375 potuisset
2644 1309 2828 1377 utique
2869 1323 3066 1378 corpus
3112 1309 3384 1378 corrumpi
3437 1308 3538 1362 nisi
3583 1311 3810 1364 adesset

2226 1401 2431 1464 anima,
2463 1402 2780 1468 permittens
2821 1411 3084 1470 quantum
3125 1400 3380 1465 deberet,
3409 1409 3465 1454 et
3511 1401 3808 1456 continens

2226 1497 2484 1557 quantum
2519 1497 2812 1558 oporteret,
2846 1500 2901 1543 et
2926 1504 3244 1544 mensurans
3268 1497 3322 1543 et
3365 1489 3715 1560 permiscens,
3739 1499 3807 1546 et

2225 1581 2476 1634 aetatibus
2525 1581 2871 1649 semetipsam
2923 1581 3245 1644 extendens,
3286 1589 3340 1634 et
3395 1581 3587 1635 iterum
3646 1580 3810 1636 colli-

2227 1686 2356 1740 gens
2392 1685 2497 1725 non
2533 1671 2906 1740 magnitudine
2931 1670 3051 1724 dico
3079 1710 3092 1736 ,
3116 1672 3208 1724 sed
3240 1672 3530 1726 mensuris.
3576 1671 3805 1739 Quoties

2228 1764 2371 1816 enim
2408 1764 2664 1817 irascitur
2687 1776 2886 1830 corpus
2908 1762 3032 1832 quia
3059 1762 3318 1816 derelicta
3354 1773 3437 1816 est
3465 1779 3586 1818 esca
3633 1779 3802 1833 quam

553 1865 740 1909 tantur
779 1855 1094 1919 fortissima,
1141 1867 1331 1926 petrae,
1380 1859 1627 1927 inquam,
1679 1870 1733 1912 et
1763 1835 1919 1914 terra:
1949 1900 1964 1920 .
2023 1835 2125 1912 hoc
2158 1835 2198 1888 Β
2231 1853 2457 1906 libenter
2489 1853 2755 1915 smnebat,
2798 1859 2851 1904 et
2883 1851 3074 1904 iterum
3113 1851 3348 1916 volebat,
3387 1862 3438 1906 et
3474 1867 3576 1906 non
3607 1851 3807 1922 permi.

536 1949 728 2017 ipsum
753 1956 878 2002 sunt
899 1962 1129 2016 corpus;
1157 1963 1268 2002 non
1291 1949 1678 2018 producuntur,
1697 1965 1800 2003 non
1837 1958 2086 2004 crescunt
2109 1966 2123 2002 :

552 2039 600 2094 si
624 2038 768 2094 enim
800 2049 853 2093 et
882 2049 1154 2103 crescunt,
1180 2041 1248 2092 ita
1279 2051 1528 2100 crescunt
1558 2051 1614 2093 ut
1649 2055 1747 2096 nec
1775 2041 1978 2095 sciatur
2001 2039 2126 2110 quia

554 2139 826 2186 crescunt.
857 2128 952 2185 llis
977 2131 1048 2184 ita
1077 2147 1106 2184 a
1138 2132 1387 2186 deorsum
1414 2146 1584 2200 usque
1611 2147 1846 2198 sursum,
1868 2142 1921 2187 et
1960 2147 1988 2184 a
2015 2147 2130 2185 sur-

555 2237 674 2276 sum
726 2235 897 2292 usque
929 2224 1182 2276 deorsum
1239 2223 1548 2291 separatis,
1593 2237 1950 2291 agnoscamus
2001 2223 2126 2292 quia

555 2329 658 2370 nos
679 2315 893 2383 quidem
927 2329 1113 2370 sumus
1153 2315 1206 2368 in
1241 2329 1528 2369 commune
1551 2355 1563 2377 ,
1596 2315 1739 2367 sicut
1784 2326 1838 2368 et
1876 2325 2016 2368 terra
2075 2324 2131 2368 ct

555 2405 760 2476 lapides
790 2407 1236 2462 :coextendimur
1284 2417 1461 2461 autem
1497 2414 1551 2461 et
1584 2407 1784 2476 plantis
1832 2416 1887 2459 ct
1917 2407 2127 2461 arbori-

557 2501 678 2555 bus.
715 2500 985 2555 llabemus
1026 2501 1168 2554 enim
1213 2511 1272 2554 ut
1317 2509 1370 2554 et
1407 2515 1693 2554 nascamnr
1722 2509 1777 2553 ct
1820 2515 2129 2554 crescamus

559 2603 616 2645 et
663 2606 972 2661 pascamur.
1003 2590 1460 2646 Transcendimus
1485 2600 1662 2646 autem
1699 2600 1750 2645 et
1783 2591 2129 2646 irrationabi-

555 2685 626 2738 lia
661 2684 915 2738 animalia
961 2700 1084 2740 cum
1115 2683 1494 2738 sensibilitate.
1542 2683 1896 2737 Transilimus
1963 2681 2125 2736 etiam

555 2787 610 2829 ct
640 2777 706 2830 ab
737 2777 822 2831 his
853 2793 869 2832 :
905 2776 1169 2831 habentes
1204 2775 1345 2845 quod
1389 2785 1473 2829 est
1507 2775 1856 2844 praecipuum,
1890 2775 2128 2828 rationa-

555 2867 683 2922 bilis
708 2867 907 2937 quippe
933 2868 1056 2921 vita:
1087 2867 1400 2937 cogitatum.
1432 2865 1576 2920 Nihil
1612 2876 1790 2920 autem
1824 2864 2130 2933 praescribi-

558 2969 648 3012 tur
669 2973 700 3012 a
727 2959 1104 3014 communibus
1125 2997 1140 3022 ,
1171 2967 1229 3011 ut
1269 2967 1414 3025 puta,
1447 2957 1493 3012 si
1530 2957 1652 3026 quis
1696 2957 1924 3011 voluerit
1951 2955 2127 3009 homi-

557 3067 681 3106 nem
731 3051 963 3119 aliquem
1002 3065 1258 3120 separare
1295 3054 1362 3104 ab
1398 3051 1570 3104 altero
1601 3089 1616 3114 ,
1661 3064 1764 3102 non
1795 3049 1951 3102 debet
1982 3049 2128 3102 dice-

560 3157 662 3196 re:
695 3141 787 3196 Ille
819 3142 911 3210 qui
951 3143 1087 3195 duos
1112 3141 1298 3194 oculos
1328 3141 1490 3195 habet
1515 3150 1608 3192 aut
1633 3142 1767 3192 duas
1797 3155 1989 3202 aures;
2036 3156 2128 3194 ne-

559 3249 665 3301 que
699 3233 788 3286 illa
819 3249 939 3304 qua:
985 3234 1037 3288 in
1070 3247 1354 3287 commune
1385 3241 1511 3286 sunt
1553 3242 1605 3286 et
1651 3233 1773 3287 aliis
1799 3273 1814 3295 ,
1861 3235 1954 3288 sed
1989 3233 2130 3288 illius
2161 3210 2201 3231 υ

560 3323 796 3378 hominis
835 3325 976 3394 quod
1015 3335 1096 3378 est
1128 3327 1455 3394 praecipuum
1493 3325 1559 3378 ad
1597 3325 1947 3392 agnitionem.
1999 3323 2132 3379 Esse

558 3417 704 3471 enim
733 3431 838 3471 non
870 3417 1022 3471 nobis
1052 3417 1180 3470 solis
1206 3426 1288 3470 est
1313 3455 1328 3480 ,
1379 3427 1435 3470 et
1473 3416 1779 3484 germinare
1809 3432 1911 3469 non
1953 3417 2005 3469 in
2034 3430 2134 3468 no-

558 3508 648 3562 bis
674 3518 758 3562 est
807 3515 1014 3560 tantmn
1043 3547 1058 3568 ,
1091 3517 1146 3560 et
1200 3507 1528 3560 manducare
1576 3522 1680 3560 non
1723 3506 2002 3560 hominum
2046 3521 2136 3561 so-

466 3632 481 3646 κ
560 3594 858 3658 lummodo,
904 3604 958 3649 et
986 3607 1237 3651 crescere
1266 3611 1369 3651 non
1402 3607 1647 3650 nostrum
1676 3606 1760 3651 est
1797 3607 2030 3662 tantum,
2080 3606 2136 3651 et

563 3685 1018 3740 scnsibilitatibus
1059 3685 1134 3738 uti
1183 3700 1289 3739 non
1345 3695 1589 3737 nostrum
1641 3694 1724 3738 est
1776 3682 1981 3749 solum;
2038 3683 2134 3736 sed

566 3778 785 3844 quando
817 3793 914 3831 nos
946 3786 1002 3832 et
1031 3776 1140 3841 ubi,
1179 3776 1234 3829 in
1264 3790 1535 3838 sermone,
1571 3775 1623 3828 in
1663 3775 1928 3842 cogitatu,
1957 3773 2008 3826 in
2040 3789 2134 3826 ra-

560 3867 808 3922 tionabili
840 3868 946 3920 vita
972 3907 990 3934 ,
1044 3869 1145 3920 hoc
1176 3867 1337 3921 homo
1365 3874 1468 3930 est,
1523 3866 1638 3919 haec
1664 3865 1842 3934 imago
1864 3905 1878 3929 ,
1908 3866 2009 3920 hoc
2055 3873 2136 3918 est

563 3960 862 4014 secundum
895 3958 1186 4029 imaginem
1212 3999 1228 4021 ,
1269 3959 1370 4014 hoc
1397 3967 1483 4011 est
1531 3957 1824 4026 pretiosum
1856 3995 1870 4019 ,
1905 3957 2010 4010 hoc
2042 3957 2140 4010 im-

565 4050 769 4118 periale
789 4088 806 4114 ,
834 4051 938 4104 hoc
962 4061 1047 4105 est
1077 4050 1219 4120 quod
1268 4059 1413 4103 tenet
1457 4064 1554 4113 per
1592 4048 1851 4102 animam.
1881 4046 1985 4102 Per
2028 4049 2140 4102 lucc

567 4143 902 4213 agnoscitur-
933 4155 986 4200 et
1037 4143 1308 4213 pudicitia:
1367 4144 1646 4197 honestas.
1701 4141 1766 4195 Et
1813 4151 1959 4197 certe
2011 4157 2142 4198 caro

565 4235 866 4289 contrarias
898 4236 1138 4305 suggerit
1190 4235 1459 4289 motiones
1499 4253 1512 4288 :
1552 4243 1746 4304 utpote
1793 4234 2142 4288 irrationabi-

569 4325 701 4380 linm
733 4327 798 4380 ad
846 4326 1366 4380 communicationes
1424 4343 1438 4379 :
1489 4325 1582 4380 sed
1633 4326 1828 4379 anima:
1878 4327 2144 4395 cogitatus

565 4415 870 4486 gubernans
905 4417 1177 4470 motiones
1208 4415 1774 4484 concupiSrentiarum
1797 4455 1811 4477 ,
1853 4425 1908 4469 et
1935 4416 2143 4485 asperi-

2230 1943 2299 1997 sit
2327 1945 2521 1995 anima:
2553 1941 2819 2010 cogitatus
2845 1946 2868 1994 Υ
2909 1942 3128 2006 Quoties
3163 1958 3389 1996 accensa
3419 1953 3503 1998 est
3531 1947 3794 2014 concupi-

2231 2034 2460 2096 sm-ntia,
2484 2045 2538 2087 et
2565 2034 2730 2087 voluit
2757 2048 2876 2088 esse
2914 2049 3008 2087 sua
3044 2032 3246 2096 aliena,
3270 2045 3325 2088 et
3355 2051 3580 2089 accensa
3606 2049 3710 2098 est,
3741 2046 3806 2092 et

2231 2125 2361 2178 arsit
2395 2124 2661 2178 ﬂamma?
2706 2127 2799 2179 sed
2847 2139 3038 2180 sensus
3069 2141 3259 2180 rorans
3300 2128 3560 2181 exstinxit
3605 2130 3803 2183 motio-

2231 2233 2376 2278 nem,
2402 2227 2456 2271 et
2483 2219 2773 2272 marcidam
2810 2219 3078 2274 ﬂammam
3122 2218 3323 2284 eﬂeclt,
3351 2231 3404 2274 et
3431 2222 3663 2276 ostendit
3701 2223 3804 2276 ho-

2232 2311 2362 2363 mini
2408 2311 2618 2364 ratione
2666 2312 2792 2380 quia
2829 2313 2992 2366 homo
3023 2320 3129 2376 est,
3176 2321 3231 2366 et
3281 2328 3387 2366 non
3425 2313 3804 2368 irrationabile

2233 2416 2414 2470 pecus.
2439 2399 2554 2455 Non
2577 2417 2763 2456 sumus
2786 2403 2930 2458 inter
2951 2419 3142 2472 greges
3169 2403 3236 2458 ad
3262 2405 3802 2470 communicationes,

2233 2491 2326 2546 sed
2354 2492 2554 2560 nuptis:
2579 2493 2721 2561 apud
2767 2509 2886 2556 nos,
2923 2504 2977 2548 et
3012 2494 3062 2550 in
3089 2493 3339 2549 domibus
3367 2534 3383 2558 ,
3415 2507 3467 2549 et
3508 2496 3807 2550 successio-

2235 2598 2329 2637 nes
2353 2593 2404 2636 et
2426 2586 2772 2654 cognationes
2794 2586 3081 2640 habentur.
3106 2585 3477 2656 Compatimur
3497 2587 3637 2640 enim
3664 2586 3804 2642 alter

2239 2676 2416 2739 atteri,
2451 2687 2504 2728 et
2533 2677 2956 2746 congaudemus.
2998 2675 3276 2746 Cogitatus
3306 2679 3448 2732 enim
3502 2679 3803 2748 conjungit.

2234 2779 2287 2821 ct
2318 2780 2581 2838 separatae
2609 2771 2808 2836 nnptia:
2837 2770 2975 2838 apud
3005 2785 3103 2823 nos
3147 2780 3294 2825 sunt.
3343 2771 3622 2840 Separavit
3651 2774 3798 2827 enim

2236 2861 2339 2914 hoc
2365 2860 2506 2914 ratio
2536 2873 2730 2914 sensus
2756 2877 2770 2913 :
2802 2870 2857 2914 et
2888 2861 3028 2929 quod
3065 2868 3147 2915 est
3169 2861 3507 2928 admirabile,
3535 2877 3654 2932 qua:
3693 2877 3799 2917 non

2234 2960 2320 3005 est
2357 2951 2473 3004 visa
2506 2951 2555 3005 ei
2603 2952 2694 3020 qui
2737 2965 2843 3005 non
2890 2961 2976 3006 est
3005 2952 3152 3007 visus
3176 2991 3191 3016 ,
3222 2963 3312 3005 aut
3344 2952 3469 3006 alibi
3504 2954 3700 3006 nutrita
3747 2954 3798 3009 ei

2251 3043 2340 3112 qui
2374 3042 2495 3097 alibi
2521 3053 2604 3097 est
2627 3044 2908 3108 educatus,
2942 3043 3124 3098 subito
3156 3044 3350 3098 tradita
3384 3045 3669 3112 conjuncta
3717 3057 3801 3098 est

2238 3135 2451 3190 ratione
2479 3145 2532 3188 et
2583 3149 2744 3188 sensu
2776 3115 2830 3189 et
2880 3134 3138 3203 cogitatu,
3169 3143 3225 3188 et
3274 3135 3679 3204 przebonoratus
3721 3146 3802 3190 cst

2235 3229 2327 3298 qui
2377 3228 2586 3297 accepit
2634 3237 2688 3282 et
2724 3229 2864 3296 patri
2917 3229 3153 3292 dilecto,
3202 3238 3256 3282 et
3320 3229 3475 3282 matri
3511 3228 3718 3292 amicze,
3746 3238 3801 3282 et

2233 3320 2382 3376 omni
2429 3319 2762 3388 cognationi.
2807 3318 2924 3373 Non
2980 3321 3122 3373 enim
3172 3318 3301 3373 mihi
3339 3334 3483 3372 nunc
3514 3319 3804 3373 inducatur

2236 3427 2422 3467 eorum
2472 3412 2564 3480 qui
2592 3411 2896 3466 adulteram
2939 3426 3218 3465 nummum
3265 3411 3419 3479 (4i):
3459 3412 3583 3480 quia
3619 3426 3724 3466 nec
3770 3428 3804 3468 a

2237 3503 2395 3558 caecis
2417 3501 2732 3572 agnoscitur
2765 3500 2906 3556 oculi
2955 3501 3146 3567 virtus,
3175 3519 3349 3572 neque
3378 3517 3406 3555 a
3431 3503 3635 3556 claudis
3684 3518 3804 3556 am—

2238 3593 2446 3648 bulatio
2477 3603 2618 3648 recta
2649 3633 2664 3658 ,
2719 3607 2894 3662 neque
2925 3594 2992 3647 ab
3032 3593 3288 3648 adulteris
3321 3595 3521 3648 nummi
3553 3595 3809 3665 liguratio

2238 3699 2384 3738 vera.
2417 3683 2522 3736 Sed
2555 3685 2755 3753 nuptis:
2785 3683 3130 3752 sintnuptiae,
3159 3699 3277 3752 qua:
3303 3685 3548 3738 terminis
3581 3686 3809 3741 rationis

2240 3791 2267 3826 a
2319 3775 2554 3842 cogitatu
2616 3786 2747 3827 sunt
2787 3774 3083 3828 honoratae.
3116 3774 3232 3829 Duo
3278 3777 3420 3830 enim
3457 3777 3808 3841 ﬂuntunnm,

2242 3866 2366 3934 quia
2395 3882 2458 3919 ex
2489 3880 2596 3918 uno
2624 3864 2750 3919 facti
2784 3875 2912 3919 sunt
2947 3866 3014 3921 ab
3038 3865 3193 3920 initio
3220 3868 3345 3921 duo.
3376 3867 3440 3921 Et
3461 3867 3585 3937 quis
3609 3868 3814 3937 poterit

2243 3957 2502 4011 exhibere
2525 3971 2711 4012 eorum
2743 3957 2834 4026 qui
2858 3957 3139 4012 salvantur
3168 3959 3416 4028 ﬁguram,
3444 3959 3810 4028 pulchritudi-

2242 4065 2365 4104 nem
2395 4090 2410 4114 ,
2460 4051 2898 4120 spcciositatem,
2947 4051 3144 4122 quibus
3195 4053 3452 4109 tristities
3503 4054 3812 4111 consolatio

2243 4151 2326 4196 est
2354 4142 2378 4196 Ἰ
2405 4144 2712 4210 partiuntur
2737 4143 2903 4205 enim,
2928 4153 2981 4198 et
3018 4145 3337 4199 alterutrqu
3369 4161 3532 4200 onera
3569 4157 3809 4216 portant,

2243 4243 2299 4286 et
2323 4233 2458 4288 alius
2490 4249 2589 4303 pro
2621 4234 2725 4289 alio
2749 4234 3013 4290 sollicitus
3042 4246 3146 4298 est,
3197 4248 3255 4291 ut
3299 4254 3402 4291 non
3433 4239 3675 4293 tristetur
3712 4255 3813 4294 nec

2245 4326 2443 4391 doleat,
2485 4341 2572 4391 ne,
2609 4327 2651 4380 si
2701 4343 2805 4380 non
2837 4329 3018 4382 videat
3054 4329 3283 4395 tristem,
3315 4332 3507 4385 iterum
3543 4332 3810 4391 tristetur.

2249 4420 2354 4474 Aut
2380 4420 2522 4473 enim
2550 4421 2814 4488 liguratur
2836 4421 3130 4489 tristitiam,
3162 4432 3255 4476 aut
3282 4423 3448 4493 pellit.
3465 4425 3600 4478 Cum
3629 4435 3811 4480 autent

565 4520 730 4562 tatem
785 4508 1068 4562 libidinum
1128 4521 1358 4578 regens,
1403 4507 1651 4562 ostendit
1695 4506 1818 4575 quia
1876 4506 2052 4559 anima
2106 4521 2135 4559 a
2169 4518 2214 4572 ο
2247 4513 2538 4567 incurrerit
2587 4512 2800 4582 aliquod
2848 4515 3102 4582 gaudium
3149 4525 3243 4569 aut
3287 4517 3564 4581 laetitiam,
3604 4517 3817 4574 videbis

565 4615 792 4669 corpore
822 4610 1070 4668 separata
1103 4609 1206 4655 ost.
1233 4597 1289 4652 Si
1323 4598 1466 4651 enim
1497 4611 1695 4666 corpus
1734 4597 2004 4662 turbatur,
2030 4613 2137 4652 uio-

566 4704 744 4756 vetur,
781 4691 1071 4744 ﬂuctuatur
1115 4706 1144 4742 a
1195 4688 1651 4757 concupiscentiis
1679 4728 1694 4752 ,
1730 4688 1907 4741 anima
1958 4700 2138 4743 autem

566 4783 829 4848 gubernat
863 4798 878 4836 :
907 4797 1102 4851 corpus
1136 4782 1374 4836 exsultat
1406 4782 1549 4836 escis
1577 4821 1593 4848 ,
1624 4781 1804 4835 anima
1836 4792 2013 4837 autem
2049 4799 2142 4838 co-

565 4876 736 4943 gitatu
771 4876 1011 4930 refrenat
1042 4888 1241 4942 corpus
1275 4892 1288 4928 :
1320 4889 1518 4944 corpus
1545 4874 1752 4942 expetit
1779 4889 1999 4941 escam;
2024 4892 2144 4932 eva-

567 4977 762 5021 cuatur
785 4969 954 5032 enim,
987 4979 1040 5022 et
1087 4967 1200 5021 vult
1235 4967 1427 5021 iterum
1461 4967 1737 5037 adimpleri
1771 4988 1784 5023 :
1822 4970 2001 5025 anima
2048 4987 2143 5025 au-

568 5068 676 5113 tem
699 5060 799 5113 sub
828 5075 923 5128 spe
971 5059 1341 5129 religiositatis
1370 5061 1569 5114 retinet
1615 5061 1943 5117 desiderium
1977 5081 1992 5117 :
2022 5080 2144 5118 cor—

573 5165 673 5217 pus
697 5149 850 5213 sitit;
878 5152 1055 5205 anima
1110 5162 1391 5206 mensurat
1427 5155 1568 5220 quod
1603 5155 1651 5206 ei
1688 5163 1772 5209 est
1802 5156 1930 5210 utile
1968 5175 1980 5211 :
2020 5173 2142 5211 cor-

576 5257 674 5310 pus
698 5232 883 5295 movct
912 5244 1128 5306 ﬂuctus,
1155 5244 1334 5297 anima
1365 5257 1545 5297 autem
1581 5246 2029 5315 tranquillitatem
2061 5251 2146 5302 ad-

573 5333 742 5387 ducit.
773 5335 982 5404 (Jorpus
1008 5336 1119 5388 sola
1145 5351 1263 5404 quae
1293 5345 1418 5390 sunt
1453 5338 1669 5404 quwrit,
1697 5347 1750 5390 et
1777 5353 1882 5391 non
1911 5353 2028 5407 quae
2050 5355 2143 5392 sua

571 5437 700 5479 sunt
726 5435 952 5484 tantum.
975 5429 1068 5482 sed
1104 5437 1159 5480 et
1188 5442 1349 5496 supra
1379 5443 1440 5481 ea
1470 5444 1589 5496 qua:
1621 5445 1714 5482 sua
1741 5440 1886 5484 sunt.
1919 5429 1973 5482 Si
1999 5431 2143 5484 enim

575 5533 680 5570 non
745 5521 958 5572 adesset
1011 5520 1189 5572 anima
1245 5535 1603 5583 mensurans,
1656 5530 1838 5591 posset
1893 5522 2148 5577 aviditate

569 5626 815 5664 esi-arum
831 5627 1028 5679 corpus
1050 5613 1344 5681 corrumpi,
1367 5623 1422 5668 et
1442 5629 1470 5665 a
1507 5614 1782 5682 potatione
1805 5627 2028 5685 crepare
2049 5630 2140 5670 su-

644 5792 696 5859 (ςὶ
711 5793 753 5859 ιι)
783 5792 877 5847 illa
910 5793 996 5863 qui
1023 5791 1322 5846 adulteram
1365 5808 1624 5849 numntus.

2247 4603 2346 4656 ista
2379 4602 2637 4672 duplicia.
2671 4604 2825 4658 Sicut
2857 4606 2999 4660 enim
3031 4607 3432 4676 compatiuntur
3461 4608 3564 4664 sibi
3596 4609 3647 4662 in
3672 4609 3814 4663 mul—

2247 4697 2316 4751 tis
2338 4737 2353 4762 ,
2384 4696 2454 4750 ita
2491 4704 2546 4750 et
2575 4695 2927 4752 collzetantur.
2965 4696 3243 4768 Cogitatus
3293 4699 3472 4770 itaque
3498 4701 3659 4754 etiam
3697 4699 3810 4755 for-

2248 4789 2457 4844 tissima
2495 4787 2650 4842 nobis
2682 4789 2932 4842 animalia
2959 4790 3203 4860 subjecit.
3223 4790 3641 4860 Comprehendit
3665 4795 3811 4848 enim

2245 4890 2302 4935 et
2326 4880 2553 4945 velocia,
2592 4889 2644 4934 et
2679 4886 2833 4936 tarda
2865 4883 3071 4937 domuit
3101 4892 3156 4936 et
3184 4883 3434 4950 subjecit.
3466 4883 3814 4940 Descendens

2248 4982 2427 5026 autem
2467 4973 2519 5026 in
2544 4986 2718 5036 mare,
2747 4975 3050 5028 necessaria
3079 4974 3233 5028 nobis
3273 4977 3338 5029 ad
3373 4991 3526 5029 usum
3575 4977 3761 5031 eduxit
3794 4994 3810 5040 ;

2249 5071 2303 5118 et
2337 5067 2403 5118 ad
2453 5079 2634 5120 aerem
2687 5066 3005 5134 perveniens
3033 5105 3048 5129 ,
3081 5067 3202 5120 inde
3235 5081 3296 5121 ea
3327 5082 3445 5136 qua:
3474 5067 3716 5122 videmus
3759 5078 3815 5122 et

2251 5157 2640 5210 manducamus
2673 5156 2940 5226 deposuit.
2975 5157 3252 5227 Decerpsit
3283 5159 3444 5212 etiam
3491 5159 3558 5212 ab
3605 5159 3811 5214 arbori-

2249 5248 2349 5302 bus
2372 5258 2424 5301 et
2451 5247 2667 5317 plantis,
2696 5257 2750 5302 et
2769 5265 2797 5302 a
2819 5258 2959 5303 terra
2978 5259 3030 5303 et
3058 5251 3123 5303 ab
3151 5250 3472 5306 animalibus
3491 5251 3810 5316 necessaria,

2253 5348 2309 5392 et
2337 5342 2566 5409 partitus
2587 5351 2690 5406 est,
2712 5351 2767 5395 et
2790 5343 2967 5395 omnia
2989 5343 3142 5397 nobis
3165 5345 3234 5397 ob
3254 5360 3416 5398 uitam
3441 5360 3631 5399 sensus
3647 5349 3808 5398 ratio—

2254 5447 2376 5486 nem
2397 5435 2622 5502 paravit.
2643 5433 2854 5489 Nullum
2878 5437 3021 5490 enim
3050 5438 3246 5491 animal
3276 5439 3346 5491 ita
3364 5437 3615 5502 estforte,
3644 5446 3702 5490 ut
3724 5451 3812 5490 co-

2259 5525 2450 5591 gitatui
2493 5526 2562 5579 sit
2589 5527 2820 5582 fortior:
2854 5528 3122 5598 siquidem
3172 5545 3272 5584 nec
3313 5545 3483 5600 penna
3520 5530 3641 5584 huic
3668 5531 3810 5581 velo-

2257 5617 2372 5671 cior
2419 5617 2689 5674 invenitur
2719 5639 2732 5675 :
2767 5621 2861 5676 sed
2914 5633 3115 5693 quanta
3151 5624 3296 5678 carni
3335 5633 3531 5680 nostra:
3568 5625 3636 5678 ob
3667 5622 3815 5677 intir-
