4100 6456
331 363 478 428 ιω·

1535 371 1625 427 DE
1664 371 2128 430 INCORPOBALI
2165 371 2403 427 ANIMA.

3437 330 3597 428 εἰμι’

327 487 574 543 mitatem
625 485 817 542 deesse
851 487 1124 553 videntur,
1163 487 1279 542 bac
1326 489 1549 546 fortiora
1591 491 1895 547 eﬂiciuutur
1923 498 1969 555 Α
1999 494 2147 549 dives
2171 494 2263 563 qui
2293 491 2679 555 creavitDeus,
2697 498 2751 546 et
2775 489 2864 560 qui
2895 490 3084 557 dignus
3113 497 3194 543 est
3217 488 3430 544 habitus
3450 504 3575 542 sen—

327 580 530 634 virtute
557 593 751 635 sensus
775 589 830 636 et
858 580 1145 648 cogitatus.
1178 579 1291 636 Non
1316 590 1496 652 potest
1538 594 1720 639 nostra
1749 586 1894 657 aspi-

330 674 472 728 ratio
496 672 786 741 plurimum
819 673 1060 728 contueri
1102 674 1154 728 in
1203 675 1362 728 mari.
1396 675 1534 742 Quid
1563 677 1740 745 ergo?
1770 693 1896 733 num

327 763 541 833 aufugit
563 779 660 819 nos
690 777 839 819 mare
865 764 888 817 ‘I
934 762 1120 817 Nonne
1145 762 1194 818 ei
1231 764 1346 834 (42)
1374 766 1543 821 maris
1575 766 1897 838 profundum

333 856 604 924 cogitatus
650 855 896 920 invenit,
925 865 984 910 ut
1041 872 1182 912 nunc
1212 858 1428 928 quidem
1468 856 1622 912 funes
1674 860 1726 914 in
1761 860 1896 914 mari

339 950 653 1018 deponeret,
689 965 832 1004 nunc
864 950 998 1004 retia
1026 955 1376 1019 expanderet,
1408 953 1514 1008 alio
1537 963 1714 1009 autem
1759 964 1898 1008 tem-

333 1053 466 1109 pore
513 1039 618 1093 alia
669 1039 1097 1096 machinamenta
1139 1041 1498 1099 immitteret?
1547 1044 1810 1113 siquidem
1843 1053 1900 1097 et

330 1145 430 1202 per
455 1145 655 1186 cannas
707 1131 774 1185 ad
806 1131 1131 1202 profundum
1183 1135 1473 1204 pervenit,
1523 1144 1579 1191 et
1626 1151 1722 1205 per
1751 1143 1898 1190 setas

330 1228 604 1290 operatur.
651 1218 772 1275 Jam
808 1230 984 1276 autem
1015 1231 1071 1277 et
1101 1225 1426 1290 margaritas
1453 1233 1703 1280 scrutaris
1749 1226 1900 1279 inve-

331 1315 430 1379 nit,
455 1324 509 1370 et
542 1313 827 1383 spirationi
876 1315 1349 1384 nostraz‘deposuit
1381 1317 1652 1372 solatium.
1683 1315 1750 1371 Et
1785 1316 1897 1386 pri-

329 1419 422 1459 mo
449 1405 689 1475 quidem,
720 1405 991 1475 quomodo
1028 1406 1290 1463 intellexit
1313 1424 1375 1462 ea
1415 1425 1532 1479 qua-
1558 1411 1609 1464 in
1634 1408 1898 1479 profundo

329 1496 498 1550 maris
527 1507 652 1550 sunt
686 1496 906 1566 posita?
929 1507 982 1551 et
1005 1497 1124 1552 dein
1152 1501 1422 1566 quomodo
1450 1503 1616 1571 coepit
1643 1502 1777 1572 (45),
1803 1511 1898 1556 aut

333 1587 552 1654 agnovit
579 1603 734 1643 usum
767 1603 977 1654 eorum,
1011 1601 1069 1645 ut
1097 1593 1340 1662 quaedam
1374 1594 1589 1662 quidem
1617 1605 1898 1666 separaret

332 1678 400 1732 ad
422 1694 627 1745 escam,
659 1683 904 1750 quaedam
934 1693 1112 1738 autem
1164 1689 1480 1741 reconderet
1515 1688 1578 1741 ad
1606 1687 1893 1752 medelam,

335 1769 440 1823 alia
469 1770 690 1840 eligeret
717 1773 785 1827 ad
824 1776 1120 1829 ornatum?
1160 1776 1372 1831 Invenit
1419 1788 1597 1833 autem
1627 1788 1680 1833 et
1709 1779 1811 1833 iter
1839 1780 1894 1834 in

333 1863 491 1916 mari.
520 1863 804 1933 Accipiens
837 1865 981 1920 enim
1013 1882 1044 1921 θ
1078 1879 1218 1922 terra
1265 1869 1520 1936 arbores,
1547 1869 1791 1924 vehicula
1843 1870 1896 1924 in

331 1953 582 2009 dorsibus
609 1966 868 2024 operatus
895 1967 977 2011 est
1006 1958 1193 2014 maris.
1228 1959 1508 2014 Generans
1556 1960 1698 2014 enim
1751 1969 1896 2016 artes

330 2051 424 2096 aut
457 2042 758 2113 suscipiens
783 2083 798 2108 ,
829 2046 895 2098 ad
928 2061 989 2099 ea
1028 2063 1160 2102 usus
1189 2058 1270 2102 est
1293 2063 1412 2117 qum
1451 2049 1678 2118 accepit,
1717 2059 1774 2105 et
1822 2060 1900 2106 te-

332 2143 508 2187 statur
551 2143 799 2189 creatura
841 2137 1103 2204 sapientis
1126 2154 1222 2208 per
1253 2141 1431 2195 omnia
1461 2139 1577 2194 Dei.
1607 2141 1898 2212 Accipiens

331 2224 478 2278 enim
525 2239 716 2294 aquam
741 2234 794 2280 et
825 2226 1001 2294 ignem
1028 2237 1083 2282 et
1115 2239 1316 2285 terram
1354 2240 1418 2285 et.
1441 2247 1620 2286 aerem
1649 2241 1705 2286 et
1737 2233 1900 2288 arbo-

335 2329 424 2368 res
473 2323 530 2369 et
573 2331 722 2371 mare
772 2327 826 2372 et
857 2318 1033 2376 fontes
1057 2330 1113 2375 et
1145 2331 1354 2378 montes
1378 2333 1431 2378 et
1467 2339 1688 2394 campos
1709 2365 1725 2390 ,
1763 2326 1900 2380 nihil

333 2408 526 2461 borum
567 2407 640 2462 ita
667 2420 724 2463 ut
749 2412 954 2481 accepit
979 2413 1212 2468 otiosum
1257 2428 1378 2470 esse
1418 2417 1686 2486 permisit.
1727 2417 1898 2472 Coac-

332 2508 552 2565 ceperat
583 2499 725 2555 enim
757 2502 1016 2558 virtutem
1065 2506 1330 2575 cogitatus
1379 2509 1785 2579 etsapientiat.
1833 2508 1902 2564 Et

336 2590 458 2644 Ideo
483 2592 835 2649 considerans
864 2609 924 2650 ea
961 2611 1080 2665 quae
1110 2597 1307 2652 iuidem
1340 2609 1497 2655 erant
1521 2601 1731 2657 occulta
1753 2643 1769 2670 ,
1800 2603 1899 2656 ba-

334 2683 450 2736 buit
479 2699 721 2751 sensum,
749 2695 809 2741 ut
828 2687 876 2742 ei
913 2687 1191 2744 adveniret
1214 2698 1269 2745 et
1301 2702 1619 2760 operaretur
1639 2705 1693 2748 et
1720 2704 1900 2749 utere-

335 2782 441 2825 tur.
476 2775 701 2848 Accepit
732 2779 878 2835 enim
905 2781 1114 2852 ignem,
1147 2793 1202 2838 et
1235 2784 1442 2839 invenit
1467 2787 1722 2843 solatium
1752 2799 1902 2846 tene-

334 2864 448 2921 bris
470 2875 524 2922 et
543 2870 718 2924 noctis
745 2871 1008 2928 obscurat.
1039 2873 1248 2931 Invenit
1276 2877 1548 2947 quomodo
1591 2895 1660 2935 ex
1705 2880 1899 2950 lapidi-

334 2959 434 3014 lms
465 2958 696 3015 edicitur
725 2963 927 3019 ferrum
961 2981 976 3019 :
1015 2965 1216 3022 invenit
1263 2970 1532 3038 quomodo
1574 2982 1719 3027 esset
1762 2989 1900 3028 tera-

338 3061 576 3106 meutum
602 3062 819 3110 eterra.
845 3055 1054 3112 Invenit
1084 3065 1356 3129 quomodo
1382 3078 1574 3117 aurum
1620 3074 1898 3135 purgatur,

337 3144 603 3207 quomodo
668 3160 948 3216 argentum
1003 3151 1236 3218 colatur,
1293 3155 1564 3224 quomodo
1621 3157 1898 3226 plumbum

337 3232 600 3289 conﬂatur
629 3245 685 3291 et
735 3239 954 3307 ferrum,
984 3251 1038 3296 ct
1064 3243 1331 3312 quomodo
1353 3261 1422 3300 ex
1473 3247 1558 3302 bis
1589 3263 1715 3302 vasa
1760 3248 1902 3319 figu-

338 3335 547 3390 rantur,
582 3337 636 3381 et
681 3343 928 3384 vasorum
984 3333 1217 3390 varietas
1242 3373 1258 3398 ,
1300 3347 1355 3392 et
1395 3353 1513 3408 qum
1558 3339 1625 3393 ad
1657 3339 1900 3406 tutelam,

339 3429 457 3481 ipsa:
482 3417 548 3469 ad
577 3419 861 3487 medelam,
910 3438 1030 3492 qua:
1078 3425 1144 3480 ad
1173 3429 1541 3496 operationem
1571 3439 1750 3498 terrae,
1783 3447 1904 3501 quae

339 3508 406 3559 ad
437 3510 853 3581 navigationem,
891 3530 1010 3584 quas
1054 3519 1118 3571 ad
1153 3529 1376 3586 terram,
1401 3536 1519 3590 qua:
1543 3523 1611 3577 ad
1643 3524 1900 3591 lapidem,

335 3613 455 3666 qua
485 3601 550 3653 ad
604 3601 768 3671 ligna,
808 3619 927 3674 qua:
967 3607 1031 3661 ad
1078 3623 1272 3678 aquam
1323 3621 1449 3665 sunt
1499 3614 1823 3679 necessaria,
1849 3623 1904 3668 et

335 3706 455 3760 quae
489 3696 740 3749 materies
770 3698 940 3767 magis
981 3701 1249 3768 quomodo
1271 3702 1551 3771 conﬂatur,
1575 3714 1628 3758 et
1654 3706 1783 3775 quid
1813 3708 1904 3761 de-

333 3779 460 3834 beat
490 3784 755 3852 accipere,
787 3796 839 3840 et
880 3791 1146 3856 quomodo
1182 3803 1432 3860 oporteat
1479 3793 1757 3852 coefflcere
1789 3798 1901 3868 spi-

338 3869 496 3922 ritum
529 3869 752 3929 IIarnmae
774 3891 838 3930 ex
871 3877 993 3947 igne
1025 3895 1040 3932 :
1075 3890 1223 3936 tanta
1253 3893 1380 3937 sunt
1402 3884 1563 3950 bona,
1596 3887 1774 3941 lumen
1803 3904 1902 3944 no-

333 3959 527 4028 ctibus,
560 3965 762 4020 medela
785 3971 1186 4039 aegrotantibus,
1224 3986 1630 4042 operaruentum
1673 3979 1900 4046 artibus,

334 4063 387 4106 et
417 4057 662 4124 agricolis
694 4061 1052 4128 pugnantibus
1072 4063 1374 4133 tuitionem,
1398 4067 1636 4136 paciﬁcis
1661 4071 1900 4125 tutelam.

334 4141 532 4199 Iterum
554 4159 730 4202 autem
753 4154 1044 4207 secundum
1067 4157 1481 4225 unumquodque
1498 4171 1902 4227 operamentum

333 4243 388 4286 et
437 4250 548 4300 vas,
587 4250 783 4306 quanta
824 4243 962 4312 ignis
1005 4255 1257 4314 operatur
1295 4249 1722 4306 consideremus.
1753 4250 1907 4306 Fecit

334 4341 545 4391 aurum,
568 4340 623 4383 et
651 4346 717 4385 ex
744 4349 876 4388 auro
915 4343 1102 4404 tanta;
1131 4350 1408 4409 argentum
1431 4383 1446 4408 ,
1480 4351 1534 4396 et
1568 4359 1634 4396 ex
1681 4354 1905 4412 argento

335 4428 443 4472 tam
491 4420 698 4486 multa;
737 4434 791 4478 et
827 4439 1200 4495 :eramentum,
1236 4439 1291 4486 et
1337 4447 1404 4486 ex
1461 4433 1578 4500 ipso
1609 4435 1660 4488 iu
1716 4436 1907 4504 primis

2002 598 2094 638 sus
2140 584 2232 638 tali
2272 583 2487 647 divitia,
2547 589 2608 635 ut
2648 582 2762 635 bare
2805 579 2984 634 omnia
3035 588 3385 634 scrutaretur.
3433 578 3579 634 Vidit

2003 674 2145 729 enim
2179 673 2443 743 cogitatus
2472 673 2524 726 in
2555 671 2739 728 sabulo
2761 670 2978 725 vitrum.
3009 668 3222 724 Intuere
3248 683 3376 736 ergo
3405 683 3579 738 quan-

2005 774 2118 818 tum
2148 765 2313 819 distat
2343 765 2610 833 cogitatus
2637 777 2670 817 a
2702 777 2949 832 corpore.
2989 760 3128 829 Quid
3159 761 3302 816 videt
3338 761 3525 816 oculus
3553 758 3580 814 ἳ

2003 855 2246 911 sabulum
2278 870 2293 909 :
2326 855 2453 924 quid
2474 854 2618 909 videt
2635 869 2826 908 sensus
2850 853 2874 906 ‘l
2894 853 3111 907 vitrum.
3141 851 3374 907 Intueris
3411 850 3574 906 alium

2001 955 2056 1000 et
2085 945 2246 999 alium
2281 962 2295 1000 :
2322 945 2412 1000 ille
2451 947 2592 1000 enim
2619 945 2765 1000 videt
2794 942 3065 1008 sabulum,
3089 943 3189 998 iste
3224 952 3400 997 autem
3431 941 3577 996 videt

2003 1039 2223 1102 vitrum,
2259 1037 2400 1106 quod
2429 1038 2655 1091 necdum
2689 1046 2788 1089 est.
2827 1034 2968 1103 Ergo
3011 1049 3114 1089 non
3156 1034 3346 1090 oculus
3381 1049 3574 1102 corpo-

2004 1127 2131 1182 ralis
2159 1127 2417 1189 intuetur,
2450 1126 2539 1195 qui
2569 1141 2666 1181 nec
2689 1124 2835 1179 videt
2861 1124 2960 1178 nisi
2983 1121 3219 1178 adfuerit
3242 1123 3442 1177 anima.
3469 1121 3576 1178 Sed

2002 1229 2058 1274 et
2086 1233 2209 1273 cum
2237 1217 2450 1272 videtur
2480 1216 2682 1281 videre,
2696 1215 2851 1271 aliter
2866 1215 3008 1270 videt
3049 1229 3245 1284 corpus
3274 1222 3330 1266 et
3354 1212 3574 1269 oculus:

2002 1319 2057 1363 et
2091 1316 2240 1363 certe
2274 1307 2452 1362 anima
2478 1305 2623 1360 videt
2672 1320 2767 1374 per
2805 1321 2971 1358 eum:
3010 1304 3167 1360 aliter
3205 1305 3445 1360 intuetur
3483 1318 3578 1359 co-

2003 1403 2255 1472 gitatus-a
2293 1399 2602 1466 semetipso.
2645 1395 2760 1451 Non
2796 1395 2928 1450 vidit
2968 1410 3164 1466 corpus
3201 1405 3573 1458 :eramentum,

2005 1509 2106 1548 non
2129 1491 2262 1546 vidit
2290 1505 2485 1560 corpus
2509 1491 2742 1552 ferrum,
2773 1487 2864 1542 sed
2894 1486 3028 1556 lapis
3067 1495 3186 1541 erat
3213 1495 3267 1542 et
3288 1495 3450 1542 terra.
3473 1486 3576 1541 Co-

2002 1586 2200 1656 gitatus
2241 1590 2419 1638 autem
2455 1579 2642 1636 videns
2678 1593 2797 1649 qua:
2823 1593 2925 1632 non
2955 1577 3577 1642 videbanturnmstimaus

2003 1678 2129 1748 quid
2171 1676 2410 1731 facturus
2437 1682 2580 1728 esset
2607 1672 2768 1744 ignis,
2784 1671 2828 1727 si
2852 1669 3225 1726 confabulatus
3256 1680 3414 1723 terra:
3443 1669 3578 1723 fuis-

2003 1779 2085 1824 set
2117 1769 2218 1823 iste
2245 1767 2506 1837 (“Linon
2534 1775 2712 1818 tamen
2743 1763 2922 1828 omni;
2951 1770 3002 1816 et
3047 1759 3120 1814 illi
3159 1759 3342 1828 lapidi,
3385 1767 3440 1814 et
3473 1775 3578 1813 non

1930 1852 1975 1908 Β
2002 1859 2168 1915 omni.
2203 1859 2460 1925 Quaereris
2487 1857 2629 1911 enim
2670 1864 3020 1910 aeramcntum
3052 1861 3248 1907 terram
3281 1853 3581 1922 accepit,et

1999 1965 2245 2021 qurerens
2282 1949 2484 2004 ferrum
2527 1947 2754 2016 lapidem
2805 1945 3072 2016 sumpsit;
3103 1953 3156 1998 et
3199 1959 3304 1998 non
3353 1944 3577 2009 erravit,

1999 2043 2093 2098 sed
2125 2041 2346 2110 agnovit
2381 2039 2434 2093 in
2465 2047 2725 2108 quantum
2756 2037 2977 2091 deberet
3017 2036 3123 2106 igni
3160 2035 3488 2104 permittere.
3521 2035 3576 2086 Si

2000 2132 2142 2187 enim
2173 2129 2449 2185 transierit
2479 2142 2786 2182 mensuram
2812 2142 2842 2180 a
2867 2127 2975 2181 Deo
3005 2136 3301 2195 acceptam,
3334 2126 3470 2196 ignis
3486 2127 3580 2195 qui

1999 2232 2191 2293 purgat
2221 2221 2512 2278 consumit.
2544 2222 2623 2273 Ita
2662 2218 2715 2273 in
2748 2217 3051 2272 istiusmodi
3079 2218 3323 2273 materiis
3357 2218 3581 2274 immisit

2001 2311 2269 2381 cogitatus
2297 2325 2451 2366 suam
2483 2309 2922 2373 admirationem,
2957 2307 3010 2362 in
3053 2307 3198 2362 vasis
3228 2323 3380 2363 suam
3402 2308 3583 2362 varie-

2000 2408 2185 2466 tatem,
2210 2400 2262 2454 in
2283 2399 2683 2467 operationibus
2705 2412 2856 2453 suam
2881 2398 3154 2460 virtutem,
3187 2397 3238 2450 in
3261 2411 3583 2467 operamen-

2004 2492 2070 2546 tis
2093 2507 2242 2545 suam
2269 2489 2614 2561 sapientiam.
2648 2491 2949 2545 Procreans
2981 2489 3124 2544 enim
3165 2488 3359 2542 artium
3391 2493 3581 2558 gentes

2001 2594 2056 2637 et
2081 2581 2481 2652 disciplinarum
2505 2582 2758 2652 poputos,
2791 2591 2847 2635 et
2892 2582 3142 2637 nationes
3176 2590 3231 2636 et
3273 2595 3494 2652 genera,
3525 2588 3582 2636 et

2002 2687 2260 2744 separans
2287 2673 2392 2726 alia
2428 2672 2610 2736 aliter,
2651 2681 2707 2727 et
2727 2674 2778 2726 in
2807 2673 2913 2727 alio
2941 2688 3104 2744 opere
3143 2672 3300 2727 aliter
3324 2681 3582 2743 operatus

2001 2774 2086 2820 est
2107 2765 2395 2836 unicuique
2419 2776 2766 2836 operamenta
2790 2774 3059 2834 separata,
3083 2774 3137 2821 et
3165 2765 3432 2837 suggessit
3459 2779 3576 2820 ma-

2002 2857 2203 2925 terias;
2247 2866 2302 2912 et
2336 2857 2480 2912 illam
2506 2857 2722 2928 quidem
2751 2857 2932 2928 posuit
2957 2872 3111 2923 auro,
3131 2856 3291 2911 aliam
3311 2858 3581 2928 separavit

2001 2972 2069 3027 ad
2099 2983 2404 3043 argentum,
2423 2972 2651 3028 alteram
2685 2975 2750 3028 ad
2777 2982 3154 3040 atramentum,
3179 2984 3234 3030 et
3256 2975 3375 3032 alia
3395 2983 3578 3031 osten-

2005 3063 2086 3118 dit
2114 3061 2337 3128 ferrum,
2367 3065 2483 3119 alia:
2507 3066 2896 3122 demonstravit
2917 3060 3187 3133 sabulum,
3214 3073 3269 3120 et
3297 3080 3365 3120 ex
3390 3063 3578 3120 sabulo
3615 3116 3626 3122 .

2003 3154 2238 3210 fructum
2270 3155 2419 3210 vitri.
2451 3157 2584 3212 Aliae
2609 3157 2756 3212 dedit
2789 3158 3032 3212 invenire
3058 3166 3298 3212 naturam
3325 3157 3580 3211 arborum

2004 3255 2058 3299 et
2079 3246 2445 3315 Operationem
2465 3256 2518 3302 et
2547 3263 2701 3303 usum
2735 3257 2792 3303 et
2823 3258 3082 3317 tempora.
3108 3247 3237 3302 Aliae
3264 3245 3471 3302 fructus
3491 3260 3583 3300 eo-

2007 3348 2146 3401 rum,
2169 3334 2286 3389 alia:
2312 3335 2574 3390 culturam
2606 3353 2818 3401 eorum,
2855 3337 2975 3391 aliae
3027 3336 3453 3394 adinventiouem
3487 3350 3582 3390 eo-

2005 3441 2148 3490 rum,
2179 3427 2298 3482 aliae
2323 3429 2583 3482 medelam
2613 3443 2679 3483 ex
2706 3429 2856 3498 ipsis,
2874 3438 2929 3483 et
2956 3428 3055 3496 ipsi
3088 3427 3370 3482 medicina:
3395 3435 3580 3485 nostra

2004 3531 2229 3586 corpora
2257 3517 2415 3586 :quid
2448 3519 2668 3574 deberet
2691 3520 3000 3583 amburere,
3027 3519 3155 3588 quid
3181 3528 3457 3586 oporteret
3479 3532 3579 3574 co-

2005 3624 2191 3679 quere,
2215 3623 2338 3663 cum
2366 3624 2473 3679 quo
2503 3610 2722 3664 deberet
2748 3611 3006 3676 miscere;
3029 3608 3156 3678 quid
3178 3607 3398 3662 deberet
3423 3623 3582 3678 sepa-

2006 3701 2166 3755 ratim
2224 3700 2443 3767 oﬂ‘erre,
2474 3701 2603 3772 quid
2648 3704 2964 3757 conveniret
2992 3717 3116 3757 cum
3156 3699 3425 3771 plurimis,
3451 3699 3581 3769 quid

2006 3793 2252 3858 crudum,
2285 3793 2412 3863 quid
2444 3792 2826 3863 incipientibus
2856 3792 3058 3848 morbis
3085 3800 3142 3848 et
3191 3791 3266 3847 illi
3317 3790 3580 3862 passioni,

2005 3886 2132 3955 quid
2157 3896 2334 3939 autem
2359 3889 2691 3956 promoventi
2723 3896 2776 3940 et
2805 3884 2916 3954 jam
2947 3884 3124 3956 posito
3156 3884 3208 3939 in
3249 3883 3579 3946 cessatione,

2005 3976 2130 4046 quid
2160 3977 2322 4030 etiam
2373 3976 2426 4031 in
2459 3977 2742 4031 iusistendi
2771 3978 2945 4043 initio,
2974 3977 3103 4048 quid
3133 3991 3264 4032 vero
3302 3973 3580 4040 reddenti,

2005 4076 2060 4120 et
2091 4068 2356 4132 credenti,
2393 4078 2448 4123 et
2478 4068 2768 4123 recedenti.
2800 4067 2916 4122 Non
2951 4069 3196 4139 despexit
3229 4083 3330 4123 nec
3366 4067 3581 4122 anima-

2006 4159 2132 4212 lium
2163 4157 2389 4222 fruetus,
2411 4159 2502 4213 sed
2537 4160 2764 4214 totondit
2780 4160 2930 4213 nobis
2946 4159 3255 4214 indumenta
3279 4174 3346 4214 ex
3367 4159 3580 4224 ovibus,

2007 4249 2238 4304 totondit
2268 4258 2323 4302 et
2353 4263 2384 4303 e
2414 4248 2593 4316 capris
2624 4249 2883 4318 plurimos
2909 4264 3056 4302 usus.
3086 4248 3153 4302 Et
3189 4264 3292 4303 non
3320 4260 3403 4304 est
3433 4248 3582 4302 dinu-

2005 4355 2216 4395 merare
2245 4351 2442 4410 quanta
2468 4354 2537 4395 ex
2570 4340 2892 4395 animalibus
2921 4351 2976 4395 et
3004 4339 3275 4393 alimoniis
3307 4339 3464 4393 nobis
3486 4337 3583 4392 de-

2006 4433 2143 4488 derit
2172 4434 2237 4487 ad
2263 4433 2621 4502 operimenta,
2649 4435 2714 4486 ad
2753 4447 2926 4494 usum,
2965 4431 3031 4485 ad
3055 4430 3428 4492 medelam,ad
3452 4443 3586 4498 ope-

334 4510 657 4575 uecessaria;
681 4520 736 4566 et
762 4519 1178 4586 unumquodque
1207 4520 1347 4588 quod
1383 4521 1614 4576 colatum
1650 4533 1742 4578 aut
1770 4541 1902 4580 cou-
1929 4518 1980 4576 D
2006 4540 2062 4578 ra
2093 4540 2109 4578 :
2138 4536 2339 4594 quanta
2378 4540 2442 4579 ex
2468 4525 2771 4590 arboribus,
2790 4532 2987 4593 quanta
3016 4537 3047 4576 e
3088 4522 3250 4582 saxis.
3279 4530 3477 4592 quanta
3510 4535 3580 4575 ex

333 4598 516 4657 ﬂatum
557 4611 656 4670 est,
709 4609 883 4676 primo
928 4612 1142 4680 quidem
1186 4613 1462 4671 inventum
1497 4629 1600 4685 est,
1633 4621 1753 4674 dein
1785 4623 1896 4676 dis-

333 4703 578 4760 cretum,
628 4708 682 4753 et
717 4710 831 4769 post
879 4703 1202 4769 confectum,
1255 4716 1308 4761 et
1347 4709 1420 4761 ita
1474 4725 1646 4764 usum.
1706 4711 1899 4766 Didicit

331 4787 474 4840 enim
506 4789 768 4858 cogitatus
792 4795 986 4862 quibus
1033 4798 1272 4864 pascitur
1318 4799 1492 4868 ignis:
1527 4811 1581 4855 et
1617 4812 1764 4856 certe
1797 4802 1896 4857 ali-

329 4878 539 4945 quoties
573 4876 728 4935 oﬂ'ert
757 4880 896 4953 ligna
920 4885 985 4939 ad
1008 4887 1300 4954 coctiones,
1323 4889 1609 4959 aliquoties
1629 4902 1809 4947 autem
1842 4905 1900 4948 ut

332 4981 565 5038 maneat,
601 4984 654 5029 et
683 4990 776 5043 per
813 4991 970 5047 quem
1020 4978 1164 5049 ligna
1208 4991 1600 5036 consumuntur
1649 4999 1900 5052 permanc

333 5061 484 5126 serit,
517 5077 613 5130 per
646 5067 805 5120 istum
837 5083 1051 5123 sensum
1089 5071 1288 5125 nutrita
1334 5083 1654 5142 arguuntur.
1684 5075 1738 5127 In
1777 5084 1896 5129 tau-

333 5160 446 5205 tum
474 5153 617 5206 enim
652 5156 800 5210 dives
829 5169 911 5212 est
936 5161 1024 5228 qui
1051 5161 1262 5226 tribuit,
1289 5171 1342 5216 et
1372 5171 1576 5216 tantum
1600 5163 1797 5220 ditatus
1815 5176 1899 5221 est

331 5242 422 5312 qui
449 5246 722 5313 suscepit;
750 5249 894 5315 quia,
923 5251 965 5303 si
997 5251 1322 5308 voluerimus
1340 5253 1684 5322 contendere,
1703 5265 1758 5310 et
1783 5267 1899 5311 tan.

333 5342 444 5385 tum
487 5347 558 5388 ex
581 5335 810 5403 opificiis
839 5338 1014 5407 ignem
1049 5355 1337 5411 exponere,
1378 5351 1434 5397 et
1467 5343 1618 5399 utilia
1665 5362 1784 5416 quae
1827 5361 1892 5402 ex

333 5425 453 5494 igne
488 5435 615 5480 sunt
645 5427 1007 5495 manifestare,
1051 5435 1276 5489 transiet
1319 5450 1422 5492 nos
1457 5436 1740 5506 conjuncta
1769 5438 1894 5504 diei,

329 5523 387 5570 et
413 5517 704 5573 manebunt
733 5519 870 5590 ignis
898 5520 1064 5577 solius
1094 5537 1200 5581 non
1235 5525 1414 5597 plena.
1456 5527 1692 5602 Apparet
1717 5535 1896 5585 autem

400 5735 516 5805 (te)
550 5735 634 5789 Ei.
672 5737 852 5804 Forte,
882 5749 950 5794 et.

401 5805 514 5878 (45)
546 5806 725 5877 Carpit.
761 5808 943 5879 Forte,
981 5811 1134 5882 cepit.

2005 4619 2180 4686 aquis,
2221 4627 2419 4689 quanta
2461 4633 2529 4671 ex
2561 4617 2864 4670 natantibus
2897 4623 2952 4668 et
2993 4613 3300 4669 volantibus
3328 4653 3345 4681 ,
3373 4622 3576 4683 quanta

2005 4722 2072 4762 ex
2097 4723 2228 4762 auro
2255 4719 2309 4762 et
2349 4719 2591 4780 argento,
2625 4719 2678 4762 et
2724 4706 2901 4777 lignis,
2935 4717 2988 4762 et
3030 4707 3316 4777 lapidibus,
3352 4715 3406 4760 ct
3443 4720 3579 4759 atra-

2007 4807 2206 4863 mento,
2233 4810 2287 4854 et
2317 4799 2480 4864 ferro,
2506 4810 2560 4854 et
2591 4799 2826 4868 plumbo,
2856 4806 2910 4853 et
2940 4813 3059 4868 quae
3114 4796 3474 4852 amburuutur
3523 4804 3579 4850 et

2008 4901 2112 4940 non
2141 4887 2516 4954 amburuutur,
2546 4897 2598 4942 ct
2631 4898 3002 4953 attcuuantur,
3031 4897 3085 4942 et
3111 4896 3490 4942 contexuntur.
3513 4887 3580 4942 Et

2006 4977 2136 5031 mihi
2166 4978 2379 5046 quidem
2407 4977 2620 5032 videtur
2652 4979 2916 5049 cogitatus
2944 4980 3015 5033 ita
3043 4992 3164 5034 esse
3188 4979 3328 5034 sicut
3347 4979 3431 5031 vir
3458 4978 3578 5048 qui-

2005 5070 2127 5122 dam
2161 5070 2330 5133 dives,
2354 5086 2448 5125 sua
2472 5073 2694 5141 cupiens
2719 5072 3078 5134 dinumerare,
3103 5081 3157 5126 et
3181 5072 3410 5126 scrutari
3436 5089 3448 5136 ;
3471 5085 3577 5125 non

2005 5159 2222 5225 sullicit,
2249 5161 2366 5215 sed‘
2391 5163 2463 5218 ob
2495 5163 2888 5217 multitudinem
2920 5162 3322 5233 possessionum
3350 5171 3406 5216 et
3451 5163 3577 5216 Sub.

2006 5253 2238 5318 stantiae,
2268 5269 2442 5323 neque
2494 5256 2798 5310 rationibus
2845 5266 2938 5309 aut
2977 5254 3228 5310 sensibus
3256 5268 3450 5309 vacare
3479 5270 3576 5324 po-

2003 5355 2142 5409 tens,
2165 5346 2260 5400 sed
2277 5357 2557 5414 superatus
2589 5349 2654 5402 ‘ab
2673 5349 2756 5403 bis
2775 5362 2894 5417 quae
2913 5348 3094 5412 habet,
3112 5356 3293 5401 manet
3310 5347 3518 5402 incerta
3533 5365 3575 5400 ί.

2005 5437 2135 5492 Tale
2162 5439 2344 5493 nescio
2359 5439 2486 5508 quid
2504 5449 2558 5494 et
2579 5455 2718 5495 nunc
2740 5453 2930 5509 passus
2949 5450 3030 5495 est
3058 5441 3349 5511 cogitatus.
3375 5437 3430 5493 Si
3440 5438 3580 5493 mills

2004 5529 2150 5583 enim
2178 5537 2263 5585 est
2289 5529 2338 5585 ei
2369 5530 2460 5600 qui
2493 5531 2686 5587 ﬂuctus
2722 5532 3046 5589 dinum‘érat.
3079 5531 3138 5587 In
3168 5547 3235 5590 eo
3279 5531 3422 5588 enim
3451 5531 3579 5585 dum

2001 5748 2356 5880 naggara.
2389 5753 2572 5824 Forte,
2602 5758 2707 5814 isti.
2728 5789 2752 5802 -
2779 5789 2798 5802 ο
2819 5757 3219 5831 Confabulatus.
3257 5753 3380 5811 νεά.
3425 5768 3577 5827 supr.
