4100 6456
495 307 634 365 1143

1143 305 1415 364 EL'SEBll
1449 305 1932 362 CESARIENSIS
1971 306 2077 360 ΟΡΙ

2182 305 2342 359 PARS
2381 304 2468 359 IV.
2509 336 2581 350 --
2622 305 3042 362 DOGMATICA.

3612 308 3747 366 ll“

493 435 742 488 volumus
795 431 1187 502 proprietatem
1229 430 1345 497 ejus
1399 429 1452 483 in
1494 430 1601 500 igni
1643 431 1862 496 videre,
1895 444 2078 485 exsur-
2105 436 2155 492 Α
2181 445 2249 482 ex
2278 430 2434 484 bonis
2467 429 2747 498 angustari
2777 427 2889 500 (45)
2925 443 3026 484 nos
3066 442 3175 482 non
3202 428 3404 498 pigeat,
3432 429 3526 486 sed
3550 441 3757 500 quanto

495 524 634 579 rexit
655 538 716 575 ex
751 537 899 576 mare
928 521 1030 572 alia
1069 520 1236 579 unda,
1267 528 1322 573 et
1351 518 1489 570 alius
1520 528 1730 575 meatus
1759 534 1792 572 a
1832 516 2071 583 ﬂumine,

493 624 548 667 et
573 629 602 666 a
633 613 887 678 futilibus,
921 624 975 667 et
1005 613 1074 666 ab
1103 611 1204 666 illis
1237 611 1606 680 irrigationes,
1627 622 1681 664 et
1729 626 1856 665 usus
1883 626 1947 664 ex
1982 626 2072 664 ar-

494 705 737 769 boribus,
772 722 800 757 a
855 704 1143 766 fruetibus,
1194 720 1221 756 a
1279 704 1578 769 radicibus,
1613 719 1641 760 a
1677 703 1838 762 foliis,
1872 703 1940 757 ab
1991 703 2074 757 his

493 813 613 866 qua!
642 814 668 852 a
724 797 856 854 loris
881 807 934 852 et
960 798 1028 852 ab
1065 797 1208 852 intus
1236 797 1528 859 habemur,
1563 806 1619 850 et
1661 796 1712 848 iu
1755 795 2074 852 animalibus

496 903 614 956 quze
643 905 670 945 a
696 889 828 943 foris
854 898 908 944 et
933 889 999 942 ab
1027 888 1173 942 intus
1192 898 1337 949 sunt,
1359 898 1411 942 el.
1435 888 1598 956 pelles
1622 888 1686 941 ad
1709 887 1869 941 alium
1894 902 2072 950 usum,

495 992 548 1034 et
567 995 685 1036 ossa
715 982 778 1032 ad
795 980 1016 1034 alteram
1040 981 1436 1036 necessitatem.
1455 979 1520 1033 lit
1544 994 1612 1033 ne
1634 979 1846 1048 quidem
1864 989 2074 1032 stercus

497 1073 683 1126 inutile
718 1073 946 1136 exstitit,
983 1073 1316 1142 pretiositate
1375 1072 1644 1140 cogitatus
1691 1057 2071 1140 appretiatum.

497 1165 602 1219 Sed
631 1180 1014 1234 nonnunquam
1044 1175 1096 1218 et
1123 1180 1154 1218 e
1178 1165 1466 1222 messibus.
1485 1164 1608 1232 quia
1643 1163 1869 1217 multum
1895 1163 2073 1219 attulit

498 1269 662 1322 terra,
679 1257 904 1325 plurima
932 1259 1324 1327 relinquuntur,
1345 1258 1467 1327 quia
1485 1273 1587 1312 non
1604 1267 1780 1328 potest
1794 1272 2075 1326 possessor

494 1346 748 1418 colligere
780 1357 977 1416 quanta
1007 1357 1059 1398 et
1085 1347 1405 1412 seminavit,
1437 1357 1489 1401 et
1537 1358 1678 1402 terra
1707 1348 2072 1416 multiplicans

496 1437 745 1504 praebuit.
765 1435 1016 1490 Maneant
1039 1437 1199 1505 igitur
1220 1436 1410 1490 llnctus
1431 1449 1483 1489 et
1506 1439 1770 1489 undarum
1803 1436 2070 1504 procella),

495 1538 552 1582 et
592 1543 800 1582 meatus
845 1528 1130 1582 ﬂuviorum
1158 1538 1212 1582 et
1244 1529 1437 1594 fontes,
1467 1539 1521 1582 et
1553 1545 1886 1599 quacunque
1923 1531 2074 1585 dere-

496 1619 623 1673 licta
666 1631 793 1674 sunt
834 1621 899 1674 de
943 1620 1231 1684 fructibus,
1277 1622 1550 1692 coqitatus
1585 1633 1640 1676 et
1688 1623 1971 1692 progenies
2017 1631 2070 1675 et

496 1725 657 1781 opera
693 1729 707 1765 :
741 1723 794 1767 et
814 1723 1063 1782 putantes
1089 1728 1186 1766 nos
1220 1713 1375 1768 hodie
1401 1714 1624 1782 implere
1659 1730 1815 1782 posse
1848 1730 1911 1768 ea
1947 1729 2069 1782 quae

2176 520 2512 589 potuerimus
2559 519 2927 574 scrutabimur
2969 533 3238 582 coronas.
3269 529 3453 589 utpote
3503 531 3756 579 serentes

2173 611 2470 673 Altissimo.
2495 627 2559 666 ex
2593 612 2787 681 quibus
2818 611 2874 666 in
2918 620 3060 667 terra
3093 621 3148 668 et
3177 611 3312 666 mari
3357 621 3443 666 est
3469 624 3750 679 operatus.

2174 703 2516 772 Qumcunque
2565 713 2742 756 autem
2784 717 2881 758 nos
2935 703 3346 766 transcendunt,
3375 711 3427 758 et
3471 713 3760 772 superant,

2175 797 2227 848 in
2270 810 2335 850 eo
2363 796 2478 864 ipso
2522 797 2664 862 quod
2698 795 2986 860 vincimur,
3013 795 3206 849 victori
3247 794 3348 863 ipsi
3380 810 3452 850 ex
3496 799 3748 865 operibus

2173 888 2284 943 suis
2308 888 2417 942 sint
2453 897 2508 940 et
2535 889 2652 942 ista:
2681 903 2913 942 coronze.
2935 886 3251 942 Retinentes
3275 888 3438 954 igitur
3468 903 3752 960 quousque

2173 995 2226 1035 et
2255 981 2502 1051 pervenit
2531 995 2734 1044 sermo,
2769 981 3124 1036 recondamus
3161 982 3434 1036 sermonis
3459 983 3748 1050 reliquias;

2173 1083 2233 1127 ut
2261 1075 2454 1128 iterum
2481 1073 2546 1125 ad
2576 1073 2747 1140 ipsam
2767 1086 3008 1126 mensam
3029 1072 3304 1136 sedentes,
3337 1073 3533 1128 iterum
3557 1074 3752 1128 iisdem

2174 1165 2303 1236 ipsis
2343 1164 2588 1218 fruamur
2623 1163 2795 1218 bonis.
2832 1163 3006 1219 Unum
3035 1173 3211 1220 autem
3238 1174 3322 1218 est
3343 1164 3484 1233 quod
3513 1165 3666 1220 decet
3693 1174 3757 1221 et

2175 1274 2337 1323 nunc,
2377 1266 2435 1311 ut
2477 1257 2732 1311 reddatur
2757 1259 2806 1314 ei
2834 1259 2919 1311 cui
2952 1272 3167 1326 semper
3198 1261 3437 1313 redditur
3458 1272 3514 1312 et
3539 1273 3756 1328 semper

2172 1351 2420 1415 debetur,
2453 1351 2504 1403 in
2546 1349 2631 1404 bis
2662 1366 2782 1419 qua:
2815 1359 3205 1415 praeesserunt
3250 1351 3541 1418 gratiarum
3586 1351 3754 1414 actio.

2171 1451 2227 1495 et
2254 1441 2305 1494 in
2341 1441 2426 1494 his
2457 1456 2578 1508 qua:
2618 1441 2877 1511 incipient
2902 1441 3072 1510 gloria
3099 1442 3417 1495 Deo‘saneto
3442 1443 3531 1509 qui
3569 1444 3754 1498 omnia

2175 1533 2331 1588 nobis
2353 1532 2607 1602 subjecit,
2647 1547 2744 1602 per
2769 1531 3026 1602 Spiritum
3073 1533 3308 1603 cogitatu
3339 1549 3438 1588 nos
3471 1535 3758 1604 prmhono»

2174 1626 2311 1676 ravit
2326 1638 2342 1676 :
2360 1625 2442 1676 cui
2468 1633 2548 1679 est
2569 1639 2662 1692 per
2679 1625 3008 1694 unigenitum
3029 1640 3180 1678 suum
3204 1622 3397 1678 Filium
3411 1641 3532 1680 cum
3552 1624 3754 1692 Spiritu

2174 1725 2380 1776 sancto,
2421 1715 2614 1786 gloria,
2652 1717 2858 1784 honor,
2887 1717 3190 1786 imperium,
3224 1717 3498 1786 majestas,
3533 1726 3587 1770 et
3609 1730 3750 1770 nunc

497 1805 833 1869 resederant,
869 1805 1022 1873 plura
1061 1807 1320 1861 habentes
1353 1807 1654 1860 recedimus
1680 1817 1733 1861 et
1771 1807 1928 1863 hodie
1957 1825 1970 1861 :
1997 1812 2069 1863 ita
2104 1792 2144 1848 Β
2173 1819 2224 1862 et
2256 1825 2488 1874 semper,
2519 1819 2572 1864 ct
2598 1824 2692 1880 per
2717 1811 2898 1864 omnia
2932 1811 3124 1865 sarcula
3171 1812 3511 1868 sreculornm.
3557 1815 3754 1872 Amen.

527 2024 1418 2050 W

1426 2035 1892 2047 ~—._.__~.._—_—
1915 2037 1940 2045 .-
1955 2037 2362 2046 ...Ψ-...Μ

1464 2199 2025 2316 EUSEBII
2114 2202 2800 2318 PAMPHILI

1027 2439 1178 2528 DE
1251 2436 1864 2528 SPlRlTALI
1949 2434 2563 2528 COGlTATU
2639 2437 3223 2553 HOMINIS,

1823 2631 2055 2693 LIBER
2097 2631 2456 2695 TERTIUS.

2081 2835 2149 2846 ,ο

568 2983 684 3050 Ipse
709 2979 1055 3046 semetipsum
1081 2977 1346 3045 cogitatus
1375 2975 1570 3040 reﬁcit,
1594 2977 1706 3043 ipse
1729 2977 2075 3043 semetipsum
2105 2981 2146 3036 C
2181 2977 2355 3031 obfuit
2389 2977 2796 3036 festinantibus.
2842 2979 3176 3053 Frequenter
3206 2985 3350 3040 enim
3390 2987 3766 3056 tranquillitas

494 3075 704 3147 pascit,
732 3073 848 3140 ipse
876 3068 1222 3136 semetipsum
1259 3065 1540 3130 fortilicat,
1588 3066 1700 3134 ipse
1732 3067 2079 3133 semetipsum

493 3165 822 3221 considerat.
840 3159 956 3229 lpse
974 3159 1116 3214 enim
1145 3159 1210 3212 ad
1229 3157 1570 3226 semetipsum
1593 3173 1649 3211 se
1667 3157 1889 3225 colligit,
1915 3166 1969 3210 et
1998 3173 2083 3212 se-

495 3256 782 3325 metipsum
835 3255 1103 3313 intuetur,
1137 3260 1190 3303 et
1241 3259 1482 3304 arctatur
1519 3249 1571 3302 in
1617 3248 1751 3304 suis.
1784 3247 1897 3301 Non
1938 3249 2080 3302 enim

496 3351 640 3404 sicut
679 3346 868 3401 oculus
917 3345 1019 3397 alia
1065 3342 1276 3411 quidem
1316 3341 1479 3405 videt,
1521 3341 1868 3410 semetipsum
1904 3349 2080 3394 autem

497 3439 694 3496 intueri
720 3455 823 3493 non
849 3445 1063 3508 potest;
1095 3437 1218 3504 quia
1252 3451 1348 3491 nec
1368 3451 1477 3489 suae
1509 3446 1717 3489 natura:
1743 3444 1826 3488 est
1851 3445 1983 3488 utse
2007 3451 2084 3487 re.

495 3533 714 3604 spiciat.
740 3531 855 3585 Non
884 3531 956 3583 ita
989 3539 1040 3582 et
1073 3530 1357 3599 cogitatus.
1386 3528 1567 3596 Neque
1601 3530 1744 3581 enim
1797 3529 1937 3582 sicut
1969 3527 2082 3582 vul-

497 3634 583 3679 tus
621 3625 673 3677 in
710 3623 965 3691 speculo,
997 3623 1048 3674 in
1087 3622 1192 3676 alio
1250 3621 1465 3690 quidem
1511 3621 1752 3686 videtur,
1785 3622 1850 3675 ad
1888 3631 2083 3674 seruet-

496 3721 671 3788 ipsum
707 3727 886 3770 autem
922 3717 1161 3770 converti
1203 3733 1305 3769 non
1351 3725 1544 3784 potest.
1589 3714 1702 3770 Non
1739 3717 1809 3768 ita
1853 3726 1906 3769 et
1934 3716 2081 3785 cogi-

497 3819 641 3865 tatus
674 3810 932 3873 habetur;
973 3809 1065 3862 sed
1093 3807 1438 3877 semetipsum
1479 3805 1644 3868 videt,
1672 3817 1724 3860 et
1759 3807 1871 3873 ipse
1899 3809 1962 3859 ad
1995 3822 2079 3862 sc—

496 3903 784 3972 metipsutn
811 3900 1149 3956 cunvertitur
1171 3910 1224 3952 et
1262 3914 1319 3952 se
1358 3899 1615 3963 intuetur,
1644 3909 1698 3952 et
1739 3900 1842 3952 alia
1889 3899 2074 3952 multa.

497 3993 564 4050 Et
589 4009 694 4047 non
741 3993 882 4045 sicut
913 4007 1013 4044 vos
1053 3991 1260 4045 levibus
1301 3991 1618 4058 quibusdam
1645 3989 1756 4060 (46)
1802 3988 2080 4045 offendens

501 4092 736 4141 resonat.
766 4085 837 4136 ita
877 4092 930 4136 et
960 4083 1228 4152 cogitatus
1277 4086 1341 4136 ad
1377 4084 1724 4148 semetipsum
1775 4093 1992 4136 resonat
2023 4096 2079 4136 ut

497 4178 654 4233 echo.
694 4178 808 4231 Vox
838 4178 978 4230 enim
1011 4175 1292 4230 offendens
1321 4176 1538 4229 aliunde
1581 4177 1888 4246 respondet.
1917 4176 2074 4246 Cogi.

499 4281 644 4325 tatus
672 4280 850 4324 autem
890 4269 1004 4339 ipse
1057 4269 1404 4338 semetipsum
1457 4279 1753 4334 scrutatur,
1781 4277 1834 4322 et
1871 4268 1979 4336 ipse
2010 4268 2074 4319 ad

499 4360 849 4429 semetipsum
889 4369 1142 4426 tanquam
1179 4368 1470 4424 penetrans
1524 4359 1776 4418 recurrit,
1811 4368 1867 4411 et
1900 4357 2074 4411 revol-

497 4456 643 4508 vitur
671 4455 723 4508 in
765 4454 1076 4521 semetipso.
1111 4450 1388 4505 Diversum
1417 4460 1596 4504 autem
1637 4450 1739 4503 scit
1771 4465 1783 4500 :
1823 4463 1963 4502 nunc
1990 4458 2082 4502 aut

498 4547 795 4616 desurgunt
850 4545 1132 4608 libidines,
1171 4552 1221 4597 et
1272 4543 1480 4613 spirant
1536 4544 2006 4612 concupiscentim,
2028 4552 2081 4596 et

497 4637 770 4708 pelluntur
815 4650 1012 4697 metus,
1045 4650 1096 4690 et
1128 4653 1230 4691 non
1282 4637 1520 4690 salvatur
1555 4638 1695 4710 quod
1728 4637 1887 4705 sapit.
1926 4636 2080 4691 Inﬁr-

498 4746 677 4790 matur
705 4735 847 4788 enim
869 4744 925 4788 et
955 4733 1286 4788 fortissimus
1314 4732 1600 4800 cogitatus.
1625 4726 1758 4783 Cum
1787 4738 1962 4780 autem
1984 4744 2080 4796 pu-

498 4831 677 4885 dicitia
713 4829 874 4883 fuerit
921 4831 1167 4898 ingressa
1199 4836 1290 4881 aut
1313 4828 1572 4889 excitata,
1602 4827 1783 4879 statim
1827 4824 2080 4892 concupi-

497 4925 719 4977 scentia:
751 4932 807 4976 et
833 4921 1104 4984 libidines,
1154 4930 1210 4974 ut
1238 4920 1448 4975 ancillre
1481 4935 1600 4988 qua:
1627 4929 1753 4972 ante
1788 4919 2078 4973 surrect'mo

498 5031 622 5070 nem
647 5015 878 5069 dominre
910 5017 1260 5068 turbaverant
1290 5013 1530 5073 domum.
1550 5027 1670 5066 mox
1696 5023 1750 5064 ttt
1787 5013 1894 5066 visa
1921 5011 2080 5064 fuerit

499 5109 740 5168 domina,
779 5110 882 5162 alia
931 5109 1058 5162 alibi
1108 5107 1496 5171 absconditur,
1530 5107 1633 5160 alia
1679 5106 1804 5160 alibi
1841 5105 1994 5174 fugit,
2029 5120 2082 5158 et

501 5201 825 5268 negantiam
859 5202 1144 5266 motiones,
1175 5213 1230 5258 et
1262 5203 1522 5268 colligunt
1552 5203 1817 5265 luxurias,
1845 5214 1900 5258 et
1923 5217 2079 5257 revo-

498 5303 628 5347 c:tnt
673 5306 884 5357 ventos,
911 5304 964 5349 et
1014 5297 1303 5364 quiescunt
1332 5295 1564 5360 ﬂuctus,
1589 5308 1644 5352 et
1685 5295 2081 5351 elﬁciturtran-

499 5384 744 5452 quillum.
777 5385 890 5442 Hoc
919 5389 1060 5442 enim
1092 5399 1176 5444 est
1196 5389 1448 5456 pudicitia
1485 5391 1536 5444 in
1571 5391 1775 5445 anima.
1805 5389 1943 5458 Quid
1978 5388 2084 5442 tale

497 5483 703 5547 praebet
735 5482 1098 5551 tranquillitas
1127 5485 1178 5538 iu
1219 5486 1351 5539 mari
1398 5483 1422 5538 ἲ
1454 5499 1574 5554 quae
1613 5499 2000 5556 nonnunquam
2029 5491 2083 5538 et

573 5653 684 5726 (43)
721 5660 1023 5728 Angustori.
1066 5659 1249 5718 Forte.
1281 5663 1589 5728 nngrrstinri.

591 5728 713 5794 (Mi)
749 5729 843 5786 Ms.
879 5733 1191 5784 t-ca‘lt'tttbur
1217 5735 1546 5800 quit-tradam.

2186 3084 2238 3126 et
2266 3086 2596 3144 Opportunos
2625 3088 2813 3134 ventos
2845 3088 3224 3149 exspectantes
3253 3080 3522 3138 fraudavit
3547 3095 3604 3140 et
3626 3102 3768 3142 nun-

2186 3183 2468 3238 nunquam
2496 3182 2552 3224 et
2579 3172 2666 3226 siti
2716 3173 2986 3229 interemit
3013 3175 3270 3242 graviori,
3296 3188 3482 3245 utpote
3515 3195 3548 3232 a
3581 3188 3762 3234 tenta-

2187 3263 2426 3318 tionibus
2480 3275 2659 3320 moue.
2717 3266 2820 3322 Sed
2879 3283 2986 3322 non
3040 3269 3163 3322 talis
3215 3270 3485 3337 pudicitiae
3529 3272 3762 3326 habetur

2187 3357 2573 3425 tranquillitas,
2603 3361 2694 3414 sed
2717 3377 2834 3428 quae
2866 3361 3197 3429 compescuit
3229 3372 3436 3426 ventos,
3472 3372 3524 3416 et
3551 3364 3764 3418 confre-

2185 3450 2260 3518 git
2304 3450 2518 3516 ﬂuctus,
2559 3462 2612 3506 et
2665 3453 2851 3505 statim
2897 3452 3124 3506 adduxit
3160 3454 3226 3507 ad
3261 3463 3499 3522 portum,
3531 3463 3583 3509 et
3631 3471 3755 3510 mox

2183 3546 2358 3598 erexit
2386 3560 2451 3598 ex
2497 3544 2750 3614 pudicitia
2804 3545 3032 3599 fructus.
3077 3545 3382 3612 Cogitatum
3417 3547 3628 3616 quippe,
3660 3548 3752 3615 qui

2183 3635 2358 3704 sapiat
2401 3637 2594 3689 anima:
2648 3637 2984 3706 dignitatem,
3045 3638 3392 3692 sanctimonii
3460 3640 3753 3704 honorem,

2182 3730 2472 3797 puritatem
2507 3728 2976 3787 honostatis.tunc
3001 3729 3144 3782 videt
3179 3729 3366 3783 oculus
3401 3731 3610 3788 animm.
3631 3729 3759 3797 quia

2182 3820 2423 3874 excussit
2454 3819 2520 3872 ab
2550 3834 2615 3873 eo
2662 3818 2923 3888 pudicitia
2969 3817 3240 3886 pulverem
3294 3817 3760 3885 concupiscentia-

2184 3927 2332 3975 rum,
2390 3910 2741 3980 procellarum
2788 3909 3085 3964 libidinem.
3124 3908 3180 3962 Si
3218 3909 3341 3976 quis
3371 3916 3625 3977 expertus
3677 3915 3761 3960 est

2182 4011 2526 4069 tempestates
2549 3999 3400 4068 concupiscentiarum,expertus
3427 4007 3510 4050 est
3529 4007 3584 4050 et
3615 4008 3761 4050 tran-

2180 4095 2402 4160 quillum
2443 4093 2714 4162 pudicitia:
2747 4108 2762 4157 ;
2809 4106 2878 4146 ex
2923 4090 3009 4145 his
3049 4105 3167 4158 qua:
3200 4103 3393 4157 passus
3443 4097 3564 4148 est,
3600 4095 3657 4141 et
3695 4101 3762 4141 ex

2184 4183 2266 4233 bis
2298 4197 2324 4230 a
2357 4181 2556 4246 quibus
2596 4179 2836 4234 salvatus
2881 4187 2999 4240 est,
3031 4177 3276 4248 agnoscit
3316 4191 3434 4245 qua:
3485 4175 3761 4229 dicuntur.

2184 4274 2460 4343 Cugitatus
2491 4271 2634 4325 enim
2660 4269 3224 4338 concupiscentiarum
3251 4267 3548 4328 dormiunt,
3577 4266 3764 4320 motio-

2191 4384 2306 4430 nes,
2340 4363 2552 4428 ﬂuctus,
2583 4363 2965 4424 immissiooes,
3013 4361 3233 4416 turbela:
3260 4359 3392 4431 (Π).
3417 4358 3602 4430 Neque
3647 4358 3763 4412 dero

2191 4460 2480 4512 mientibus
2503 4457 2739 4512 dormire
2751 4456 3030 4526 permittit.
3043 4456 3424 4509 Accendtzutur
3440 4454 3581 4506 enim
3598 4461 3654 4506 et
3671 4465 3764 4518 per

2190 4551 2533 4614 ambitiones,
2563 4557 2616 4603 et
2638 4548 2879 4618 jacenles
2904 4549 3242 4616 perturbant.
3263 4557 3316 4598 et
3345 4561 3466 4598 eum
3500 4544 3763 4598 dormien-

2189 4644 2332 4698 tibus
2355 4657 2456 4696 non
2487 4641 2785 4705 dormiunt,
2811 4640 2905 4694 sed
2933 4654 3144 4708 semper
3167 4646 3291 4691 sunt
3325 4637 3600 4706 inquietae.
3627 4635 3762 4689 Cum

2189 4746 2368 4790 autem
2401 4733 2662 4803 pudicitia
2701 4729 2865 4785 fuerit
2904 4729 3274 4800 subingressa,
3307 4743 3425 4781 cum
3471 4727 3562 4780 illa
3609 4725 3764 4780 habi—

2189 4830 2384 4885 taverit
2415 4839 2472 4882 ut
2526 4827 2742 4882 domina
2765 4866 2782 4890 ,
2811 4841 2932 4880 cum
2979 4825 3228 4879 detinens
3261 4821 3442 4884 fuerit,
3475 4835 3597 4874 cum
3651 4817 3766 4874 suis

2190 4921 2508 4977 retinaculis
2541 4919 2798 4974 tutaverit
2826 4918 3083 4977 domum;
3120 4925 3247 4969 tunc
3293 4915 3435 4968 sicut
3464 4910 3765 4981 prmdomiti

2187 5014 2338 5085 equi,
2364 5022 2418 5067 et
2443 5011 2508 5066 ad
2537 5010 2802 5081 praesepia
2831 5008 2998 5078 quieti
3028 5017 3174 5072 sunt,
3204 5015 3257 5060 et
3284 5005 3337 5058 in
3369 5003 3655 5058 itineribus
3677 5015 3764 5055 re-

2187 5122 2335 5164 etum
2373 5113 2675 5178 agnoscunt
2719 5104 2847 5168 iter,
2880 5099 3102 5156 nutibus
3141 5107 3326 5168 utpote
3354 5097 3648 5166 digitorum
3672 5094 3766 5146 ad-

2189 5201 2333 5256 ducti
2371 5219 2384 5253 :
2415 5177 2492 5254 ita
2525 5213 2648 5252 cum
2696 5195 2863 5250 scn'iel
2891 5205 3052 5249 tenax
3083 5191 3247 5247 fuerit
3279 5177 3568 5260 pudicitia,
3590 5197 3646 5242 et
3672 5187 3766 5242 do-

2194 5297 2392 5351 muerit
2445 5292 2950 5360 concupiscentiae,
3001 5298 3056 5342 et
3102 5285 3430 5356 mitigaverit
3479 5282 3763 5341 libidines.

2190 5389 2584 5444 manducamus
2621 5387 2870 5451 honeste,
2889 5395 2946 5439 et
2980 5382 3213 5436 bibimus
3241 5385 3549 5432 tuensurate
3575 5393 3588 5428 :
3615 5386 3766 5426 meo-

2191 5492 2349 5538 surat
2372 5482 2515 5537 enirn
2554 5495 2676 5550 qum
2710 5481 2863 5536 adest
2892 5474 3176 5548 pudicitia.
3197 5471 3440 5540 Denique
3466 5476 3522 5523 et
3543 5467 3769 5522 honeste

2259 5663 2372 5736 (47)
2411 5660 2512 5718 Ms.
2543 5659 3078 5736 roncupisggntiarum
3127 5662 3393 5726 motiones.
3424 5655 3638 5720 ﬂuctus,
3665 5647 3758 5704 {n-

2181 5729 2473 5796 miirt'o'rtes,
2509 5736 2755 5785 turbelas.
2787 5729 2981 5798 Neque.
