4100 6456
366 359 507 424 1145

1329 357 1420 420 DE
1463 359 1854 416 SPIBITUALI
1897 361 2250 420 COGITATU
2292 361 2592 420 HOMINIS.

3472 363 3608 419 1146

357 478 677 536 dormimus.
702 485 757 531 et
781 475 946 531 sobrii
969 474 1292 542 excitamur,
1309 487 1364 532 et
1393 477 1642 532 videmus
1685 479 1921 547 pulchri-
1958 498 2004 555 Α
2035 481 2178 534 enim
2236 481 2411 535 adlmc
2441 479 2813 534 adolescentes
2846 489 3002 544 sunt,
3051 488 3104 534 et
3158 478 3382 533 necdum
3440 495 3604 546 opera

359 568 601 623 tudinem
625 566 821 634 vultus,
855 580 910 624 et
947 565 1419 638 pulchritudinem,
1453 578 1507 624 ct
1537 583 1640 622 non
1671 579 1726 622 ut
1757 569 1928 623 ollen-

355 661 586 716 sionem.
623 662 798 716 Aures
831 676 1048 732 quoque
1081 671 1294 716 nostras
1341 675 1445 716 non
1491 662 1728 730 perforat
1761 661 1930 717 melo-

354 752 464 806 dia.
487 751 602 806 Scit
625 753 768 807 enim
796 753 1050 821 pudicitia
1073 763 1126 808 et
1157 753 1366 808 solvere
1392 769 1572 809 ceram
1606 754 1658 807 in
1682 755 1926 817 auribus,

354 855 532 911 neque
569 853 762 898 noceat
799 843 1066 897 tlttdieutia
1107 841 1241 913 (48).
1275 840 1467 897 Nostra
1510 844 1654 897 enim
1688 842 1926 896 membra

353 943 705 1002 operamenta
735 935 1004 1004 pudicitia
1033 935 1191 992 tiunt.
1226 933 1430 992 Oculus
1450 935 1593 990 videt
1621 935 1814 989 bonam
1850 934 1929 989 l‘a-

352 1027 514 1095 ciem,
539 1037 602 1083 et
623 1043 748 1084 cum
779 1028 1065 1082 honestate
1083 1043 1202 1082 eam
1239 1031 1500 1082 intuetur.
1531 1027 1646 1081 Non
1682 1037 1930 1082 movetur

352 1120 420 1174 ad
465 1120 989 1190 concupiscentiam,
1023 1121 1116 1176 sed
1162 1121 1308 1174 videt
1352 1122 1405 1175 in
1453 1121 1588 1176 facie
1628 1120 1928 1190 pulchritu-

349 1208 555 1274 dinem,
589 1221 644 1266 et
669 1211 873 1282 cogitat
905 1213 1084 1281 qualis
1121 1213 1192 1266 sit
1238 1212 1584 1284 pulchritudo
1612 1213 1664 1266 in
1709 1212 1923 1277 anima;

349 1309 403 1356 et
441 1315 562 1371 qua:
590 1317 619 1355 a
656 1301 787 1357 {oris
817 1311 945 1357 sunt
977 1303 1116 1358 bona
1146 1304 1212 1357 ad
1239 1305 1587 1372 semetipsum
1629 1304 1924 1370 adducens,

348 1403 404 1446 ct
453 1407 482 1445 a
521 1392 676 1447 bouis
723 1395 858 1449 bona
896 1396 1169 1464 decerpit,
1219 1405 1272 1448 et
1322 1412 1427 1449 non
1469 1397 1520 1448 iit
1569 1396 1723 1449 malis
1760 1393 1926 1450 oden-

349 1483 448 1537 dit.
480 1481 641 1538 Sicut
666 1500 890 1554 corpora
931 1486 1216 1539 incolumia
1252 1484 1320 1540 ab
1345 1486 1594 1540 omnibus
1641 1484 1922 1538 utilitatem

349 1575 645 1643 accipiunt,
671 1587 726 1630 et
751 1593 778 1629 a
813 1587 983 1636 motu.
1015 1586 1069 1630 et
1118 1578 1184 1630 ab
1229 1577 1578 1641 exercitio,et
1602 1593 1630 1631 a
1653 1592 1835 1639 cursu,
1869 1587 1924 1632 et

350 1664 419 1717 ab
453 1667 726 1726 unctione,
758 1674 812 1721 et
857 1682 884 1719 a
917 1681 1104 1720 somno
1125 1707 1139 1729 ,
1175 1669 1319 1721 etab
1356 1683 1501 1731 esca,
1533 1679 1586 1722 et
1611 1683 1638 1720 a
1666 1679 1792 1736 pntu
1813 1683 1826 1718 :
1851 1668 1922 1721 ita

349 1766 594 1819 econtra,
619 1772 739 1826 qua:
782 1769 1044 1826 :egrotant
1074 1759 1139 1811 ab
1177 1761 1429 1814 omnibus
1480 1773 1761 1815 uocentur.
1801 1761 1916 1815 Vini

2035 571 2159 626 belli
2184 573 2507 638 didicerunt,
2523 586 2619 625 nec
2639 571 2704 624 ad
2726 571 2905 641 praelia
2924 580 3202 633 vocantur,
3225 586 3604 639 nonnunquam

2033 664 2303 733 pudicitia:
2336 663 2437 718 sibi
2467 663 2771 731 imposuere
2805 677 3059 716 coronas:
3085 662 3179 714 sed
3206 673 3261 716 et
3286 662 3355 714 ob
3379 661 3607 714 inﬁrmi-

2033 763 2196 808 tatem
2236 754 2480 824 plurimis
2507 753 2686 822 qniete
2722 754 2940 808 donatis
2961 753 3216 822 pudicitia
3251 752 3426 806 adhuc
3458 752 3606 806 utilis

2033 849 2322 904 invenitur.
2346 845 2478 900 Nam
2506 848 2605 901 etsi
2639 847 2788 901 senio
2823 849 3164 916 deponuntur
3201 845 3472 907 libidines,
3509 847 3604 900 sed

2031 942 2210 999 adhuc
2266 956 2440 1008 usque
2475 941 2744 994 motiones
2793 939 3391 1007 concupiscentiarum,
3429 937 3606 992 intus-

2032 1049 2138 1103 que
2161 1043 2216 1087 et
2247 1032 2633 1088 fornicationes
2672 1041 2935 1100 aegrotant
2961 1039 3018 1085 et
3046 1029 3451 1100 occidunt(51),
3485 1045 3604 1098 qua:

2031 1124 2316 1179 libidinem
2349 1126 2629 1179 continere
2674 1139 2778 1176 nou
2821 1131 3079 1192 possunt,
3124 1132 3178 1176 et
3230 1133 3410 1190 patres
3439 1121 3605 1174 deho-

2029 1226 2247 1270 nestant
2269 1257 2285 1282 ,
2314 1231 2433 1284 qua:
2469 1215 2793 1269 monitiones
2816 1215 3082 1284 pudicitia:
3111 1229 3212 1268 non
3252 1213 3480 1266 libenter
3513 1228 3602 1266 ac-

2028 1306 2253 1376 cipiunt.
2295 1307 2352 1360 Si
2381 1307 2525 1359 enim
2558 1306 2771 1359 adesset
2800 1306 3058 1374 pudicitia
3079 1345 3094 1368 ,
3131 1317 3304 1373 neque
3334 1303 3604 1356 iuraretur

2026 1400 2148 1469 quis
2172 1441 2186 1464 ,
2215 1411 2394 1465 neque
2416 1395 2686 1451 occideret
2728 1397 2922 1466 aliquis
2942 1436 2958 1460 ,
2991 1404 3200 1449 amaret
3229 1405 3407 1448 autem
3430 1403 3484 1446 et
3504 1409 3603 1463 pa-

2027 1491 2129 1542 tris
2157 1487 2354 1542 monita
2383 1486 2542 1540 lilius.
2579 1485 2767 1539 Divina
2810 1485 3076 1554 possessio
3107 1483 3208 1538 ista
3228 1524 3244 1548 ,
3270 1483 3364 1538 sed
3390 1481 3604 1536 difﬁcile

2025 1581 2324 1636 invenitur.
2360 1579 2462 1646 Qui
2499 1589 2679 1632 autem
2707 1575 2817 1644 jam
2863 1577 3059 1631 habent
3106 1575 3279 1637 illam,
3313 1589 3431 1644 qua:
3482 1583 3605 1642 post

2027 1673 2474 1728 resurrectionem
2509 1671 2688 1725 futura
2734 1679 2814 1723 est
2851 1668 3231 1722 conversatio?
3285 1665 3425 1721 Dicit
3458 1666 3602 1721 enim

2029 1767 2196 1835 ipsius
2229 1766 2376 1834 regni
2415 1765 2674 1819 Dominus
2709 1774 2761 1817 et
2799 1773 3153 1832 apportator:
3193 1762 3497 1832 Quicunque
3524 1777 3603 1813 re-

345 1846 491 1900 cuitn
522 1847 683 1899 etiam
731 1847 950 1902 odorem
984 1858 1249 1902 excusant
1278 1858 1332 1904 et
1375 1851 1628 1914 unguenti
1653 1850 1916 1915 nidorem,
1952 1853 1992 1906 Β
2027 1862 2369 1914 εατγρσιῑοηῑε
2411 1867 2736 1911 mortuorum
2777 1856 2921 1925 digni
2949 1856 3177 1925 fuerint,
3217 1871 3323 1907 non
3364 1854 3602 1918 nubunt.

345 1947 399 1990 et
442 1939 654 1994 itineris
709 1947 932 2002 motum,
963 1947 1016 1992 et
1062 1953 1267 2004 eseam,
1297 1947 1351 1995 et
1383 1939 1692 2010 fridgorem,
1716 1949 1768 1995 et
1788 1940 1926 1996 calo-

347 2044 484 2085 rem.
512 2029 702 2086 Omnia
733 2031 875 2085 enim
923 2030 1004 2086 eis
1042 2039 1237 2086 uocent
1295 2031 1387 2100 qui
1442 2032 1582 2086 male
1609 2047 1668 2086 se
1703 2031 1921 2087 habent.

344 2123 536 2180 Omnia
567 2133 744 2178 autem
761 2132 987 2192 prosunt
1001 2124 1084 2178 his
1097 2124 1189 2194 qui
1220 2123 1519 2180 incolumes
1539 2126 1826 2180 habentur.
1849 2124 1922 2179 Ita

344 2229 399 2272 et
447 2215 784 2270 libidinosum
817 2217 1000 2271 omnia
1039 2227 1258 2272 moveut
1293 2216 1364 2272 ad
1387 2233 1610 2282 noxam,
1645 2228 1699 2274 et
1725 2217 1922 2287 vultus,

346 2320 401 2363 et
430 2307 794 2378 pulchritudo,
828 2320 884 2363 et
931 2310 1259 2378 compositio
1311 2311 1578 2375 melodim,
1616 2320 1670 2366 et
1691 2313 1922 2366 vestium

348 2404 602 2468 varietas,
631 2413 685 2458 et
731 2403 906 2458 honor
929 2403 1246 2472 quidam,et
1285 2401 1422 2458 bona
1457 2419 1618 2474 opera
1663 2403 1730 2458 ad
1786 2403 1923 2458 mala

349 2495 746 2551 transferuntur
766 2495 837 2550 ei.
860 2495 960 2562 Qui
996 2504 1175 2549 autem
1210 2496 1420 2550 sobrius
1445 2505 1546 2561 est,
1571 2512 1633 2551 ex
1665 2497 1920 2561 adverso;

345 2588 471 2658 quia
502 2598 558 2644 et
608 2589 878 2642 contraria
923 2589 994 2642 illi
1027 2600 1174 2653 sunt,
1201 2602 1229 2640 a
1277 2590 1433 2643 bonis
1472 2591 1615 2644 enim
1662 2589 1798 2644 bona
1831 2589 1923 2644 de-

347 2695 594 2752 cerpens,
618 2681 851 2737 dives-iu
876 2679 1030 2736 bonis
1059 2692 1159 2736 est.
1193 2681 1268 2736 ita
1298 2697 1426 2752 ergo
1451 2682 1687 2753 pretiosa
1713 2691 1797 2736 est
1827 2697 1924 2751 pu-

349 2773 554 2837 dicitia,
578 2775 723 2843 quia,
744 2775 870 2828 dum
902 2774 1074 2838 adest,
1103 2784 1155 2828 et
1172 2774 1397 2844 iustitia:
1424 2783 1691 2846 praeparat
1719 2774 1917 2841 locum,

346 2865 440 2921 dat
466 2866 628 2921 etiam
645 2867 875 2934 spatium
907 2877 961 2919 et
985 2867 1170 2921 virtuti
1193 2885 1206 2922 :
1230 2867 1561 2922 intellectum
1580 2878 1757 2922 autem
1783 2868 1918 2939 (49),

345 2966 405 3010 nt
452 2957 837 3027 interpretetur
860 2974 1080 3026 nomen,
1115 2959 1306 3015 salvat.
1335 2960 1474 3032 Ergo
1500 2962 1843 3032 amplectitur
1869 2973 1923 3018 et

342 3051 642 3105 circumdat
671 3053 1026 3117 virtutem,et
1051 3053 1194 3108 sicut
1225 3063 1396 3109 mater
1433 3057 1674 3125 qum-dam
1708 3057 1922 3126 pietatis

345 3141 576 3213 edicitur
631 3145 911 3200 fratribus.
955 3145 1102 3201 Bona
1145 3147 1360 3217 quidem
1408 3157 1491 3204 est
1530 3147 1743 3204 virtutis
1773 3148 1921 3205 forti-

349 3234 495 3300 tudo,
530 3237 623 3290 sed
663 3253 769 3292 non
804 3253 1015 3306 semper
1043 3253 1162 3292 eam
1207 3241 1567 3295 necessariam
1614 3241 1917 3306 habemus;

345 3321 488 3380 forte
510 3335 689 3381 autem
727 3328 935 3382 audebo
956 3337 1009 3384 et
1035 3329 1215 3385 dicere
1245 3349 1257 3385 :
1286 3331 1501 3387 Utinam
1529 3349 1634 3386 non
1673 3337 1920 3397 eam,sed

347 3430 503 3487 opus.
534 3417 589 3472 Si
625 3421 746 3488 quis
782 3421 925 3473 enim
956 3437 1074 3474 eam
1107 3425 1398 3492 acceperit,
1433 3433 1639 3478 tantum
1687 3425 1921 3480 inbellis

344 3515 430 3562 est
457 3507 623 3562 utilis.
654 3505 708 3560 Si
735 3518 911 3561 autem
939 3518 993 3563 et
1027 3510 1078 3564 in
1112 3526 1244 3578 pace
1268 3512 1572 3566 necessaria
1605 3523 1690 3568 est
1727 3514 1920 3580 virtus,

347 3599 485 3652 lbrte
504 3609 560 3652 ut
583 3598 850 3654 coeliiciat
881 3601 1152 3669 pudicitiae
1179 3620 1191 3655 :
1219 3603 1357 3658 forte
1385 3605 1525 3658 enim
1553 3621 1674 3658 cum
1697 3605 1922 3674 jurgan-

346 3701 434 3746 tur
487 3695 957 3764 concupiscentim,
994 3706 1048 3749 et
1099 3698 1310 3752 illarum
1362 3698 1555 3754 l'lnctus
1603 3701 1920 3769 eriguntur,

345 3797 482 3850 opus
503 3795 585 3840 est
621 3797 678 3840 ut
703 3787 937 3842 viriliter
965 3790 1185 3844 resistat
1221 3791 1497 3858 pudicitia.
1537 3791 1592 3846 Si
1626 3791 1791 3862 igitur
1821 3795 1919 3846 ad~

345 3875 566 3931 veniens
606 3878 725 3933 istic
751 3878 990 3946 jnverit,
1026 3891 1154 3934 tunc
1196 3883 1300 3933 erit
1335 3884 1562 3950 pretiosa
1591 3893 1647 3937 et
1690 3884 1742 3936 in
1792 3899 1921 3954 paCe

349 3965 537 4020 virtus.
570 3966 682 4022 Non
723 3971 919 4040 quippe
944 3972 1288 4040 semetipsam
1315 3972 1612 4038 vindicans,
1645 3975 1738 4028 sed
1764 3975 1920 4044 pudi-

348 4059 490 4113 cilia!
525 4062 868 4129 coadjuvans.
903 4064 959 4119 Si
995 4075 1174 4118 autem
1205 4064 1333 4118 etin
1366 4064 1504 4118 bello
1549 4065 1719 4120 virtus
1753 4082 1921 4135 pona-

345 4162 455 4215 tur,
488 4153 826 4207 medietatem
863 4156 1074 4224 generis
1124 4156 1371 4225 despicit.
1403 4154 1655 4211 Mulieres
1686 4158 1828 4211 enim
1854 4158 1920 4211 ad

347 4243 693 4312 pmliaudum
744 4261 1016 4301 armemus
1073 4248 1185 4319 (50)
1214 4266 1229 4312 ;
1264 4249 1518 4318 pudicitia
1575 4259 1753 4302 autem
1781 4260 1834 4304 et
1866 4251 1918 4304 in

345 4334 478 4389 viris
523 4339 758 4404 pretiosa
782 4349 884 4404 est,
911 4339 1093 4392 utilior
1119 4349 1296 4392 autem
1337 4349 1392 4394 et
1425 4339 1760 4395 mulieribus.
1811 4341 1922 4396 Cur

345 4437 526 4482 autem
565 4443 669 4483 nou
699 4430 928 4494 dicatur,
967 4432 1108 4500 quod
1137 4447 1321 4488 verum
1345 4441 1448 4497 est,
1471 4433 1594 4502 quia
1631 4442 1684 4488 et
1707 4434 1920 4490 virtutis

2028 1969 2189 2020 neque
2225 1954 2512 2015 nubentur,
2542 1951 2630 2004 sed
2654 1960 2710 2003 ut
2743 1948 2916 2019 angeli
2951 1957 3104 2002 erunt
3134 1946 3228 2000 Dei
3255 1945 3324 2011 “,
3350 1947 3474 2015 quia
3502 1959 3604 2000 nec

2030 2046 2168 2100 mori
2193 2046 2304 2116 jam
2330 2053 2576 2112 possunt.
2607 2042 2650 2099 Ο
2681 2044 3059 2098 immortalitas
3089 2041 3600 2113 pudicitiaajuuctal

2029 2137 2130 2204 Qui
2163 2138 2214 2191 in
2249 2137 2400 2191 bellis
2437 2137 2657 2190 vincunt
2679 2150 2782 2188 non
2816 2133 3122 2190 ciliciuntnr
3159 2146 3214 2187 ut
3257 2133 3434 2204 angeli
3460 2177 3473 2197 ,
3506 2131 3608 2186 sed

2025 2227 2116 2296 qui
2148 2240 2319 2294 neque
2349 2226 2555 2280 nubunt
2599 2239 2773 2294 neque
2795 2225 3086 2280 nubentur.
3107 2224 3216 2278 lloc
3237 2223 3496 2294 judicium
3519 2231 3607 2278 est

2037 2315 2153 2383 ejus
2181 2318 2272 2386 qui
2327 2317 2454 2371 fecit
2509 2327 2778 2372 naturam.
2824 2315 2956 2370 Nam
2997 2325 3051 2371 et
3078 2316 3204 2370 alibi
3239 2317 3302 2369 ad
3351 2325 3602 2370 ornatum

2028 2405 2196 2475 ipsius
2231 2405 2506 2474 pudicitia:
2535 2404 2745 2462 locutus
2768 2417 2851 2462 est
2885 2407 3144 2461 Dominus
3173 2422 3187 2458 :
3227 2405 3349 2459 Non
3385 2421 3600 2471 omnes,

2029 2495 2241 2565 inquit,
2277 2507 2400 2550 sunt
2425 2498 2610 2567 digni,
2651 2500 2742 2552 sed
2789 2496 2978 2567 quibus
3028 2504 3210 2550 datum
3244 2506 3318 2550 est
3345 2497 3414 2552 ⁸⁸.
3449 2495 3604 2562 Quod

2025 2588 2173 2644 enim
2209 2590 2370 2643 homo
2389 2603 2451 2643 ex
2481 2599 2674 2642 natura
2703 2603 2807 2644 non
2837 2589 3062 2655 habuit,
3106 2591 3205 2643 hoc
3251 2589 3322 2642 sit
3373 2587 3604 2656 desuper

2029 2681 2230 2736 donum
2270 2697 2284 2735 :
2318 2681 2411 2736 sed
2445 2681 2576 2737 mihi
2607 2681 2824 2751 quidem
2857 2681 3112 2751 pudicitia
3153 2681 3254 2735 ista
3294 2694 3448 2734 suam
3483 2672 3601 2746 pul-

2025 2775 2388 2831 chritudinem
2417 2775 2694 2841 ostendat,
2755 2783 2808 2828 et
2863 2773 3063 2828 sensim
3101 2773 3310 2834 trahat,
3335 2779 3390 2824 et
3438 2767 3602 2822 relin-

2025 2880 2224 2942 quatur
2255 2886 2362 2928 non
2384 2869 2606 2936 cedens,
2641 2883 2816 2938 neque
2840 2869 3039 2938 repleta
3069 2875 3124 2922 et
3153 2875 3303 2936 capta
3336 2863 3466 2919 :scd
3495 2862 3603 2917 sic-

2024 2979 2085 3023 ut
2136 2969 2255 3023 aris
2319 2968 2563 3038 quaedam
2623 2966 2917 3028 adornata,
2973 2973 3355 3027 nonnunquam
3418 2955 3602 3009 ludere

2025 3058 2346 3114 desiderans
2375 3058 2577 3113 sensim
2628 3057 2870 3121 recedit,
2897 3063 2952 3110 et
2999 3054 3051 3108 in
3097 3069 3161 3108 eo
3187 3052 3313 3107 dum
3348 3049 3561 3104 videtur
3581 3084 3598 3112 ,

2025 3161 2204 3207 movet
2229 3151 2596 3217 desiderium;
2629 3150 2827 3205 sensim
2861 3159 3039 3202 autem
3084 3145 3208 3200 dum
3251 3153 3516 3206 movetur,
3539 3138 3600 3195 il-

2025 3246 2141 3302 licit
2185 3257 2242 3299 ut
2276 3259 2393 3299 eam
2425 3244 2547 3314 quis
2588 3243 2941 3310 insequatur;
3000 3254 3104 3293 non
3144 3237 3355 3308 capitur
3383 3244 3598 3298 autem,

2023 3340 2148 3410 quia
2184 3337 2350 3405 ipsius
2375 3344 2459 3391 est
2490 3345 2547 3388 ut
2575 3331 3112 3404 cﬂugiatzprotendit
3140 3340 3318 3384 autem
3358 3339 3602 3392 cursum,

2022 3442 2078 3485 et
2111 3446 2233 3484 cum
2261 3431 2383 3498 quis
2414 3427 2648 3481 maxime
2681 3423 2948 3496 putaverit
2992 3436 3050 3476 se
3094 3418 3598 3490 comprehendisse.

2025 3530 2204 3574 movet
2237 3534 2465 3586 pennam
2493 3527 2547 3572 et
2575 3516 2720 3570 volat
2747 3535 2758 3568 :
2789 3517 2859 3568 ita
2889 3522 2942 3569 et
2971 3513 3224 3584 pudicitia
3251 3525 3402 3566 suam
3425 3508 3602 3561 varie-

2029 3622 2190 3666 tatem
2227 3613 2279 3669 in
2309 3614 2586 3666 honestate
2610 3609 2924 3678 proferens,
2955 3606 3157 3661 sensim
3191 3611 3371 3657 autem
3401 3617 3459 3657 se
3493 3616 3601 3656 mo-

2026 3722 2154 3759 vens
2179 3715 2230 3759 et
2279 3718 2660 3767 commovens,
2708 3701 2760 3754 in
2795 3709 2997 3753 tantum
3035 3712 3121 3750 me
3158 3696 3320 3750 traxit
3351 3703 3409 3748 ut
3459 3693 3610 3774 inse-7

2025 3813 2221 3868 querer
2255 3811 2268 3850 ε
2303 3811 2424 3850 cum
2450 3805 2627 3848 autem
2655 3792 2766 3860 jam
2804 3799 3048 3861 putarem
3080 3803 3164 3842 me
3191 3800 3349 3856 posse
3380 3798 3600 3838 manum

2023 3888 2315 3942 extendere
2339 3901 2566 3954 eamque
2607 3881 3064 3952 comprehendere
3088 3920 3104 3945 ,
3131 3892 3348 3931 movens
3397 3887 3602 3943 pennas

2024 3980 2274 4048 superius
2304 3992 2364 4031 se
2389 3977 2530 4031 cmln
2563 3972 2872 4040 conjungit,
2909 3971 2976 4024 ad
3001 3968 3220 4039 angelos
3253 3967 3483 4029 scilicet,
3509 3965 3599 4019 ubi

2025 4073 2139 4136 ejus
2174 4078 2361 4121 natura
2393 4077 2477 4121 est
2499 4076 2556 4120 nt
2588 4074 2823 4120 maneat.
2849 4065 2911 4117 Iit
2938 4062 3050 4132 ipsa
3078 4061 3291 4129 quidem
3325 4074 3428 4112 non
3451 4055 3602 4128 come

2026 4161 2291 4230 prehensa
2320 4159 2550 4223 mansit,
2587 4175 2671 4212 tne
2709 4169 2889 4210 autem
2940 4153 3160 4224 reliquit
3210 4157 3512 4220 stupentem
3547 4159 3604 4202 et

2023 4251 2422 4308 desiderantem
2452 4250 3022 4322 comprehensionem,
3063 4261 3222 4315 quam
3273 4253 3604 4313 persequens

2025 4363 2133 4400 non
2170 4343 2525 4414 apprehendi.
2555 4342 2726 4397 Etiam
2771 4343 2992 4412 quidem
3043 4338 3358 4406 colligamus
3395 4344 3601 4387 sermo-

2026 4456 2182 4506 nem;
2214 4448 2268 4493 et
2290 4437 2414 4508 quia
2445 4436 2699 4504 pudicitia
2727 4434 2892 4488 multa
2924 4444 3188 4500 superans
3215 4437 3268 4482 et
3293 4437 3606 4480 sermonem

344 4517 515 4588 ipsius
549 4518 757 4576 fructus
781 4531 836 4576 et
874 4521 926 4575 in
955 4523 1109 4578 bellis
1137 4524 1206 4578 ob
1243 4525 1552 4592 pudicitiam
1585 4528 1923 4582 necessarius
1953 4527 2000 4583 ι)
2031 4535 2208 4601 ipsum
2235 4531 2326 4594 qui
2359 4529 2427 4584 de
2453 4530 2640 4583 eadem
2682 4537 2763 4582 est
2789 4520 3270 4592 ininterprctabilis
3290 4558 3306 4582 ,
3341 4514 3598 4578 recessit,

343 4608 469 4662 est?
502 4607 622 4663 Ideo
649 4611 791 4664 enim
819 4611 1141 4682 suscipimus
1170 4614 1376 4684 prazlia,
1396 4625 1456 4669 ut
1486 4632 1588 4669 non
1627 4619 1920 4672 adversarii

345 4710 686 4768 superantes,
723 4702 978 4758 mulieres
1030 4715 1186 4758 extra
1242 4705 1412 4775 legem
1477 4709 1753 4777 pudicitia:
1799 4723 1921 4764 cor-

346 4801 620 4860 rumpant.
659 4792 714 4846 Si
745 4793 888 4847 enim
928 4793 998 4849 ob
1026 4793 1128 4849 huc
1152 4810 1474 4864 pugnamus,
1500 4807 1554 4850 et
1591 4813 1784 4866 pugnae
1824 4808 1923 4852 ter-

343 4897 496 4938 rores
529 4886 870 4953 suscipimus,
919 4886 1090 4940 virtus
1124 4887 1191 4940 ob
1247 4888 1561 4956 pudicitiam
1589 4899 1644 4942 ct
1675 4891 1726 4942 in
1767 4890 1922 4945 bellis

343 4983 602 5029 certatur.
632 4976 784 5031 Sicut
808 4978 952 5032 enim
1004 4978 1262 5048 naupegia
1299 4993 1391 5031 ars
1421 4981 1785 5046 gnbcrnatrici
1821 4984 1921 5036 mi-

345 5066 565 5127 nistrat.
597 5067 667 5121 ita
694 5081 747 5123 et
777 5073 948 5125 virtus
975 5070 1246 5140 pudicitia
1272 5082 1534 5140 prmparat
1560 5073 1920 5144 tranquillita-

349 5165 480 5209 tem.
522 5155 696 5210 Divisa
739 5173 822 5214 est
854 5163 1018 5232 igitur
1062 5163 1235 5216 virtus
1259 5178 1325 5216 ex
1365 5173 1518 5233 parte
1558 5166 1788 5218 maxima
1825 5180 1920 5238 ge-

348 5246 464 5300 neri
501 5259 685 5302 nostro
709 5252 834 5304 :scd
859 5268 956 5307 nec
983 5256 1114 5312 viris
1161 5257 1416 5312 omnibus
1451 5255 1597 5311 utilis
1629 5259 1916 5311 invenitur.

349 5337 615 5393 i‘raevenit
658 5341 800 5396 cuitu
845 5360 962 5398 eam
1009 5359 1063 5402 et
1115 5352 1450 5419 temporibus
1503 5351 1784 5420 pudicitia.
1816 5350 1915 5419 Qui

2033 4627 2344 4682 universam
2395 4623 2686 4677 humanam
2740 4616 3126 4672 transcendens
3166 4620 3410 4666 naturain
3438 4623 3456 4662 :
3482 4620 3601 4662 ser-

2030 4734 2118 4772 mo
2145 4726 2327 4770 autem
2362 4713 2640 4769 inveniens
2668 4725 2786 4781 quae
2819 4710 2958 4764 Deus
2991 4703 3298 4762 hominibus
3337 4699 3555 4757 donavit
3579 4736 3598 4763 ,

2027 4821 2083 4864 et
2110 4809 2213 4864 hoc
2245 4806 2585 4869 mortalibus,
2605 4820 2702 4875 per
2724 4817 2845 4872 quae
2885 4797 3342 4856 immortalitatem
3371 4795 3451 4849 eis
3477 4807 3603 4862 pro-

2026 4900 2271 4965 curavit,
2314 4899 2379 4953 ad
2412 4897 2709 4967 gratiarum
2747 4894 3017 4948 actionem
3049 4892 3244 4944 iterum
3282 4900 3339 4940 se
3365 4897 3598 4940 conver-

2027 5002 2136 5056 tat,
2164 4999 2219 5046 et
2243 4991 2309 5044 de
2344 4999 2532 5043 sancto
2554 4997 2605 5041 ct
2629 4984 3001 5040 sanctiﬁcante
3017 5021 3033 5046 ,
3055 4995 3152 5051 per
3171 4993 3329 5047 quem
3354 4985 3600 5030 sanctum

2029 5078 2128 5131 hoc
2163 5077 2368 5130 donum
2395 5074 2702 5130 hominibus
2738 5073 2926 5136 misit,
2970 5086 3066 5140 per
3097 5066 3429 5138 unigenitum
3455 5064 3602 5118 scili~

2028 5177 2112 5221 cet
2135 5182 2291 5220 suum
2318 5163 2535 5228 Filium,
2570 5166 2641 5220 sit
2662 5165 2708 5218 ei
2736 5163 2910 5235 gloria
2943 5173 2997 5216 et
3044 5163 3246 5222 honor,
3280 5155 3562 5225 imperium
3584 5195 3599 5217 ,

2030 5259 2284 5326 maiestas
2317 5277 2439 5314 cum
2473 5260 2676 5328 Spiritu
2703 5269 2894 5314 sancto
2927 5266 2981 5312 et
3011 5272 3152 5310 nunc
3181 5263 3235 5311 et
3270 5267 3517 5321 semper,
3547 5257 3609 5303 et

2024 5368 2120 5422 per
2141 5353 2318 5406 omnia
2351 5353 2544 5406 saecula
2579 5352 2919 5406 surculorum.
2948 5349 3141 5404 Amen.

418 5497 465 5529 "
496 5497 683 5554 Matth.
729 5517 837 5556 χιιι
863 5541 877 5566 ,
910 5500 996 5556 30.
1028 5501 1188 5557 Marc.
1227 5521 1330 5569 xtt,
1361 5506 1452 5561 25.
1487 5505 1616 5561 Luc.
1650 5523 1714 5560 sx
1789 5507 1877 5561 35.
1919 5511 1962 5539 ³³
2007 5507 2194 5562 Matth.
2227 5523 2338 5569 xix,
2392 5507 2470 5560 ll.

423 5661 537 5727 (18)
577 5664 672 5718 Ms.
709 5670 950 5730 nuribus,
981 5683 1042 5719 ne
1070 5679 1251 5722 nocent
1281 5670 1567 5726 nudicntia.

420 5733 532 5799 (£9)
572 5732 1090 5814 Intellectttntrttueut
1130 5740 1329 5814 Auctor
1349 5737 1695 5814 Etgmolngici
1729 5740 1925 5809 magni,

351 5803 682 5874 Σωφροσύνη
711 5808 856 5877 παρὰ
886 5807 945 5861 τὸ
980 5808 1172 5872 σώζειν
1203 5810 1259 5862 τὸ
1299 5803 1531 5881 (ηπ-ἴαν,

2106 5672 2221 5740 (50)
2263 5671 2342 5722 Ad
2399 5669 2779 5740 pmh’undum.
2823 5665 2915 5720 Ms.
2960 5669 3028 5718 nd
3081 5664 3261 5732 prclin
3306 5676 3596 5718 armum".

2039 5738 2200 5795 rem
2231 5741 2533 5806 legendum,
2563 5741 2629 5790 ad
2655 5739 2837 5804 pra'lin
2871 5755 2970 5790 non
3001 5750 3287 5806 nrmnmns.

2111 5812 2221 5880 (iil)
2257 5804 2351 5865 Ms.
2392 5810 2766 5879 fomicationc'r
2787 5817 2998 5875 eropon!
3031 5816 3077 5858 et
3111 5804 3377 5858 occidunt.
