4100 6456
512 390 649 451 1M7

1146 388 1412 446 EL’SEBII
1453 390 1933 446 CJESARIENSIS
1971 382 2118 449 ΟῬΡ.
2162 392 2343 450 PARS
2382 388 2472 447 IV.
2512 422 2581 431 —
2619 388 3038 445 DOCMATICA.

3617 383 3760 440 “48

1470 706 2036 821 EUSEBII
2117 707 2797 820 PAMPHILI

734 948 880 1035 DE
932 946 1085 1039 ΕΟ
1140 944 1475 1053 QUOD
1532 947 1835 1037 DEUS
1892 945 2281 1035 PATER
2338 941 3219 1037 INCORPORALIS
3269 943 3535 1052 EST,

1800 1139 2034 1199 LIBER
2077 1137 2465 1210 QUARTUS.

580 1438 660 1491 Ad
711 1438 883 1506 ipsum
934 1437 1100 1491 Deum
1152 1448 1396 1493 nostrum
1448 1438 1721 1505 erigamus
1749 1440 2040 1510 c0gitatnm
2068 1478 2083 1503 ,
2112 1442 2159 1499 Α
2189 1437 2309 1493 dem
2339 1445 2393 1492 et
2423 1436 2627 1507 lapides
2664 1436 2765 1489 hoc
2796 1435 2967 1503 ipsum
3004 1442 3063 1487 ut
3092 1443 3274 1488 essent
3324 1434 3525 1488 habent
3554 1451 3569 1488 :
3598 1431 3755 1489 arbo-

502 1530 616 1598 jam
669 1547 774 1585 non
822 1531 1178 1587 concedentes
1228 1532 1480 1600 cogitatui
1540 1530 1727 1599 fugere
1762 1542 1817 1587 et
1871 1532 2080 1586 vitare:

511 1623 779 1690 parcimus
812 1624 953 1677 enim
991 1624 1197 1678 timenti
1225 1642 1241 1679 :
1280 1638 1532 1692 urgemus
1564 1631 1740 1677 autem
1782 1640 1884 1678 non
1911 1640 2083 1692 quan-

513 1726 598 1769 tus
624 1724 703 1769 est
732 1714 870 1769 Deus
897 1730 1017 1769 eum
1052 1731 1325 1785 quarere,
1351 1716 1443 1771 sed
1474 1727 1730 1785 quantum
1763 1716 1861 1783 ipsi
1885 1716 2087 1784 cogita-

512 1810 583 1861 tui
625 1808 877 1875 possibile
927 1819 1010 1863 est
1046 1810 1333 1864 aestimare.
1378 1808 1572 1864 Multas
1612 1810 1755 1863 enim
1811 1810 2087 1864 adinvenit

511 1901 609 1953 sibi
642 1898 993 1969 confugiones
1014 1943 1029 1968 ,
1060 1910 1114 1956 et
1145 1901 1429 1957 dilationes
1455 1943 1469 1969 ,
1496 1912 1550 1956 et
1574 1902 1957 1968 circuitiones,
1985 1904 2083 1957 bo—

512 2008 635 2045 num
674 2001 857 2060 utpote
892 1994 1279 2062 pertimescens
1314 1997 1587 2050 timorem.
1634 1995 1738 2050 Sed
1775 1996 1915 2050 sicut
1947 2011 2084 2063 equo

511 2098 892 2152 nonnunquam
917 2086 1136 2152 territo,
1161 2097 1213 2142 et
1240 2088 1454 2143 nolente
1488 2100 1690 2143 rectum
1735 2088 1837 2143 iter
1870 2099 2082 2157 petere,

509 2188 564 2231 ct
601 2176 749 2231 freno
778 2179 881 2231 vim
910 2179 1136 2237 facimus
1162 2224 1177 2249 ,
1204 2193 1258 2237 et
1286 2185 1553 2238 calcaueis
1585 2194 1878 2253 puungentes
1907 2184 2085 2239 corri-

511 2270 718 2332 gimus.
749 2281 800 2325 et
837 2274 1109 2328 refrenare
1162 2284 1435 2330 tentamus
1481 2278 1548 2330 ab
1598 2277 1680 2330 his
1709 2291 1827 2340 quae
1875 2276 1923 2329 ei
1978 2290 2081 2328 non

511 2364 869 2417 concedimus
900 2383 913 2418 :
948 2366 1022 2418 ita
1066 2375 1119 2419 et
1157 2382 1301 2422 nunc
1334 2367 1591 2422 extollere
1621 2368 1686 2421 ad
1734 2368 1897 2421 Deum
1934 2366 2082 2435 cogi-

514 2461 682 2505 Iulum
711 2453 1005 2518 debemus,
1037 2468 1342 2523 qurercntcs
1374 2460 1461 2512 illa
1499 2474 1619 2528 qua:
1641 2468 1695 2513 et
1718 2457 1997 2528 Scriptura
2018 2459 2085 2513 de

512 2541 622 2594 Deo
662 2544 827 2610 quaeri
855 2546 1121 2613 permittit
1150 2565 1163 2600 :
1194 2550 1318 2617 quia
1372 2564 1547 2618 neque
1594 2550 1646 2603 in
1703 2548 1863 2603 domo
1905 2549 2080 2609 Dens.

512 2647 689 2702 neque
717 2635 769 2688 in
822 2637 1145 2704 simulacro;
1173 2655 1277 2693 non
1313 2640 1366 2693 in
1401 2649 1583 2694 monte
1620 2648 1711 2693 aut
1757 2649 1936 2704 terra;
1975 2655 2081 2695 non

514 2724 567 2779 in
603 2742 729 2781 aere
759 2727 893 2798 (52),
929 2745 1025 2784 nec
1052 2730 1102 2783 in
1136 2732 1252 2801 ipso
1274 2742 1386 2787 toto
1418 2735 1592 2796 cmlo;
1633 2750 1807 2803 neque
1842 2736 2084 2791 reclusus

511 2827 591 2870 est
616 2858 632 2883 ,
661 2834 835 2887 neque
862 2822 1163 2888 retinetur,
1194 2840 1367 2894 neque
1401 2826 1649 2881 conﬁxus
1689 2838 1775 2881 est
1802 2842 1818 2881 :
1847 2831 1940 2883 sed
1966 2846 2083 2883 om-

512 2909 598 2963 nia
630 2914 844 2979 quidem
871 2914 1281 2981 incorporaliter
1306 2918 1541 2986 complet
1566 2959 1581 2982 ,
1609 2920 1675 2973 ab
1700 2922 1952 2975 omnibus
1984 2937 2084 2974 au-

514 3009 619 3051 tem
646 3001 1082 3056 inenarrabiliter
1107 3015 1190 3058 est
1214 3016 1515 3074 separatus.
1553 3007 1662 3063 Nos
1684 3020 1864 3064 autem
1900 3021 1954 3064 et
1978 3012 2085 3069 late

500 3089 802 3144 irridemus
828 3108 960 3155 eos,
1001 3094 1089 3162 qui
1136 3105 1323 3162 putant
1376 3113 1496 3153 esse
1528 3097 1723 3164 Deum,
1777 3110 1870 3155 aut
1919 3103 2082 3167 deos,

500 3187 773 3246 itanquam
808 3197 1025 3251 gregem
1079 3186 1362 3252 quemdam
1412 3187 1679 3242 reclusum
1723 3190 1775 3243 in
1814 3193 2034 3245 mandra
2068 3209 2083 3246 :

514 3270 713 3337 quippe
742 3271 892 3323 valde
934 3280 987 3325 et
1036 3275 1481 3341 reprehendimus
1512 3292 1653 3344 eos,
1694 3279 1784 3347 qui
1815 3281 1997 3337 volunt
2033 3280 2086 3336 in

499 3357 826 3413 asimulacris
865 3360 1093 3414 virtutes
1133 3362 1345 3416 divinas
1390 3363 1631 3418 reclusas
1672 3364 1893 3429 haberi,
1936 3382 2002 3421 ex
2036 3366 2087 3421 vi

499 3438 723 3506 iscilicet
766 3451 1040 3504 hominum
1068 3453 1445 3519 malignorum.
1492 3453 1781 3510 lrridemus
1810 3458 1952 3511 enim
1996 3472 2091 3512 eos

500 3547 640 3595 tcum
672 3541 885 3597 habitus
911 3544 1140 3612 appositi
1175 3544 1378 3599 fuerint
1414 3547 1467 3600 in
1510 3548 1843 3612 simulacris,
1876 3548 2090 3616 quidam

499 3633 735 3701 lquidem
774 3635 1129 3701 feminarum,
1192 3638 1407 3706 quidam
1458 3650 1635 3693 autem
1690 3641 2092 3707 masculorum,

499 3729 569 3789 {et
596 3724 1038 3792 quadrupedum,
1066 3738 1119 3780 et
1161 3729 1515 3796 serpentium.
1553 3730 1782 3784 Tantum
1827 3732 1970 3784 enim
2012 3732 2093 3785 lu-

499 3810 666 3899 {crnm
693 3815 934 3882 capimus
967 3833 1029 3870 ex
1066 3817 1274 3882 iisdem,
1296 3818 1417 3884 quia
1447 3833 1511 3871 ex
1546 3819 1628 3871 his
1660 3836 1780 3887 quae
1812 3820 1898 3872 alii
1939 3820 2098 3875 aliter

500 3912 569 3958 Yet
600 3906 787 3960 dicunt
810 3918 1081 3977 ctagunt,
1109 3919 1163 3961 et
1195 3909 1428 3962 conflant
1466 3919 1519 3962 ct
1565 3910 1926 3974 dissentiunt,
1969 3927 2099 3966 cou-

502 3994 741 4073 ‘fitentur
778 3997 903 4065 quia
954 4012 1076 4050 eum
1130 3998 1217 4066 qui
1275 3997 1536 4065 qumritur
1594 3997 1860 4065 ignorant.
1917 3996 2099 4066 Neque

2189 1544 2275 1583 res
2308 1538 2487 1583 autem
2524 1537 2578 1582 et
2607 1526 2800 1595 planta:
2827 1526 2893 1578 ad
2930 1526 2980 1581 id
3014 1526 3156 1593 quod
3200 1534 3324 1577 sunt
3352 1531 3755 1593 assumpserunt

2189 1630 2245 1675 ut
2292 1629 2347 1675 et
2375 1629 2756 1687 exsurgerent,
2795 1630 2849 1673 et
2894 1618 3295 1687 germinarent,
3324 1627 3378 1670 et
3410 1625 3756 1682 crescerent,

2186 1722 2240 1767 et
2292 1723 2691 1782 pascerentur:
2729 1710 2980 1764 animalia
3029 1720 3209 1764 autem
3264 1709 3648 1763 irrationabilia
3688 1709 3756 1762 ad

2186 1820 2249 1861 ea
2276 1820 2395 1873 qua!
2424 1805 2566 1858 dicta
2598 1812 2723 1857 sunt
2753 1803 2916 1857 etiam
2950 1803 3048 1856 hoc
3080 1812 3484 1869 assumpsernnt
3506 1844 3521 1866 ,
3544 1811 3602 1855 ut
3631 1818 3755 1855 sen-

2186 1897 2417 1951 sibilitas
2443 1905 2586 1950 esset
2606 1896 2657 1948 in
2694 1896 2794 1949 eis.
2826 1893 2934 1949 Nos
2968 1910 3095 1948 vero
3120 1910 3240 1949 cum
3275 1895 3357 1948 his
3388 1894 3641 1947 omnibus
3664 1908 3753 1948 ac-

2187 1988 2427 2056 cepimus
2482 1988 2774 2054 cogitatum
2814 1996 2869 2039 et
2922 2001 3185 2050 sensum,
3221 1996 3275 2040 et
3330 1986 3395 2039 ad
3443 2001 3542 2040 nos
3590 1998 3757 2053 usque

2186 2096 2399 2150 semper
2419 2080 2571 2148 quod
2599 2089 2719 2133 erat
2753 2080 3105 2144 honoratius,
3150 2079 3519 2133 additamenta
3563 2077 3756 2132 cilicio.-

2185 2169 2381 2223 bantur
2416 2168 2789 2222 honoratiora.
2824 2167 2991 2223 Nobis
3033 2179 3211 2222 autem
3246 2170 3311 2223 ad
3342 2170 3617 2239 superiora
3648 2168 3757 2237 iam

2186 2273 2289 2311 non
2316 2273 2381 2310 ex
2418 2256 2801 2311 additamentis
2824 2258 3138 2327 agnoscitur
3159 2258 3391 2327 dignitas
3410 2296 3426 2321 ,
3454 2260 3547 2313 sed
3581 2260 3625 2311 si
3650 2259 3759 2313 for-

2187 2358 2237 2404 te
2264 2366 2293 2402 a
2340 2349 2768 2405 detractionibus
2802 2368 2816 2405 :
2850 2350 3239 2406 detractionem
3276 2362 3457 2405 autem
3488 2352 3607 2406 dico
3650 2366 3756 2407 non

2184 2458 2246 2497 ex
2282 2443 2364 2497 his
2388 2458 2507 2511 quae
2532 2441 2642 2512 jam
2673 2450 2799 2496 sunt
2834 2450 2890 2497 et
2923 2442 3223 2509 habentur,
3252 2442 3578 2498 ablationem
3603 2482 3618 2506 ,
3658 2443 3753 2497 sed

2191 2533 2362 2601 ipsam
2398 2540 2647 2586 naturam
2672 2548 2793 2603 qua:
2826 2548 2932 2586 non
2966 2533 3194 2602 indiguit
3226 2533 3380 2588 istis:
3415 2542 3472 2588 ut
3501 2544 3623 2603 puta
3650 2551 3759 2591 non

2184 2622 2345 2678 habet
2413 2637 2631 2676 necesse
2687 2622 2998 2693 angelorum
3064 2638 3309 2679 crescere
3342 2633 3531 2680 natura
3574 2643 3588 2680 :
3641 2643 3759 2694 quae

2184 2714 2328 2767 enim
2359 2727 2463 2766 non
2501 2722 2799 2782 augentur,
2830 2721 2887 2767 et
2921 2728 3025 2767 non
3057 2715 3400 2769 minuuntur.
3439 2713 3575 2781 Quid
3629 2730 3758 2787 ergo

2114 2791 2157 2846 Β
2188 2804 2414 2860 inferior
2447 2815 2531 2859 est
2562 2814 2756 2859 natura
2807 2805 3154 2876 angelorum,
3193 2807 3319 2877 quia
3369 2807 3593 2863 arbores
3644 2810 3761 2876 qui-

2186 2896 2305 2949 dem
2333 2903 2388 2949 et
2428 2894 2625 2965 planta:
2654 2907 2989 2964 pascuntur,
3024 2906 3077 2950 et
3122 2906 3405 2965 crescunt,
3454 2908 3509 2953 et
3561 2900 3761 2953 addita—

2188 2996 2371 3041 menta
2404 2987 2713 3056 aceipiunt;
2757 2988 3068 3054 angelorum
3116 2997 3295 3043 autem
3349 3000 3538 3044 natura
3588 3006 3763 3061 neque

2189 3078 2491 3148 germinat,
2525 3093 2698 3148 neque
2732 3080 3139 3148 pullulationem
3190 3082 3455 3151 suscipit,
3494 3098 3666 3152 neque
3704 3092 3762 3136 ut

2192 3180 2448 3240 pascatur
2483 3180 2574 3225 aut
2606 3170 2838 3225 addatur
2861 3173 2883 3226 ?
2906 3173 3000 3226 Cui
3035 3172 3177 3227 enim
3214 3172 3413 3228 ablatio
3448 3173 3763 3227 incrementi

2190 3272 2353 3317 estet
2383 3262 2614 3316 aliorum
2645 3277 2766 3331 quae
2816 3262 3084 3326 diximus,
3121 3278 3224 3317 non
3265 3274 3348 3319 est
3389 3264 3642 3318 damnum
3682 3265 3769 3319 his

2192 3355 2282 3423 qui
2322 3354 2603 3424 possident
2633 3356 2749 3411 sine
2778 3356 2896 3410 istis
2926 3355 2975 3409 id
3004 3356 3146 3425 quod
3177 3366 3302 3411 sunt
3324 3396 3340 3422 ,
3372 3358 3463 3411 sed
3489 3359 3768 3425 dignitatis

2192 3446 2484 3500 eminentia
2521 3464 2534 3499 :
2569 3448 2733 3502 multa
2768 3448 2912 3502 enim
2952 3463 3056 3502 non
3106 3449 3287 3502 insunt
3326 3451 3559 3519 angelis,
3593 3468 3768 3521 neque

2194 3540 2390 3592 adsunt
2432 3556 2550 3609 quae
2578 3541 2627 3595 in
2666 3540 2818 3595 nobis
2847 3543 3129 3595 habentur.
3165 3543 3232 3597 Et
3287 3559 3391 3597 non
3439 3545 3559 3613 quia
3613 3545 3764 3599 deest

2197 3632 2301 3685 illis
2324 3648 2441 3700 qum
2471 3650 2574 3688 non
2616 3635 2849 3697 habent,
2888 3635 2982 3688 sed
3013 3635 3136 3703 quia
3175 3650 3271 3689 nos
3311 3636 3605 3705 indigemus
3638 3637 3724 3691 his
3745 3678 3767 3701 ,

2200 3724 2316 3777 ideo
2343 3726 2497 3777 nobis
2527 3728 2677 3779 adest
2704 3729 2769 3779 ad
2802 3727 3051 3780 solatium
3081 3727 3131 3779 id
3171 3728 3311 3795 quod
3348 3731 3414 3782 ab
3449 3730 3632 3783 iisdem
3672 3729 3770 3783 tle-

2200 3816 2427 3869 fieimus.
2462 3815 2578 3869 Non
2620 3827 2745 3870 sunt
2782 3819 2978 3887 nuptias
3008 3820 3148 3887 apud
3181 3818 3418 3889 angelos.
3456 3821 3589 3875 Data
3622 3822 3769 3876 enim

2199 3918 2279 3961 est
2320 3910 2436 3961 viro
2492 3909 2682 3963 nmlier
2716 3911 2779 3963 ad
2830 3911 3154 3975 adiutorium
3196 3931 3208 3965 :
3243 3912 3554 3981 angelorum
3591 3924 3767 3967 autem

2203 4002 2570 4071 unusquisque
2597 4003 2815 4071 pr0pria
2844 4014 3030 4057 natura
3070 4002 3265 4058 sufficit
3300 4004 3423 4060 sibi.
3472 4003 3588 4059 Non
3638 4020 3769 4058 con-

515 4087 658 4139 enim
691 4103 888 4156 corpus
912 4099 993 4141 est
1028 4090 1168 4143 Deus
1192 4130 1206 4152 ,
1238 4105 1415 4157 neque
1448 4090 1692 4156 corporis
1733 4090 1968 4158 aliquid,
2002 4088 2097 4141 ali-
2121 4123 2166 4184 ε
2205 4091 2458 4144 ficiuntur
2488 4094 2693 4162 angelis
2724 4096 3065 4161 indumenta,
3098 4105 3157 4149 ut
3200 4106 3494 4151 eontexant
3519 4096 3633 4166 (55)
3655 4113 3773 4165 quae

506 4172 635 4247 anis
660 4183 716 4226 ut
744 4184 869 4242 puta
902 4175 1084 4240 color;
1120 4192 1291 4246 neque
1322 4176 1375 4229 in
1410 4192 1655 4245 corpore,
1681 4179 1851 4248 qualis
1874 4188 2093 4249 putatur

515 4276 635 4316 esse
669 4263 877 4327 anima;
905 4279 1076 4333 neque
1102 4266 1246 4320 circa
1274 4283 1471 4335 corpus
1496 4310 1509 4333 ,
1547 4269 1686 4323 sicut
1725 4279 1944 4337 putatur
1977 4283 2093 4321 sen-

514 4367 637 4418 sus;
688 4353 783 4406 sed
824 4353 955 4408 liber
981 4365 1062 4409 est
1095 4367 1148 4409 et
1188 4372 1216 4408 a
1278 4369 1469 4411 natura
1501 4360 1746 4428 corporis
1781 4368 1835 4413 et
1882 4360 2086 4413 habitu.

515 4443 772 4511 Corporis
798 4444 939 4497 enim
977 4457 1171 4499 natura
1206 4448 1255 4499 in
1286 4451 1676 4515 compositione
1703 4451 1944 4503 habetur.
1963 4450 2091 4516 Qua:

516 4544 695 4589 autent
723 4548 1153 4605 componuntur,
1186 4542 1365 4593 omnia
1388 4555 1451 4594 ea
1484 4557 1604 4611 qum
1639 4553 1763 4595 ante
1791 4542 1900 4609 jam
1948 4543 2088 4597 facta

514 4637 662 4689 sunt,
696 4630 1141 4697 compositionem
1180 4633 1448 4700 accipiunt
1486 4652 1497 4687 :
1536 4644 1593 4686 ut
1626 4647 1749 4703 puta
1774 4636 1913 4702 quod
1946 4636 2089 4703 dico,

502 4715 721 4793 'lapides
766 4727 920 4770 erant
956 4721 1151 4787 creati,
1186 4723 1509 4790 compositio
1553 4723 1792 4791 lapidum
1824 4724 1947 4777 fecit
1990 4726 2087 4778 do-

514 4824 682 4862 mum.
708 4808 847 4864 Deus
878 4824 1053 4865 autem
1089 4815 1198 4882 ipse
1225 4826 1410 4869 auctor
1436 4825 1490 4869 et
1532 4816 1743 4870 initium
1772 4826 1877 4880 cst,
1908 4826 1960 4871 et
1984 4834 2086 4872 non

514 4904 581 4955 ab
613 4904 694 4957 his
733 4919 851 4972 qum
882 4915 1039 4959 erant
1074 4907 1244 4969 facta,
1282 4909 1396 4977 ipse
1434 4910 1761 4977 compositus
1796 4910 2083 4963 invenitur.

518 4991 753 5060 Simplex
785 4998 927 5049 enim
958 5009 1011 5050 et
1042 4999 1330 5053 uniformis
1358 5010 1439 5053 est
1471 5001 1609 5054 Deus
1651 5002 1767 5071 (53)
1790 5043 1805 5069 ,
1841 5012 1892 5057 et
1940 5018 2090 5057 com-

515 5085 721 5151 positus
747 5087 799 5153 (5
816 5086 881 5155 ι),
909 5089 1107 5157 quippe
1156 5091 1343 5144 vivens
1380 5090 1494 5159 ipsa
1540 5106 1658 5159 qua:
1715 5102 1816 5146 est.
1848 5093 2085 5162 Corpora

514 5176 656 5227 enim
691 5190 810 5243 qum
842 5180 1116 5248 accipiunt
1144 5180 1346 5247 vitam,
1373 5182 1484 5249 ipsa
1511 5191 1565 5237 et
1601 5183 1919 5236 fraudantur
1955 5185 2083 5238 vita.

517 5268 616 5335 Qui
647 5279 822 5322 autem
856 5286 955 5327 nec
982 5272 1191 5327 initium
1221 5276 1429 5344 accepit
1470 5276 1643 5346 (Deus
1674 5277 1816 5329 enim
1874 5277 2085 5331 initium

514 5377 622 5415 non
651 5363 858 5431 accepit
898 5387 910 5419 :
945 5366 1066 5434 quis
1096 5369 1234 5421 enim
1268 5377 1321 5421 et
1350 5368 1579 5439 daret?)
1607 5385 1710 5423 non
1748 5372 1855 5423 vita
1890 5370 1941 5424 in
1967 5386 2090 5426 cor-

2196 4182 2526 4238 cohabitant.
2556 4185 2667 4239 Non
2694 4186 2882 4241 domus
2904 4188 3121 4252 iisdem;
3142 4188 3334 4241 suﬂicit
3361 4188 3502 4242 enim
3527 4189 3723 4244 ccelum
3754 4208 3767 4241 :

2194 4290 2298 4328 non
2336 4274 2485 4331 lectis
2531 4279 2735 4348 indiget
2778 4280 2896 4335 sine
2936 4296 3143 4335 sommo
3171 4291 3382 4336 natura.
3426 4281 3542 4335 Non
3581 4297 3766 4337 mensa

2193 4366 2331 4433 apud
2354 4381 2448 4423 eos
2484 4385 2497 4421 :
2534 4368 2675 4424 forte
2704 4382 2887 4425 autem
2930 4387 3028 4426 nec
3059 4384 3359 4441 pascuntur
3392 4390 3405 4426 :
3447 4390 3639 4425 aurmn
3672 4389 3769 4428 au-

2194 4468 2298 4511 tem
2322 4467 2374 4512 et
2399 4470 2682 4527 argentum
2720 4470 2774 4516 et
2810 4475 3163 4517 :eramcntnm
3206 4474 3260 4518 et
3304 4464 3503 4517 ferrum
3526 4505 3540 4527 ,
3570 4473 3624 4519 ct
3653 4480 3771 4520 om-

2194 4550 2278 4603 nia
2311 4567 2428 4621 quxe
2473 4554 2737 4607 miramur
2770 4567 2949 4609 creata
3008 4566 3062 4608 et
3116 4558 3327 4610 inventa
3353 4598 3368 4622 ,
3401 4558 3539 4626 apud
3592 4575 3688 4614 nos
3716 4569 3772 4614 et

2193 4657 2324 4697 usus
2352 4643 2581 4698 habetur
2606 4687 2619 4712 ,
2661 4645 2765 4699 illic
2818 4657 2995 4700 autem
3026 4663 3123 4701 nec
3155 4650 3483 4719 nuncupatio
3522 4651 3770 4705 nomina-

2194 4742 2307 4800 tur,
2350 4751 2447 4789 nec
2478 4736 2769 4789 invenitur.
2803 4739 2940 4802 Quid
2972 4740 3139 4809 ergo?
3169 4757 3293 4795 num
3320 4757 3384 4796 ex
3440 4742 3605 4797 tantis
3650 4757 3768 4812 qua!

2191 4836 2441 4893 putamus
2465 4842 2491 4878 a
2520 4826 2673 4879 nobis
2715 4830 2871 4882 bonis
2901 4846 3221 4899 superamus
3261 4836 3573 4904 angelorum
3608 4843 3764 4891 natu-

2192 4919 2354 4972 ram?
2394 4919 2502 4972 Nos
2533 4922 2681 4973 enim
2714 4922 2909 4976 divites
2946 4938 3079 4977 auro
3102 4941 3318 4990 sumus,
3350 4928 3524 4998 angeli
3565 4946 3755 4983 aurum

2193 5025 2296 5087 non
2329 5010 2523 5065 habent
2559 5028 2573 5065 :
2620 5028 2722 5065 non
2766 5014 2885 5069 ideo
2915 5031 3177 5086 pauperes
3229 5020 3609 5087 inveniuntur,
3637 5024 3762 5090 quia

2191 5119 2381 5157 aurum
2414 5105 2553 5174 apud
2583 5106 2702 5159 illos
2730 5122 2833 5161 non
2859 5118 2978 5173 est;
3011 5111 3103 5164 sed
3141 5112 3313 5181 magis
3340 5111 3411 5165 illi
3440 5112 3766 5184 divites,qui

2191 5206 2289 5246 nec
2317 5209 2449 5246 auro
2481 5194 2721 5263 indigent
2752 5206 2936 5252 nostro
2963 5213 3061 5254 nec
3086 5212 3330 5267 argento.
3362 5202 3499 5267 Quid
3528 5218 3662 5272 Opus
3686 5215 3768 5259 est

2189 5283 2391 5338 ferrum
2424 5285 2476 5338 in
2509 5288 2706 5342 caelis?
2736 5298 2916 5342 ntrum
2953 5291 3019 5344 ad
3049 5290 3317 5346 culturam
3338 5334 3353 5357 ,
3392 5302 3485 5347 aut
3515 5297 3582 5349 ad
3609 5297 3767 5349 navi-

2189 5376 2454 5445 gationem
2482 5421 2497 5444 ,
2529 5391 2616 5431 aut
2648 5381 2712 5432 ad
2752 5380 2946 5434 bellum
2974 5422 2989 5448 ,
3019 5394 3111 5436 aut
3146 5384 3214 5437 ad
3240 5384 3562 5440 medicinam
3583 5387 3605 5440 2
3630 5386 3765 5454 Quid

518 5467 648 5520 pore
677 5463 753 5507 est
792 5455 934 5511 flens
958 5498 970 5519 ,
1003 5460 1094 5513 sed
1125 5461 1253 5515 vita.
1281 5460 1335 5514 ln
1370 5470 1576 5515 tantum
1608 5462 1751 5516 enim
1790 5465 1981 5530 repetit
2001 5480 2092 5519 co-
2120 5467 2167 5526 ι)
2194 5484 2327 5537 opus
2359 5477 2441 5523 est
2468 5471 2814 5538 permistione
2851 5473 2991 5539 illis,
3041 5476 3129 5530 ubi
3164 5492 3269 5530 non
3310 5487 3437 5532 sunt
3467 5487 3760 5533 commutao

516 5545 718 5613 gitatus
750 5553 888 5616 quod
940 5551 1040 5604 sibi
1072 5554 1207 5607 utile
1257 5553 1527 5608 invenitur
1561 5569 1574 5607 :
1604 5554 1725 5626 quia
1770 5566 1933 5625 petra!
1962 5559 2085 5626 qui-

590 5684 700 5753 (52)
743 5685 837 5740 Ms.
885 5700 977 5741 aut
1048 5691 1102 5745 in
1166 5704 1327 5757 terra,
1374 5712 1474 5749 non
1540 5697 1595 5751 in
1649 5695 1819 5763 mari,
1882 5712 1983 5750 non
2032 5698 2087 5753 in

514 5770 651 5807 ειη.

592 5824 707 5892 (53)
768 5825 861 5883 Sis.
934 5828 1163 5901 Simplex
1222 5834 1356 5890 enim
1392 5844 1436 5891 et
1464 5834 1697 5905 informis
1731 5847 1801 5892 est
1835 5834 1991 5892 Deut.

2197 5561 2414 5617 tiones?
2439 5562 2542 5617 Sed
2579 5580 2678 5619 nec
2714 5566 2887 5621 servis
2918 5580 3054 5637 Opus
3103 5577 3187 5623 est
3220 5570 3298 5624 eis
3324 5588 3339 5625 :
3370 5570 3566 5627 sullicit
3621 5569 3762 5625 enim

2263 5702 2375 5771 (54)
2412 5702 2763 5771 Compasium.
2794 5704 2987 5769 Forte,
3017 5707 3407 5773 incompositus.

2269 5775 2387 5844 (523)
2433 5773 2742 5830 Comatam.
2779 5774 2971 5856 Forte,
3008 5788 3300 5849 contegunt.
