4098 6398
357 367 496 426 1H9

1128 371 1217 427 DE
1267 373 1358 428 ΕΟ
1397 372 1586 441 QUOD
1623 373 1806 430 DEUS
1842 373 2072 430 PATER
2107 372 2610 433 INCORPORALIS
2649 373 2798 429 EST.
2888 397 2902 404 -

3459 375 3481 428 l
3500 371 3595 428 150

353 481 726 552 unusquisque
776 482 896 537 sibi.
926 483 992 538 Et
1021 499 1139 554 quae
1169 495 1418 556 putamus
1459 485 1614 540 nobis
1647 499 1768 540 esse
1811 499 1926 538 ma—
1959 486 2002 542 A
2033 496 2282 556 pratum;
2315 495 2371 542 et
2397 487 2713 542 assistentes
2741 485 2910 556 pratis
2932 525 2947 550 ,
2988 485 3267 543 videamus
3306 481 3410 541 no‘n
3452 505 3595 542 nunc

355 591 458 644 gna
482 615 498 643 ,
525 584 580 629 et
603 577 741 630 bona
765 616 780 640 ,
807 583 862 631 et
893 578 1199 632 necessaria
1224 592 1448 647 quaeque
1484 585 1611 631 sunt
1638 576 1824 642 nobis;
1850 576 1923 630 illi

357 675 562 721 natura:
583 667 760 720 omnia
784 677 907 721 sunt
928 668 1106 722 otiosa
1142 686 1156 722 :
1193 678 1247 721 et
1269 681 1604 737 quaecunque
1632 682 1696 721 ex
1722 667 1926 720 anima-

357 756 499 810 libus
548 758 704 812 nohis
730 767 850 812 sunt
895 757 1084 825 utilia,
1135 758 1241 813 illis
1271 766 1399 812 sunt
1446 773 1552 812 non
1595 757 1920 813 necessaria.

358 847 569 903 Tauros
591 850 735 903 enim
764 851 829 903 ad
855 849 1119 904 culturam
1171 866 1278 904 non
1327 851 1524 906 habent
1550 866 1685 921 opus
1705 891 1719 914 ,
1751 864 1924 918 neque

354 953 526 1009 equos
553 941 620 994 ad
646 942 840 996 bellum
870 959 884 995 :
916 957 1019 996 non
1049 941 1290 1012 indigent
1329 941 1453 1010 igne
1486 942 1552 995 ad
1599 941 1882 995 luminaria
1905 980 1920 1003 ,

355 1045 529 1099 neque
555 1046 617 1085 ea
654 1047 771 1100 qua:
796 1047 892 1102 per
923 1033 1100 1103 ignem
1143 1035 1208 1088 ad
1254 1048 1463 1088 curam.
1509 1032 1624 1087 Non
1675 1047 1810 1102 aqua
1843 1041 1925 1086 est

353 1120 436 1174 eis
459 1121 758 1176 necessaria
783 1163 798 1187 ,
827 1137 932 1177 non
959 1139 1024 1178 ex
1055 1124 1214 1187 mari,
1239 1139 1346 1177 non
1380 1139 1445 1178 ex
1477 1133 1616 1178 terra
1648 1140 1663 1176 :
1696 1138 1800 1177 non
1835 1122 1922 1176 illa

353 1224 472 1279 quae
497 1224 562 1264 ex
588 1211 850 1268 imbribus
873 1225 1213 1284 apportatur.
1243 1213 1362 1270 Non
1407 1229 1654 1268 somnum
1690 1215 1756 1267 ad
1787 1215 1924 1268 refe-

352 1302 586 1355 ctionem
619 1305 984 1358 necessarium
1014 1305 1239 1370 habent,
1267 1321 1372 1360 non
1405 1320 1558 1360 escas
1577 1307 1644 1358 ad
1671 1304 1920 1359 salutem.

353 1389 521 1447 Forte
565 1402 744 1447 autem
773 1395 988 1462 quidem
1037 1403 1094 1449 et
1149 1395 1416 1449 mirantur
1467 1395 1786 1460 audientes,
1830 1391 1922 1462 qui

357 1494 539 1539 mente
565 1486 632 1540 ad
660 1485 971 1556 angelorum
997 1489 1193 1542 choros
1236 1503 1340 1542 non
1377 1497 1755 1557 pervenerunt.
1798 1485 1924 1553 Qui-

355 1576 456 1631 bus
481 1576 626 1631 enim
665 1576 946 1634 beatitudo
968 1586 1052 1632 est
1079 1579 1124 1632 si
1151 1579 1474 1632 manducent
1516 1589 1571 1632 et
1617 1577 1835 1643 bibant,
1867 1585 1924 1632 et

358 1668 565 1737 nuptiis
591 1678 830 1735 utantur,
863 1679 916 1723 et
945 1669 1315 1738 possessiones
1345 1667 1608 1733 habeant,
1632 1678 1684 1721 et
1708 1670 1925 1722 thesau-

358 1774 449 1814 ros
467 1761 790 1823 recondant,
826 1767 880 1813 et
903 1758 1207 1828 iudiciariis
1247 1759 1602 1829 dignitatibus
1638 1757 1920 1828 perfruan-

2030 577 2192 632 flores
2219 587 2478 632 exeuntes
2501 616 2516 642 ,
2553 592 2723 646 neque
2746 576 3016 632 coloribus
3042 577 3257 644 varios,
3313 593 3487 643 neque
3539 579 3592 631 in
3659 631 3662 644 τ

2027 671 2288 725 odoribus
2317 671 2596 735 diversos;
2629 670 2721 724 sed
2743 669 3021 724 videamus
3043 669 3150 723 illic
3179 669 3313 725 coelo
3347 670 3597 739 superius.

2041 767 2218 818 locum
2247 803 2262 824 ,
2295 779 2390 833 per
2425 762 2644 832 angelos
2668 773 2848 817 autem
2879 762 3266 833 splendentem.
3305 762 3592 817 Multitudo

2033 857 2176 912 enim
2212 857 2320 912 illic
2353 873 2457 913 non
2497 865 2642 912 tanta
2667 867 2867 927 quanta
2894 865 2978 912 est
3003 857 3300 912 stellarum.
3337 856 3394 912 Si
3444 857 3596 910 enim,

2027 957 2083 1001 et
2118 946 2301 1000 multa:
2337 955 2463 1000 sunt
2491 947 2677 1012 stellae,
2713 948 2804 1001 sed
2834 947 2886 1000 in
2920 947 3383 1013 magnitudinibus
3401 955 3454 1000 et
3477 961 3596 1000 eor-

2029 1038 2251 1108 poribus
2279 1037 2588 1092 constitutae
2609 1077 2625 1104 ,
2666 1037 2801 1092 locis
2831 1039 3103 1105 indigent,
3128 1047 3184 1092 et
3207 1053 3272 1094 ex
3323 1039 3596 1105 magnituo,

2031 1131 2157 1185 dine
2187 1130 2310 1185 θα)ιί
2345 1129 2629 1184 multitudo
2651 1144 2836 1184 mensu
2847 1139 2998 1183 ratur
3015 1146 3076 1184 ea
3088 1145 3224 1186 runt.
3245 1128 3428 1182 Tanta:
3446 1126 3592 1181 enim

2026 1235 2190 1285 sunt,
2234 1230 2464 1289 quantas
2493 1221 2638 1291 capit
2683 1231 2738 1275 et
2783 1222 3002 1276 cmlum.
3052 1221 3235 1288 Angeli
3273 1228 3447 1274 autem
3485 1233 3590 1272 non

2026 1316 2280 1384 indigent
2305 1314 2420 1368 loco
2443 1353 2459 1378 ,
2495 1315 2586 1368 sed
2619 1314 2770 1369 liberi
2802 1331 2832 1368 a
2887 1314 3016 1368 locis
3047 1315 3286 1368 viventes
3325 1324 3488 1378 sunt,
3537 1321 3594 1370 et

2025 1406 2080 1460 in
2117 1405 2434 1460 alterutrum
2475 1413 2716 1473 agentes.
2754 1402 2872 1458 Non
2912 1404 2965 1459 in
3007 1403 3322 1458 confusione
3365 1404 3591 1473 quippe,

2026 1513 2128 1552 nec
2154 1495 2518 1550 exsultatione
2565 1511 2825 1565 corporea
2852 1535 2867 1560 ,
2907 1495 2999 1550 sed
3022 1520 3026 1525 ·
3052 1510 3263 1564 semper
3307 1496 3360 1548 in
3393 1495 3595 1550 lumine

2025 1597 2192 1643 sunt:
2228 1590 2327 1656 ipsi
2354 1585 2534 1640 lumen
2570 1585 2672 1640 tale
2696 1625 2711 1650 ,
2750 1588 2936 1654 quales
2969 1595 3021 1640 et
3077 1595 3222 1640 sunt.
3272 1586 3425 1655 Apud
3475 1586 3594 1641 illos

2024 1680 2166 1734 enim
2192 1695 2295 1733 non
2322 1695 2427 1733 nox
2463 1680 2529 1732 ad
2573 1677 2932 1733 refectionem
2964 1678 3194 1732 habetur
3216 1719 3230 1742 ,
3259 1694 3362 1732 non
3389 1678 3504 1732 dies
3525 1676 3591 1732 ad

2026 1773 2509 1827 exsurrectionetn.
2539 1769 2764 1839 Semper
2794 1769 2936 1822 enim
2962 1768 3162 1822 habent
3193 1767 3405 1834 lumen,
3437 1778 3490 1822 et
3513 1767 3594 1821 lu.

358 1858 476 1912 ιιιτς
505 1849 589 1904 his
617 1849 776 1904 ﬁliam
808 1865 870 1904 ea
900 1863 1020 1918 ([033
1046 1864 1206 1919 supra
1240 1849 1342 1904 i913
1381 1857 1542 1912 ευιιῐν
1569 1849 1780 1901 mmora
1822 1862 1922 1917 Pu’
1955 1838 1999 1893 Β
2032 1879 2155 1918 men
2197 1878 2301 1916 non
2330 1863 2432 1916 hoc
2465 1861 2607 1929 quod
2660 1860 2797 1930 apud
2826 1874 2924 1913 nos
2963 1869 3064 1914 est.
3097 1859 3208 1913 lloc
3253 1859 3394 1914 enim
3423 1859 3595 1913 sensi-

359 1950 562 1995 tantur.
595 1940 700 1997 Sed
737 1955 843 1995 non
893 1940 1327 1994 contaminemus
1359 1949 1604 1995 sanctum
1633 1939 1779 1993 illum
1824 1953 1922 1992 an-

353 2035 594 2102 gelorum
617 2036 840 2089 chorum
867 2051 882 2099 ;
921 2049 1028 2088 non
1063 2033 1134 2088 sit
1169 2032 1239 2087 ibi
1267 2031 1466 2087 femina
1489 2071 1505 2097 ,
1537 2031 1624 2086 ubi
1653 2030 1922 2086 successio

355 2126 665 2180 necessaria
705 2140 811 2180 non
860 2133 963 2180 est.
996 2123 1113 2178 Non
1156 2123 1281 2194 quia
1324 2131 1628 2177 creaturam
1669 2137 1866 2177 accuso
1903 2139 1918 2176 :

355 2216 772 2287 unumquodque
800 2217 945 2270 enim
972 2213 1205 2270 ofﬁcium
1259 2215 1314 2269 in
1364 2229 1459 2270 sua
1515 2223 1704 2269 natura
1747 2212 1920 2282 jacet;

353 2307 492 2361 bene
516 2307 837 2361 translatum
875 2317 1053 2362 autem
1083 2321 1111 2359 a
1155 2307 1269 2362 suis
1294 2305 1462 2373 locis,
1508 2315 1564 2361 et
1612 2307 1923 2376 regionibus

356 2409 409 2453 et
439 2408 630 2453 natura
655 2401 721 2454 ad
751 2414 911 2469 quam
939 2399 1230 2454 constituta
1257 2410 1379 2465 est,
1420 2410 1642 2455 revocat
1665 2400 1732 2454 ad
1767 2413 1827 2455 se
1849 2399 1924 2454 le-

355 2494 439 2564 gis
468 2491 666 2545 divinae
690 2492 969 2545 virtutem.
995 2490 1274 2556 Quomodo
1304 2491 1447 2544 enim
1489 2489 1669 2546 decori
1701 2491 1753 2544 in
1786 2490 1921 2545 mari

358 2591 481 2638 sunt
512 2585 738 2654 pisciqu
789 2584 1020 2653 greges?
1069 2584 1338 2653 quomodo
1383 2584 1593 2638 decorae
1631 2593 1756 2637 sunt
1802 2583 1924 2637 illo-

360 2692 476 2729 rum
510 2687 560 2729 tn
591 2677 857 2730 meatibus
883 2673 1158 2728 fluminum
1183 2674 1615 2732 exsultationes?
1655 2675 1924 2745 quomodo

359 2768 536 2823 nitent
569 2767 620 2821 in
653 2769 830 2822 exitus
860 2767 1126 2822 fontium?
1170 2766 1226 2821 Si
1270 2779 1453 2822 autem
1479 2768 1712 2822 volueris
1753 2768 1921 2832 istos,

357 2871 416 2914 ut
439 2862 572 2915 dans
595 2859 937 2927 beneficium,
963 2875 1029 2915 ex
1056 2860 1211 2930 aquis
1240 2859 1304 2914 ad
1331 2860 1620 2929 puritatem
1640 2861 1780 2914 aeris
1801 2860 1925 2914 edn-
1950 2869 1952 2874 '

357 2965 510 3018 cere,
533 2951 599 3006 ad
625 2951 978 3020 perditionem
1010 2952 1237 3020 piscium
1272 2951 1592 3004 beneficium
1624 2950 1715 3004 fiet
1744 2960 1917 3005 tuum.

359 3044 498 3114 Ergo
526 3043 688 3114 piscis
719 3043 936 3112 quidem
987 3043 1057 3098 sit
1111 3041 1198 3096 ubi
1248 3051 1362 3106 est;
1407 3042 1621 3110 quidam
1673 3043 1814 3097 enim
1869 3042 1922 3096 in

363 3137 496 3190 mari
534 3145 660 3190 sunt
688 3136 879 3205 positi;
907 3143 961 3190 et
989 3135 1098 3190 sint
1127 3134 1216 3189 ubi
1262 3135 1340 3189 eis
1379 3144 1461 3188 est
1492 3135 1671 3187 datum
1703 3151 1718 3188 :
1750 3134 1839 3188 alii
1871 3135 1922 3188 in

359 3226 668 3279 fluminibus
697 3235 747 3281 et
777 3226 830 3279 in
861 3225 1094 3282 fontibus
1134 3236 1324 3280 natant
1345 3267 1359 3290 ,
1395 3226 1518 3294 quia
1545 3241 1652 3280 non
1687 3225 1924 3294 indigent

362 3318 467 3370 tuis
501 3317 775 3371 beneficiis
801 3319 865 3370 ad
897 3317 1392 3386 interetnptionem.
1441 3316 1578 3383 Quid
1605 3317 1775 3386 ergo?
1801 3318 1924 3386 quia

361 3409 496 3460 bona
524 3417 603 3460 est
630 3422 765 3476 aqua
793 3408 1028 3478 piscibus
1055 3448 1071 3473 ,
1097 3408 1431 3477 deponatnus
1456 3408 1564 3462 illic
1588 3408 1926 3464 exsultantes

360 3509 413 3552 et
447 3499 710 3552 homines.
740 3498 1044 3554 Secundum
1080 3500 1244 3553 istum
1274 3499 1436 3569 igitur
1464 3514 1798 3566 sermonem,
1817 3484 1925 3554 sint

359 3593 632 3647 masculus
657 3603 710 3648 et
736 3592 933 3647 femina
965 3591 1123 3646 utiles
1179 3591 1320 3659 apud
1371 3605 1469 3645 nos
1502 3602 1556 3645 et
1598 3592 1924 3659 necessarii,

361 3683 640 3736 hominum
671 3695 849 3736 autem
887 3692 1134 3735 naturam
1166 3692 1354 3736 contra
1395 3691 1642 3735 naturam
1673 3697 1784 3736 non
1835 3683 1927 3737 de-

362 3791 643 3842 punamus.
684 3775 740 3828 Si
773 3777 916 3828 enim
947 3773 1238 3828 ascendere
1261 3788 1366 3827 non
1401 3783 1577 3844 potest
1606 3783 1795 3827 natura
1846 3775 1927 3844 pi-

362 3868 531 3921 scium
571 3882 732 3937 supra
757 3876 1002 3920 naturam
1024 3906 1040 3932 ,
1071 3867 1337 3935 quomodo
1362 3880 1470 3919 non
1509 3866 1681 3935 magis
1717 3866 1927 3920 timebi-

365 3976 516 4028 mus,
549 3961 592 4015 si
644 3960 956 4031 angelorum
1007 3969 1255 4013 naturam
1303 3960 1469 4012 verbo
1525 3959 1639 4011 ausi
1670 3956 1926 4012 fuerimus

363 4057 631 4124 deponere
653 4092 669 4118 ,
691 4069 809 4123 qua:
836 4069 940 4106 non
977 4050 1296 4107 descendit?
1322 4051 1471 4104 Alias
1495 4060 1674 4102 autem
1714 4059 1770 4102 et
1793 4048 1927 4102 nihil

363 4148 593 4218 amplius
621 4147 710 4202 fiet
755 4162 784 4200 a
827 4147 1015 4210 nobis,
1072 4146 1173 4200 nisi
1217 4155 1275 4198 ut
1313 4143 1766 4211 blasphememus.
1816 4139 1928 4196 Nec

364 4240 504 4292 enim
535 4241 634 4294 etsi
664 4239 988 4292 voluerimus
1014 4238 1120 4292 vim
1153 4239 1331 4292 facere
1359 4236 1433 4290 illi
1457 4246 1691 4300 naturae,
1735 4248 1924 4303 perur-

365 4331 575 4399 gebitur
610 4347 624 4384 :
656 4331 748 4384 sed
780 4330 856 4384 illi
887 4331 1104 4400 quidem
1130 4327 1520 4383 manentliheri
1567 4327 1635 4380 ab
1681 4327 1786 4381 isto
1830 4325 1928 4379 ha-

365 4424 478 4476 bitu
505 4424 798 4493 corporali.
832 4421 1019 4492 Neque
1043 4423 1184 4476 enim
1219 4420 1489 4476 masculus
1517 4433 1689 4488 neque
1727 4418 1922 4472 femina

365 4514 504 4584 apud
534 4529 627 4568 eos
650 4523 767 4580 est,
796 4527 851 4568 et
883 4530 990 4568 non
1033 4515 1100 4567 de
1129 4523 1292 4567 terra.
1336 4513 1400 4567 Et
1432 4515 1532 4567 hoe
1555 4554 1570 4576 ,
1614 4511 1749 4566 forte
1782 4511 1923 4564 enim

365 4606 562 4661 audisti
598 4607 848 4660 mirabile
872 4606 1000 4660 illud
1031 4606 1268 4675 Apostoli
1295 4607 1496 4660 dictum
1519 4645 1532 4670 ,
1562 4605 1684 4675 quia
1716 4613 1771 4658 et
1792 4602 1928 4672 apud

365 4715 498 4768 quos
527 4708 718 4754 natura
773 4700 963 4753 statuit
1004 4699 1299 4754 masculum
1353 4714 1472 4753 esse
1520 4707 1576 4752 et
1639 4696 1926 4764 feminam,

363 4793 506 4866 apud
539 4793 677 4846 istos
708 4793 851 4860 ipsos
877 4792 1041 4857 fides,
1070 4802 1124 4846 et
1153 4807 1248 4858 per
1299 4793 1456 4846 fidem
1503 4789 1810 4858 coniunctio
1851 4789 1932 4843 in-

364 4882 598 4936 venitur.
630 4881 682 4936 In
716 4880 931 4935 Christo
953 4882 1096 4935 enim
1118 4920 1133 4947 ,
1163 4881 1370 4950 inquit,
1402 4896 1504 4935 non
1535 4891 1617 4935 est
1642 4878 1930 4945 masculus,

364 4987 537 5042 neque
568 4974 765 5028 femina
802 4975 869 5029 ".
901 4974 958 5029 Si
997 4975 1160 5043 igitur
1191 4975 1278 5029 ubi
1342 4990 1404 5029 ex
1449 4983 1636 5028 natura
1681 4982 1764 5028 est
1812 4989 1927 5027 ma-

373 5064 554 5117 sculus
589 5073 643 5117 et
677 5064 875 5119 femina
896 5105 911 5130 ,
943 5065 996 5119 in
1027 5064 1244 5120 Christo
1276 5065 1510 5118 efficitur
1539 5079 1709 5132 neque
1729 5077 1938 5118 mascu-

368 5154 452 5206 lus
491 5167 664 5221 neque
693 5155 913 5221 fen‘tina,
941 5160 1032 5211 sed
1068 5156 1299 5210 imitatio
1332 5155 1684 5226 angelorum:
1712 5171 1808 5208 cur
1831 5169 1934 5208 non

369 5244 539 5312 magis
565 5245 886 5312 suscipimus
916 5247 1142 5315 gratiam
1201 5257 1257 5300 ut
1320 5261 1691 5313 assumantur,
1739 5253 1832 5297 aut.
1879 5253 1938 5298 ut

369 5347 615 5390 naturam
651 5337 961 5406 angelorum
1008 5340 1336 5408 deponamus
1396 5339 1460 5393 ad
1507 5336 1788 5392 nostram?
1827 5333 1932 5391 Sed

372 5445 473 5484 nos
500 5430 777 5499 erigamus
810 5433 1197 5501 nosmetipsos,
1245 5443 1299 5487 et
1351 5433 1416 5487 ad
1453 5431 1728 5501 superiora
1784 5428 1931 5495 cogi-

340 5583 344 5591 .
372 5533 538 5578 latum
564 5525 921 5592 perducamus
947 5535 1188 5579 nostrum
1215 5566 1230 5592 ,
1271 5526 1335 5579 ad
1385 5523 1697 5595 angelorum
1730 5521 1936 5577 scilicet

439 5679 488 5712 "
519 5677 637 5732 Gal.
665 5693 720 5731 Ill
749 5716 762 5739 ,
795 5676 887 5732 28.

451 5814 561 5887 (56)
605 5812 699 5868 .‘fs.
736 5816 901 5882 ipsum
933 5813 1094 5867 solem
1124 5811 1364 5882 inferius.

2028 1956 2334 2012 bilitatibus
2365 1963 2733 2008 mensuratum
2762 1962 2881 2017 est,
2909 1951 3037 2006 illud
3079 1961 3258 2004 autem
3295 1950 3434 2003 aliud
3493 1950 3596 2003 ali-

2028 2049 2178 2120 quid.
2203 2047 2346 2100 Nihil
2368 2061 2498 2100 sane
2520 2061 2616 2100 nos
2642 2045 2894 2114 prohibet
2917 2045 2968 2098 in
3001 2043 3191 2098 iisdem
3216 2042 3346 2111 ipsis
3373 2056 3594 2111 compa-

2027 2121 2332 2198 rationibus
2365 2138 2628 2202 volutari,
2665 2137 2790 2206 quia
2813 2145 2867 2190 et
2897 2135 3132 2204 piscibus
3158 2133 3334 2187 lumen
3367 2133 3598 2186 habetur

2028 2248 2132 2288 non
2158 2241 2362 2286 tantum
2390 2237 2650 2299 quantum
2679 2237 2733 2282 et
2758 2227 2897 2297 apud
2928 2240 3044 2280 nos.
3072 2222 3421 2279 Commistum
3449 2220 3595 2276 enim

2028 2324 2157 2380 illud
2195 2332 2278 2396 est
2309 2322 2485 2376 lumen
2509 2360 2524 2386 ,
2555 2319 2699 2389 quod
2726 2317 2878 2387 apud.
2915 2318 3092 2386 pisces
3128 2315 3354 2370 habetur
3395 2313 3594 2382 aquis;

2028 2427 2084 2470 et
2111 2415 2232 2469 ideo
2260 2427 2364 2468 non
2405 2412 2477 2466 ita
2524 2411 2664 2465 sicut
2713 2409 2852 2478 apud
2904 2423 3002 2462 nos
3035 2414 3316 2477 permanet
3363 2419 3598 2473 purum,

2029 2506 2125 2562 sed
2156 2507 2336 2560 lumen
2383 2512 2437 2558 et
2476 2503 2586 2557 illic
2637 2510 2723 2556 est
2754 2517 2768 2554 :
2801 2502 3047 2570 perlucet
3093 2497 3236 2552 enim
3285 2505 3340 2550 et
3393 2496 3466 2550 ibi
3501 2509 3601 2564 per

2032 2613 2202 2667 aquas
2235 2635 2251 2660 ,
2285 2595 2375 2648 sed
2402 2609 2508 2649 non
2536 2601 2616 2648 est
2638 2593 2709 2647 ita
2742 2606 2934 2662 purum
2957 2599 3015 2644 ut
3059 2587 3238 2644 nobis.
3285 2587 3352 2642 Et
3401 2586 3445 2640 si
3476 2585 3600 2654 quis

2028 2689 2318 2761 aliquando
2347 2688 2397 2740 vi
2427 2686 2615 2741 mersit
2643 2685 2697 2740 in
2724 2698 2891 2753 aquas
2912 2721 2929 2749 ,
2962 2690 3016 2736 et
3044 2681 3096 2736 in
3127 2679 3283 2749 aquis
3321 2693 3448 2733 suos
3473 2693 3600 2746 ape-

2032 2784 2138 2837 ruit
2162 2780 2346 2836 oculos
2365 2819 2382 2843 ,
2416 2778 2548 2833 vidit
2570 2778 2768 2848 quippe
2789 2777 2932 2846 quod
2955 2774 3095 2846 apud
3145 2787 3244 2827 nos
3271 2779 3354 2827 est
3381 2771 3598 2838 lumen;

2030 2873 2207 2937 videt,
2243 2874 2462 2941 inquam
2484 2911 2500 2937 ,
2535 2869 2639 2924 boe
2673 2869 2879 2923 clarum
2911 2868 2965 2922 in
3016 2865 3172 2936 aquis
3219 2865 3597 2934 caliginosum.

2036 2965 2263 3020 Utamur
2285 2971 2463 3016 autem
2505 2971 2559 3015 et
2582 2959 2686 3014 alia
2718 2957 3146 3026 comparatione.
3180 2954 3424 3010 Praesens
3453 2951 3598 3006 enim

2032 3057 2189 3111 istius
2224 3056 2368 3108 horae
2397 3051 2712 3108 constitutio
2735 3050 3107 3104 testimonium
3134 3043 3368 3102 sermoni
3401 3045 3601 3111 imper-

2034 3148 2148 3201 tiet.
2205 3144 2316 3199 Hoc
2345 3143 2488 3212 quod
2536 3141 2694 3210 apud.
2734 3155 2833 3194 nos
2865 3153 3058 3207 purum
3091 3146 3177 3191 est
3227 3136 3402 3190 lumen
3430 3151 3443 3187 :
3475 3131 3598 3201 quia

2033 3237 2174 3291 enim
2206 3235 2374 3287 nubes
2397 3231 2689 3306 adveniens
2724 3229 2970 3283 constitit
2995 3243 3156 3296 super
3185 3241 3306 3286 nos,
3339 3225 3493 3293 aquis
3516 3233 3601 3277 nt-

2033 3339 2155 3398 pote
2173 3325 2355 3396 plena;
2379 3307 2484 3378 non
2516 3321 2762 3391 permisit
2780 3330 2960 3373 autem
2987 3320 3090 3372 tale
3111 3319 3176 3372 ad
3198 3333 3296 3371 nos
3314 3316 3492 3369 lumen
3513 3329 3602 3368 ve-

2035 3423 2172 3484 nire,
2195 3418 2354 3488 quale
2373 3415 2486 3470 heri
2507 3424 2559 3469 et
2584 3414 2792 3484 pridem
2816 3412 3149 3466 habebamus
3167 3409 3216 3463 in
3242 3407 3430 3462 oculis.
3446 3404 3603 3460 Aeris

2034 3509 2177 3564 enim
2199 3505 2412 3561 tristitia
2427 3505 2634 3575 pervisa
2655 3501 3097 3568 ostenditquanta
3115 3494 3600 3551 immutatioeidem

2036 3602 2134 3672 ipsi
2165 3599 2350 3654 lumini
2379 3600 2445 3652 ab
2472 3594 2767 3662 interjectis
2799 3591 3029 3646 nubibus
3052 3588 3354 3659 perficitur,
3381 3598 3439 3641 ut
3463 3586 3602 3652 apud

2035 3711 2154 3748 nos.
2183 3691 2238 3746 Si
2273 3701 2455 3744 autem
2493 3696 2760 3759 praecepto
2793 3685 2886 3741 Dei
2919 3684 3194 3739 evacuatis
3223 3681 3377 3750 aquis
3409 3679 3603 3747 fugata

2035 3786 2234 3840 fuerint
2256 3786 2444 3846 nuhes,
2463 3791 2517 3836 et
2539 3791 2729 3834 natura
2748 3777 2866 3848 ejus
2886 3785 2987 3839 est,
3009 3777 3198 3831 iterum
3218 3773 3370 3828 nobis
3387 3771 3605 3826 advenit

2037 3878 2240 3940 lumen,
2267 3890 2372 3929 non
2396 3873 2537 3926 aliud
2570 3873 2768 3941 quippe
2788 3869 3007 3931 factum,
3028 3871 3121 3921 sed
3141 3865 3424 3919 liberatum
3457 3877 3485 3915 a
3505 3876 3605 3916 nu-

2033 3969 2122 4023 bitt
2133 3985 2181 4020 ιιι
2201 3965 2546 4034 pertnistione
2563 4006 2576 4027 ,
2598 3963 2754 4015 istam
2774 3977 2934 4031 quam
2953 3959 3144 4013 videtis
3164 3954 3602 4012 constitutionem

2035 4059 2379 4128 pt'zebenteut.
2424 4055 2563 4124 Ergo
2597 4063 2648 4107 et
2675 4052 2726 4105 in
2771 4051 2927 4116 mari,
2958 4060 3012 4105 et
3045 4051 3097 4103 in
3126 4049 3280 4116 aquis
3303 4055 3422 4101 erat
3460 4045 3604 4099 aliud

2035 4149 2250 4214 lumen;
2301 4163 2405 4200 non
2441 4145 2666 4199 alterum
2700 4145 2896 4214 quippe
2926 4151 3140 4206 natura,
3177 4140 3269 4194 sed
3304 4141 3404 4193 sub
3434 4138 3604 4191 intro.

2035 4242 2284 4295 ductione
2317 4240 2542 4292 aliorum
2579 4237 2952 4307 caliginosum.
3008 4235 3083 4288 lta
3113 4242 3165 4288 et
3212 4231 3351 4302 apud
3399 4243 3494 4284 nos
3539 4242 3605 4283 ex

2035 4344 2302 4387 conventu
2334 4329 2552 4384 nubium
2586 4338 2641 4383 et
2683 4343 2942 4397 aquarum
2974 4326 3074 4380 hoc
3103 4325 3301 4380 factum
3331 4333 3433 4385 est,
3464 4321 3605 4390 quod

2034 4425 2226 4478 videtis
2265 4439 2362 4492 per
2405 4421 2595 4480 nubes.
2648 4421 2950 4476 Secundum
2993 4421 3150 4472 istum
3199 4417 3360 4485 igitur
3401 4428 3607 4468 sermo-

1961 4548 2004 4602 υ
2039 4530 2180 4577 nem,
2214 4523 2267 4567 et
2327 4529 2424 4584 per
2470 4528 2648 4567 aerem
2682 4521 2972 4581 penetrans
3005 4511 3182 4563 lumen
3226 4523 3330 4561 non
3373 4515 3456 4560 est
3505 4505 3608 4559 tale

2035 4605 2192 4675 quale
2224 4621 2254 4660 a
2291 4605 2400 4660 sole
2448 4605 2731 4660 emittitur.
2782 4603 2838 4658 Si
2881 4603 3024 4657 enim
3077 4601 3310 4655 maxime
3356 4614 3421 4652 eo
3463 4596 3605 4666 quod

2039 4699 2352 4769 perspicuus
2382 4713 2477 4752 aer
2504 4698 2750 4759 habetur,
2784 4696 2912 4749 latet
2937 4694 3214 4764 permistio
3243 4714 3254 4748 :
3283 4694 3376 4746 sed
3406 4692 3450 4745 si
3484 4691 3607 4760 quis

2039 4789 2266 4843 voluerit
2298 4791 2532 4859 cogitatu
2563 4787 2794 4852 evolare,
2834 4796 2889 4842 et
2922 4787 3064 4840 velut
3103 4787 3155 4839 in
3200 4785 3355 4853 aquis
3386 4783 3605 4836 nubium

2039 4896 2096 4934 se
2131 4895 2374 4947 mergere
2395 4919 2410 4944 ,
2450 4887 2504 4934 et
2534 4880 2702 4933 nubes
2741 4879 2968 4933 transire
2988 4918 3002 4943 ,
3032 4889 3085 4932 et
3117 4877 3259 4931 aeris
3304 4874 3608 4946 permistio-

2039 4987 2159 5025 ncm
2207 4971 2606 5036 transcendere,
2660 4969 2958 5040 pervidebit
3013 4968 3356 5039 purissimum
3405 4966 3605 5020 lumen.

2039 5063 2192 5118 Sicut
2220 5063 2362 5116 enim
2403 5062 2506 5118 hoc
2536 5061 2676 5133 quod
2703 5062 2841 5132 apud
2879 5077 2976 5117 nos
3007 5070 3088 5115 cst
3119 5059 3316 5124 lumen,
3371 5057 3608 5125 regioni-4

2041 5155 2138 5208 hus
2161 5162 2215 5208 et
2236 5153 2423 5222 spatiis
2451 5161 2506 5208 et
2546 5152 2928 5209 offensionibus
2963 5167 3173 5220 semper
3199 5150 3456 5204 minuitur
3482 5163 3499 5203 :
3534 5148 3607 5202 ita

2040 5245 2274 5309 rediens,
2307 5257 2360 5299 et
2406 5246 2472 5301 ab
2520 5246 2674 5317 aquis
2721 5245 2899 5299 lumen
2933 5244 3264 5314 abstergens,
3297 5251 3348 5296 et
3382 5257 3410 5294 a
3456 5240 3610 5294 nubi-

2038 5337 2137 5391 bus
2173 5348 2224 5391 te
2279 5353 2562 5408 separans,
2598 5350 2651 5392 et
2709 5353 2737 5390 a
2786 5337 3134 5407 permistione
3181 5335 3320 5389 acris
3354 5335 3609 5400 liberans,

2031 5433 2433 5485 transcenderis
2487 5439 2664 5483 autem
2724 5441 2777 5483 et
2831 5430 2984 5483 istius
3034 5427 3247 5482 luminis
3299 5425 3608 5497 puritatem,

2044 5519 2301 5591 relinquis
2352 5531 2406 5578 et
2455 5522 2624 5591 ipsum
2675 5524 2843 5578 solum
2897 5523 3119 5578 inferius
3151 5519 3284 5592 (56).
3320 5517 3612 5575 Trausiens
