4100 6456
475 371 605 441 ttat

471 499 672 568 quippe
700 505 754 551 et
800 497 998 551 caelum
1047 495 1317 564 superius,
1362 509 1616 549 occurres
1663 493 1848 548 lumini
1892 514 1904 549 :

474 589 550 644 iiii
579 590 672 659 qui
702 603 730 643 a
757 591 874 645 sole
903 601 1006 652 est,
1038 605 1136 644 nec
1165 589 1238 642 illi
1275 587 1362 644 cui
1391 587 1666 642 successio
1697 603 1802 642 nos
1827 598 1930 648 est.
1977 605 2064 642 nc-

470 695 578 751 que
617 681 694 736 illi
720 682 813 752 qui
857 697 886 737 a
932 682 1234 751 parietibus
1260 680 1601 750 prohibetur,
1641 696 1741 737 nec
1767 681 1844 735 illi
1869 682 1954 737 cui
1982 681 2062 736 of-

472 770 700 828 fendunt
733 771 963 840 umbra,
1002 788 1176 842 neque
1205 771 1280 825 illi
1315 771 1405 842 qui
1432 771 1826 840 permisceatur
1853 771 1964 826 aeri
2009 782 2060 824 et

471 863 652 933 aquis,
685 863 802 921 sive
835 879 933 934 per
967 863 1136 919 nubes
1185 863 1300 917 sive
1356 877 1456 932 per
1509 877 1680 927 mare,
1717 863 1823 936 sed
1875 864 2062 917 lumini

472 966 629 1024 puro.
681 951 750 1008 lit
779 968 848 1009 ne
875 963 1030 1024 putes
1057 967 1144 1008 me
1188 969 1332 1007 nunc
1362 952 1582 1022 angelos
1619 953 1800 1009 dicere
1839 953 2018 1009 lumen
2047 972 2061 1008 :

471 1053 558 1098 est
585 1043 730 1100 enim
755 1053 808 1099 et
834 1061 997 1116 super
1030 1047 1134 1100 hoc
1156 1045 1359 1101 clarum
1391 1043 1571 1100 lumen
1603 1045 1822 1100 ciarins.
1870 1045 1927 1100 ln
1962 1047 2066 1101 isto

475 1138 643 1206 igitur
679 1137 885 1193 lumine
910 1141 1266 1206 sempiterno,
1300 1138 1352 1192 in
1405 1138 1508 1192 isto
1545 1136 1636 1207 qui
1685 1152 1790 1192 non
1838 1136 1890 1192 in
1941 1153 2058 1192 suc-

473 1231 812 1286 cessionibus
853 1231 1104 1293 habetur.
1147 1231 1236 1299 qui
1262 1245 1369 1284 non
1399 1230 1689 1300 aliquando
1712 1230 1926 1298 quidem
1959 1242 2060 1296 est,

478 1321 770 1394 aliquando
803 1334 981 1379 autem
1006 1341 1110 1380 non
1142 1334 1223 1378 est
1257 1343 1270 1377 :
1301 1324 1352 1377 in
1396 1323 1500 1377 isto
1526 1324 1617 1394 qui
1641 1322 1781 1378 casio
1813 1323 2063 1393 superius

477 1425 582 1480 est,
632 1425 685 1470 et
727 1431 834 1472 non
866 1433 894 1470 a
928 1417 1067 1473 casio
1119 1417 1287 1470 istic:
1321 1415 1405 1470 cui
1433 1415 1514 1470 sol
1561 1431 1666 1469 non
1708 1425 1792 1470 est
1830 1415 2062 1484 genitor,

479 1523 586 1562 non
619 1505 740 1562 luna
770 1517 945 1564 mater
968 1550 982 1568 .
1015 1524 1118 1563 non
1150 1507 1345 1562 cmlum
1383 1521 1412 1560 a
1441 1505 1630 1570 stellis,
1669 1521 1775 1560 non
1816 1505 2064 1560 lucerna-

481 1614 598 1652 rum
630 1599 966 1670 splendores,
1002 1598 1096 1655 sed
1127 1599 1305 1652 lumen
1343 1598 1492 1652 illud.
1521 1596 1598 1652 Tu
1633 1597 1776 1653 enim
1808 1595 1925 1652 sine
1952 1596 2064 1651 sole

481 1690 660 1744 iumen
696 1693 877 1745 videre
911 1707 1013 1744 non
1067 1701 1243 1759 potes,
1302 1705 1401 1744 nec
1447 1703 1506 1741 ea
1553 1704 1670 1758 quae
1718 1687 1855 1742 infra
1895 1687 2061 1742 solem

482 1783 772 1846 habentur.
804 1795 856 1838 et
886 1799 945 1837 ea
974 1800 1092 1852 qua:
1131 1794 1449 1853 quaeruntur
1473 1792 1532 1836 ut
1565 1792 1850 1837 teneantur
1879 1797 2061 1836 manu.

481 1877 598 1934 Non
649 1895 834 1933 eorum
889 1882 978 1948 qui
1031 1889 1282 1949 qua'runt
1321 1879 1449 1948 quid
1497 1888 1734 1947 gustent,
1780 1886 1870 1931 aut
1899 1879 2065 1932 odore

482 1980 804 2034 assumant;
857 1986 960 2024 non
1010 1984 1197 2023 eorum
1252 1969 1342 2037 qui
1396 1966 1617 2020 auribus
1645 1967 1960 2028 educentur.
2010 1977 2067 2023 et

481 2061 654 2117 oeulis
680 2063 880 2124 vident,
921 2063 1056 2115 sicut
1089 2062 1142 2114 in
1177 2061 1351 2131 aquis.
1392 2059 1503 2116 Illic
1529 2061 1674 2115 enim
1700 2059 1802 2114 alia
1835 2075 2065 2115 conver-

479 2149 623 2204 satio
649 2159 755 2212 est,
783 2163 837 2204 et
868 2151 970 2203 alia
1000 2151 1052 2204 in
1087 2161 1252 2214 terra,
1287 2161 1340 2206 et
1373 2151 1425 2205 in
1461 2166 1587 2205 aere
1620 2165 1725 2204 non
1761 2152 1971 2214 eadem,
2012 2158 2067 2204 et

482 2237 678 2293 malum
731 2239 889 2294 aliam
939 2241 1100 2296 habet
1152 2241 1616 2296 constitutionem.
1677 2239 1750 2295 ita
1813 2252 2066 2296 maneant

483 2332 585 2387 ista
617 2333 758 2398 istic,
792 2333 877 2388 illa
918 2344 1098 2390 autem
1133 2337 1253 2403 quin
1297 2336 1422 2390 inde
1465 2344 1592 2389 sunt
1634 2334 1744 2389 sint
1789 2333 1915 2396 alia,
1959 2349 2064 2388 non

484 2425 675 2478 horum
729 2440 1079 2495 congeneres.
1134 2424 1190 2481 Si
1240 2427 1383 2482 enim
1440 2426 1636 2481 clarior
1681 2425 1836 2480 stella
1895 2425 2067 2496 magis

479 2529 640 2588 quam
670 2515 906 2573 lucerna:
953 2518 1132 2572 lumen
1166 2526 1268 2584 est,
1322 2533 1426 2572 non
1463 2527 1514 2573 te
1543 2517 1782 2580 sedncat,
1827 2518 1950 2586 quia
1984 2516 2065 2570 lu-

482 2621 644 2661 cerna
671 2608 888 2678 quidem
919 2608 1226 2664 illuminare
1259 2610 1506 2674 videtur,
1537 2617 1591 2664 et
1623 2624 1959 2680 unaqttzrque
1988 2619 2068 2664 ιοο

485 2713 592 2757 tam
619 2701 835 2757 domum
876 2719 889 2755 :
934 2702 1100 2756 stellte
1128 2713 1306 2756 autem
1335 2710 1496 2757 tantae
1529 2712 1741 2757 noctem
1780 2718 1886 2756 non
1911 2701 2064 2756 aufeo

484 2801 610 2846 runt
629 2806 810 2846 unam.
833 2790 890 2846 Si
909 2792 1031 2861 quis
1057 2793 1198 2846 enim
1226 2793 1614 2848 volueritscire
1646 2793 2068 2848 Incernaimbe-

481 2883 761 2938 eillitatem
781 2883 846 2936 ad
869 2884 1145 2938 stellarum
1168 2884 1392 2950 lmnina,
1421 2886 1678 2940 abstrahe
1707 2886 1978 2940 lucernam
1998 2884 2066 2938 ab

480 2975 640 3030 oculo
665 2993 679 3030 :
709 2991 813 3031 non
866 2987 1124 3046 quantum
1163 2977 1331 3030 distat
1361 2977 1556 3031 cmlum
1585 2988 1748 3043 terra,
1794 2977 1918 3047 quia
1959 2989 2064 3030 non

481 3078 566 3124 est
604 3069 706 3124 hoc
741 3069 832 3124 tibi
869 3070 1170 3136 possibile;
1207 3079 1388 3124 tamen
1417 3080 1677 3139 quantum
1714 3081 1866 3139 potes
1891 3069 2068 3124 lucer-

483 3174 608 3214 nam
636 3160 703 3216 ab
733 3160 894 3215 oculo
917 3177 1128 3230 separa,
1161 3161 1454 3217 intueberis
1481 3162 1606 3232 quia
1637 3162 1824 3231 spatiis
1867 3161 2065 3216 minui-
2090 3197 2133 3257 ο

483 3263 592 3317 tur,
627 3261 679 3307 et
720 3253 1067 3325 caliginatur,
1113 3265 1166 3308 et
1219 3253 1487 3308 inﬁrmior
1518 3254 1764 3324 arguitur
1806 3251 2062 3309 lucerna-

482 3364 602 3404 rum
644 3349 846 3404 lumen.
905 3349 961 3404 Si
1015 3364 1194 3404 autem
1241 3360 1387 3406 esset
1436 3351 1614 3419 aliqua
1647 3350 1978 3416 adiuventio,
2010 3360 2068 3406 ut

482 3429 586 3498 non
618 3442 790 3497 solum
815 3443 976 3498 unius
1002 3443 1235 3498 lucernae
1261 3485 1274 3507 ,
1323 3445 1414 3498 sed
1444 3444 1686 3499 omnium
1719 3443 2064 3499 lucernarum

481 3534 775 3603 “animum,
817 3545 870 3591 et
916 3537 1156 3591 omnium
1200 3554 1320 3608 quae
1369 3539 1770 3603 accenduntur;
1824 3537 1866 3591 si
1923 3545 2064 3591 esset

482 3628 730 3696 machina
763 3627 1004 3694 quaedam
1031 3670 1046 3695 ,
1078 3641 1130 3681 ut
1170 3644 1385 3683 omnem
1423 3628 1580 3681 istam
1627 3626 1896 3681 flammam
1943 3628 2065 3698 quis

482 3729 666 3792 posset
711 3720 984 3791 colligere,
1039 3729 1092 3775 et
1136 3723 1190 3775 in
1225 3719 1362 3774 caelo
1402 3718 1753 3782 constituere,
1789 3717 1878 3770 ubi
1910 3717 2065 3772 stella

483 3815 806 3887 parvissima
851 3826 936 3867 est
989 3814 1186 3881 posita.
1236 3828 1336 3868 nec
1392 3825 1610 3880 prorsus
1646 3809 1824 3880 agnita
1877 3807 2065 3863 luisset

483 3907 721 3970 ﬂamma,
787 3906 876 3960 ubi
936 3905 1108 3974 posita
1169 3903 1480 3959 haberetur.
1544 3901 1654 3956 Cur
1707 3915 1836 3970 ergo
1875 3915 2064 3956 omnes

481 3997 654 4056 Stella:
679 4015 784 4052 non
810 3997 1014 4067 pellunt
1040 3997 1294 4052 noctem?
1323 3995 1448 4064 quia
1480 3993 1664 4048 multis
1688 3992 1879 4063 spatiis
1907 4007 1934 4045 a
1970 4007 2064 4044 no-

481 4091 568 4159 bis
613 4091 846 4152 distant.
915 4099 1094 4144 tamen
1146 4106 1249 4143 non
1301 4087 1598 4157 quamlibet
1656 4085 2061 4155 permistionem

482 4181 701 4238 luminis
731 4182 783 4236 in
817 4190 978 4236 nocte
1036 4179 1432 4236 transmittunt.
1467 4176 1523 4233 Si
1575 4178 1696 4248 quis
1742 4187 1922 4231 autem
1965 4190 2062 4229 vo-

483 4275 641 4332 luerit
671 4275 886 4339 intueri,
918 4283 972 4329 et
999 4288 1314 4342 comparare
1338 4271 1570 4326 nubibus
1601 4281 1836 4331 noctem.
1877 4270 2062 4338 pervi-

481 4366 632 4426 dcbit
656 4367 781 4437 quia
807 4367 1002 4428 nubes,
1031 4366 1158 4421 licet
1191 4381 1294 4419 non
1323 4381 1420 4435 per
1439 4365 1640 4426 omnia,
1670 4374 1849 4417 tamen
1879 4363 2059 4434 splen-

479 4458 662 4520 dorem
697 4458 974 4514 stellarum
1018 4457 1320 4527 prohibent.
1356 4458 1421 4512 Et
1450 4473 1572 4511 cum
1605 4457 1706 4511 hoc
1741 4456 1810 4510 ita
1840 4457 1942 4519 sit,
1974 4455 2058 4509 in-

1162 377 1428 436 EUSEBII
1469 377 1954 434 Cl'ZSARiENSlS
1995 375 2144 434 OPi‘.
2189 376 2367 434 PARS
2407 377 2493 432 iV.
2537 408 2604 421 --
2643 373 3065 432 DOGMATICA.

1953 512 2055 548 non
2094 503 2133 554 Α
2165 495 2497 549 contendens
2534 495 2792 548 exhibere
2833 493 2901 548 de
2941 485 3302 546 "inenarrabili
3329 489 3439 545 Deo
3484 487 3745 560 loquitur,

3614 371 3752 430 1152

2167 587 2345 640 iumen
2387 587 2634 640 habitans
2667 584 3041 639 inaccessibile
3061 582 3138 648 ³⁸;
3172 582 3547 639 inaccessibile
3573 583 3744 636 nomi-

2167 693 2325 742 nans.
2379 677 2434 733 id
2477 677 2610 733 dicit
2643 676 2788 745 quod
2820 674 3017 743 suscipi
3047 690 3151 728 non
3181 684 3376 746 potest.
3411 673 3614 728 Lumen
3649 673 3747 742 igi-

2167 777 2256 822 tur
2281 765 2490 838 angelis
2516 767 2642 821 illud
2671 773 2778 830 est,
2803 764 2960 834 cujus
2989 778 3163 832 neque
3185 773 3376 833 gustus
3401 776 3576 832 neque
3603 779 3748 818 com-

2165 862 2378 930 paratio
2412 860 2552 930 apud
2585 874 2687 915 nos
2721 859 3014 914 invenitur.
3048 856 3216 929 Regio
3239 866 3418 912 autem
3443 856 3560 928 ejus
3582 871 3740 926 supra

2166 955 2386 1010 dorsum
2435 962 2520 1009 est
2560 953 2704 1016 εαξη,
2748 952 3026 1022 possessio
3064 967 3193 1006 vero
3239 960 3294 1004 et
3337 950 3538 1005 divitia:
3571 950 3739 1020 ipsis:

2167 1066 2271 1104 non
2305 1050 2449 1104 enim
2482 1047 2623 1103 lecto
2656 1057 2706 1102 et
2744 1046 3008 1100 medicina
3057 1055 3113 1100 et
3155 1061 3363 1111 mensa,
3410 1055 3464 1098 et
3518 1061 3580 1098 ea
3626 1060 3741 1115 qua!

2167 1141 2308 1212 apud
2342 1157 2444 1196 nos
2472 1155 2671 1208 magna
2705 1149 2964 1208 putantur
2987 1179 3002 1200 .
3052 1139 3380 1208 sempiterna
3417 1137 3505 1191 illa
3543 1136 3742 1207 indiget

2165 1247 2216 1290 et
2255 1243 2441 1290 sancta
2483 1243 2674 1288 natura
2710 1251 2722 1288 :
2768 1232 2871 1286 illis
2907 1231 3050 1286 enim
3091 1247 3313 1285 somnus
3351 1247 3453 1284 non
3499 1241 3604 1295 est,
3638 1247 3738 1285 non

2166 1329 2345 1395 dolor,
2399 1342 2504 1381 non
2548 1324 2720 1382 labor.
2764 1324 2901 1391 Quid
2949 1325 3120 1393 ergo?
3162 1323 3297 1379 Num
3341 1325 3512 1379 otiosa
3559 1339 3738 1378 eorum

2167 1433 2362 1476 natura
2400 1419 2528 1474 est?
2575 1417 2784 1473 Ilabent
2819 1433 2953 1487 opus
2987 1417 3201 1487 dignum
3247 1432 3358 1470 suas.
3389 1416 3738 1470 substantiae:

2170 1514 2338 1570 Deum
2383 1513 2611 1568 laudant
2656 1527 2760 1566 non
2803 1510 3027 1565 vocibus
3073 1525 3246 1580 neque
3287 1508 3544 1564 clamore.
3599 1508 3739 1574 Quo-

2171 1607 2332 1663 modo
2366 1621 2496 1677 ergo
2537 1603 2666 1658 dicit
2697 1603 2978 1673 Scriptura
3019 1616 3196 1664 voces,
3236 1611 3307 1662 et.
3344 1602 3387 1656 si
3442 1599 3742 1670 permiserit

2170 1711 2400 1769 tempus.
2447 1699 2822 1768 contingemns
2853 1695 3154 1760 audientes.
3190 1705 3243 1748 et
3279 1695 3379 1749 ista
3406 1691 3617 1746 interim
3645 1706 3741 1744 au-

2171 1804 2274 1847 tem
2306 1803 2499 1847 natura
2532 1799 2881 1862 agnoscatur.
2934 1789 2989 1843 Si
3023 1800 3202 1843 autem
3241 1798 3296 1842 et
3335 1786 3490 1842 aliter
3515 1799 3741 1854 appara-

2171 1886 2305 1942 verit
2340 1884 2620 1951 Scriptura
2657 1884 2865 1948 dicens,
2903 1882 3082 1951 agnita
3108 1890 3300 1934 natura
3337 1887 3660 1948 agnoscetur
3691 1886 3744 1933 et

2170 1975 2369 2045 quibus
2434 1975 2715 2044 Scriptura
2770 1973 3087 2043 alloquitur.
3148 1970 3393 2039 Denique
3445 1979 3500 2024 ct
3561 1978 3744 2024 orator

2169 2061 2352 2132 parvis
2391 2072 2485 2115 aut
2527 2077 2633 2114 non
2678 2060 2938 2132 loquitur,
2974 2069 3072 2115 aut
3118 2060 3197 2114 sic
3242 2058 3480 2128 loquitur
3509 2069 3565 2112 ut
3593 2058 3741 2127 parvi

2172 2165 2398 2221 possunt
2429 2155 2617 2208 audire
2645 2173 2657 2222 ;
2709 2162 2762 2208 et
2815 2152 3100 2222 Scriptura
3133 2153 3316 2207 divina
3353 2150 3656 2205 hominibus
3686 2158 3743 2201 ut

2169 2245 2404 2300 humane
2448 2247 2716 2314 loquatur,
2759 2252 2854 2298 aut
2888 2243 3106 2298 silentio
3155 2243 3475 2300 honoretur.
3525 2241 3636 2296 Non
3676 2258 3740 2296 ex

2171 2339 2254 2393 his
2281 2338 2445 2406 igitur
2475 2353 2540 2392 ex
2573 2336 2770 2406 quibus
2795 2335 3238 2391 condescendens
3265 2335 3543 2404 Scriptura
3579 2334 3745 2404 loqui-

2171 2440 2260 2484 tur
2292 2431 2465 2492 nobis.
2515 2430 2772 2485 debemus
2804 2427 2971 2483 verbo
3012 2428 3280 2484 deducere
3325 2437 3380 2482 et
3414 2437 3656 2484 naturas.
3693 2440 3747 2479 et

2171 2525 2278 2578 vim
2337 2523 2518 2579 facere
2563 2522 2997 2592 nobismetipsis.
3039 2531 3096 2576 et
3144 2531 3206 2575 ut
3241 2519 3418 2590 pisces
3461 2518 3676 2574 exsilire
3715 2534 3747 2571 e

2170 2615 2326 2670 mari.
2359 2609 2530 2668 Erunt
2565 2613 2708 2667 enim
2742 2613 2897 2668 nobis
2927 2613 3275 2682 jactationes,
3308 2627 3414 2669 non
3454 2612 3522 2667 ad
3563 2611 3745 2683 perdi-

2173 2709 2372 2761 tionem
2426 2715 2486 2760 ut
2537 2705 2773 2776 piscibus
2808 2723 2823 2760 :
2867 2706 2964 2761 sed
3009 2704 3276 2774 quomodo
3307 2719 3366 2759 ea
3401 2705 3603 2768 dicam,
3647 2717 3749 2774 ego

2167 2801 2385 2870 quidem
2427 2815 2531 2854 non
2563 2813 2804 2869 possum.
2853 2798 3019 2854 Decet
3051 2806 3228 2852 autem
3256 2805 3556 2866 Opportune
3590 2809 3743 2864 repe-

2171 2901 2286 2946 tere
2331 2909 2439 2946 non
2483 2890 2692 2945 Domini
2737 2905 2948 2958 vocem,
2977 2889 3066 2960 qui
3107 2889 3408 2960 piscatores
3437 2906 3465 2942 a
3515 2889 3648 2942 mari
3691 2899 3749 2944 et

2168 2985 2376 3055 stagnis
2403 2995 2453 3035 et
2484 2981 2659 3038 ﬂuviis
2689 2983 3032 3046 abstrahens.
3063 2983 3140 3037 ait
3176 3001 3191 3038 :
3235 2983 3279 3015 ⁸³
3315 2979 3512 3047 Venite,
3553 2980 3746 3050 facian:

2167 3095 2256 3132 vos
2289 3077 2578 3145 piscatores
2612 3077 2906 3132 hominum.
2946 3076 3109 3132 Decet
3147 3077 3313 3141 enim,
3348 3076 3542 3145 inquit,
3576 3074 3748 3129 bomi<

2169 3186 2264 3224 nes
2296 3169 2602 3238 piscamini.
2633 3167 2699 3222 Et
2735 3184 2842 3224 non
2879 3169 3066 3235 tacuit,
3096 3184 3162 3222 ne
3189 3166 3424 3235 suspicio
3453 3166 3607 3220 ﬂeret
3635 3181 3749 3235 pcr-

2168 3263 2409 3324 ditionis,
2441 3263 2534 3316 sed
2559 3263 2830 3324 homines,
2854 3261 3049 3330 inquit,
3087 3261 3366 3331 piscamini
3401 3259 3466 3314 ad
3495 3259 3745 3314 salutem.

2168 3354 2456 3422 Erigamus
2501 3353 2667 3425 igitur
2713 3355 3093 3423 nosmetipsos,
3124 3354 3437 3408 exsiliamus
3464 3367 3496 3406 e
3528 3352 3661 3406 mari
3692 3361 3751 3404 et

2169 3460 2196 3498 a
2241 3454 2383 3500 terra
2419 3446 2470 3498 in
2503 3462 2606 3515 qua
2640 3455 2867 3508 stamus,
2900 3455 2955 3501 et
2999 3445 3266 3499 incidatur
3295 3459 3328 3498 a
3359 3444 3514 3498 nobis
3540 3459 3653 3505 aer,
3693 3453 3752 3498 et

2169 3538 2450 3591 scindatur
2479 3538 2632 3591 nobis
2660 3549 2711 3591 et
2738 3536 2957 3591 caelum.
2987 3536 3262 3606 Cogitatus
3289 3536 3435 3590 enim
3474 3550 3573 3589 non
3607 3535 3746 3589 deti-

2168 3637 2348 3692 netur,
2406 3638 2458 3681 et
2512 3629 2705 3698 pennis
2747 3628 3002 3682 desiderii
3041 3627 3180 3682 coelo
3228 3625 3479 3694 superius
3523 3627 3743 3678 acceda-

2169 3736 2309 3784 mus,
2342 3735 2540 3788 corpus
2593 3721 2712 3775 istic
2747 3720 2815 3773 ad
2865 3734 3197 3790 congeneres
3246 3717 3636 3786 relinquentes,
3689 3727 3750 3769 et

2166 3815 2329 3884 pedes
2372 3814 2424 3865 in
2464 3821 2628 3876 terra,
2665 3813 2790 3882 quia
2816 3814 2881 3866 ad
2906 3813 3100 3869 coelum
3134 3828 3238 3866 non
3267 3818 3512 3875 currunt,
3542 3819 3596 3864 et
3633 3822 3749 3862 ma-

2168 3922 2266 3960 nus
2303 3905 2423 3960 istic
2453 3905 2544 3960 ubi
2581 3914 2803 3975 possunt
2838 3915 2892 3960 et
2941 3914 3183 3974 tangere,
3228 3914 3282 3956 et
3326 3917 3484 3954 aures
3523 3900 3613 3955 hic
3661 3915 3751 3952 au-

2166 3997 2316 4051 diant
2345 4012 2526 4062 voces,
2557 4008 2613 4051 et
2650 3997 2899 4052 odoratin
2948 3995 3036 4050 ubi
3081 3995 3244 4050 habet
3270 3994 3672 4055 necessitatem,
3693 4001 3748 4046 et

2164 4101 2355 4160 gustus
2384 4091 2523 4158 apud
2561 4106 2654 4145 eos
2691 4090 3126 4159 qui.pascuntur.
3154 4099 3210 4144 et
3236 4088 3375 4141 visio
3409 4102 3532 4140 cum
3569 4086 3750 4138 visibio

2167 4169 2582 4238 libus‘maneat.
2627 4180 2906 4252 Cogitatns
2950 4190 3128 4235 autem
3179 4190 3326 4234 veste
3376 4195 3436 4234 sc.
3484 4178 3744 4246 spoliatis.

2163 4274 2408 4342 corporis
2438 4275 2592 4327 istius
2627 4275 2836 4344 pondus
2871 4273 3124 4342 deponat.
3154 4283 3206 4328 et
3241 4287 3367 4327 suas
3393 4286 3599 4339 pennas
3632 4284 3745 4322 mo-

2166 4372 2309 4427 veat,
2358 4371 2412 4418 el.
2455 4379 2788 4433 quaecunque
2828 4363 3168 4419 deducuntur
3214 4364 3476 4428 abscidat,
3525 4371 3581 4417 et
3624 4377 3744 4432 qum

2168 4463 2294 4509 sunt
2339 4456 2522 4524 gravia
2557 4464 2610 4509 et
2642 4455 2888 4512 detinere
2936 4465 3168 4522 tentant,
3205 4457 3468 4524 deponat;
3499 4464 3556 4509 et
3584 4453 3656 4509 sit
3683 4453 3736 4506 in

479 4549 672 4620 spiciet
703 4549 828 4620 quid
865 4557 1163 4618 operantur
1193 4546 1394 4611 stellae,
1429 4555 1484 4601 et
1512 4556 1777 4613 quantum
1810 4545 2062 4614 splendo-
2095 4541 2138 4599 D
2165 4545 2416 4602 dorsibus
2444 4547 2589 4612 caeli,
2626 4557 2679 4602 et
2711 4547 2817 4602 illic
2859 4549 3041 4602 i'al-tus
3078 4564 3200 4601 cum
3245 4547 3451 4615 angelis
3485 4555 3543 4600 et
3579 4563 3746 4617 auge-

479 4656 592 4700 rem
631 4642 850 4695 mittunt
881 4641 932 4695 in
969 4652 1126 4694 nocte
1157 4658 1170 4693 :
1201 4648 1253 4694 et
1287 4649 1465 4693 tamen
1505 4638 1676 4692 stellae
1710 4653 1900 4693 onmes
1932 4654 2052 4692 cum

480 4731 750 4786 universis
781 4730 1014 4785 lucernis
1041 4730 1243 4785 habent
1284 4729 1500 4799 quidem
1539 4727 1876 4793 aﬂinitatem,
1930 4729 2055 4797 quia

477 4821 742 4876 luminosa
768 4817 1220 4889 qualitercumque
1249 4831 1476 4887 utraque
1505 4827 1650 4872 sunt.
1692 4818 1796 4873 Sed
1824 4835 1927 4872 non
1964 4834 2056 4872 so-

476 4913 588 4969 lum
627 4931 656 4968 a
695 4913 929 4968 lucernis
962 4912 1130 4966 stellae
1163 4911 1441 4976 differunt,
1477 4912 1570 4964 sed
1607 4922 1659 4964 et
1689 4910 1843 4964 stella
1889 4911 2056 4965 stella:

477 5005 656 5061 diﬂ’ert
689 5007 740 5058 in
769 5003 1014 5059 claritate
1037 5005 1106 5059 ".
1158 5001 1339 5057 Stellis
1380 5012 1558 5056 autem
1609 5002 1766 5056 simul
1802 5003 2055 5058 omnibus

477 5097 748 5160 adornatis,
775 5097 1032 5168 splendor
1059 5096 1197 5149 luna:
1237 5094 1553 5166 prmfuigct;
1593 5105 1649 5151 et
1689 5096 1844 5150 istam
1875 5095 2054 5152 lunam

477 5189 728 5262 omnibus
761 5188 934 5243 stellis
963 5189 1247 5251 addentes,
1291 5189 1579 5242 vincuntur
1607 5203 1792 5242 eorum
1820 5187 2055 5259 fulgores

476 5300 505 5336 a
540 5281 709 5336 radiis
749 5281 897 5336 solis.
956 5281 1110 5336 Sicut
1141 5282 1282 5336 enim
1326 5280 1493 5336 stellae
1523 5279 1740 5350 quidem
1785 5281 2052 5342 lucernas.

476 5371 602 5429 luna
635 5384 817 5430 autem
850 5374 1057 5440 stellas,
1093 5383 1149 5429 et
1189 5375 1267 5429 soi
1306 5374 1558 5428 universa
1593 5373 1708 5428 hinc
1744 5372 2052 5439 luminaria,

473 5477 527 5520 et
569 5467 739 5535 ipsius
778 5467 955 5522 noctis
993 5475 1213 5536 supcrat
1250 5467 1502 5520 tenebras
1537 5479 1553 5518 :
1591 5466 1662 5520 ita
1710 5475 1762 5520 et
1805 5465 1883 5520 sol
1928 5482 2048 5520 cum

474 5559 728 5614 onmibus
759 5574 880 5629 qua
910 5559 1163 5629 praedicta
1190 5569 1317 5614 sunt
1340 5559 1574 5613 vincitur
1605 5575 1634 5613 a
1674 5558 1876 5613 lumine
1906 5559 2048 5628 quod

474 5649 614 5705 cmlo
658 5653 904 5723 superius
937 5651 1186 5707 habetur.
1218 5651 1299 5720 ‘Et
1322 5651 1590 5721 quomodo
1621 5651 1808 5706 eadem
1854 5651 2049 5706 Paulus

544 5829 588 5864 ν
625 5829 1015 5898 ωσι-,ιννιμ
1094 5834 1136 5868 ³·
1173 5831 1350 5888 lTim.
1383 5849 1452 5898 ιι,
1492 5833 1574 5889 16.

1656 5834 1698 5866 ιι
1737 5832 1928 5890 Matth.
1963 5849 2036 5902 ιτ,
2064 5834 2147 5891 l9.

2163 4639 2337 4694 lorum
2370 4640 2550 4694 decies
2593 4640 2859 4702 millibus,
2893 4650 2960 4713 et
3013 4641 3463 4709 archangelorum
3508 4639 3742 4694 millibus

2162 4733 2216 4787 in
2250 4734 2352 4786 alia
2387 4733 2493 4786 vita
2529 4743 2583 4786 et
2634 4734 3019 4788 constitutione
3061 4743 3112 4787 et
3144 4733 3555 4788 conversatione
3598 4732 3742 4800 posi-

2165 4836 2274 4888 tus.
2319 4825 2670 4879 obliviscatur
2705 4825 2883 4877 omnia
2927 4840 3049 4892 qua:
3077 4824 3302 4887 dimisit,
3347 4838 3444 4877 nec
3475 4822 3741 4876 alienetur

2162 4917 2289 4970 illic.
2338 4914 2452 4969 Non
2486 4915 2809 4968 alienabitur
2850 4924 3032 4969 autem
3077 4917 3119 4968 si
3160 4915 3248 4968 hic
3279 4923 3476 4983 putans
3510 4929 3570 4966 se
3597 4928 3738 4978 esse,

2162 5007 2393 5062 voluerit
2427 5009 2622 5074 saipins
2653 5023 2840 5061 eorum
2887 5023 3007 5076 quze
3043 5008 3129 5061 hic
3172 5016 3298 5060 sunt
3346 5005 3738 5078 ignobilitatem

2160 5101 2364 5163 videre,
2392 5111 2446 5153 et
2485 5101 2800 5164 motionem,
2833 5111 2888 5154 et
2938 5101 3369 5164 instabilitatem,
3399 5109 3453 5156 et
3482 5099 3740 5154 deﬂuxio—

2159 5207 2302 5254 nem,
2342 5204 2395 5246 et
2435 5191 2790 5246 deiectionem
2817 5232 2832 5254 ,
2878 5201 2935 5247 et
2977 5193 3388 5247 diminutionem
3419 5209 3438 5247 :
3471 5192 3597 5259 quia
3642 5194 3740 5247 ob-

2159 5286 2466 5340 scurabitur
2511 5293 2565 5338 et
2615 5301 2720 5339 non
2768 5285 2972 5349 stabit;
3013 5285 3138 5352 quia
3170 5295 3224 5340 et
3263 5284 3482 5354 quando
3525 5285 3740 5338 videtur

2160 5391 2502 5455 promovere,
2553 5391 2644 5444 per
2691 5377 2888 5431 multos
2937 5392 3099 5432 casus
3129 5377 3279 5431 venit
3317 5378 3382 5430 ad
3434 5377 3739 5431 incremen-

2161 5478 2294 5521 tum.
2337 5469 2470 5523 Cum
2507 5469 2619 5522 hmc
2653 5470 2833 5522 omnia
2877 5459 3287 5540 contempserit,
3316 5469 3402 5523 illa
3433 5480 3612 5524 autem
3643 5473 3737 5523 de-

2167 5560 2532 5626 sideraverit;
2568 5570 2621 5614 et
2651 5560 2775 5615 hinc
2805 5559 2918 5629 jam
2963 5562 3065 5616 ista
3087 5562 3302 5631 quidem
3329 5560 3610 5632 despiciet,
3646 5561 3734 5614 illa

2161 5663 2338 5709 autem
2371 5653 2754 5720 considerabit,
2805 5665 2857 5709 ct
2899 5654 3116 5710 evolans
3160 5653 3480 5724 pervidebit.
3536 5647 3735 5708 Factus
