4098 6398
32 4464 41 4473 .

32 4476 45 4485 υ

22 4558 47 4575 ἰ

16 4658 27 4677 η.
40 4652 49 4669 ι

14 4914 45 4959 tl

14 5006 43 5051 ﬂ

14 5096 42 5147 β

13 5196 41 5245 Ι

14 5292 39 5337 Ι.

14 5384 39 5429 Ι

13 5478 37 5521 Ι

13 5568 37 5619 ΙΙ

14 5674 21 5707 ι

26 5660 35 5695 l

14 5754 33 5800 Ι

325 358 467 417 “55

1100 354 1190 414 DE
1228 355 1319 414 EO
1354 354 1544 424 ρωθ
1581 356 1763 415 DEUS
1800 356 2033 417 PATER
2072 357 2585 416 ιΝεοκΡοιιΑιιε
2624 358 2773 417 EST.

3441 369 3585 427 1158

325 479 492 549 igitur
526 492 648 533 cum
689 478 775 533 his
813 474 882 532 ad
908 491 975 533 ea
1016 485 1139 549 qua:
1166 475 1463 543 desident,
1504 479 1646 535 sciet
1679 494 1798 547 quae
1826 491 1909 536 est
1937 485 1983 543 Α
2010 481 2138 552 quia
2190 478 2624 534 transcendimus
2654 487 2907 534 naturam
2943 495 2961 534 :-
2998 478 3267 550 spiritalis
3294 482 3460 554 igitur
3487 488 3587 555 qui.

324 572 562 643 dignitas
582 573 867 641 cogitatus.
891 570 1026 625 Cum
1056 570 1263 642 angelis
1298 571 1548 627 homines
1580 573 1721 628 ccelo
1747 589 1906 644 snpe-

326 665 439 719 rius
467 665 775 735 terrenique
801 664 1053 719 machina
1093 663 1216 733 quis
1240 663 1345 718 erit
1373 664 1503 729 dux,
1530 665 1653 733 quis
1686 679 1903 719 sursum

325 755 583 819 adducet,
618 754 712 808 sed
747 767 855 808 non
884 753 1145 808 concedet
1174 759 1389 807 natura.
1440 752 1730 808 Descendit
1760 751 1905 809 Deus

328 845 420 900 Dei
442 845 611 901 Filius
634 846 779 911 inde,
811 853 869 901 et
891 844 1247 909 descendens,
1284 845 1410 915 quia
1440 844 1755 901 incredibile
1782 855 1906 900 erat

327 939 572 993 homines
605 937 714 993 illic
745 936 1062 999 ascendere.
1103 936 1396 1005 assumpsit
1430 937 1532 992 hoc
1565 938 1900 1002 incredibile,

328 1029 431 1084 hoc
465 1037 549 1083 est
572 1039 815 1084 nostrum
839 1040 1057 1098 corpus,
1087 1041 1118 1082 ο
1161 1040 1374 1082 summo
1415 1027 1749 1082 descendens
1794 1042 1899 1084 non

327 1120 394 1174 ad
422 1118 792 1176 confusionem
818 1159 834 1186 ,
867 1120 962 1175 sed
995 1117 1064 1174 ad
1110 1118 1344 1174 salutem
1380 1122 1501 1190 ejus
1531 1119 1621 1189 qui
1652 1135 1901 1175 assume-

324 1211 504 1265 batur.
539 1208 600 1266 Si
629 1211 794 1283 igitur
823 1210 966 1266 Deus
993 1223 1099 1264 non
1127 1209 1444 1280 assumpsit,
1472 1209 1563 1279 qui
1589 1224 1694 1264 non
1720 1212 1901 1267 credis

325 1302 370 1355 si
401 1302 597 1358 coelum
627 1302 875 1357 concedit
903 1301 1010 1363 his.
1039 1301 1181 1370 quod
1229 1301 1449 1358 adducit
1487 1315 1703 1356 sursum
1731 1301 1777 1356 is
1805 1305 1898 1372 qui

325 1394 392 1447 de
425 1394 564 1448 calo
585 1392 897 1457 descendit,
922 1392 1016 1446 sed
1044 1393 1276 1447 nondum
1302 1406 1363 1447 ea
1393 1406 1511 1462 quae
1540 1391 1715 1447 futura
1744 1403 1897 1459 sunt,

324 1485 418 1538 sed
451 1485 671 1539 interim
706 1499 769 1540 ea
811 1498 934 1555 qua:
983 1494 1161 1553 potest
1193 1485 1487 1555 cogitatus,
1519 1485 1784 1554 siquidem
1815 1494 1900 1540 est

326 1588 379 1631 et
408 1577 711 1642 admiratio,
759 1578 885 1646 quia
918 1578 971 1631 in
1002 1591 1231 1645 corpore
1272 1577 1620 1640 constitutus,
1667 1589 1723 1632 et
1754 1580 1897 1634 circa

328 1680 524 1734 corpus
550 1675 726 1735 potest
766 1669 1039 1736 deponere
1068 1679 1083 1719 :
1114 1678 1218 1720 non
1253 1675 1312 1721 ut
1342 1683 1446 1721 nou
1489 1669 1774 1733 moriatur,
1802 1671 1897 1725 sed

329 1763 385 1807 ut
430 1769 547 1809 eam
587 1770 707 1823 quae
756 1770 882 1811 vere
930 1756 1035 1809 vita
1078 1768 1160 1809 est
1202 1756 1367 1810 vivat.
1422 1757 1583 1812 Forte
1625 1769 1805 1813 autem
1844 1770 1899 1815 et

2007 570 2232 634 dicitur,
2263 570 2492 639 angelus
2542 567 2882 639 appelletur;
2926 582 3031 625 non
3065 571 3191 640 quia
3224 571 3298 626 ita
3335 571 3455 641 eius
3481 589 3589 629 na.

2007 671 2127 716 tura
2157 671 2262 724 est,
2291 661 2387 715 sed
2420 660 2595 729 magis
2622 675 2733 715 non
2760 658 3061 716 elﬁciamur
3089 676 3240 717 caro.
3287 661 3397 719 Nec
3424 649 3582 725 valde

2003 749 2342 805 confidamus
2370 750 2608 805 animm:
2642 747 2835 804 oculus
2873 747 3017 803 enim
3050 749 3171 806 sine
3196 749 3404 807 lumine
3432 761 3590 808 teste-1

2002 841 2197 896 brssus
2226 849 2332 903 est,
2361 849 2416 895 et
2449 839 2722 908 cogitatus
2748 840 2868 895 sine
2892 836 3180 895 emcientia
3211 854 3441 911 superna
3466 841 3582 899 vult

2001 933 2206 998 videre,
2228 933 2373 988 sicut
2402 933 2592 989 oculus
2628 932 2683 988 in
2731 940 2914 996 nocte,
2953 938 3011 987 et
3042 930 3339 997 desiderat,
3379 943 3434 989 et
3475 932 3581 989 illi-

2000 1026 2175 1093 citur;
2208 1024 2428 1079 laborat
2471 1033 2675 1087 autem,
2716 1021 2846 1092 quia
2881 1038 2988 1079 nea
3020 1022 3163 1078 valet
3193 1038 3211 1077 :
3242 1038 3365 1087 cum
3388 1032 3579 1083 autem

2002 1116 2283 1171 advenerit
2328 1114 2533 1180 lumen,
2573 1114 2803 1171 edicitur
2850 1114 3059 1170 oculus.
3114 1113 3193 1171 Ita
3225 1123 3281 1170 et
3310 1114 3586 1185 cogitatus

1997 1207 2118 1262 sine
2159 1207 2475 1277 operatione
2510 1205 2748 1276 Spiritus
2791 1205 2968 1260 sancti
3023 1204 3239 1276 palpat,
3285 1206 3580 1283 contingit,

2000 1306 2304 1366 promovet,
2336 1296 2560 1362 crescit,
2594 1304 2744 1365 putat
2772 1295 2899 1365 quia
2940 1296 3045 1351 iste
3083 1295 3220 1366 lapis
3258 1295 3398 1352 forte
3436 1297 3582 1355 Deus

1996 1396 2101 1453 est,
2132 1389 2277 1444 istud
2318 1403 2510 1444 aurum
2555 1385 2698 1444 forte
2728 1386 2890 1452 Deus,
2929 1395 2984 1442 et
3016 1387 3119 1442 hoc
3161 1385 3383 1457 lignum.
3438 1386 3583 1445 Dicit

1997 1480 2142 1537 enim
2172 1482 2314 1552 apud
2340 1494 2434 1535 se:
2465 1478 2632 1534 Putas
2673 1491 2823 1532 mare
2845 1475 2988 1531 Deus
3030 1476 3161 1531 est?
3190 1489 3350 1547 putas
3384 1485 3528 1532 terra
3553 1476 3581 1532 τ

1996 1585 2154 1643 putas
2176 1588 2269 1628 aer
2294 1572 2316 1627 i
2343 1571 2499 1629 Unde
2526 1580 2581 1627 et
2609 1580 2878 1627 creatura:
2914 1568 3307 1625 transtulerunt
3335 1569 3576 1633 nomina.

1998 1675 2057 1720 ut
2090 1682 2192 1720 nou
2241 1665 2328 1720 bis
2360 1679 2482 1735 quae
2524 1663 2581 1719 in
2628 1645 3022 1718 constietudine
3057 1672 3189 1727 sunt
3227 1662 3577 1733 appellantes,

1999 1756 2091 1809 sed
2144 1770 2207 1809 ea
2251 1769 2372 1821 quin
2415 1753 2672 1808 colebant
2721 1752 3087 1818 nominantes,
3126 1753 3579 1808 convincerentur

327 1846 541 1913 quidam
578 1847 858 1902 audientes
884 1862 1025 1901 nunc
1052 1848 1182 1901 istos
1211 1863 1511 1914 sermones,
1535 1863 1659 1903 cum
1687 1864 1893 1905 sermo-
1930 1838 1968 1893 Β
1996 1848 2117 1915 quia
2141 1849 2249 1902 vim
2285 1847 2558 1903 faciebant
2580 1845 2839 1916 opiﬁciis.
2888 1846 2993 1914 Qui
3017 1856 3198 1901 autem
3230 1847 3385 1902 valde
3416 1858 3576 1919 puta.

327 1936 484 1990 uibus
536 1937 749 1991 accensi
789 1937 915 1990 illud
951 1937 1166 2006 quidem
1217 1939 1359 2006 quod
1408 1948 1567 1993 erant
1633 1941 1897 2009 deposita.

326 2036 468 2091 runt,
496 2027 637 2092 quod
673 2038 852 2082 autem
885 2042 992 2082 non
1027 2039 1182 2083 erant
1214 2029 1392 2084 effecti
1414 2039 1713 2085 noscuntur
1740 2047 1754 2084 :
1778 2033 1894 2087 sic-

319 2127 385 2171 ut
435 2115 637 2172 ferrum
670 2116 940 2187 quoddam
967 2118 1018 2172 in
1049 2119 1171 2189 igne
1203 2118 1460 2186 furatum,
1494 2131 1652 2190 negat
1675 2122 1893 2190 quidem

318 2209 559 2291 nigrum,
587 2219 747 2280 negat
772 2209 950 2264 album
980 2211 1238 2273 colerent,
1260 2222 1313 2265 et
1343 2221 1483 2266 totus
1506 2212 1734 2268 edicitur
1758 2214 1895 2284 ignis

325 2314 379 2356 et
405 2304 585 2356 calore
614 2311 667 2357 et
693 2303 975 2370 incendio;
1026 2304 1097 2357 ita
1131 2302 1268 2357 forte
1297 2305 1512 2373 quidam
1550 2304 1662 2376 (57)
1689 2320 1895 2363 sentie-

325 2394 482 2449 nibus
521 2394 636 2450 istis
660 2397 894 2463 accensi,
918 2410 1118 2467 corpus
1160 2398 1376 2467 quidem
1408 2408 1463 2451 et
1490 2398 1734 2463 corporis
1766 2412 1892 2468 gra-

325 2487 589 2553 vedinem,
633 2497 688 2541 et
733 2488 884 2554 vitia,
912 2497 970 2541 et
1004 2489 1374 2557 promotiones
1413 2488 1720 2563 incidentes
1769 2504 1893 2559 pro.

320 2575 586 2642 iecerunt,
627 2576 725 2646 ipsi
763 2586 943 2631 autem
969 2580 1309 2633 sermonibus
1350 2578 1468 2632 istis
1490 2579 1771 2634 evolautes
1793 2581 1892 2634 dep

325 2682 534 2722 sursum
565 2682 662 2722 nos
694 2669 1022 2739 respiciunt;
1058 2670 1102 2724 si
1132 2681 1308 2724 tamen
1338 2668 1446 2725 illic
1475 2668 1653 2726 eli‘ccti
1682 2672 1894 2741 patiun-

326 2767 413 2813 tur
450 2759 722 2829 respicere
754 2759 900 2826 istic,
935 2770 991 2814 et
1027 2776 1133 2815 non
1172 2762 1266 2815 toti
1301 2760 1413 2816 illic
1455 2762 1735 2817 constituti
1772 2774 1893 2832 pm-

324 2851 563 2906 nitentur
602 2851 726 2919 quia
763 2850 838 2906 ita
866 2853 1021 2906 tarde
1048 2862 1106 2907 et
1141 2866 1247 2907 non
1274 2860 1401 2908 ante
1429 2852 1554 2908 hoc.
1598 2852 1762 2910 Forte
1792 2869 1893 2909 auo

322 2950 429 2997 tem
458 2956 560 2998 nec
583 2944 832 3013 poeniteri
864 2943 970 2999 illis
1000 2942 1111 3011 jam
1140 2954 1317 3011 vacat,
1349 2945 1442 3014 qui
1480 2946 1551 3000 ita
1596 2946 1733 3000 laetis
1773 2957 1895 3017 qua

321 3034 431 3091 illic
456 3044 582 3091 sunt
612 3034 769 3091 factis
792 3046 1114 3103 noscuntur,
1142 3050 1250 3092 non
1278 3038 1358 3093 eis
1380 3047 1466 3093 est
1496 3038 1664 3093 otium
1697 3038 1749 3092 in
1783 3052 1895 3095 meo

321 3126 553 3184 muriam
597 3129 844 3200 redigere
896 3143 982 3193 ea,
1032 3143 1063 3183 a
1117 3130 1313 3200 quibus
1352 3128 1562 3186 liberati
1617 3130 1929 3200 videntur”

321 3219 625 3276 istiusmodi
663 3222 807 3276 enim
863 3221 1110 3277 homines
1156 3221 1265 3278 illic
1301 3237 1405 3278 non
1463 3230 1591 3278 sunt
1625 3222 1892 3278 homines.

322 3310 433 3368 Sed
460 3313 600 3369 sicut
630 3314 846 3369 domum
895 3314 1109 3383 plenam
1159 3314 1515 3386 thymiamate
1550 3314 1801 3386 ingressi,
1839 3327 1896 3370 et

316 3405 430 3473 jam
476 3405 744 3462 sensimus
767 3407 911 3475 quod
946 3419 1153 3471 smnus,
1187 3405 1544 3462 nihilominus
1597 3417 1779 3461 tamen
1811 3421 1894 3461 re-

321 3497 589 3563 dolemus,
639 3508 700 3553 ut
756 3498 1049 3570 thymiama
1086 3498 1214 3553 facti
1249 3516 1265 3553 :
1299 3499 1373 3553 ita
1411 3507 1467 3554 et
1508 3497 1600 3568 qui
1626 3497 1741 3553 illic
1780 3498 1893 3567 jam

317 3589 446 3644 facti
485 3598 612 3644 sunt
658 3591 903 3655 accensi,
949 3591 1118 3645 veluti
1170 3607 1200 3645 a
1255 3599 1445 3645 natura
1477 3590 1893 3661 egressi:quod

306 3665 499 3735 'autem
532 3682 769 3750 sapiunt,
796 3680 973 3736 effecti
1002 3689 1131 3736 sunt
1154 3680 1265 3735 illic
1290 3679 1489 3751 angeli.
1514 3679 1722 3747 Quibus
1748 3681 1892 3734 enim

321 3771 628 3825 intellectus
653 3788 718 3826 ex
752 3772 1065 3826 imitatione
1102 3784 1287 3840 atquus
1312 3771 1521 3847 angelis,
1545 3769 1778 3824 habetur
1800 3778 1894 3823 aut

307 3844 531 3926 'similis,
576 3863 692 3916 istis
727 3876 832 3917 non
886 3862 1138 3932 prohibet
1178 3873 1371 3916 natura
1407 3844 1891 3917 conversationem.

308 3950 440 4019 .Qua
466 3957 607 4010 enim
637 3954 703 4009 de
727 3970 890 4010 causa
918 3956 1167 4010 carnales
1198 3970 1295 4010 nos
1342 3966 1499 4011 vocat
1528 3955 1746 4020 Paulus,
1785 3969 1891 4009 non

316 4044 583 4099 'seduceus
610 4056 824 4101 nostras
866 4046 1101 4112 animas,
1136 4047 1307 4117 magis
1343 4057 1524 4101 autem
1566 4046 1888 4101 subduceris.

319 4134 450 4202 Quis
476 4138 618 4191 enim
657 4149 899 4192 mortuus
942 4137 1164 4193 effectus
1202 4139 1505 4194 fornicatur
1543 4150 1638 4193 aut
1684 4137 1891 4193 adulte-

320 4227 445 4281 rat?
493 4227 629 4281 Dicit
680 4231 822 4284 enim
878 4230 993 4300 ipse
1017 4229 1328 4299 Apostolus,
1372 4227 1730 4283 manifestans
1772 4226 1890 4302 (58)

314 4327 483 4383 opera
522 4315 703 4370 carnis
751 4330 869 4384 qua:
918 4325 1049 4372 sum
1092 4318 1462 4383 adulterium,
1514 4317 1800 4375 fornicatlo
1821 4318 1887 4375 ‘°.

312 4403 513 4460 Carnis
547 4420 710 4477 opera
743 4407 847 4462 ista
880 4419 1009 4463 sunt
1036 4427 1049 4464 :
1088 4410 1214 4477 quis
1244 4409 1394 4463 enim
1424 4417 1670 4465 mortuus
1696 4409 1782 4466 his
1804 4410 1888 4465 in-

1999 1949 2190 1993 verunt
2240 1954 2301 1995 se
2346 1939 2662 2004 ascendere,
2715 1953 2930 1994 sursum
2992 1940 3368 2008 pervenientes
3402 1953 3576 2011 usque

1998 2033 2064 2086 ad
2118 2031 2321 2096 stellas,
2375 2038 2737 2086 occurrerunt
2785 2028 2927 2084 luna:
2977 2038 3034 2084 et
3091 2030 3342 2083 viderunt
3381 2029 3574 2098 solem,

1998 2122 2135 2177 forte
2175 2137 2355 2177 autem
2400 2133 2455 2178 et
2500 2120 2722 2186 cmlum,
2775 2132 2831 2177 et
2886 2131 3309 2190 permanserunt
3350 2121 3477 2186 illic,
3520 2128 3580 2178 et

1996 2217 2140 2284 passi
2181 2225 2305 2268 sunt
2348 2214 2537 2268 vitium
2584 2212 2906 2269 sceleratqu
2941 2229 2955 2266 :
2994 2212 3138 2268 sicut
3171 2212 3265 2281 qui
3296 2211 3365 2267 ad
3392 2226 3574 2283 regem

1999 2307 2232 2370 festinat,
2266 2306 2333 2360 ad
2374 2304 2521 2376 regia
2556 2304 2744 2374 palatii
2783 2306 3070 2369 accedas,
3106 2319 3299 2374 magna
3340 2313 3396 2359 et
3431 2304 3573 2362 clara

1996 2406 2051 2451 et
2080 2398 2190 2466 regi
2221 2396 2380 2467 digna
2409 2396 2750 2464 conspiciat;
2801 2406 2854 2449 et
2880 2410 3004 2449 cum
3048 2394 3239 2450 debeat
3283 2394 3456 2464 magis
3480 2396 3575 2451 de-

1994 2488 2248 2543 siderium
2277 2504 2433 2543 suum
2456 2488 2524 2543 ad
2555 2502 2676 2544 eum
2710 2486 2800 2556 qui
2834 2485 3095 2557 quatritur
3120 2485 3430 2555 propalare,
3459 2496 3575 2540 stu-

1996 2595 2130 2649 pens
2158 2579 2340 2634 valvas
2387 2579 2586 2648 regias,
2633 2588 2690 2636 et
2737 2590 2933 2649 putans
2990 2578 3125 2635 nihil
3172 2577 3408 2648 amplius
3451 2591 3575 2651 esse

1994 2686 2178 2742 regem
2233 2687 2263 2725 a
2314 2670 2449 2736 suis,
2496 2662 2729 2726 resideat
2760 2673 2832 2726 ad
2860 2686 2924 2727 ea
2952 2686 3073 2742 qua
3102 2671 3277 2740 prima
3319 2684 3575 2727 occurre-

1996 2771 2141 2829 rant,
2174 2762 2462 2818 fraudatur
2508 2762 2650 2832 regis
2700 2762 2910 2819 visione
2947 2773 3004 2818 et
3046 2773 3261 2820 natura.
3309 2761 3419 2820 Sed
3460 2778 3568 2821 nos

1992 2869 2103 2909 non
2139 2854 2369 2908 retineat
2413 2864 2580 2920 terra,
2611 2867 2717 2910 non
2747 2855 3006 2926 prrfocet
3034 2868 3219 2915 mare;
3250 2870 3359 2911 non
3392 2851 3571 2911 olfac-

1993 2947 2190 3001 damus
2222 2945 2276 2998 in
2303 2944 2494 3010 stellis,
2526 2959 2634 3001 non
2663 2946 3086 3001 obteaebretuur
3128 2961 3161 3001 a
3199 2945 3349 3012 luna,
3396 2960 3573 3016 neque

1992 3051 2097 3092 eos
2127 3035 2384 3108 caliginet
2431 3036 2552 3103 sol;
2600 3052 2711 3093 non
2752 3037 2993 3093 detineat
3032 3036 3228 3093 cadum
3259 3038 3573 3094 :‘Dominus

1995 3128 2139 3183 enim
2167 3138 2221 3185 et
2249 3127 2431 3199 opifex
2465 3138 2523 3185 et
2550 3138 2766 3185 creator
2797 3131 3041 3187 omnium
3066 3145 3254 3186 eorum
3277 3146 3401 3202 qua
3424 3131 3568 3189 dicta

1994 3227 2120 3273 sunt
2149 3230 2209 3276 et
2241 3235 2348 3275 non
2390 3230 2525 3275 sunt
2553 3221 2695 3276 dicta
2719 3259 2736 3286 ,
2776 3231 2864 3275 est
2905 3218 2995 3274 ille
3030 3220 3123 3290 qui
3162 3221 3444 3289 quaeritur.
3488 3220 3571 3276 Ad

1996 3307 2163 3366 Deum
2199 3310 2381 3381 igitur,
2435 3325 2471 3366 ο
2523 3312 2706 3377 homo,
2755 3312 2822 3366 ad
2870 3313 3033 3368 Deum
3075 3312 3272 3373 liorem
3320 3311 3570 3380 omnium

1991 3416 2116 3470 qua
2140 3402 2284 3457 bona
2308 3411 2364 3457 et
2398 3402 2546 3458 clara
2582 3418 2730 3462 sunt.
2764 3403 2913 3459 Nihil
2949 3404 3200 3461 miserius
3221 3413 3485 3476 estquam
3506 3412 3572 3461 ut

1990 3494 2118 3564 quis
2156 3494 2207 3548 in
2243 3494 2443 3551 lumine
2482 3494 2722 3552 oli‘endat
2750 3513 2770 3554 :
2804 3497 2896 3552 sed
2932 3511 3198 3553 raeorum
3234 3498 3341 3553 hoc
3379 3496 3569 3554 vitium

1985 3594 2097 3641 est.
2126 3584 2240 3641 Non
2263 3589 2683 3644 obtenebremur
2697 3603 2727 3644 a
2747 3588 2894 3645 sole:
2924 3589 3074 3646 vides
3088 3604 3213 3646 eum
3229 3588 3497 3646 orientem
3516 3598 3574 3646 et

1985 3679 2359 3744 occidentem,
2392 3690 2457 3735 et
2483 3681 2768 3737 calentem
2798 3682 3094 3737 mensuris.”
3118 3681 3222 3739 Sed
3256 3682 3369 3752 ipse
3394 3694 3573 3751 praeco

1990 3781 2080 3825 est
2122 3772 2190 3826 ab
2224 3773 2435 3828 oriente
2478 3787 2649 3843 usque
2700 3771 2767 3828 ad
2809 3788 3088 3840 occasum,
3136 3774 3401 3842 pricdieat
3446 3787 3570 3829 eum

1993 3861 2084 3929 qui
2113 3876 2172 3916 se
2197 3861 2326 3916 feeit
2352 3872 2406 3917 et
2431 3863 2585 3926 dicit,
2608 3866 2658 3919 si
2692 3873 2871 3920 tamen
2907 3873 2962 3918 tu
2985 3865 3166 3930 audis,
3198 3866 3371 3935 magis
3388 3872 3570 3919 autem

1988 3953 2037 4007 si
2069 3952 2219 4008 vides
2245 3970 2258 4008 :
2289 3953 2406 4009 Non
2434 3970 2552 4010 sum
2585 3970 2686 4026 ego
2714 3954 2878 4018 Deus.
2905 3956 3001 4011 sed
3035 3956 3125 4011 ille
3168 3954 3322 4024 cujus
3370 3970 3488 4011 sum
3516 3963 3572 4013 et

1988 4056 2092 4112 ego
2118 4044 2418 4113 opificium.
2462 4044 2545 4099 Me
2573 4046 2745 4110 vides,
2778 4045 2868 4100 ille
2899 4044 3186 4101 invisibilis
3210 4056 3315 4100 est.
3350 4041 3574 4103 Visibile

1988 4136 2061 4188 ad
2108 4135 2383 4191 invisibile
2422 4137 2699 4191 wntraria
2730 4146 2816 4192 est
2848 4147 3084 4193 natura:
3122 4153 3244 4190 nam
3291 4135 3397 4191 etsi
3450 4150 3571 4199 sunt

1993 4227 2175 4282 clarus
2206 4229 2348 4282 sicut
2367 4243 2510 4293 sum,
2549 4230 2640 4285 sed
2669 4228 2850 4284 clarus
2877 4234 2969 4299 qui
3001 4229 3187 4286 videor
3217 4244 3237 4283 :
3272 4227 3361 4282 ille
3388 4238 3568 4285 autem

1986 4319 2363 4375 invisibilitatc
2395 4321 2732 4377 transcendit
2756 4320 3059 4392 fetoribus
3088 4320 3293 4375 munia.
3332 4316 3452 4373 Non
3486 4332 3572 4373 me

1992 4411 2268 4466 honorans
2296 4409 2641 4468 dehonestes.
2688 4408 2804 4466 Non
2833 4424 2954 4466 sum
2989 4412 3233 4476 ingratus
3264 4409 3330 4462 ad
3369 4407 3569 4463 Condi-

306 4498 593 4553 tvolriturf
617 4495 746 4553 Haec
768 4514 898 4569 ergo
922 4502 1168 4555 viventes
1197 4500 1398 4555 animis
1419 4514 1541 4555 cum
1564 4502 1887 4570 corporibus
1910 4513 1962 4567 ιι)
1993 4509 2204 4555 torem:
2246 4498 2516 4556 suliiciunt
2549 4501 2678 4557 mihi
2725 4500 2993 4557 beneﬂcio
3024 4516 3143 4569 quas
3186 4499 3378 4568 accepi
3402 4515 3428 4555 δ
3460 4497 3568 4554 noli

307 4595 439 4646 lcum
464 4589 704 4646 declives
748 4590 1008 4644 fuerimus
1039 4591 1104 4645 ad
1132 4605 1352 4655 carnes,
1377 4605 1510 4646 eaeo
1539 4600 1748 4647 tantum
1786 4608 1882 4649 vs-

315 4697 505 4736 catnnr
526 4700 543 4749 ;
564 4696 697 4737 tcum
726 4692 909 4738 autem
940 4682 1372 4752 prstiteverinms
1394 4685 1460 4738 ad
1484 4684 1748 4748 animant,
1769 4684 1887 4739 ani-

303 4772 472 4828 mt'alis
490 4775 657 4829 hoste
679 4775 912 4830 dicimur
947 4792 964 4829 :
1000 4788 1124 4828 eum
1157 4784 1340 4829 autem
1391 4775 1887 4831 transeunterimus

296 4870 586 4933 maturam,
620 4867 884 4937 spiritalis
913 4868 1076 4923 homo
1104 4868 1461 4937 appellamur.
1534 4867 1600 4921 Et
1634 4882 1747 4921 non
1773 4866 1886 4934 jam

297 4958 441 5026 inuia
463 4958 698 5015 matis
725 4968 947 5014 vocatus
969 4968 1075 5021 est,
1111 4956 1393 5014 fraudatus
1422 4968 1508 5013 est
1530 4957 1714 5011 animo
1749 4973 1764 5013 :
1800 4970 1889 5011 ne-

298 5060 421 5117 que
433 5050 567 5118 quis
596 5050 845 5105 auimﬂis
865 5051 1045 5106 die-tus
1067 5060 1171 5117 est,
1198 5051 1310 5121 jam
1334 5065 1441 5105 nuo
1460 5048 1631 5104 habet
1653 5061 1885 5119 corpus;

310 5139 585 5211 siquidem
609 5151 665 5196 et
688 5143 927 5213 epirituii
974 5144 1181 5200 homini
1208 5154 1266 5199 et
1290 5156 1491 5213 corpus
1523 5142 1671 5197 inest
1696 5152 1756 5197 ut
1788 5142 1887 5197 ho-

316 5228 449 5282 mini
494 5234 549 5283 et
575 5230 751 5283 auitas
784 5240 845 5285 ut
868 5233 1083 5290 anima.
1127 5232 1184 5287 Si
1214 5240 1395 5287 autem
1426 5240 1487 5287 et
1529 5224 1653 5288 istic
1683 5230 1889 5286 consti-

304 5317 440 5381 tuti,
460 5317 925 5388 quidam-quidam
938 5336 1074 5378 caro
1100 5332 1312 5377 uisum
1339 5335 1550 5387 unus,
1568 5318 1707 5392 quia
1729 5320 1888 5377 decii-

301 5420 411 5463 ινα
440 5406 644 5464 finimus
668 5410 741 5465 ad
772 5420 1008 5478 utram;
1034 5414 1132 5468 alii
1170 5415 1354 5469 anima
1381 5421 1613 5479 tantum,
1646 5412 1777 5482 quia
1804 5412 1888 5469 ia-

298 5498 401 5554 !ter
444 5510 733 5571 utrumque
796 5510 1044 5569 statutus;
1107 5504 1202 5559 alii
1262 5504 1536 5576 spiritales
1600 5514 1861 5561 vocamur

385 5615 431 5648 “
460 5613 577 5671 Gal.
617 5632 667 5681 ν,
707 5618 762 5673 9.

382 5735 496 5805 (5'7)
531 5734 775 5805 Quidem.
809 5733 989 5799 Forte,
1029 5735 1265 5804 quidam.

383 5803 495 5879 (58)
532 5804 627 5860 Ms.
666 5803 944 5876 Manifesta
985 5803 1105 5860 sunt
1143 5820 1318 5875 opera.

1984 4591 2191 4646 addere
2223 4592 2366 4662 quod
2414 4607 2523 4647 non
2572 4591 2836 4662 suscipio.
2887 4591 3149 4646 Creutura
3196 4605 3347 4654 sum,
3376 4600 3429 4645 et
3461 4605 3568 4649 non

1984 4678 2259 4748 Creator;
2308 4681 2585 4750 opiﬁcium
2629 4694 2684 4737 et
2713 4697 2819 4737 non
2842 4682 3065 4752 sipiicl;
3114 4682 3299 4737 {uetus
3333 4695 3484 4745 sum,
3515 4688 3572 4737 et

1985 4787 2099 4827 non
2133 4773 2179 4827 is
2208 4775 2301 4841 qui
2324 4773 2498 4839 fecit;
2536 4774 2694 4829 istinc
2726 4774 3033 4838 stuttcmln,
3060 4782 3123 4828 α
3151 4772 3277 4828 inde
3300 4771 3474 4827 oculis
3496 4771 3570 4829 vi.

1988 4864 2164 4919 deer:
2195 4863 2287 4919 ille
2337 4863 2622 4919 invisibilis
2666 4873 2771 4920 est.
2808 4865 2923 4935 Ego
2954 4865 3008 4919 ill
3056 4863 3181 4919 loco
3212 4860 3571 4921 conﬁrmatis

1986 4970 2112 5012 rsum
2140 4974 2158 5013 ε
2189 4957 2278 5012 ille
2305 4955 2441 5011 liber
2472 4959 2540 5012 ab
2564 4958 2714 5012 omni
2745 4968 2832 5013 est
2855 4957 2998 5013 iace.
3022 4954 3569 5028 “sparteus-di

1996 5056 2152 5104 tenes
2201 5049 2254 5103 in
2293 5064 2403 5120 qua
2453 5064 2576 5104 sum
2618 5059 2674 5105 et
2714 5050 2933 5121 positus
2963 5066 2977 5103 :
3010 5048 3104 5105 ille
3142 5055 3339 5103 autem
3384 5044 3571 5116 implet

1992 5139 2196 5196 omnia.
2245 5138 2356 5212 Ego
2385 5157 2455 5197 ex
2484 5141 2602 5197 loco
2630 5142 2703 5197 ad
2730 5142 3183 5198 Ioeumaoeedo:
3224 5138 3317 5195 ille
3347 5148 3404 5194 et
3430 5137 3567 5203 mihi

1990 5230 2265 5299 separavit
2290 5230 2489 5287 locum.
2528 5229 2660 5288 Vide
2678 5246 2790 5301 ne,
2812 5241 2873 5287 et
2893 5230 3005 5288 noli
3029 5243 3425 5289 mmmam
3444 5240 3570 5301 qua

1992 5335 2103 5375 non
2126 5333 2613 5380 connmnerantur.
2648 5321 2943 5387 Invisibilis
2970 5331 3024 5378 et
3049 5320 3279 5379 Visiltiiis
3297 5319 3570 5390 quam

1988 5417 2505 5471 annumerantur?
2537 5417 2638 5484 aui
2667 5417 2723 5471 in
2755 5415 2861 5471 loci
2894 5413 3038 5486 (ὅθ).
3076 5421 3141 5471 et
3175 5417 3269 5484 qui
3300 5413 3421 5475 sine
3448 5409 3569 5468 low

1986 5518 2154 5575 quam
2188 5507 2393 5564 habent
2418 5510 2858 5565 communionem
2904 5506 3151 5567 natura!
3188 5504 3485 5578 Excutior
3510 5510 3569 5574 et

2064 5734 2176 5806 (59)
2216 5733 2577 5809 Loci._Forle,
2614 5734 2729 5789 loco
2767 5731 2850 5791 vel
2884 5734 3033 5789 locis.
