4100 6456
537 315 679 374 “55

1203 308 1475 369 EUSEBII
1512 308 1988 365 CESABlENSlS
2025 308 2175 365 OPP.
2216 309 2397 365 PARS
2434 309 2524 366 IV.
2555 341 2622 349 —
2664 308 3080 364 DOGMATICA.

3652 309 3779 363 1156

532 433 743 495 accido,
774 430 897 501 quia
927 436 981 485 et
1010 442 1228 500 possum
1264 438 1495 498 utraque
1519 428 1587 481 ad
1616 427 1767 495 jussa
1793 432 2062 497 complere
2089 445 2102 482 :
2135 432 2181 489 Α
2211 429 2424 495 generis
2454 428 2597 481 enim
2629 429 2950 483 miseremur
2972 427 3160 482 nostri.
3205 425 3310 481 lllis
3337 426 3535 497 quippe
3570 427 3660 496 qui
3691 443 3777 479 ve-

538 524 628 579 ille
652 520 1055 593 supereminet;
1108 532 1213 571 non
1269 516 1472 587 indiget
1503 526 1562 570 ut
1589 518 1819 581 oriatur,
1868 533 1974 570 non
2006 517 2107 570 int-

538 625 715 672 mutat
758 615 955 677 locum,
980 627 1195 682 semper
1239 612 1292 665 in
1336 626 1403 667 eo
1454 612 1571 679 ipso
1600 611 1739 680 quod
1770 622 1853 665 est
1881 623 2105 675 manet;

488 722 491 727 '
539 720 750 776 semper
776 708 888 775 ipse
918 708 1115 775 estqui
1150 712 1267 769 est;
1302 704 1370 758 ab
1396 702 1488 757 illo
1517 712 1574 756 et
1598 702 1752 757 calor
1775 710 1898 767 est,
1929 705 1995 756 ab
2020 703 2108 756 illo

537 799 737 854 dantur
763 808 817 853 et
841 813 1032 852 cursus
1058 812 1344 861 mensum,
1378 796 1447 849 ab
1499 794 1591 848 illo
1622 803 1990 849 mensuratum
2027 803 2109 847 est

538 891 759 945 coelum.
820 889 955 943 Nam
998 889 1098 944 etsi
1145 891 1319 957 spatio
1352 887 1509 955 longe
1537 902 1678 948 sum,
1716 896 1890 939 tamen
1929 885 2108 939 calore

538 981 798 1036 conliteor
822 991 1106 1035 naturam:
1135 980 1225 1034 ille
1252 978 1539 1033 invisibilis
1555 985 1657 1031 est.
1684 977 1858 1031 Meum
1878 978 2107 1033 intueris

538 1074 803 1140 habitum,
841 1074 929 1127 ille
955 1074 1069 1127 sine
1103 1072 1288 1126 habitu
1320 1081 1421 1125 est.
1466 1068 1640 1124 Tanta
1697 1070 1827 1124 mihi
1876 1080 2002 1123 sunt
2054 1079 2109 1124 et

539 1166 665 1231 alia,
699 1181 765 1219 ex
817 1167 1010 1235 quibus
1053 1164 1186 1217 nihil
1236 1165 1302 1218 ad
1347 1163 1496 1217 illum
1543 1163 1815 1232 pertinere
1846 1164 2105 1217 videtur:

541 1274 650 1312 non
690 1268 893 1313 tactum
929 1260 1177 1323 incurrit,
1223 1274 1328 1311 non
1380 1258 1496 1311 loco
1532 1255 1789 1318 ambitur,
1834 1271 1938 1309 non
1990 1256 2105 1309 loca

538 1349 868 1414 circumdat,
903 1365 1005 1402 non
1042 1350 1255 1403 habitus
1283 1350 1425 1402 circa
1480 1348 1679 1417 ipsum,
1733 1362 1840 1400 non
1891 1363 2106 1417 compo-

538 1442 662 1497 sitio
695 1442 761 1495 ad
788 1442 1030 1510 gloriam.
1062 1439 1153 1495 Ille
1183 1451 1341 1494 natus
1392 1447 1591 1493 annato
1618 1448 1700 1492 est
1734 1438 1869 1509 (60),
1914 1454 2007 1507 per
2038 1439 2105 1492 il-

539 1536 649 1587 lum
693 1542 747 1588 et
789 1549 886 1602 ego
913 1542 967 1586 et
987 1533 1166 1586 omnia
1214 1533 1351 1586 facta
1376 1541 1516 1586 sunt.
1553 1530 1728 1586 Nolite
1759 1549 1844 1588 me
1871 1547 2105 1587 conver-

542 1634 656 1680 tere
699 1624 765 1679 ad
821 1624 1242 1693 blasphemiam,
1300 1638 1394 1692 per
1450 1637 1534 1678 me
1579 1624 1958 1693 blasphemare
2011 1639 2105 1678 no—

539 1716 653 1771 lite.
684 1717 883 1770 Littera
918 1731 1035 1769 sum
1059 1717 1123 1769 ad
1149 1715 1371 1786 gloriam
1400 1716 1519 1787 ejus
1546 1718 1636 1787 qui
1675 1731 1760 1771 me
1788 1718 1914 1771 fecit
1946 1734 1959 1771 :
1992 1732 2105 1771 ca:-

539 1809 647 1865 lum
694 1809 834 1862 enim
876 1808 1008 1860 liber
1048 1815 1130 1860 est
1165 1822 1424 1874 magnus;
1473 1822 1573 1876 ego
1607 1816 1783 1861 autem
1830 1824 1949 1860 cum
1993 1808 2107 1860 alli-

542 1896 697 1951 nibus
745 1897 877 1950 meis
914 1911 1094 1949 sumus
1146 1895 1335 1949 litterae
1369 1896 1753 1965 religiositatis.
1801 1896 1981 1967 Legite
2030 1896 2112 1949 lti-

541 2003 621 2042 na:
667 1988 959 2040 virtutem:
1002 1987 1193 2040 crescit
1251 1995 1303 2039 et
1337 1986 1614 2052 minuitur,
1662 1995 1717 2039 et
1766 2001 1976 2055 semper
2008 1987 2110 2040 im-

540 2088 798 2141 mutatur,
833 2088 887 2131 et
918 2078 1197 2131 annuntiat
1240 2076 1664 2130 immutabilem:
1694 2086 1747 2131 et
1791 2078 1841 2131 in
1876 2078 1961 2131 illa
2006 2078 2109 2133 ile-

541 2185 659 2223 rum
688 2170 903 2225 habitus
939 2170 1233 2234 invenitur,
1277 2170 1542 2240 siquidem
1564 2180 1618 2223 et
1638 2170 1782 2224 illam
1819 2170 1963 2223 videt
1987 2185 2112 2223 ocu-

540 2260 644 2325 lus,
691 2271 744 2315 et
785 2276 1059 2330 nunquam
1116 2262 1169 2315 in
1222 2276 1285 2317 eo
1324 2261 1440 2330 ipso
1470 2261 1607 2330 quod
1650 2271 1733 2315 est
1763 2271 1960 2315 manet.
2003 2260 2108 2314 No-

539 2353 633 2407 lite
672 2368 771 2407 nec
820 2353 975 2406 istam
1022 2367 1229 2406 mecum
1287 2353 1489 2422 pariter
1532 2353 1923 2420 blasphemare.
1972 2352 2109 2418 Quid

539 2460 638 2500 nos
666 2443 1103 2500 calumniamini?
1132 2445 1289 2498 modo
1325 2445 1538 2512 quidem
1582 2459 1668 2498 me
1732 2444 1972 2498 dicentes
2002 2444 2112 2497 for-

538 2536 775 2593 nicatum
815 2552 953 2599 esse,
987 2536 1144 2590 modo
1180 2545 1359 2590 autem
1388 2536 1592 2598 lunam,
1635 2537 1757 2604 quia
1788 2536 2108 2591 adulterium

540 2630 777 2684 admisit.
818 2626 993 2681 Nolite
1034 2629 1299 2695 deponere
1332 2641 1427 2680 nos
1466 2637 1651 2680 contra
1691 2636 1964 2691 naturam,
2015 2644 2111 2682 ne-

538 2736 644 2791 que
680 2721 871 2775 iterum
915 2718 1171 2773 extollere
1210 2733 1373 2787 supra
1409 2726 1679 2772 naturam.
1743 2720 1931 2773 Dicitis
1983 2720 2110 2788 quia

538 2826 640 2883 ego
672 2810 883 2866 mulieri
907 2811 1286 2865 conlabulatus
1310 2825 1429 2865 sum
1460 2827 1473 2863 :
1498 2810 1690 2880 quibus
1713 2813 2112 2882 operamenu's?

539 2903 736 2972 quibus
758 2900 1055 2956 membris?
1085 2916 1191 2968 quo
1210 2900 1433 2954 habitu?
1457 2902 1909 2970 quemadmodum
1936 2918 2109 2956 meam

538 2993 806 3049 flammam
858 2992 1026 3060 potuit
1069 2990 1320 3044 sull'erre?
1364 2991 1811 3057 quemadmodum
1861 2994 2111 3060 splendo-

538 3083 660 3137 res?
693 3083 747 3137 Si
771 3083 913 3137 enim
948 3090 1096 3134 tanto
1130 3081 1302 3148 spatio
1324 3080 1435 3151 (6|)
1469 3097 1646 3135 meum
1674 3083 1882 3135 radium
1914 3084 2109 3138 sull'er-

537 3189 598 3230 re
629 3189 732 3228 non
766 3181 962 3242 potest,
988 3172 1042 3225 in
1074 3172 1281 3227 sinibus
1310 3181 1531 3241 portare
1556 3187 1728 3227 meam
1773 3172 2106 3240 conjunct-io-

536 3277 659 3317 nem
696 3261 901 3331 potuit?
924 3260 1100 3314 Nolite
1136 3262 1206 3314 ita
1239 3276 1323 3315 me
1356 3262 1583 3330 turpiter
1604 3262 1945 3328 calumniari,
1977 3267 2107 3320 noli-

537 3366 591 3408 te
621 3356 694 3407 ita
734 3354 1048 3423 insipienter
1075 3352 1336 3407 extollere
1367 3370 1380 3407 :
1411 3369 1513 3407 non
1550 3354 1720 3417 solum
1763 3356 1907 3410 enim
1940 3356 2105 3412 Deum

538 3446 823 3515 ignoratis,
852 3446 942 3499 sed
971 3454 1021 3498 et
1052 3444 1268 3512 opificia
1296 3444 1462 3513 ipsius
1494 3445 1584 3498 Dei
1612 3447 1851 3502 nescitis.
1886 3449 2110 3504 Dimitti-

538 3549 590 3592 te
626 3553 708 3592 me
738 3541 860 3607 quia
901 3538 1038 3590 ﬁxus
1071 3551 1212 3599 sum,
1251 3552 1473 3591 cursum
1515 3536 1636 3591 caeli
1662 3540 1908 3594 coniicio.
1934 3539 2109 3596 Nolite

537 3648 625 3685 me
652 3632 716 3685 ad
754 3640 952 3684 terram
987 3629 1256 3698 deponere
1302 3629 1504 3693 verbis,
1531 3644 1704 3698 neque
1738 3632 2001 3687 deducere
2029 3634 2109 3687 fa-

534 3721 695 3777 bulis.
727 3721 839 3775 Non
867 3720 1159 3792 praevarico
1198 3718 1370 3789 legem
1406 3737 1419 3774 :
1461 3735 1674 3774 sursum
1694 3738 1825 3776 sum
1867 3724 2104 3793 positus;

536 3828 642 3866 non
672 3813 895 3866 immuto
925 3826 1142 3865 cursum
1169 3812 1520 3866 constitutum
1564 3811 1730 3876 mihi;
1767 3828 1871 3867 non
1914 3815 2107 3869 recedo

535 3905 604 3956 ab
643 3902 849 3967 ofﬁcio;
906 3903 1075 3969 legem
1123 3901 1302 3955 datam
1344 3900 1620 3966 custodio;
1653 3916 1887 3969 agnosco
1929 3906 2105 3973 spatia

533 3992 811 4058 cmli,qna2
835 4001 888 4045 et
912 3991 1063 4061 jussa
1090 4006 1368 4059 percurro.
1400 3989 1623 4044 Terram
1649 3992 1860 4046 calcare
1889 4010 1992 4047 non
2025 4004 2106 4048 est

534 4093 738 4137 natura:
763 4098 892 4136 mete
920 4100 932 4136 :
963 4084 1178 4152 quando
1204 4098 1309 4137 nox
1339 4082 1478 4136 facta
1509 4092 1594 4137 est
1620 4083 1951 4153 importuna,
1981 4087 2103 4156 quia

533 4188 633 4243 ego
662 4173 909 4226 descendi
939 4175 1004 4226 ad
1036 4172 1274 4227 mulieris
1303 4174 1844 4230 communicationem
1864 4178 1881 4230 ?
1900 4190 2106 4234 cessate

535 4266 765 4332 turpiter
799 4264 1144 4329 honorantes,
1200 4264 1343 4319 unde
1386 4266 1715 4321 deducentes
1753 4285 1766 4320 :
1806 4270 1973 4325 nolite
2009 4287 2102 4324 ora

533 4369 714 4411 vestra
739 4356 791 4409 in
829 4356 985 4411 bonis
1003 4357 1248 4411 versibus
1276 4356 1432 4412 malis
1460 4358 1687 4425 negotiis
1710 4361 1940 4428 aperire.
1967 4360 2102 4427 Quid

2135 3118 2176 3175 C

2211 520 2385 573 stibus
2411 520 2624 589 quidem
2664 535 2721 573 se
2747 521 2971 584 nudant,
3016 534 3172 573 coeno
3195 528 3373 571 autem
3416 534 3476 573 se
3508 520 3775 588 operiunt,

2210 611 2301 679 qui
2332 611 2537 679 lapides
2569 622 2807 680 portant,
2842 612 2935 682 qui
2961 612 3211 665 damnum
3256 611 3451 678 duplex
3482 612 3771 681 accipiunt,

2210 709 2339 754 utet
2373 717 2560 754 aurum
2587 701 2881 770 proferant,
2911 712 2968 755 et
3001 716 3029 754 a
3062 701 3173 755 Deo
3210 700 3478 754 decidant.
3512 699 3626 755 Non
3661 715 3781 756 ces-

2210 803 2294 848 sat
2320 793 2399 847 sol
2432 808 2530 847 nec
2565 794 2692 847 illud
2721 794 2773 846 in
2804 793 3038 847 medium
3069 792 3337 862 proferre,
3362 793 3487 862 quia
3535 801 3783 861 putantes

2209 900 2330 938 eum
2361 884 2636 952 deilicare,
2668 889 2719 939 in
2749 886 2833 940 his
2863 886 3098 938 maxime
3121 885 3175 937 in
3210 884 3407 953 quibus
3448 884 3779 955 indignatur.

2208 977 2492 1032 Adducunt
2520 980 2663 1033 enim
2697 980 2763 1033 ad
2793 991 3009 1031 omnem
3054 977 3440 1044 malignitatem
3502 978 3783 1031 hominum

2208 1084 2393 1138 opera,
2434 1078 2486 1125 et
2540 1070 2776 1124 malitias
2823 1069 2921 1125 soli
2968 1079 3024 1122 et
3055 1070 3217 1129 lunte,
3255 1080 3307 1123 et
3342 1083 3467 1122 suas
3508 1068 3580 1121 illi
3605 1072 3779 1123 ascri-

2209 1178 2367 1232 psere
2387 1163 2648 1216 luxurias.
2676 1162 2790 1216 Non
2818 1164 2942 1227 iste,
2993 1162 3186 1231 inquit,
3235 1162 3396 1215 homo
3435 1162 3646 1214 adulter
3672 1170 3786 1225 est,

2207 1252 2302 1305 sed
2332 1251 2431 1306 sol.
2455 1252 2691 1307 Veniunt
2719 1254 2862 1307 enim
2890 1258 2955 1305 ad
2982 1252 3129 1305 illum
3166 1252 3364 1317 locum,
3407 1259 3461 1307 ct
3509 1252 3644 1305 mala
3679 1253 3784 1306 bo-

2210 1342 2412 1395 minum
2441 1344 2539 1398 soli
2564 1344 2860 1400 ascribunt.
2886 1345 2950 1398 Et
2972 1345 3277 1399 hominibus
3303 1346 3518 1413 quidem
3544 1344 3671 1398 nihil
3697 1360 3782 1397 re-

2210 1433 2454 1501 linquunt
2488 1434 2648 1501 mali,
2689 1451 2792 1489 non
2825 1435 3063 1489 luxurias
3110 1435 3432 1499 luxuriosis;
3468 1450 3570 1488 non
3604 1436 3780 1488 homi-

2209 1524 2346 1578 cidia
2408 1525 2735 1591 homicidis;
2782 1541 2885 1579 non
2940 1525 3258 1580 adulterium
3315 1526 3620 1589 adulteris;
3672 1542 3784 1579 non

2209 1613 2483 1667 mendacia
2521 1615 2897 1675 mendacibus;
2937 1631 3040 1670 non
3067 1616 3205 1669 furta
3240 1616 3447 1669 furibus
3474 1632 3489 1680 ;
3522 1616 3613 1670 sed
3646 1616 3784 1670 obli-

2211 1705 2249 1756 ti
2303 1719 2484 1757 eornm
2525 1719 2645 1772 qua:
2706 1705 3150 1774 blasphemabant
3207 1706 3447 1761 dicentes
3506 1708 3659 1770 deos,
3728 1717 3785 1759 ct

2212 1800 2519 1854 omittentcs
2550 1800 2794 1854 homines
2832 1799 2923 1866 qui
2958 1797 3293 1866 delinquunt,
3326 1794 3419 1851 eos
3460 1812 3595 1866 quos
3622 1812 3785 1851 voca-

2212 1893 2341 1945 bant
2393 1892 2521 1945 deos
2578 1905 2720 1943 nunc
2767 1890 3042 1943 hominum
3110 1889 3381 1951 latrones,
3446 1888 3785 1951 homicidas,

2212 1983 2522 2047 mendaces,
2560 1981 2840 2051 malignus,
2879 1982 3173 2043 adulteros,
3209 1980 3356 2035 fures
3395 1997 3493 2048 pro
3544 1980 3784 2034 homini-

2212 2078 2310 2132 bus
2339 2093 2458 2132 esse
2491 2077 2695 2131 volunt.
2750 2074 2857 2130 Sed
2914 2076 3050 2145 ame
3107 2091 3203 2130 nos
3253 2075 3521 2129 homicida
3568 2075 3610 2129 si
3645 2074 3787 2127 forte

2212 2186 2376 2223 unum
2413 2170 2631 2232 occidit,
2674 2179 2727 2222 et
2769 2170 2904 2224 forte
2937 2170 3182 2223 tristatus
3214 2178 3306 2221 aut
3336 2167 3553 2222 infamis
3586 2167 3783 2229 factus,

2211 2269 2266 2313 et
2319 2269 2575 2321 tremens,
2624 2269 2678 2312 et
2726 2259 3031 2327 compulsus
3080 2260 3147 2313 ob
3179 2268 3490 2329 egestatem,
3526 2269 3618 2311 aut
3644 2258 3783 2311 iram

2212 2361 2304 2405 aut
2351 2351 2696 2411 inimicitias,
2751 2351 2826 2404 sol
2880 2351 3079 2403 occidit
3126 2365 3248 2402 eum
3295 2350 3383 2417 qui
3440 2348 3784 2404 interﬁcitur.

2211 2442 2424 2507 Quare?
2451 2457 2568 2509 qua:
2598 2441 2829 2494 vicinia?
2858 2457 2975 2508 qua:
3003 2439 3393 2493 cohzereditas?
3429 2455 3548 2506 qua:
3591 2439 3784 2492 condi-

2212 2535 2388 2590 visio?
2413 2533 2538 2603 quid
2572 2534 2805 2601 passus?
2835 2533 2960 2599 quid
2990 2532 3316 2586 admittens?
3348 2532 3475 2600 quid
3506 2530 3781 2597 indigens!

2212 2628 2338 2695 quid
2373 2627 2637 2682 commodi
2669 2626 2889 2678 sumus?
2924 2624 3038 2678 Non
3078 2640 3262 2679 sumus
3301 2637 3488 2677 canna:
3534 2622 3784 2675 manibus

2210 2719 2482 2774 stellarum
2528 2727 2685 2771 mota:
2732 2718 2795 2771 ad
2833 2718 3057 2771 litteras.
3091 2715 3227 2778 Tua,
3258 2726 3344 2769 tua
3373 2724 3517 2776 sunt,
3569 2715 3780 2769 etiamsi

2210 2809 2556 2863 calumnieris
2585 2809 2772 2862 solem.
2808 2808 2957 2863 Luna
2995 2819 3174 2863 autem
3226 2826 3329 2864 non
3377 2819 3636 2879 operatur
3660 2824 3782 2879 qua

2211 2901 2562 2955 calumnieris
2596 2919 2610 2955 :
2643 2917 2749 2954 non
2808 2912 2861 2955 te
2911 2901 3104 2956 liberat
3138 2901 3405 2957 calumnia
3451 2918 3479 2955 a
3517 2913 3777 2972 peccato:

2211 2992 2450 3061 acquiris
2472 2993 2563 3046 tibi
2588 3005 2641 3046 et
2664 2993 3049 3061 blasphemiam
3087 3012 3100 3047 :
3128 2994 3177 3046 in
3200 3009 3265 3047 eo
3291 2995 3434 3047 enim
3461 2994 3583 3046 dum
3608 2994 3775 3046 dicis:

2212 3083 2327 3138 Non
2357 3100 2456 3154 ego
2493 3085 2739 3151 admitto,
2769 3087 2864 3140 sed
2914 3086 3004 3140 Dei
3048 3086 3284 3156 tipilicia.
3328 3086 3479 3152 Quod
3510 3086 3655 3139 enim
3680 3100 3778 3153 ego

2211 3191 2315 3230 non
2347 3191 2466 3244 ego,
2501 3177 2755 3246 relinquit
2786 3178 2915 3232 illud
2949 3178 2996 3232 ei
3026 3177 3178 3245 cujus
3201 3180 3429 3248 opiﬁciis
3452 3187 3506 3231 et
3532 3178 3778 3246 blasphe.

2206 3266 2370 3318 miam
2418 3265 2585 3319 addit.
2631 3266 2687 3319 Si
2728 3267 2872 3319 enim
2924 3281 3028 3319 non
3061 3275 3186 3318 sunt
3228 3281 3391 3333 opera
3440 3274 3627 3318 nostra
3662 3280 3777 3331 quae

2208 3355 2566 3423 admittimus,
2601 3357 2694 3411 sed
2723 3356 2801 3410 sol
2840 3367 2893 3410 et
2924 3357 3045 3410 luna
3088 3366 3141 3411 et
3175 3356 3342 3410 stella:
3392 3369 3487 3425 per
3518 3369 3617 3409 nos
3651 3369 3776 3422 epe-

2209 3457 2427 3513 rantur;
2460 3448 2531 3502 ita
2586 3463 2762 3518 neque
2810 3448 3023 3503 illorum
3075 3459 3197 3502 sunt
3229 3462 3392 3517 opera
3433 3462 3451 3502 :
3500 3448 3777 3517 aequaliter

2208 3539 2352 3592 enim
2397 3539 2540 3594 Deus
2570 3540 2867 3595 constituit.
2914 3539 3047 3593 Vide
3076 3542 3215 3609 quod
3260 3540 3395 3594 dicis
3428 3561 3443 3593 :
3477 3540 3635 3594 Deum
3675 3554 3772 3591 uo-

2209 3632 2386 3686 minas
2417 3647 2575 3702 quem
2622 3632 2767 3701 piget
2813 3648 2970 3685 nosse
3020 3633 3203 3696 Deum,
3237 3633 3330 3686 sed
3375 3632 3466 3685 tibi
3505 3630 3655 3684 facile
3689 3641 3773 3683 est

2208 3725 2348 3792 apud
2382 3739 2539 3793 quem
2565 3733 2689 3777 sunt
2728 3724 2953 3777 dicere:
2991 3722 3301 3777 Confundor
3350 3734 3406 3777 et
3458 3723 3603 3793 piger
3656 3739 3772 3773 sunt

2214 3814 2594 3868 contaminare
2625 3830 2795 3869 meam
2835 3816 3091 3885 linguam,
3130 3824 3183 3870 et
3214 3816 3445 3869 maxime
3470 3814 3678 3868 cwlesti
3702 3816 3776 3863 vi.

2206 3908 2357 3961 sione
2392 3907 2748 3961 descendens.
2793 3906 2929 3972 Quid
2974 3923 3127 3977 ergo,
3178 3922 3211 3960 ο
3261 3907 3509 3973 sapiens?
3562 3906 3771 3975 Cygnus

2207 4000 2337 4053 deus
2363 4009 2448 4052 est
2487 3999 2576 4067 qui
2616 3999 2899 4052 adversum
2929 3998 3189 4068 virginem
3222 3998 3401 4051 calet?
3429 3996 3771 4050 Coal'undan—

2208 4098 2292 4143 tur
2313 4088 2404 4155 qui
2431 4087 2719 4155 aliquoties
2746 4087 2962 4155 quidem
2988 4097 3200 4140 taurum
3224 4088 3470 4151 adorant,
3493 4086 3773 4154 aliquodve

2208 4178 2318 4248 (63)
2349 4189 2524 4232 autem
2560 4188 2716 4231 tauro
2764 4177 2920 4232 deum
2950 4179 3387 4247 transﬁguratum
3416 4178 3640 4244 lingunt.
3666 4178 3768 4230 Sed

2168 4330 2175 4339 ,
2206 4269 2370 4323 dicite
2410 4270 2566 4324 nobis
2613 4285 2710 4324 cur
2748 4271 3064 4324 immutatus
3091 4279 3174 4323 est
3226 4278 3287 4323 ut
3330 4270 3589 4340 virginem
3624 4271 3771 4324 vide-

2207 4361 2329 4414 ret?
2358 4359 2471 4414 Non
2496 4362 2642 4415 enim
2671 4360 2900 4414 habebat
2925 4360 3152 4415 feminas
3174 4360 3306 4415 deus
3334 4361 3629 4416 secundum
3657 4377 3771 4417 vos.

532 4463 617 4502 tne
648 4448 950 4501 deducitis?
991 4448 1243 4516 quid-me
1272 4449 1561 4503 extollitis?
1592 4449 1704 4505 Non
1736 4452 2006 4507 descendo
2034 4454 2098 4507 ad
2132 4465 2179 4522 ι)
2200 4453 2394 4521 Nonne
2440 4468 2679 4507 sororem
2721 4454 3145 4521 cooperatricem
3191 4451 3402 4519 habuit,
3454 4463 3514 4506 ut
3546 4454 3771 4507 aliorum

533 4538 833 4599 mulierem,
865 4554 967 4592 non
1010 4541 1242 4594 ascendo
1293 4542 1514 4610 {aqualis
1564 4543 1692 4596 Deo.
1726 4543 1877 4608 Quod
1918 4554 2101 4598 autent

529 4638 647 4683 erat
679 4630 806 4683 mihi
832 4640 887 4685 et
918 4632 1085 4685 otium
1125 4632 1429 4701 relinquere
1458 4650 1673 4688 cursum
1699 4645 1962 4690 statutum
1996 4638 2099 4690 mi-

527 4718 622 4771 hi?
655 4720 870 4786 quando
916 4720 1243 4789 interruptus
1275 4731 1359 4775 est
1413 4722 1565 4777 dies?
1611 4732 1703 4777 aut
1744 4726 1964 4793 quando
1992 4742 2097 4781 non

530 4810 719 4865 adveni
744 4827 970 4865 currens
994 4815 1057 4864 ad
1082 4825 1353 4877 ornatum,
1378 4825 1671 4884 occupatus
1692 4817 1758 4869 ad
1784 4817 2096 4873 mulierem?

528 4901 596 4956 Et
626 4903 748 4956 luna
786 4904 979 4959 fabulis
1001 4906 1335 4974 deturpatur,
1392 4908 1485 4961 sed
1534 4912 1709 4977 arguit
1746 4908 1938 4962 fabulis
1984 4909 2095 4981 (6Q)

527 5009 624 5049 sua
656 5006 866 5050 natura.
919 4996 1080 5051 Forte
1123 5008 1300 5051 autem
1349 5013 1449 5051 nec
1487 4998 1619 5052 illud
1666 4999 1865 5053 tacebit
1909 4999 2009 5053 sol.
2040 5000 2095 5053 Si

528 5098 705 5141 autem
736 5089 851 5157 ejus
885 5105 988 5144 non
1023 5098 1106 5144 est
1132 5101 1324 5144 natura
1366 5105 1422 5144 ut
1450 5090 1720 5161 loquatur,
1772 5107 1870 5146 nos
1910 5106 2009 5161 pro
2031 5109 2096 5147 eo

527 5180 832 5250 loquemur,
867 5182 911 5237 si
941 5192 1115 5237 tamen
1169 5198 1265 5253 pro
1302 5184 1416 5238 sole
1454 5195 1507 5236 et
1539 5200 1642 5238 non
1677 5199 1775 5254 pro
1804 5185 1949 5248 Deo;
1988 5200 2091 5238 non

526 5276 650 5344 quia
705 5275 844 5330 Deus
883 5276 1084 5346 indiget
1130 5277 1398 5344 adjutorio
1442 5285 1628 5329 nostro
1674 5286 1727 5329 et
1756 5276 2091 5340 defensione,

525 5366 618 5422 sed
646 5368 891 5424 homines
922 5369 1199 5424 constituti
1225 5367 1530 5423 hominibus
1567 5368 1947 5437 compatimur.
2000 5368 2091 5421 Vi-

524 5462 713 5516 dentes
737 5462 880 5517 enim
901 5462 1145 5516 volumus
1174 5463 1277 5515 iter
1297 5461 1585 5515 ostendere
1613 5476 1719 5515 non
1748 5459 2088 5526 videntibus;

618 5598 707 5668 60)
739 5599 838 5653 Ms.
873 5598 972 5653 ille
1000 5611 1153 5653 natus
1174 5617 1238 5654 ex
1260 5603 1441 5653 innato
1464 5611 1560 5653 est.

619 5672 709 5738 (Η)
750 5670 849 5738 Ms.
877 5669 935 5724 Si
955 5672 1089 5723 enim
1110 5672 1163 5724 in
1192 5681 1335 5723 tanta
1359 5671 1546 5737 spatio.

622 5737 710 5810 6‘2)
747 5737 985 5792 Falm'is.
1004 5740 1163 5794 Forte
1188 5742 1416 5809 Inludas.

2208 4545 2474 4600 connubia
2498 4545 2807 4600 iuraretur?
2838 4543 2952 4598 Non
2980 4545 3067 4599 isti
3098 4560 3377 4599 sermones
3414 4554 3540 4601 sunt
3576 4546 3773 4611 nostri,

2205 4638 2298 4691 sed
2330 4648 2522 4691 vestrae
2558 4636 2751 4692 fabula:
2781 4636 2991 4704 scripta;
3030 4636 3083 4689 in
3115 4636 3267 4690 libris
3295 4634 3429 4707 (ﬁt),
3471 4637 3522 4690 in
3550 4637 3773 4698 simula,

2205 4731 2332 4797 cris,
2379 4730 2430 4783 in
2455 4730 2771 4798 parietibus,
2810 4729 2860 4781 in
2886 4728 3264 4783 saltationibus
3295 4729 3655 4784 theatrorum.
3692 4731 3774 4783 ln-

2204 4824 2443 4891 dignaris
2475 4822 2597 4890 quia
2622 4823 2743 4875 dico
2765 4836 2827 4874 ea
2858 4836 2977 4889 quae
3000 4831 3053 4875 tu
3085 4823 3266 4889 legens
3302 4822 3557 4875 miraris:
3580 4822 3777 4875 irasco—

2205 4914 2278 4968 ris
2307 4914 2429 4982 quia
2466 4914 2657 4983 loquor
2702 4913 2768 4965 de
2798 4914 2880 4968 his
2912 4927 3030 4982 qute
3060 4913 3248 4966 videns
3279 4923 3337 4966 tu
3363 4914 3578 4968 adoras.
3632 4913 3774 4967 Indi-

2202 5008 2381 5076 gnaris
2407 5008 2533 5075 qnia
2568 5007 2690 5060 dico
2731 5022 2851 5076 quas
2901 5016 2954 5059 tu
2988 5006 3040 5059 in
3075 5004 3455 5059 saltationibus
3492 5004 3678 5059 videns
3717 5018 3775 5059 et

2200 5096 2422 5152 audiens
2453 5097 2757 5152 delectaris.
2794 5098 2919 5153 Dele
2940 5112 3093 5152 eaex
3123 5097 3347 5166 poeticis
3374 5098 3550 5162 libris,
3581 5100 3773 5153 recede

2201 5202 2230 5240 a
2264 5189 2512 5252 theatris,
2550 5200 2607 5244 et
2633 5191 2931 5243 exter-mina
2968 5198 3030 5243 ea
3060 5206 3090 5243 a
3122 5190 3453 5260 parietibus;
3487 5194 3657 5246 cordia
3681 5210 3771 5255 ea,

2200 5296 2229 5333 a
2259 5282 2566 5336 simulacris
2592 5282 2803 5348 recede,
2831 5292 2887 5337 et
2912 5286 3241 5352 congaudeo.
3264 5284 3319 5338 Si
3357 5293 3535 5339 autem
3560 5301 3772 5354 penna-

2201 5385 2297 5425 nes
2324 5366 2670 5439 in'caecitate,
2698 5374 2801 5428 noli
2829 5375 3094 5444 indignari
3127 5378 3170 5431 si
3202 5378 3571 5443 convinceris;
3603 5377 3771 5431 dicito

2200 5463 2245 5519 si
2270 5465 2397 5534 quid
2424 5466 2622 5521 addidi.
2655 5467 2711 5521 Si
2744 5477 2922 5520 autem
2956 5469 3093 5537 apud
3138 5479 3191 5524 te
3229 5479 3354 5523 sunt
3386 5471 3602 5541 scripta:
3635 5483 3770 5523 auro

2262 5605 2373 5675 (65)
2525 5607 2802 5678 aliquoties
2827 5620 2997 5661 autem
3026 5613 3077 5662 in
3102 5619 3275 5663 tauro.

2262 5678 2371 5745 (ut)
2406 5676 2499 5729 Ms.
2531 5676 2621 5731 sed
2654 5692 2830 5734 castra:
2854 5679 3050 5747 {abqu
3076 5681 3129 5733 in
3155 5680 3326 5734 libris.
