4098 6398
333 322 468 382 “57

1109 327 1197 384 BE
1234 327 1323 384 ΕΟ
1361 327 1550 396 QUOD
1588 329 1766 389 DEUS
1802 331 2039 392 PATER
2078 335 2591 394 INCORPORALIS
2629 338 2757 399 EST
2767 375 2783 389 ο

3446 337 3587 394 H58

329 450 386 496 et
421 450 644 510 argento
671 449 726 497 et
749 431 1031 513 iapidihus
1054 452 1109 499 et
1139 443 1438 513 parietibus
1474 454 1528 500 et
1555 447 1820 516 theatris;
1857 452 1902 506 si
1933 457 1979 516 Α
2007 467 2113 522 que
2143 463 2290 508 terra
2313 454 2537 525 iurgans
2565 462 2770 509 natura:
2799 450 3356 523 atacrttateiurgavit,
3385 456 3478 510 sed
3502 455 3585 510 lex

328 550 429 605 ego
455 536 507 589 in
535 551 696 605 parva
720 535 850 590 hora
887 547 940 589 et
966 535 1068 590 hoc
1108 537 1299 606 pigens
1327 536 1538 608 loquor,
1565 549 1782 609 propter
1804 541 1906 595 mi-

329 626 655 682 serationem
715 637 894 683 autem
923 643 1240 683 commoneo
1271 647 1285 683 :
1318 630 1445 698 quia
1495 647 1616 702 quae
1667 633 1838 701 vides,
1871 649 1906 690 o

329 721 513 783 homo,
545 729 598 775 et
632 720 805 777 oculis
862 729 919 774 et
969 735 1130 775 sensu
1183 735 1294 779 non
1355 722 1605 789 intueris,
1669 726 1736 780 ad
1793 727 1907 782 hate

330 811 603 866 irasceris.
630 810 686 867 Si
721 812 805 866 dei
831 821 976 877 sunt,
1008 812 1236 868 adulteri
1262 827 1369 867 non
1389 823 1547 881 sunt;
1582 817 1628 871 si
1653 818 1906 886 adulteri,

331 918 436 958 non
480 911 604 959 sunt
629 904 721 959 dii.
739 903 795 958 Si
824 913 1004 960 autem
1030 904 1215 960 volunt
1243 905 1444 960 habere
1461 908 1734 966 adulteros
1751 912 1904 977 deos,

330 1009 430 1049 nos
459 993 675 1063 quidem
713 995 792 1050 eis
822 1009 928 1050 non
967 995 1372 1063 maledicimus;
1406 1000 1515 1054 sint
1544 1009 1724 1057 autem
1761 1013 1819 1058 ut
1852 1005 1907 1060 hi

328 1085 420 1155 qui
445 1087 736 1141 adorantur
760 1087 980 1143 abillis.
1025 1086 1239 1144 Primus
1265 1089 1477 1146 illorum
1509 1092 1651 1150 deus
1684 1111 1788 1152 non
1823 1106 1908 1152 est

325 1175 553 1230 satiatus
572 1176 812 1244 libidine,
839 1179 891 1233 in
920 1179 1077 1248 caelo,
1100 1189 1158 1235 ut
1180 1181 1280 1251 ipsi
1305 1182 1488 1239 volunt
1509 1201 1650 1256 saepe
1673 1203 1793 1244 cum
1811 1205 1906 1246 sua

326 1267 554 1339 coniuge
578 1285 744 1340 agens
781 1287 794 1323 :
833 1271 1007 1327 sicubi
1031 1273 1177 1328 enim
1203 1289 1327 1330 cum
1375 1275 1477 1332 alia
1516 1278 1770 1337 inventus
1801 1293 1905 1350 est,

325 1361 509 1416 statim
536 1377 566 1416 a
593 1377 689 1417 sua
715 1362 865 1419 zelus
895 1378 1156 1420 accensus
1185 1375 1268 1422 est
1295 1385 1310 1422 :
1336 1384 1444 1423 non
1467 1371 1610 1426 enim
1651 1374 1905 1429 credebat

327 1456 428 1512 deo
458 1458 556 1512 dea
597 1457 736 1513 male
757 1458 824 1514 de
847 1473 912 1514 eo
940 1470 1211 1531 suspecta.
1245 1461 1301 1516 Si
1329 1465 1472 1518 enim
1510 1476 1566 1521 et
1606 1483 1636 1522 a
1663 1473 1906 1527 mortali-

327 1547 426 1602 bus
455 1563 514 1603 se
544 1563 647 1603 non
684 1550 1019 1616 continebat,
1072 1554 1343 1622 quomodo
1395 1556 1498 1610 iste
1530 1574 1560 1612 a
1596 1561 1910 1620 cmlestibus

304 1644 388 1690 -ut
418 1637 605 1692 volunt
629 1637 898 1693 cessavit?
921 1638 1024 1694 Sed
1047 1641 1323 1696 concedite
1346 1643 1540 1712 linguae
1566 1664 1578 1699 :
1602 1661 1743 1702 nunc
1763 1649 1908 1704 enim

329 1745 519 1786 aurum
549 1740 632 1786 est
681 1731 732 1786 in
781 1732 932 1787 sinus
980 1731 1245 1800 virginum
1297 1735 1531 1804 liquens,
1589 1746 1650 1792 ut
1691 1739 1900 1794 furetur

2009 544 2311 599 communis
2346 544 2557 599 Domini
2589 553 2671 599 est
2705 543 2878 614 posita
2905 542 3039 598 fines
3063 543 3274 608 sterni,
3305 554 3360 598 et
3386 546 3438 599 in
3465 555 3587 600 tan-

2009 635 2078 690 tis
2100 637 2311 692 saeculis
2339 636 2537 705 digitus
2561 637 2775 691 additus
2797 651 2902 692 non
2933 645 3037 703 est,
3070 635 3388 692 ﬂuminibus
3418 637 3587 692 tantis

2007 733 2063 779 et
2093 723 2330 782 fontibus
2378 727 2432 780 in
2465 727 2630 780 maris
2673 725 2882 781 sinibus
2915 727 3342 782 incurrentibus.
3398 726 3590 784 Flante

2006 823 2167 872 vento
2214 827 2509 886 pascuntur
2567 817 2786 873 ﬂatibus
2838 832 3022 886 naves,
3068 817 3135 871 ad
3167 818 3364 873 caelum
3415 811 3589 888 usque

2011 907 2290 964 tolluntur.
2328 909 2395 963 Et
2423 909 2546 980 quis
2568 925 2956 980 nonnunquam
2982 909 3351 980 pertransiens
3383 909 3586 973 timuit,

2010 1015 2078 1055 ne
2098 1011 2157 1054 ut
2187 1001 2448 1066 minatur,
2484 1002 2556 1056 ita
2580 1001 2806 1057 eﬂ‘usum
2839 1000 3263 1072 comprehendat
3282 1001 3589 1054 astantem?

2009 1090 2404 1161 Nonnunquam
2442 1093 2584 1148 enim
2627 1102 2681 1149 et
2719 1092 3012 1147 declinavit
3039 1106 3207 1156 mare,
3240 1092 3386 1146 venit
3421 1091 3508 1145 ubi
3537 1085 3586 1148 ei

2009 1191 2268 1240 statutum
2304 1193 2408 1249 est,
2471 1184 2826 1256 legislatorem
2876 1195 2932 1240 et
2981 1192 3302 1240 statutorem
3344 1183 3466 1239 finis
3515 1183 3587 1238 ti-

2011 1291 2195 1343 mens;
2224 1285 2277 1330 et
2301 1275 2553 1344 frangens
2583 1277 2775 1331 ﬂuctus
2797 1276 2864 1332 ad
2885 1276 3058 1344 littus,
3084 1275 3321 1332 ostendit
3349 1274 3589 1330 invisibl-

2010 1367 2112 1423 lem
2143 1384 2238 1438 per
2263 1383 2326 1423 ea
2352 1384 2470 1437 qua:
2497 1369 2766 1425 videntur.
2799 1370 2905 1423 Ista
2941 1370 3095 1423 decet
3121 1369 3168 1422 ei
3199 1368 3434 1433 cithara,
3467 1381 3589 1436 qua

2015 1453 2070 1507 in
2093 1451 2360 1508 frontibus
2394 1452 2672 1506 hominum
2705 1451 3018 1507 harmonias
3047 1452 3326 1516 describit,
3370 1451 3459 1505 ubi
3490 1450 3587 1506 de-

2015 1541 2178 1597 beant
2207 1556 2328 1597 esse
2348 1542 2509 1608 oculi,
2541 1553 2595 1598 et
2625 1542 2752 1612 quid
2789 1541 2932 1597 circa
2967 1543 3144 1613 ipsos;
3180 1543 3267 1597 ubi
3299 1542 3508 1607 dentes,
3533 1549 3588 1595 et

2017 1634 2236 1703 quanti;
2285 1632 2373 1688 ubi
2405 1649 2590 1701 aures,
2635 1644 2689 1688 et
2724 1643 2854 1703 quot
2883 1643 2938 1688 et
2965 1634 3031 1688 ad
3061 1635 3224 1705 quid;
3258 1634 3345 1688 ubi
3382 1633 3584 1704 lingua,

2017 1735 2072 1781 et
2102 1728 2168 1780 ad
2197 1727 2357 1796 quid;
2390 1725 2512 1795 quis
2543 1741 2670 1781 usus
2695 1733 2778 1780 est
2811 1725 3089 1781 oculorum
3116 1742 3131 1791 ;
3165 1725 3252 1780 ubi
3283 1742 3509 1796 ungues,
3533 1735 3588 1782 et

325 1822 443 1893 ejus
464 1822 832 1892 virginitatem
871 1844 882 1877 ε
916 1822 1055 1876 forte
1082 1831 1259 1878 autem
1297 1834 1350 1879 et
1386 1826 1521 1880 bene
1559 1825 1809 1897 liquescit
1835 1829 1904 1884 li-
1936 1806 1980 1861 Β
2007 1819 2075 1872 ad
2111 1830 2410 1889 (inﬁmum;
2445 1819 2532 1872 “bi
2561 1818 2761 1885 capim-
2790 1827 2844 1872 ει
2867 1818 2953 1872 Ubi
2975 1833 3078 1872 ηοη
3104 1817 3278 1886 Capilli
3305 1835 3319 1880 ς
3349 1818 3474 1886 (ιυίά
3506 1819 3587 1872 in-

324 1912 449 1968 bido
481 1914 761 1981 dissoluta,
811 1915 856 1969 si
893 1923 1077 1972 taurus
1119 1917 1253 1971 deus
1287 1917 1524 1984 illorum,
1557 1920 1648 1990 qui
1683 1937 1789 1976 non
1815 1931 1900 1978 est

323 2005 406 2059 dei
430 2006 735 2077 progenies,
764 2005 958 2061 fabulae
1003 2022 1068 2061 ex
1100 2009 1262 2062 corde
1311 2009 1622 2079 ﬂgmentum
1670 2013 1898 2069 mendax

322 2105 515 2150 natura
547 2105 734 2150 taurus
757 2104 874 2163 est;
901 2105 958 2151 et
1006 2097 1133 2166 quid
1164 2107 1321 2166 putas
1351 2100 1434 2154 vir
1472 2113 1526 2156 et
1557 2110 1746 2157 taurus
1775 2119 1898 2173 por-

324 2196 446 2241 tans
471 2188 731 2258 virginem
763 2187 1000 2243 libidinis
1025 2203 1234 2253 servus,
1263 2194 1716 2260 concupiscentiae
1743 2195 1899 2248 mini—

323 2285 457 2342 ster,
510 2279 562 2332 in
596 2278 736 2333 collo
788 2280 939 2348 virgo
995 2294 1118 2335 cum
1177 2280 1400 2336 libidine
1443 2283 1896 2352 domina?Quam

320 2372 468 2425 enim
497 2370 720 2438 figuram
775 2371 1103 2436 intermisit,
1160 2377 1374 2442 quando
1423 2376 1627 2444 quievit
1679 2394 1749 2432 ne
1799 2379 1899 2432 im-

322 2470 628 2515 mntaretur
665 2476 886 2532 cygnus,
918 2470 1126 2525 taurus,
1157 2463 1358 2533 aquila,
1387 2465 1616 2519 aurum?
1649 2476 1742 2521 aut
1769 2483 1899 2522 con-

325 2548 501 2604 tinens
541 2548 714 2604 factus
739 2559 824 2606 est
869 2550 1049 2605 nunc?
1085 2550 1263 2607 Multis
1289 2555 1431 2607 enim
1457 2552 1570 2620 iam
1607 2556 1763 2610 annis
1792 2572 1896 2611 non

321 2649 408 2694 est
433 2638 608 2695 factus
631 2639 832 2710 aquila,
859 2649 912 2696 et
932 2650 1080 2696 certe
1120 2657 1223 2696 non
1249 2642 1406 2713 pauci
1435 2643 1527 2697 lilii
1553 2655 1604 2698 et
1633 2647 1754 2700 boni
1785 2647 1896 2702 nati

323 2738 451 2786 sunt
483 2733 534 2785 in
570 2733 808 2787 deserto.
843 2730 1006 2787 Putas
1037 2734 1216 2788 senuit
1240 2741 1295 2788 et
1321 2736 1750 2804 concupiscentia
1783 2753 1898 2793 ces-

320 2822 481 2888 savit,
508 2831 602 2876 aut
635 2823 1001 2893 ptenitentiam
1031 2824 1266 2879 libidinis
1303 2823 1514 2889 habuit,
1557 2835 1612 2881 et
1661 2844 1802 2882 nunc
1839 2845 1898 2885 se

319 2913 430 2986 iam
456 2915 733 2970 continet?
754 2914 872 2970 Jam
901 2916 1044 2971 enim
1073 2931 1183 2976 non
1211 2917 1353 2987 rapit
1377 2931 1625 2986 puerum.
1659 2919 1898 2976 Confun-

319 3006 422 3062 dor
457 3016 514 3062 et
546 3007 726 3062 dicere
758 3008 859 3062 sub
887 3022 990 3077 qua
1020 3009 1305 3064 occasione
1338 3025 1444 3065 non
1473 3010 1762 3067 suffecerat
1809 3030 1897 3069 so-

323 3114 413 3154 ror
434 3099 654 3170 coniux,
695 3101 1063 3171 cooperatrix,
1096 3116 1162 3156 ex
1206 3117 1312 3172 qua
1345 3105 1454 3158 nati
1489 3114 1614 3159 sunt
1642 3105 1893 3174 plurimi,

2007 1907 2294 1972 trinsecus,
2331 1908 2458 1976 quid
2492 1907 2884 1976 constringere,
2935 1905 3061 1975 quid
3114 1906 3408 1969 involvere,
3453 1909 3582 1978 quid

2005 2000 2207 2062 velare,
2232 2000 2357 2068 quid
2381 1997 2587 2066 iacere,
2627 2008 2681 2052 et
2709 1999 2772 2051 ad
2803 1998 2931 2067 quid
2965 1997 3128 2063 utile;
3160 1999 3280 2066 quis
3311 1999 3587 2070 suscipere

2004 2103 2162 2143 escas
2196 2101 2250 2143 et
2280 2088 2554 2153 dividere;
2585 2096 2812 2156 quantas
2839 2096 3120 2141 mensuras
3156 2088 3352 2141 debeat
3385 2090 3587 2143 habere

2005 2180 2178 2245 cibus,
2209 2189 2263 2234 et
2285 2188 2544 2248 quantum
2577 2179 2721 2233 intus
2745 2179 2935 2232 debeat
2964 2193 3306 2247 permanere,
3334 2188 3386 2232 et
3413 2194 3588 2250 quan-

2005 2271 2074 2324 do
2104 2269 2298 2324 debeat
2326 2283 2577 2339 purgare,
2605 2278 2658 2322 et
2700 2269 2745 2322 si
2777 2267 3058 2323 transierit
3108 2270 3320 2333 horam,
3351 2269 3588 2324 ostendit

2009 2375 2232 2414 noxam.
2286 2359 2393 2412 ista
2448 2359 2564 2429 lyra
2617 2359 2772 2413 decet
2825 2358 2932 2414 Deo
2989 2359 3287 2427 composita
3343 2358 3588 2415 melodiis

2007 2449 2370 2502 membrorum
2401 2462 2415 2498 :
2448 2447 2610 2502 habet
2634 2448 2776 2502 enim
2799 2462 2994 2502 nervos
3021 2457 3073 2503 et
3099 2449 3292 2503 cordas
3316 2449 3368 2502 in
3391 2450 3587 2518 quibus

2004 2551 2060 2596 et
2087 2555 2150 2595 os
2180 2541 2247 2594 ad
2283 2555 2464 2595 ossum
2492 2548 2600 2604 est,
2631 2549 2685 2593 et
2713 2539 2922 2594 viscera
2965 2540 3032 2594 ad
3062 2541 3290 2604 viscera,
3337 2552 3392 2596 et
3423 2556 3588 2595 mem-

2004 2634 2100 2690 bra
2138 2634 2205 2688 ad
2237 2633 2505 2699 membra,
2536 2647 2630 2702 per
2658 2647 2778 2702 qua:
2813 2633 3156 2703 deponuntur
3193 2644 3246 2689 et
3267 2634 3587 2702 aperiuntur

2005 2742 2240 2781 manus:
2281 2741 2376 2796 per
2412 2741 2533 2795 qua:
2570 2725 2881 2788 ﬂectuntur,
2923 2735 2980 2778 et
3013 2725 3208 2780 iterum
3239 2728 3467 2781 redeunt
3493 2741 3588 2796 pe~

2003 2817 2132 2882 des;
2159 2818 2487 2872 clauduntur
2513 2818 2657 2872 oculi
2686 2818 2751 2870 ad
2788 2817 3160 2882 refectionem,
3187 2828 3243 2873 et
3278 2821 3471 2873 iterum
3500 2831 3586 2873 re-

2004 2919 2264 2965 vocantur
2289 2910 2355 2964 ad
2375 2925 2528 2981 opus.
2563 2910 2629 2965 Et
2658 2911 2780 2980 quis
2804 2911 3001 2980 poterit
3032 2910 3380 2966 dinumerare
3407 2927 3586 2981 quan—

2006 3009 2072 3054 tae
2098 3000 2398 3056 istiusmodi
2425 3015 2641 3070 semper
2665 2999 3040 3069 percutiuntur
3074 3000 3227 3070 lyrae,
3262 3016 3368 3056 non
3400 3001 3454 3056 in
3478 3017 3585 3056 uno

2005 3100 2213 3148 tantum
2247 3091 2488 3155 homine,
2531 3105 2632 3146 nec
2662 3091 2714 3144 in
2745 3091 3056 3146 hominibus
3094 3090 3245 3157 solis,
3290 3092 3383 3147 sed
3427 3100 3485 3146 et
3530 3095 3583 3147 in

321 3192 414 3246 sed
443 3191 554 3261 iam
587 3207 729 3247 nunc
760 3208 865 3246 non
898 3202 1215 3247 nascuntur.
1241 3193 1538 3251 Consenuit
1564 3207 1744 3252 autem
1767 3212 1893 3252 con-

2004 3183 2145 3238 omni
2178 3183 2441 3237 animali?
2469 3182 2721 3238 omnibus
2753 3184 2898 3237 enim
2928 3197 3214 3247 mensurae,
3240 3192 3448 3252 aetates,
3479 3199 3588 3238 ma-

315 3281 547 3352 jugium,
577 3281 808 3350 curiam
835 3297 936 3338 non
972 3282 1227 3351 pariunt?
1255 3284 1362 3339 Sed
1405 3300 1512 3339 non
1549 3285 1896 3353 suﬂ'ecitilla,
1943 3343 1947 3349 ,

319 3373 455 3428 abiit
480 3373 547 3428 ad
579 3373 834 3429 mortales
866 3393 879 3429 :
911 3373 1122 3429 suﬂ‘ecit
1151 3391 1254 3430 non
1282 3377 1519 3432 secunda
1561 3378 1749 3432 eodem
1786 3395 1900 3432 mo-

323 3479 416 3531 re;
451 3462 780 3519 multiforme
808 3468 953 3520 enim
1007 3475 1090 3520 est
1142 3465 1364 3522 malum.
1413 3465 1529 3520 Non
1580 3467 1900 3522 suffecerant

318 3555 576 3609 mortales
607 3569 622 3607 :
651 3555 718 3608 ad
750 3555 1018 3610 masculos
1041 3555 1308 3609 convertit
1339 3555 1634 3610 libidinem.
1661 3557 1895 3626 Opoela,

316 3661 454 3716 quos
487 3643 859 3700 irridebimus?
887 3645 1056 3715 magis
1084 3654 1262 3700 autent
1288 3661 1424 3715 quos
1452 3646 1900 3704 lamentabimus?

315 3752 410 3792 eos
469 3737 560 3806 qui
592 3736 949 3806 scripserunt,
977 3745 1068 3790 aut
1094 3752 1190 3790 eos
1229 3738 1317 3806 qui
1354 3753 1497 3792 nunc
1527 3754 1698 3808 usque
1749 3741 1897 3794 illum

317 3829 410 3900 qui
456 3829 510 3882 in
550 3827 766 3882 dextera
805 3836 982 3896 portat
1019 3827 1277 3896 aquilam,
1308 3829 1595 3884 adorantes
1634 3841 1686 3884 et
1730 3831 1903 3900 respi-

318 3921 547 3985 cientes,
577 3930 668 3974 ant
694 3919 934 3975 colentes
964 3919 1124 3974 sunt?
1147 3918 1252 3974 Sed
1284 3929 1439 3988 putas
1472 3922 1597 3992 quia
1627 3923 1727 3976 iste
1753 3923 1898 3978 solus

317 4013 522 4067 exstitit
547 4012 712 4067 talis?
740 4025 917 4065 nonne
939 4020 994 4066 et
1023 4011 1307 4067 citharista
1350 4013 1435 4067 ille
1461 4012 1760 4069 honestus?
1792 4015 1896 4085 pri-

319 4119 409 4158 mo
440 4095 658 4174 quidem
689 4119 786 4157 cur
814 4102 1122 4158 citharistas
1149 4103 1280 4158 deos
1308 4119 1594 4173 ponamus,
1625 4104 1750 4174 quia
1796 4104 1895 4157 ista

316 4194 472 4250 decet
504 4195 780 4249 harmonia
813 4195 1050 4250 decora?
1089 4195 1192 4250 ista
1239 4197 1384 4250 enim
1421 4205 1505 4251 est
1554 4196 1645 4252 illa
1687 4196 1741 4250 in
1787 4211 1893 4267 qua

319 4286 584 4357 olympias
611 4302 626 4339 :
654 4284 933 4340 harmonia
959 4296 1138 4341 autem
1165 4286 1250 4340 illa
1281 4295 1365 4339 est
1391 4301 1534 4349 vera,
1569 4286 1622 4341 in
1653 4302 1758 4357 qua
1788 4302 1897 4342 c03-

321 4379 430 4431 lum
469 4387 572 4442 est,
616 4386 670 4432 et
706 4386 848 4432 terra
883 4387 966 4433 est
998 4377 1193 4446 posita,
1238 4393 1388 4432 mare
1421 4379 1652 4448 adiacet,
1701 4387 1757 4433 et
1803 4393 1898 4435 aer

319 4481 403 4525 est
429 4470 784 4540 compositus,
813 4479 868 4525 et
906 4471 1208 4540 percutitur
1245 4471 1555 4526 consensio.
1605 4471 1722 4526 Non
1750 4471 1892 4527 enim

320 4562 468 4632 pellit
497 4577 648 4616 mare
679 4571 878 4616 terram
925 4569 1148 4630 propter
1179 4560 1521 4616 harmoniam
1566 4578 1580 4615 :
1628 4577 1734 4616 non
1785 4578 1892 4618 nos

320 4659 426 4714 diei
455 4658 581 4712 facit
602 4659 728 4720 vim,
755 4671 859 4711 non
885 4655 1203 4726 permittunt
1222 4659 1365 4710 enim
1399 4655 1540 4711 illius
1573 4656 1890 4711 ltarmonim.

321 4751 529 4816 Dicitis,
557 4750 749 4805 malum
773 4749 1036 4804 consentit
1062 4749 1146 4804 his
1165 4764 1282 4819 quae
1300 4748 1548 4803 deorsum
1580 4759 1724 4804 sunt.
1753 4749 1895 4803 Tan-

322 4852 431 4898 tum
462 4843 604 4898 enim
632 4838 860 4910 przebuit
890 4839 941 4893 in
967 4853 1033 4893 eo
1065 4839 1143 4894 sol
1175 4839 1404 4907 positus,
1447 4848 1709 4908 quantum
1749 4848 1894 4894 esset

321 4935 449 4988 utile
471 4933 681 5004 parari;
709 4943 764 4987 et
792 4941 996 4985 tantum
1028 4930 1294 4996 accendit,
1321 4939 1583 4998 quantum
1610 4939 1726 4986 erat
1759 4945 1892 4986 con-

321 5026 578 5091 veniens;
609 5037 664 5082 et
694 5025 868 5096 pergit
899 5032 954 5078 et
987 5022 1146 5085 redit,
1194 5031 1252 5076 ut
1282 5036 1457 5091 neque
1493 5023 1775 5078 abundans
1807 5023 1892 5077 in-

323 5116 568 5170 eendium
590 5125 840 5171 exureret
870 5115 1086 5182 omnia;
1119 5127 1291 5180 neque
1321 5114 1514 5166 iterum
1540 5113 1585 5168 si
1613 5123 1894 5168 transcen—

322 5207 493 5270 deret,
534 5203 730 5276 frigore
768 5206 1006 5274 perirent
1049 5203 1324 5258 universa.
1362 5203 1467 5258 Sed
1491 5214 1547 5259 et
1577 5219 1895 5260 communes

325 5295 621 5350 harmonia:
653 5303 708 5349 et
733 5295 975 5363 partibus
1004 5295 1212 5360 divisae,
1242 5295 1383 5349 sicut
1409 5293 1558 5348 brevi
1588 5294 1755 5348 silura
1781 5309 1895 5349 ma-

323 5387 437 5458 iora
483 5386 718 5452 cuidam,
769 5385 885 5438 alia:
932 5384 1079 5440 silnri
1111 5401 1311 5440 canore
1339 5384 1707 5440 consentiens.
1751 5383 1896 5438 Istud

326 5493 476 5533 mare
505 5492 756 5549 magnum
803 5485 858 5531 et
913 5477 1229 5543 spatiosum,
1258 5477 1422 5545 cuius
1463 5472 1654 5528 ﬂuctus
1690 5473 1894 5528 cmlum

325 5570 561 5639 pulsant,
602 5579 761 5624 terra:
790 5566 1048 5622 terminos
1075 5579 1184 5620 non
1213 5565 1621 5620 transcendunt.
1662 5561 1766 5616 Sed
1803 5576 1890 5615 ne-

398 5705 510 5776 (δε)
542 5703 635 5763 Ms.
668 5703 893 5759 Oranus.
928 5699 1036 5756 Vox
1063 5699 1246 5759 Grzcca
1273 5701 1519 5772 οὐρανός,
1544 5699 1732 5755 Latine
1758 5699 1890 5754 scri-

328 5791 438 5846 pta.

2001 3271 2331 3342 gnitudines,
2380 3271 2648 3337 dentium,
2686 3287 2972 3339 cornuum,
3018 3272 3344 3342 quibusdam
3390 3281 3445 3327 et
3478 3287 3584 3328 non

2002 3371 2128 3418 sunt
2155 3376 2375 3418 cornua.
2410 3361 2546 3416 Aliis
2593 3360 2690 3430 pili
2728 3371 2876 3426 sunt,
2919 3370 2974 3416 et
3028 3359 3326 3428 cuiusmodi
3380 3361 3582 3430 capilli,

2002 3470 2209 3525 ungues
2241 3465 2296 3508 et
2327 3453 2629 3524 cuiusmodi
2672 3469 2902 3523 ungues,
2946 3469 3137 3524 pennae
3167 3463 3222 3508 et
3251 3455 3446 3508 iterum
3478 3468 3585 3510 non

2010 3563 2219 3618 penme,
2251 3557 2306 3602 et
2345 3547 2398 3601 in
2433 3546 2608 3616 aquis,
2630 3555 2684 3601 et
2711 3545 2764 3601 in
2798 3561 2943 3612 aere,
2970 3555 3025 3600 et
3054 3547 3106 3600 in
3144 3546 3305 3611 mari,
3327 3556 3383 3600 et
3406 3546 3458 3600 in
3486 3547 3586 3600 ﬂu-

2003 3638 2132 3702 viis,
2185 3645 2239 3691 et
2276 3636 2328 3692 in
2369 3635 2630 3700 fontibus,
2687 3645 2742 3690 et
2777 3636 3190 3691 innumerabilia
3240 3652 3360 3706 qua:
3392 3651 3586 3692 exsur-

2001 3736 2151 3797 gunt,
2184 3742 2288 3781 una
2319 3735 2498 3780 tamen
2527 3735 2610 3780 est
2637 3725 2938 3780 harmonia.
2961 3723 3096 3779 Cum
3127 3725 3272 3779 enim
3313 3741 3465 3781 suam
3493 3742 3585 3782 ac-

2001 3819 2244 3874 cenderit
2278 3819 2576 3883 lucernam,
2625 3833 2746 3873 cum
2796 3833 2952 3872 suum
2981 3818 3186 3874 scilicet
3229 3819 3433 3874 oraviis
3465 3819 3584 3892 (65)

2001 3911 2162 3966 fuerit
2195 3912 2391 3977 solem,
2425 3927 2547 3966 cum
2576 3927 2606 3964 a
2638 3911 2832 3966 iinibus
2855 3911 3080 3966 orientis
3109 3911 3270 3966 simul
3317 3911 3386 3967 ad
3424 3927 3584 3968 occa-

2001 4017 2119 4057 sum
2173 4004 2536 4058 transmiserit
2585 4002 2802 4070 lumen;
2861 4017 3023 4058 omne
3069 4013 3315 4059 movetur
3358 4005 3581 4071 animal,

2001 4094 2419 4164 unumquodque
2460 4093 2524 4146 ad
2555 4094 2700 4163 quod
2727 4093 2776 4148 ei
2805 4102 2995 4148 natura
3024 4103 3132 4149 est.
3165 4094 3229 4148 Et
3253 4110 3434 4150 mensa
3461 4097 3582 4166 qni-

2000 4182 2120 4235 dem
2152 4182 2454 4236 communis
2483 4193 2564 4237 est
2595 4181 2772 4251 plena,
2816 4191 2872 4236 et
2908 4182 3053 4236 aliud
3081 4181 3281 4235 animal
3320 4181 3386 4235 ad
3420 4181 3582 4236 aliain

1999 4282 2251 4354 properat
2277 4289 2478 4336 escam,
2505 4273 2649 4328 aliud
2679 4273 2808 4328 alibi
2835 4273 3071 4336 devitat;
3101 4284 3154 4329 et
3182 4288 3303 4342 qua:
3331 4272 3438 4327 illis
3475 4273 3583 4326 uti-

1999 4365 2068 4419 lia
2107 4381 2212 4420 non
2236 4375 2380 4430 sunt,
2421 4365 2542 4420 aliis
2598 4364 2976 4420 convenientia
3032 4363 3320 4418 habentur.
3366 4361 3583 4416 Eiciunt

2000 4455 2110 4528 (66)
2135 4458 2523 4513 irrationabilia
2565 4473 2664 4528 per
2707 4457 3007 4513 istiusmodi
3039 4454 3378 4509 harmoniam
3413 4454 3584 4508 addu-

1998 4563 2106 4618 cta,
2147 4553 2271 4622 quis
2306 4552 2420 4624 (67)
2450 4553 2644 4607 debeat
2672 4560 2913 4620 gustare,
2941 4557 3138 4616 etquae
3171 4545 3362 4600 debeat
3386 4545 3579 4610 vitare,

1999 4656 2051 4702 et
2081 4663 2203 4700 cum
2244 4646 2437 4714 quibus
2466 4640 2802 4698 conversari.
2829 4638 2938 4694 Ista
2969 4637 3170 4694 decens
3214 4637 3323 4692 Deo
3368 4637 3582 4692 harmo-

2001 4748 2089 4801 nia
2119 4754 2225 4809 est,
2255 4757 2348 4813 per
2375 4755 2536 4811 quam
2565 4738 2646 4794 sol
2681 4745 2915 4792 statutus
2939 4736 3005 4789 ad
3037 4749 3254 4789 cursum
3283 4741 3389 4800 est,
3418 4742 3473 4787 et
3495 4731 3580 4788 lu-

2003 4853 2071 4893 na
2106 4838 2172 4892 ad
2198 4833 2574 4894 crescendum,
2601 4841 2655 4887 et
2681 4829 2850 4884 stellae
2879 4833 2947 4882 ad
2974 4827 3168 4897 spatia.
3205 4824 3367 4880 istam
3391 4840 3582 4893 percn-

2002 4934 2066 4984 tit
2097 4944 2193 5000 per
2215 4926 2329 4980 dies
2356 4933 2410 4978 et
2439 4933 2644 4984 noctes,
2674 4919 2943 4991 siquidem
2970 4927 3024 4973 et
3048 4915 3379 4972 dormientes
3399 4907 3579 4986 auget,

1999 5028 2054 5072 et
2108 5015 2464 5071 eﬂicientihus
2499 5012 2705 5067 otiosus
2761 5024 2865 5066 non
2909 5016 3015 5063 est.
3070 5005 3137 5061 Et
3182 5007 3323 5063 Deus
3361 5007 3580 5079 quidem

1999 5101 2156 5164 istam
2182 5105 2298 5161 sine
2323 5106 2505 5175 digitis
2527 5112 2580 5161 et
2605 5103 2791 5158 labore
2821 5099 3054 5172 percutit
3079 5097 3417 5153 harmoniam
3446 5117 3459 5154 :
3488 5098 3578 5155 ille

1998 5209 2176 5253 autem
2227 5197 2317 5268 qui
2349 5197 2504 5251 fictus
2536 5203 2591 5249 et
2617 5207 2725 5248 non
2759 5193 2892 5249 deus
2917 5200 3022 5257 est,
3052 5190 3250 5261 accipit
3291 5191 3577 5262 virginem.

1999 5289 2043 5345 Ο
2074 5287 2354 5358 iniuriam!
2393 5285 2556 5357 Virgo
2582 5286 2652 5339 ob
2683 5282 2996 5356 pudicitiam
3026 5281 3161 5352 fugit
3189 5292 3205 5335 :
3234 5282 3365 5337 deus
3395 5292 3577 5362 autem

2000 5379 2091 5449 qui
2121 5378 2341 5443 dicitur,
2373 5377 2443 5432 ob
2471 5389 2712 5432 amorem
2751 5374 2988 5430 libidinis
3016 5372 3342 5442 insequitur,
3383 5382 3437 5426 et
3471 5386 3576 5426 nan

2002 5470 2428 5542 comprehendit.
2462 5469 2770 5526 Velociores
2797 5467 2941 5523 enim
2982 5465 3146 5536 pedes
3175 5463 3328 5519 fuere
3354 5461 3578 5542 virginis

2006 5539 2278 5631 pudicitiae
2319 5575 2414 5628 per
2445 5559 2798 5622 voluntatem,
2824 5570 2987 5626 quam
3025 5553 3116 5611 ille
3154 5554 3244 5625 qui
3281 5568 3311 5608 a
3357 5539 3580 5610 libidine

2073 5696 2185 5767 (66)
2220 5695 2451 5767 Eiciunt.
2478 5696 2658 5757 Forte,
2676 5702 2723 5746 et
2746 5693 2936 5767 sciunt.

2074 5761 2185 5841 (67)
2218 5764 2372 5835 Quis.
2409 5765 2569 5823 Forte
2595 5781 2734 5837 qua,
2765 5763 2846 5820 vel
2869 5761 3018 5835 quid.
