4100 6456
544 378 678 436 H39

1219 370 1483 427 EUSEBII
1523 367 2002 425 CESARlENSlS
2038 368 2191 426 OPP.
2224 366 2403 425 PARS
2442 367 2617 423 lV.——
2646 364 3068 425 DOGMATICA.

3656 369 3799 427 Ηω

538 495 831 576 dissolutus
855 505 959 551 est.
1028 492 1127 561 Qui
1154 494 1392 549 ambulat
1422 494 1647 555 sensim,
1678 494 1767 563 qui
1799 507 1991 562 passus
2017 506 2105 547 se-
2142 507 2184 558 Α
2219 490 2628 546 fornicationem
2668 489 2778 561 (68)
2810 490 3108 544 iusecutam
3142 488 3384 559 quidem.
3416 506 3523 545 non
3548 505 3798 563 compre-

533 589 730 659 junglt,
771 590 874 643 iste
910 603 1050 642 nunc
1082 587 1340 641 festinans
1372 601 1475 641 non
1510 586 1917 653 comprehendit
1950 584 2111 654 virgi-

539 694 660 736 nem
691 695 705 734 :
734 679 895 748 pedes
927 676 1070 731 enim
1112 692 1141 730 a
1199 676 1417 730 libidine
1468 676 1735 739 dissoluti,
1770 691 1869 731 nec
1928 676 2113 731 molles

536 770 763 839 virginis
797 784 989 837 passus
1025 767 1486 837 comprehendere
1535 776 1847 837 potuerunt,
1879 767 1973 820 sed
2015 782 2110 836 pa-

539 879 657 917 rum
708 861 836 931 quid
880 871 934 915 et
979 863 1266 931 pervenit:
1300 860 1419 915 talis
1460 875 1646 914 eorum
1688 862 1841 925 deus,
1885 871 1937 915 et
1979 864 2113 916 bene

540 954 1001 1020 comprehendens
1040 962 1122 1008 est
1169 953 1418 1008 columba
1461 956 1531 1009 ab
1574 953 1831 1023 accipitre
1861 956 2110 1008 musico:

540 1045 633 1101 sed
668 1056 833 1108 terra,
860 1045 1054 1114 inquit,
1090 1046 1332 1112 miserta,
1366 1045 1650 1101 humanior
1680 1046 1771 1100 tali
1800 1061 1985 1100 eorum
2014 1048 2115 1103 deo

540 1139 677 1205 visa,
712 1137 988 1193 transtulit
1011 1152 1129 1190 eam
1170 1136 1235 1191 ad
1270 1137 1500 1192 laurum.
1534 1134 1600 1191 Et
1624 1136 1764 1193 forte
1792 1137 1981 1190 maluit
2009 1137 2117 1190 vir-

535 1248 605 1298 go
640 1232 840 1301 lignum
881 1232 1019 1295 ﬁeri,
1056 1247 1217 1303 quam
1260 1249 1287 1286 a
1336 1231 1428 1287 tali
1461 1234 1648 1288 eorum
1679 1231 1779 1286 deo
1818 1232 2112 1299 corrumpi.

538 1324 631 1379 ille
661 1334 843 1377 autem
874 1324 967 1393 qui
1000 1332 1194 1392 praeter
1228 1339 1376 1394 spem
1406 1340 1433 1377 a
1472 1323 1565 1377 tali
1593 1326 1877 1377 venatione
1909 1325 2117 1378 decide-

539 1425 644 1478 rat,
673 1415 860 1469 videns
895 1415 1156 1484 virginem
1187 1414 1241 1468 in
1272 1415 1520 1469 arborem
1548 1429 1893 1479 conversam,
1946 1430 2118 1482 neque

538 1509 891 1561 conversione
944 1508 1202 1561 confusus
1240 1518 1343 1571 est,
1399 1523 1572 1575 neque
1606 1509 1867 1562 translata
1922 1520 2117 1562 natura

540 1597 811 1651 transtulit
841 1607 887 1651 et
917 1613 1155 1652 amorem
1187 1617 1201 1653 :
1229 1600 1321 1652 sed
1348 1598 1520 1652 adhuc
1550 1598 1765 1654 fervens
1787 1615 1991 1664 amore,
2022 1603 2116 1655 ad-

537 1688 644 1742 huc
670 1690 864 1743 ardens
891 1690 1354 1757 concupiscentia,
1385 1690 1730 1759 amplectitur
1756 1694 2029 1757 arborem,
2066 1704 2119 1748 et

538 1779 780 1849 decerpit
814 1794 879 1833 ex
917 1780 1001 1834 illa
1031 1797 1149 1850 qua:
1198 1782 1310 1851 jam
1361 1798 1466 1837 non
1508 1793 1627 1838 erat
1658 1787 1833 1856 virgo.
1882 1787 2027 1849 folia,
2063 1796 2118 1840 et

2222 584 2442 638 bensam
2466 592 2668 644 autem,
2698 584 2873 635 adhuc
2907 596 3073 647 usque
3103 581 3487 647 accusabilem,
3511 593 3565 636 et
3593 582 3803 653 fingunt

2221 677 2273 730 in
2306 674 2631 737 simulacris,
2689 683 2744 727 et
2792 674 3021 745 pingunt
3066 674 3118 726 in
3166 675 3490 743 parietibus.
3535 675 3641 731 Sed
3668 677 3802 746 quid

2218 767 2349 820 mlhi
2377 776 2429 818 et
2458 767 2574 820 istis
2600 766 2718 821 est?
2744 767 3341 839 lievertere,lingua,et
3363 767 3493 823 audi
3512 768 3800 839 psalmum,

2219 876 2251 913 ο
2279 861 2455 914 anima
2480 857 3035 926 :Convertere,auima
3067 862 3289 923 mea.ad
3317 862 3540 929 quietem
3569 871 3709 914 tuam
3726 860 3805 915 “.

2220 953 2358 1018 Quid
2411 954 2539 1008 mihi
2577 962 2659 1007 est
2688 970 2783 1010 eos
2822 955 2912 1023 qui
2945 954 3078 1009 foris
3109 963 3236 1009 sunt
3271 954 3557 1021 judicare?
3594 953 3808 1009 Sufﬁcit

2219 1047 2297 1101 eis
2331 1047 2453 1118 quia
2488 1047 2539 1101 in
2574 1046 2657 1101 his
2686 1048 3019 1102 volutantur.
3056 1046 3287 1104 Cessent
3325 1048 3393 1104 de
3432 1048 3659 1119 Opificlis
3692 1065 3805 1102 non

2223 1139 2357 1193 bene
2424 1139 2661 1203 sentire;
2720 1136 2963 1195 fruentes
3019 1140 3162 1195 enim
3221 1141 3473 1208 opilicia.
3532 1142 3670 1196 male
3726 1141 3808 1195 de

2220 1228 2453 1302 Opiliciis
2519 1231 2782 1295 sentiunt,
2832 1240 2887 1286 et
2918 1231 3158 1299 ipsorum
3215 1232 3527 1287 Creatorem
3584 1232 3807 1303 injuriis

2227 1331 2434 1392 petunt.
2494 1318 2617 1376 Sint
2676 1334 2734 1377 ut
2791 1323 2996 1387 volunt,
3053 1333 3109 1378 et
3166 1335 3311 1380 certe
3376 1324 3501 1380 nolo
3561 1340 3809 1381 eosesso

2221 1423 2280 1468 ut
2342 1413 2549 1468 volunt.
2586 1412 2778 1468 Noster
2839 1426 3020 1470 autem
3075 1430 3255 1475 sermo
3312 1417 3484 1487 fugiat
3534 1428 3805 1489 quantum

2225 1512 2402 1574 potest
2451 1506 2662 1559 illorum
2715 1506 2963 1571 fetorem,
3007 1509 3132 1576 quia
3179 1509 3320 1579 apud
3370 1510 3517 1578 ipsos
3559 1520 3685 1565 sunt
3734 1510 3808 1563 ii-

2219 1608 2459 1666 gmenta,
2494 1598 2706 1662 fabulas,
2732 1600 3044 1660 simulacra.
3071 1600 3359 1666 adulteria,
3390 1601 3805 1668 fornicationes,

2220 1692 2458 1759 sanguis,
2488 1690 2715 1760 lapides.
2753 1692 2922 1761 ligna,
2956 1692 3248 1758 daemones,
3286 1695 3577 1759 nuditates,
3623 1696 3803 1764 turpi-

2223 1782 2707 1846 tudines,'diceuda
2752 1793 2806 1837 et
2860 1798 2963 1837 non
3026 1785 3250 1839 dicenda
3298 1784 3534 1841 occulta.
3566 1784 3806 1856 Fugiens

540 1868 820 1921 confessus
850 1870 1134 1923 victoriam
1170 1874 1369 1926 victum
1403 1889 1556 1928 suum
1582 1886 1807 1931 coronat
1833 1889 2010 1945 caput,
2048 1881 2105 1931 ti-

2223 1882 2400 1925 autem
2455 1873 2601 1937 inde,
2646 1883 2771 1943 agat
2819 1875 3022 1944 gratias
3074 1876 3144 1941 ei,
3192 1876 3283 1946 qui
3333 1890 3392 1930 se
3439 1876 3687 1931 liberavit
3724 1880 3807 1930 ab

542 1960 707 2011 Iulum
758 1969 943 2027 utpote
1001 1962 1053 2015 in
1111 1978 1309 2017 corona
1359 1965 1564 2021 libidini
1606 1983 1718 2023 sua
1758 1974 2114 2027 constituens.

541 2045 644 2101 Sed
678 2049 816 2104 forte
844 2053 1086 2121 quaedam
1122 2066 1278 2122 poeta
1308 2056 1485 2111 facilis
1524 2069 1577 2113 et
1612 2060 2007 2117 inconsiderate
2039 2062 2118 2117 lo-

539 2159 711 2211 quens
757 2148 1017 2203 mentitus
1055 2148 1120 2203 de
1137 2150 1237 2203 diis
1265 2151 1508 2219 esttalia,
1533 2163 1704 2207 etnon
1730 2163 1815 2209 est
1846 2156 2117 2211 insecutus

542 2235 800 2302 virginem
826 2238 1127 2293 citharista.
1154 2240 1293 2308 Quid
1325 2242 1499 2298 adhuc
1529 2260 1699 2313 usque
1732 2247 1781 2298 in
1806 2247 2112 2303 simuiacris

539 2340 600 2376 et
645 2327 743 2378 ista
780 2330 969 2383 arbore
995 2319 1305 2399 coronatur,
1349 2344 1407 2388 ut
1433 2343 1625 2402 putant
1664 2338 1879 2405 quidem
1921 2340 1989 2393 ob
2027 2341 2117 2395 ιλο-

541 2419 759 2475 narem?
808 2420 865 2476 Si
902 2432 1080 2477 autem
1114 2425 1283 2478 honor
1321 2436 1405 2481 est
1447 2427 1857 2485 fornicationem
1908 2432 2112 2489 laudari

767 2646 2007 2674 Μ

2222 1961 2548 2015 istiusmodi.
2588 1962 2704 2017 Erit
2750 1967 2895 2017 enim
2954 1967 3127 2034 gratia
3180 1966 3401 2035 duplex,
3457 1966 3583 2037 quia
3625 1975 3680 2019 et
3734 1968 3807 2019 li-

2220 2053 2429 2107 beravit
2476 2070 2504 2107 a
2532 2055 2694 2118 falsis,
2749 2066 2802 2110 et
2828 2059 2892 2111 ad
2931 2073 3053 2111 vera
3087 2059 3331 2115 adduxit.
3364 2059 3602 2115 Liberali
3636 2060 3803 2128 igitur

2221 2144 2289 2197 ab
2320 2144 2424 2208 bis,
2459 2154 2513 2197 et
2542 2146 2685 2215 digni
2717 2145 2943 2214 iudicati
2985 2149 3136 2203 estis.
3201 2149 3310 2204 Deo
3341 2164 3445 2205 non
3490 2161 3619 2205 nato
3650 2149 3802 2205 Patri

2220 2250 2315 2305 per
2360 2252 2523 2290 unum
2578 2237 2914 2307 unigenitum
2966 2256 3120 2295 suum
3170 2240 3366 2296 Filium
3422 2258 3545 2299 cum
3592 2243 3804 2314 Spiritu

2230 2336 2417 2380 sancto
2445 2328 2511 2381 sit
2526 2329 2714 2395 gloria,
2737 2330 2925 2394 honor,
2950 2332 3252 2402 imperium,
3270 2334 3544 2402 majestas.
3562 2346 3616 2390 et
3634 2352 3799 2399 nunc,

2223 2428 2277 2473 et
2304 2434 2537 2489 semper,
2581 2433 2634 2476 et
2665 2439 2757 2491 pt'r
2786 2426 2963 2477 omnia
2993 2426 3184 2480 saecula
3228 2426 3567 2482 saeculorum.
3598 2430 3802 2484 Anien.

2030 2666 3787 2696 Μ

1845 3254 2080 3316 LIBER
2123 3258 2464 3331 QUINTUS

600 3564 947 3636 Quzcnnque
979 3583 1041 3622 ex
1075 3569 1309 3637 cogitatu
1344 3572 1540 3625 debent
1574 3572 1751 3642 colligi
1806 3586 1861 3630 et
1914 3581 2111 3647 requiri
2143 3593 2185 3648 (ς
2224 3582 2455 3653 fingunt,
2502 3598 2556 3640 et
2602 3604 2705 3642 non
2756 3590 2925 3645 solum
2979 3593 3030 3648 in
3068 3598 3281 3668 templis
3313 3609 3368 3654 et
3395 3602 3690 3661 simulacris
3737 3604 3797 3664 αι

526 3657 623 3715 vel
662 3660 945 3726 exhiberi,
981 3660 1108 3729 quia
1154 3661 1511 3730 incorporalis
1542 3675 1623 3719 est
1672 3666 1765 3721 Dei
1808 3678 2023 3733 natura,
2062 3680 2117 3726 et

531 3750 645 3817 jam
671 3753 713 3804 si
749 3767 854 3806 non
884 3764 1145 3819 quantum
1196 3769 1283 3808 res
1335 3754 1449 3822 ipsa
1483 3756 1728 3825 deposcit
1755 3758 1888 3831 (69),
1931 3772 2111 3817 tamen

535 3851 798 3911 quantum
833 3844 899 3897 ad
933 3853 1170 3897 nostram
1202 3846 1452 3911 pervenit
1504 3847 1782 3915 virtutem,
1816 3854 1986 3921 magis
2020 3871 2118 3906 au-

537 3943 644 3989 tem
676 3943 936 4003 quantum
992 3935 1342 3989 imbecillitati
1402 3940 1573 4006 gratia
1605 3940 1847 4008 donavit,
1879 3944 1980 3998 ista
2023 3962 2118 4015 per

537 4026 733 4080 multos
763 4026 1066 4094 prreteritos
1093 4036 1147 4080 et
1172 4028 1531 4084 adunavimus
1558 4032 1695 4097 dies,
1750 4044 1806 4089 et
1864 4040 2117 4090 tractavi-

536 4132 657 4171 mus
680 4119 732 4170 in
764 4132 1069 4172 commune.
1109 4118 1174 4173 Et
1204 4118 1249 4173 si
1281 4121 1402 4190 quis
1433 4125 1670 4191 pervidit
1718 4138 1811 4181 aut
1852 4128 2118 4185 intellexit

534 4217 629 4261 aut
663 4210 927 4275 meminit,
975 4212 1173 4265 nullam
1225 4212 1336 4283 jam
1384 4214 1548 4271 habet
1596 4217 1992 4275 dubitationem
2052 4224 2117 4276 de

537 4299 623 4354 illa
657 4310 847 4355 natura
882 4316 986 4371 qua
1016 4302 1338 4372 incorporah
1375 4305 1653 4363 decretum
1696 4321 1777 4365 est
1807 4326 1819 4361 :
1854 4314 1947 4365 sed
1980 4313 2115 4367 forte

536 4392 703 4448 multa
737 4392 824 4446 illa
877 4393 1186 4448 sollicitudo
1218 4410 1336 4464 quae
1376 4411 1471 4467 per
1502 4400 1773 4469 cogitatus
1826 4405 2114 4471 processit,

528 4488 599 4541 ad
631 4486 791 4540 aliam
818 4490 1104 4558 quamdam
1140 4490 1504 4556 suspicionem
1541 4494 1827 4548 nonnullos
1864 4496 2111 4550 adducet.

533 4575 785 4633 Dicentes
812 4579 953 4632 enim
981 4580 1070 4648 qui
1101 4579 1287 4633 volunt
1317 4592 1629 4649 pervertere
1661 4591 1831 4649 recta,
1866 4587 1991 4655 quia
2024 4603 2116 4641 co-

531 4673 733 4740 gitatus
759 4672 972 4740 quidem
1006 4673 1133 4726 boni
1182 4682 1237 4727 et
1275 4676 1427 4738 veri,
1474 4684 1531 4729 et
1572 4676 1755 4730 decori
1788 4687 1843 4731 et
1884 4680 2016 4734 rccti
2050 4682 2116 4735 de

534 4765 641 4819 Deo
669 4774 792 4818 sunt
830 4776 885 4818 et
906 4765 1207 4831 habentur;
1236 4764 1539 4837 Scriptum
1570 4782 1748 4823 autem
1777 4772 1858 4825 his
1883 4772 2040 4832 bonis
2064 4785 2116 4829 et

532 4857 692 4909 rectis
715 4855 1041 4924 cogitatibus
1066 4872 1171 4911 non
1199 4860 1564 4924 consentiunt,
1593 4863 1687 4915 sed
1721 4863 1895 4931 magis
1926 4878 2019 4933 per
2048 4879 2109 4919 ea

528 4962 650 5017 qua
681 4949 821 5003 dicta
861 4958 987 5003 sunt
1034 4959 1294 5005 accusant
1334 4952 1602 5022 cogitatus
1647 4968 1807 5023 quam
1842 4970 2112 5013 commen-

528 5038 680 5094 dant.
707 5038 838 5096 Erat
859 5050 1038 5094 autem
1074 5043 1411 5111 propositum
1443 5058 1549 5097 non
1583 5044 1711 5113 quid
1742 5046 1974 5101 dicimus
2002 5032 2106 5103 non

524 5130 847 5199 simpliciter
888 5134 955 5186 de
995 5134 1102 5187 Deo
1136 5149 1149 5185 :
1185 5138 1313 5203 quia
1374 5149 1474 5188 nec
1526 5135 1685 5191 nobis
1732 5146 1815 5191 est
1868 5150 2109 5203 potestas

528 5223 665 5277 sicut
690 5223 983 5297 gentilibus
1009 5240 1075 5281 ex
1114 5228 1277 5281 corde
1300 5227 1366 5282 de
1404 5227 1515 5283 Deo
1552 5228 1719 5301 loqui,
1765 5229 1860 5285 sed
1887 5232 2104 5301 qualem

528 5332 649 5373 eum
679 5316 972 5386 Scriptura:
995 5320 1364 5385 introducunt,
1387 5331 1441 5377 et
1463 5322 1675 5392 qualem
1714 5338 1773 5379 se
1806 5325 1920 5393 ipse
1948 5326 2106 5381 inter-

527 5418 793 5479 pretatur,
823 5408 982 5463 talem
1014 5420 1231 5481 oportet
1259 5412 1459 5482 suscipi
1494 5422 1549 5467 et
1580 5414 1815 5468 adorari.
1864 5413 2105 5470 Gentiles

526 5499 669 5552 enim
694 5499 782 5567 qni
810 5499 991 5554 omnia
1029 5504 1144 5556 ausi
1174 5512 1321 5558 sunt.
1376 5504 1559 5559 omnia
1618 5504 2012 5576 transﬂgurant
2045 5517 2103 5561 et

599 5617 638 5645 "
676 5617 819 5673 Psal.
855 5633 1000 5682 cxrv,
1032 5617 1083 5671 7.

600 5758 709 5825 (68)
750 5758 844 5812 Ms.
879 5760 1089 5812 laudari
1122 5760 1537 5828 fornicationem.

602 5832 707 5897 (till)
743 5830 834 5882 Ms.
873 5828 1049 5882 litum
1082 5831 1125 5884 si
1158 5849 1253 5886 uo't
1285 5848 1533 5902 qimut't'n
1562 5854 1639 5888 res
1668 5853 1775 5889 tum
1804 5839 2053 5905 deposcit.

2225 3676 2545 3747 imaginibus
2566 3683 2860 3753 depingunt
2879 3698 2932 3740 et
2960 3686 3208 3756 figurant,
3241 3692 3333 3747 sed
3359 3703 3413 3749 et
3438 3696 3604 3763 ipsum
3630 3713 3799 3767 quem

2224 3770 2472 3824 videntur
2509 3775 2905 3844 incorporalem
2949 3780 3129 3835 dicere
3180 3782 3370 3843 Deum.
3402 3801 3468 3841 ex
3504 3791 3667 3843 corde
3700 3795 3801 3845 lin-

2222 3873 2407 3929 gentcs
2444 3867 2774 3934 producunt.
2825 3868 2981 3926 Unde
3025 3884 3080 3927 et
3113 3873 3159 3927 is
3198 3877 3288 3945 qui
3329 3882 3469 3948 apud
3509 3896 3604 3935 eos
3649 3897 3802 3940 actor

2222 3964 2459 4022 putatur,
2498 3961 2636 4029 apud
2669 3961 2807 4017 alios
2843 3966 3126 4021 creditur:
3153 3970 3280 4037 quia
3312 3973 3456 4027 enim
3486 3973 3531 4029 is
3572 3976 3663 4044 qui
3694 3988 3797 4041 est.

2222 4052 2436 4117 agnitus
2473 4068 2576 4107 non
2610 4064 2691 4109 est
2722 4058 2787 4111 ah
2822 4057 3050 4125 iisdem,
3091 4060 3228 4115 fama
3285 4076 3461 4119 autem
3503 4066 3570 4121 ad
3616 4084 3714 4125 eos
3746 4073 3798 4125 in

2222 4147 2527 4202 novissimis
2564 4152 2810 4219 pervenit
2839 4157 3170 4225 temporibus
3196 4169 3410 4223 ;tamen
3430 4178 3497 4217 ex
3528 4165 3801 4223 auditione

2220 4234 2413 4307 Moysi,
2442 4242 2565 4309 quia
2599 4240 2797 4298 famam
2818 4246 2884 4300 de
2914 4263 3019 4302 uno
3058 4250 3185 4315 Deo,
3208 4263 3262 4305 et
3282 4253 3399 4322 ipso
3421 4254 3681 4313 Creatore
3702 4276 3803 4314 au—

2220 4330 2457 4395 dierant,
2500 4337 2590 4405 qui
2632 4338 2683 4391 in
2736 4340 2919 4393 multis
2957 4345 3169 4400 saeculis
3222 4348 3433 4415 opificia
3490 4350 3802 4410 intermisso

2218 4421 2479 4479 Creatore
2528 4428 2937 4499 adoraveruut;
3004 4434 3143 4489 alius
3197 4437 3343 4492 aliud
3394 4443 3800 4510 nuncupatione

2220 4515 2490 4583 suggessit
2517 4517 2582 4571 de
2608 4533 2677 4573 eo
2698 4534 2858 4589 quem
2886 4524 3206 4591 audierant;
3243 4530 3311 4583 ita
3340 4539 3398 4584 ut
3422 4533 3642 4602 quidam
3660 4538 3800 4591 scri—

2221 4605 2407 4661 bentes
2444 4611 2697 4679 praecepti
2743 4614 2852 4667 sint
2878 4631 2942 4669 ex
2972 4622 3194 4674 nomine.
3226 4622 3339 4677 solo
3376 4624 3666 4694 imaginem
3712 4630 3803 4685 de»

2219 4697 2477 4762 scribere,
2503 4717 2609 4755 non
2639 4704 2896 4770 hominis,
2928 4708 3174 4779 inquam,
3206 4722 3307 4767 aut
3360 4716 3590 4773 alterius
3614 4720 3799 4788 utins-

2218 4802 2431 4858 cunque
2457 4802 2627 4848 status
2657 4794 2797 4864 (70),
2838 4799 2932 4853 sed
2982 4800 3304 4871 simpliciter
3330 4812 3796 4879 nuncupationem

2221 4896 2281 4933 ex
2305 4882 2465 4940 fama.
2486 4883 2713 4942 Necesse
2731 4889 2873 4944 enim
2893 4902 3009 4946 erat
3026 4895 3155 4948 istos
3181 4897 3269 4966 qui
3295 4896 3632 4967 Scriptuan
3656 4905 3801 4975 igno-

2146 4951 2191 5007 θ
2222 4972 2431 5035 rabant,
2462 4986 2665 5033 natura:
2703 4990 2884 5038 autem
2918 4951 3212 5041 audierant.
3240 4951 3703 5061 nuncu'patiwen'i
3728 4997 3800 5051 de

2218 5061 2505 5134 incognito,
2551 5068 2709 5123 aliter
2745 5082 2927 5127 autem
2971 5084 3024 5129 et
3056 5077 3283 5133 alterum
3320 5081 3483 5137 aliter
3515 5101 3581 5140 ex
3634 5088 3802 5143 corde

2217 5153 2436 5224 lingere,
2460 5162 2819 5221 :estimatione
2851 5169 3052 5239 quippe
3079 5172 3145 5227 de
3168 5188 3233 5227 eo
3250 5190 3419 5246 quem
3455 5178 3793 5249 ignorabant.

2213 5256 2268 5301 et
2287 5248 2405 5304 ideo
2418 5268 2518 5323 per
2547 5257 2729 5311 omnia
2751 5273 3097 5318 erraverunt.
3132 5262 3258 5322 inde
3280 5277 3372 5323 est
3395 5279 3455 5323 ut
3476 5248 3591 5325 non
3620 5272 3796 5327 solum

2214 5340 2317 5395 sibi
2341 5340 2693 5404 dissentirent
2718 5351 2783 5406 de
2816 5352 2947 5421 Deo,
2972 5358 3069 5411 sed
3097 5369 3153 5413 et
3177 5359 3623 5419 adversarentur.
3666 5343 3800 5430 Qui;

2216 5433 2337 5525 datu
2377 5436 2680 5525 enim-dicit
2721 5443 2847 5511 quia
2898 5448 3169 5515 providet,
3201 5450 3499 5524 διωξίψού
3522 5472 3633 5513 non
3668 5473 3797 5525 pro-

2217 5514 2377 5581 videt,
2408 5528 2462 5574 et
2501 5520 2637 5579 alius
2668 5528 2793 5596 quia
2827 5514 2994 5600 usque
3016 5534 3083 5587 ad
3110 5535 3290 5592 lunam
3321 5514 3618 5609 provideat.

2289 5772 2391 5842 (70)
2427 5773 2519 5828 Ma.
2551 5778 2854 5844 cujusquam
2887 5792 3072 5836 status.
