  <div class='ocr_page' id='page_1' title='image "/cluster/home/n/w/nwhite01/storage/ocr_20150623/24/hvd.32044073501108/588.png"; bbox 0 0 4098 6398; ppageno 0'>
   <div class='ocr_carea' id='block_1_1' title="bbox 300 344 427 401">
    <p class='ocr_par' dir='ltr' id='par_1_1' title="bbox 300 344 427 401">
     <span class='ocr_line' id='line_1_1' title="bbox 300 344 427 401; baseline 0 -1"><span class='ocrx_word' id='word_1_1' title='bbox 300 344 427 401; x_wconf 77' lang='grc' dir='ltr'><strong>Ηϐι</strong></span> 
     </span>
    </p>
   </div>
   <div class='ocr_carea' id='block_1_2' title="bbox 1077 353 2758 438">
    <p class='ocr_par' dir='ltr' id='par_1_2' title="bbox 1077 353 2758 438">
     <span class='ocr_line' id='line_1_2' title="bbox 1077 353 2758 438; baseline 0.018 -32"><span class='ocrx_word' id='word_1_2' title='bbox 1077 353 1166 408; x_wconf 87' lang='lat' dir='ltr'><strong>DE</strong></span> <span class='ocrx_word' id='word_1_3' title='bbox 1205 357 1294 413; x_wconf 79' lang='grc' dir='ltr'>ΕΟ</span> <span class='ocrx_word' id='word_1_4' title='bbox 1331 357 1523 425; x_wconf 80' lang='lat' dir='ltr'><strong>QUOD</strong></span> <span class='ocrx_word' id='word_1_5' title='bbox 1565 362 1745 421; x_wconf 82' lang='lat' dir='ltr'><strong>DEUS</strong></span> <span class='ocrx_word' id='word_1_6' title='bbox 1784 365 2016 422; x_wconf 78' lang='lat' dir='ltr'><strong>PATER</strong></span> <span class='ocrx_word' id='word_1_7' title='bbox 2056 369 2568 433; x_wconf 79' lang='lat' dir='ltr'><strong>lNCORPORALiS</strong></span> <span class='ocrx_word' id='word_1_8' title='bbox 2608 380 2758 438; x_wconf 76' lang='lat' dir='ltr'><strong>EST.</strong></span> 
     </span>
    </p>
   </div>
   <div class='ocr_carea' id='block_1_3' title="bbox 3422 401 3560 458">
    <p class='ocr_par' dir='ltr' id='par_1_3' title="bbox 3422 401 3560 458">
     <span class='ocr_line' id='line_1_3' title="bbox 3422 401 3560 458; baseline 0.036 -5"><span class='ocrx_word' id='word_1_9' title='bbox 3422 401 3560 458; x_wconf 70' lang='grc'><strong>1169..</strong></span> 
     </span>
    </p>
   </div>
   <div class='ocr_carea' id='block_1_4' title="bbox 294 466 3561 574">
    <p class='ocr_par' dir='ltr' id='par_1_4' title="bbox 294 466 3561 574">
     <span class='ocr_line' id='line_1_4' title="bbox 294 466 3561 574; baseline 0.016 -54"><span class='ocrx_word' id='word_1_10' title='bbox 294 466 423 538; x_wconf 82' lang='lat' dir='ltr'><strong>quia</strong></span> <span class='ocrx_word' id='word_1_11' title='bbox 465 467 520 524; x_wconf 89' lang='lat' dir='ltr'><strong>in</strong></span> <span class='ocrx_word' id='word_1_12' title='bbox 546 469 800 528; x_wconf 87' lang='lat' dir='ltr'><strong>omnibus</strong></span> <span class='ocrx_word' id='word_1_13' title='bbox 826 473 1095 542; x_wconf 74' lang='lat' dir='ltr'><strong>providet.</strong></span> <span class='ocrx_word' id='word_1_14' title='bbox 1130 476 1197 531; x_wconf 85' lang='lat' dir='ltr'><strong>Et</strong></span> <span class='ocrx_word' id='word_1_15' title='bbox 1222 479 1441 548; x_wconf 82' lang='lat' dir='ltr'><strong>quidam</strong></span> <span class='ocrx_word' id='word_1_16' title='bbox 1476 481 1610 538; x_wconf 86' lang='lat' dir='ltr'><strong>dicit</strong></span> <span class='ocrx_word' id='word_1_17' title='bbox 1638 485 1760 553; x_wconf 86' lang='lat' dir='ltr'><strong>quia</strong></span> <span class='ocrx_word' id='word_1_18' title='bbox 1794 485 1880 540; x_wconf 85' lang='lat' dir='ltr'><strong>in-</strong></span> <span class='ocrx_word' id='word_1_19' title='bbox 1905 495 1952 550; x_wconf 76' lang='grc' dir='ltr'><strong>Α</strong></span> <span class='ocrx_word' id='word_1_20' title='bbox 1979 505 2247 562; x_wconf 84' lang='lat' dir='ltr'><strong>quemque</strong></span> <span class='ocrx_word' id='word_1_21' title='bbox 2270 495 2592 564; x_wconf 73' lang='lat' dir='ltr'><strong>prophetam</strong></span> <span class='ocrx_word' id='word_1_22' title='bbox 2627 499 2931 560; x_wconf 79' lang='lat' dir='ltr'><strong>invenimus</strong></span> <span class='ocrx_word' id='word_1_23' title='bbox 2952 507 3174 574; x_wconf 89' lang='lat' dir='ltr'><strong>dictum,</strong></span> <span class='ocrx_word' id='word_1_24' title='bbox 3196 509 3342 568; x_wconf 74' lang='lat' dir='ltr'><strong>Dixit</strong></span> <span class='ocrx_word' id='word_1_25' title='bbox 3376 513 3561 571; x_wconf 81' lang='lat' dir='ltr'><strong>Domi-</strong></span> 
     </span>
    </p>
   </div>
   <div class='ocr_carea' id='block_1_5' title="bbox 293 559 1872 638">
    <p class='ocr_par' dir='ltr' id='par_1_5' title="bbox 293 559 1872 638">
     <span class='ocr_line' id='line_1_5' title="bbox 293 559 1872 638; baseline 0.013 -26"><span class='ocrx_word' id='word_1_26' title='bbox 293 559 598 628; x_wconf 89' lang='lat' dir='ltr'><strong>corporalis</strong></span> <span class='ocrx_word' id='word_1_27' title='bbox 627 572 731 628; x_wconf 89' lang='lat' dir='ltr'><strong>est,</strong></span> <span class='ocrx_word' id='word_1_28' title='bbox 777 565 915 620; x_wconf 89' lang='lat' dir='ltr'><strong>alius</strong></span> <span class='ocrx_word' id='word_1_29' title='bbox 939 567 1061 636; x_wconf 90' lang='lat' dir='ltr'><strong>quia</strong></span> <span class='ocrx_word' id='word_1_30' title='bbox 1095 583 1294 638; x_wconf 91' lang='lat' dir='ltr'><strong>corpus</strong></span> <span class='ocrx_word' id='word_1_31' title='bbox 1319 580 1425 628; x_wconf 88' lang='lat' dir='ltr'><strong>est.</strong></span> <span class='ocrx_word' id='word_1_32' title='bbox 1461 572 1566 628; x_wconf 78' lang='lat' dir='ltr'><strong>Ista</strong></span> <span class='ocrx_word' id='word_1_33' title='bbox 1597 589 1872 631; x_wconf 86' lang='lat' dir='ltr'><strong>commen-</strong></span> 
     </span>
    </p>
   </div>
   <div class='ocr_carea' id='block_1_6' title="bbox 292 650 1872 738">
    <p class='ocr_par' dir='ltr' id='par_1_6' title="bbox 292 650 1872 738">
     <span class='ocr_line' id='line_1_6' title="bbox 292 650 1872 738; baseline 0.012 -34"><span class='ocrx_word' id='word_1_34' title='bbox 292 651 444 707; x_wconf 81' lang='lat' dir='ltr'><strong>datio</strong></span> <span class='ocrx_word' id='word_1_35' title='bbox 478 650 590 724; x_wconf 80' lang='lat' dir='ltr'><strong>(7i)</strong></span> <span class='ocrx_word' id='word_1_36' title='bbox 615 653 920 725; x_wconf 74' lang='lat' dir='ltr'><strong>ignorantia</strong></span> <span class='ocrx_word' id='word_1_37' title='bbox 958 669 1042 712; x_wconf 92' lang='lat' dir='ltr'><strong>est</strong></span> <span class='ocrx_word' id='word_1_38' title='bbox 1072 675 1283 724; x_wconf 90' lang='lat' dir='ltr'><strong>eorum,</strong></span> <span class='ocrx_word' id='word_1_39' title='bbox 1317 664 1408 731; x_wconf 88' lang='lat' dir='ltr'><strong>qui</strong></span> <span class='ocrx_word' id='word_1_40' title='bbox 1457 667 1703 722; x_wconf 90' lang='lat' dir='ltr'><strong>nesciunt</strong></span> <span class='ocrx_word' id='word_1_41' title='bbox 1743 669 1872 738; x_wconf 90' lang='lat' dir='ltr'><strong>quid</strong></span> 
     </span>
    </p>
   </div>
   <div class='ocr_carea' id='block_1_7' title="bbox 201 739 1871 818">
    <p class='ocr_par' dir='ltr' id='par_1_7' title="bbox 201 739 1871 818">
     <span class='ocr_line' id='line_1_7' title="bbox 201 739 1871 818; baseline 0.014 -26"><span class='ocrx_word' id='word_1_42' title='bbox 201 749 208 755; x_wconf 88' lang='lat'>&#39;</span> <span class='ocrx_word' id='word_1_43' title='bbox 294 739 612 812; x_wconf 90' lang='lat' dir='ltr'><strong>loquuntur.</strong></span> <span class='ocrx_word' id='word_1_44' title='bbox 656 745 763 801; x_wconf 85' lang='lat' dir='ltr'><strong>Sed</strong></span> <span class='ocrx_word' id='word_1_45' title='bbox 794 747 865 801; x_wconf 92' lang='lat' dir='ltr'><strong>illi</strong></span> <span class='ocrx_word' id='word_1_46' title='bbox 913 748 1130 818; x_wconf 82' lang='lat' dir='ltr'><strong>quidem</strong></span> <span class='ocrx_word' id='word_1_47' title='bbox 1186 753 1469 818; x_wconf 83' lang='lat' dir='ltr'><strong>audentes,</strong></span> <span class='ocrx_word' id='word_1_48' title='bbox 1500 767 1592 811; x_wconf 90' lang='lat' dir='ltr'><strong>aut</strong></span> <span class='ocrx_word' id='word_1_49' title='bbox 1621 760 1782 815; x_wconf 89' lang='lat' dir='ltr'><strong>aliter</strong></span> <span class='ocrx_word' id='word_1_50' title='bbox 1805 764 1871 817; x_wconf 90' lang='lat' dir='ltr'><strong>de</strong></span> 
     </span>
    </p>
   </div>
   <div class='ocr_carea' id='block_1_8' title="bbox 293 834 1870 914">
    <p class='ocr_par' dir='ltr' id='par_1_8' title="bbox 293 834 1870 914">
     <span class='ocr_line' id='line_1_8' title="bbox 293 834 1870 914; baseline 0.016 -26"><span class='ocrx_word' id='word_1_51' title='bbox 293 834 402 890; x_wconf 90' lang='lat' dir='ltr'><strong>Deo</strong></span> <span class='ocrx_word' id='word_1_52' title='bbox 423 838 736 906; x_wconf 87' lang='lat' dir='ltr'><strong>sentientes,</strong></span> <span class='ocrx_word' id='word_1_53' title='bbox 752 856 940 898; x_wconf 90' lang='lat' dir='ltr'><strong>omnes</strong></span> <span class='ocrx_word' id='word_1_54' title='bbox 955 855 1297 902; x_wconf 89' lang='lat' dir='ltr'><strong>erraverunt.</strong></span> <span class='ocrx_word' id='word_1_55' title='bbox 1325 846 1435 905; x_wconf 82' lang='lat' dir='ltr'><strong>Nec</strong></span> <span class='ocrx_word' id='word_1_56' title='bbox 1454 852 1597 908; x_wconf 91' lang='lat' dir='ltr'><strong>enim</strong></span> <span class='ocrx_word' id='word_1_57' title='bbox 1619 871 1687 910; x_wconf 82' lang='lat' dir='ltr'><strong>ex</strong></span> <span class='ocrx_word' id='word_1_58' title='bbox 1709 858 1870 914; x_wconf 87' lang='lat' dir='ltr'><strong>corde</strong></span> 
     </span>
    </p>
   </div>
   <div class='ocr_carea' id='block_1_9' title="bbox 292 926 1869 1007">
    <p class='ocr_par' dir='ltr' id='par_1_9' title="bbox 292 926 1869 1007">
     <span class='ocr_line' id='line_1_9' title="bbox 292 926 1869 1007; baseline 0.015 -25"><span class='ocrx_word' id='word_1_59' title='bbox 292 926 527 986; x_wconf 89' lang='lat' dir='ltr'><strong>humano</strong></span> <span class='ocrx_word' id='word_1_60' title='bbox 556 933 697 990; x_wconf 86' lang='lat' dir='ltr'><strong>Deus</strong></span> <span class='ocrx_word' id='word_1_61' title='bbox 723 935 948 1004; x_wconf 88' lang='lat' dir='ltr'><strong>produci</strong></span> <span class='ocrx_word' id='word_1_62' title='bbox 977 936 1184 1004; x_wconf 82' lang='lat' dir='ltr'><strong>debuit,</strong></span> <span class='ocrx_word' id='word_1_63' title='bbox 1227 942 1323 996; x_wconf 90' lang='lat' dir='ltr'><strong>sed</strong></span> <span class='ocrx_word' id='word_1_64' title='bbox 1355 957 1384 996; x_wconf 92' lang='lat' dir='ltr'><strong>a</strong></span> <span class='ocrx_word' id='word_1_65' title='bbox 1419 943 1527 999; x_wconf 91' lang='lat' dir='ltr'><strong>Deo</strong></span> <span class='ocrx_word' id='word_1_66' title='bbox 1556 947 1770 1003; x_wconf 86' lang='lat' dir='ltr'><strong>edoceri</strong></span> <span class='ocrx_word' id='word_1_67' title='bbox 1803 953 1869 1007; x_wconf 92' lang='lat' dir='ltr'><strong>de</strong></span> 
     </span>
    </p>
   </div>
   <div class='ocr_carea' id='block_1_10' title="bbox 291 1018 1869 1113">
    <p class='ocr_par' dir='ltr' id='par_1_10' title="bbox 291 1018 1869 1113">
     <span class='ocr_line' id='line_1_10' title="bbox 291 1018 1869 1113; baseline 0.015 -41"><span class='ocrx_word' id='word_1_68' title='bbox 291 1018 420 1074; x_wconf 89' lang='lat' dir='ltr'><strong>Deo.</strong></span> <span class='ocrx_word' id='word_1_69' title='bbox 468 1018 636 1077; x_wconf 86' lang='lat' dir='ltr'><strong>Nobis</strong></span> <span class='ocrx_word' id='word_1_70' title='bbox 659 1033 839 1079; x_wconf 82' lang='lat' dir='ltr'><strong>autem</strong></span> <span class='ocrx_word' id='word_1_71' title='bbox 873 1041 1099 1084; x_wconf 89' lang='lat' dir='ltr'><strong>necesse</strong></span> <span class='ocrx_word' id='word_1_72' title='bbox 1144 1039 1230 1086; x_wconf 90' lang='lat' dir='ltr'><strong>est</strong></span> <span class='ocrx_word' id='word_1_73' title='bbox 1275 1045 1339 1087; x_wconf 88' lang='lat' dir='ltr'><strong>ea</strong></span> <span class='ocrx_word' id='word_1_74' title='bbox 1379 1049 1602 1106; x_wconf 89' lang='lat' dir='ltr'><strong>surgere</strong></span> <span class='ocrx_word' id='word_1_75' title='bbox 1645 1038 1761 1113; x_wconf 76' lang='lat'><strong>(72)</strong></span> <span class='ocrx_word' id='word_1_76' title='bbox 1812 1051 1869 1097; x_wconf 90' lang='lat' dir='ltr'><strong>et</strong></span> 
     </span>
    </p>
   </div>
   <div class='ocr_carea' id='block_1_11' title="bbox 287 1116 1864 1203">
    <p class='ocr_par' dir='ltr' id='par_1_11' title="bbox 287 1116 1864 1203">
     <span class='ocr_line' id='line_1_11' title="bbox 287 1116 1864 1203; baseline 0.016 -38"><span class='ocrx_word' id='word_1_77' title='bbox 287 1120 542 1179; x_wconf 86' lang='lat' dir='ltr'><strong>tractare,</strong></span> <span class='ocrx_word' id='word_1_78' title='bbox 570 1129 690 1184; x_wconf 65' lang='lat' dir='ltr'><strong>qua:</strong></span> <span class='ocrx_word' id='word_1_79' title='bbox 719 1130 783 1169; x_wconf 81' lang='lat' dir='ltr'><strong>ex</strong></span> <span class='ocrx_word' id='word_1_80' title='bbox 826 1116 1122 1190; x_wconf 86' lang='lat' dir='ltr'><strong>Scripturis</strong></span> <span class='ocrx_word' id='word_1_81' title='bbox 1151 1121 1444 1182; x_wconf 90' lang='lat' dir='ltr'><strong>didicimus</strong></span> <span class='ocrx_word' id='word_1_82' title='bbox 1486 1131 1712 1198; x_wconf 83' lang='lat' dir='ltr'><strong>sanctis,</strong></span> <span class='ocrx_word' id='word_1_83' title='bbox 1739 1133 1864 1203; x_wconf 91' lang='lat' dir='ltr'><strong>quia</strong></span> 
     </span>
    </p>
   </div>
   <div class='ocr_carea' id='block_1_12' title="bbox 287 1200 1860 1290">
    <p class='ocr_par' dir='ltr' id='par_1_12' title="bbox 287 1200 1860 1290">
     <span class='ocr_line' id='line_1_12' title="bbox 287 1200 1860 1290; baseline 0.015 -35"><span class='ocrx_word' id='word_1_84' title='bbox 287 1200 641 1272; x_wconf 89' lang='lat' dir='ltr'><strong>incorporalis</strong></span> <span class='ocrx_word' id='word_1_85' title='bbox 673 1215 756 1261; x_wconf 87' lang='lat' dir='ltr'><strong>est</strong></span> <span class='ocrx_word' id='word_1_86' title='bbox 784 1206 942 1263; x_wconf 89' lang='lat' dir='ltr'><strong>Deus.</strong></span> <span class='ocrx_word' id='word_1_87' title='bbox 971 1208 1078 1266; x_wconf 83' lang='lat' dir='ltr'><strong>Sed</strong></span> <span class='ocrx_word' id='word_1_88' title='bbox 1103 1227 1208 1268; x_wconf 94' lang='lat' dir='ltr'><strong>non</strong></span> <span class='ocrx_word' id='word_1_89' title='bbox 1252 1213 1450 1273; x_wconf 81' lang='lat' dir='ltr'><strong>sufﬁcit</strong></span> <span class='ocrx_word' id='word_1_90' title='bbox 1488 1200 1860 1290; x_wconf 81' lang='lat' dir='ltr'><strong>pronuntiare,</strong></span> 
     </span>
    </p>
   </div>
   <div class='ocr_carea' id='block_1_13' title="bbox 283 1295 1860 1383">
    <p class='ocr_par' dir='ltr' id='par_1_13' title="bbox 283 1295 1860 1383">
     <span class='ocr_line' id='line_1_13' title="bbox 283 1295 1860 1383; baseline 0.014 -37"><span class='ocrx_word' id='word_1_91' title='bbox 283 1305 461 1362; x_wconf 89' lang='lat' dir='ltr'><strong>neque</strong></span> <span class='ocrx_word' id='word_1_92' title='bbox 490 1295 756 1350; x_wconf 90' lang='lat' dir='ltr'><strong>rationem</strong></span> <span class='ocrx_word' id='word_1_93' title='bbox 784 1298 1052 1368; x_wconf 79' lang='lat' dir='ltr'><strong>cogitatus</strong></span> <span class='ocrx_word' id='word_1_94' title='bbox 1079 1302 1250 1368; x_wconf 89' lang='lat' dir='ltr'><strong>adire,</strong></span> <span class='ocrx_word' id='word_1_95' title='bbox 1293 1306 1388 1359; x_wconf 89' lang='lat' dir='ltr'><strong>sed</strong></span> <span class='ocrx_word' id='word_1_96' title='bbox 1416 1310 1704 1366; x_wconf 85' lang='lat' dir='ltr'><strong>ostendere</strong></span> <span class='ocrx_word' id='word_1_97' title='bbox 1732 1314 1860 1383; x_wconf 89' lang='lat' dir='ltr'><strong>quia</strong></span> 
     </span>
    </p>
   </div>
   <div class='ocr_carea' id='block_1_14' title="bbox 280 1382 1863 1474">
    <p class='ocr_par' dir='ltr' id='par_1_14' title="bbox 280 1382 1863 1474">
     <span class='ocr_line' id='line_1_14' title="bbox 280 1382 1863 1474; baseline 0.016 -39"><span class='ocrx_word' id='word_1_98' title='bbox 280 1390 336 1435; x_wconf 91' lang='lat' dir='ltr'><strong>et</strong></span> <span class='ocrx_word' id='word_1_99' title='bbox 373 1382 495 1452; x_wconf 89' lang='lat' dir='ltr'><strong>ipsi,</strong></span> <span class='ocrx_word' id='word_1_100' title='bbox 539 1395 595 1439; x_wconf 91' lang='lat' dir='ltr'><strong>et</strong></span> <span class='ocrx_word' id='word_1_101' title='bbox 633 1387 724 1455; x_wconf 91' lang='lat' dir='ltr'><strong>qui</strong></span> <span class='ocrx_word' id='word_1_102' title='bbox 774 1389 826 1442; x_wconf 94' lang='lat' dir='ltr'><strong>in</strong></span> <span class='ocrx_word' id='word_1_103' title='bbox 880 1388 1069 1445; x_wconf 88' lang='lat' dir='ltr'><strong>iisdem</strong></span> <span class='ocrx_word' id='word_1_104' title='bbox 1118 1393 1388 1462; x_wconf 83' lang='lat' dir='ltr'><strong>cogitatus</strong></span> <span class='ocrx_word' id='word_1_105' title='bbox 1437 1398 1724 1470; x_wconf 87' lang='lat' dir='ltr'><strong>habentur,</strong></span> <span class='ocrx_word' id='word_1_106' title='bbox 1755 1382 1863 1474; x_wconf 85' lang='lat' dir='ltr'><strong>per</strong></span> 
     </span>
    </p>
   </div>
   <div class='ocr_carea' id='block_1_15' title="bbox 275 1476 1862 1557">
    <p class='ocr_par' dir='ltr' id='par_1_15' title="bbox 275 1476 1862 1557">
     <span class='ocr_line' id='line_1_15' title="bbox 275 1476 1862 1557; baseline 0.016 -30"><span class='ocrx_word' id='word_1_107' title='bbox 275 1476 459 1529; x_wconf 88' lang='lat' dir='ltr'><strong>omnia</strong></span> <span class='ocrx_word' id='word_1_108' title='bbox 509 1479 856 1534; x_wconf 86' lang='lat' dir='ltr'><strong>consentiunt</strong></span> <span class='ocrx_word' id='word_1_109' title='bbox 897 1481 980 1536; x_wconf 86' lang='lat' dir='ltr'><strong>his</strong></span> <span class='ocrx_word' id='word_1_110' title='bbox 1026 1496 1148 1551; x_wconf 68' lang='lat' dir='ltr'><strong>qua:</strong></span> <span class='ocrx_word' id='word_1_111' title='bbox 1191 1483 1488 1557; x_wconf 71' lang='lat' dir='ltr'><strong>Scriptura:</strong></span> <span class='ocrx_word' id='word_1_112' title='bbox 1539 1490 1754 1551; x_wconf 85' lang='lat' dir='ltr'><strong>Veteris</strong></span> <span class='ocrx_word' id='word_1_113' title='bbox 1807 1506 1862 1552; x_wconf 89' lang='lat' dir='ltr'><strong>et</strong></span> 
     </span>
    </p>
   </div>
   <div class='ocr_carea' id='block_1_16' title="bbox 278 1564 1856 1647">
    <p class='ocr_par' dir='ltr' id='par_1_16' title="bbox 278 1564 1856 1647">
     <span class='ocr_line' id='line_1_16' title="bbox 278 1564 1856 1647; baseline 0.016 -28"><span class='ocrx_word' id='word_1_114' title='bbox 278 1564 412 1621; x_wconf 86' lang='lat' dir='ltr'><strong>Novi</strong></span> <span class='ocrx_word' id='word_1_115' title='bbox 435 1566 777 1626; x_wconf 90' lang='lat' dir='ltr'><strong>Testamenti</strong></span> <span class='ocrx_word' id='word_1_116' title='bbox 812 1573 877 1627; x_wconf 90' lang='lat' dir='ltr'><strong>de</strong></span> <span class='ocrx_word' id='word_1_117' title='bbox 907 1574 1017 1630; x_wconf 90' lang='lat' dir='ltr'><strong>Deo</strong></span> <span class='ocrx_word' id='word_1_118' title='bbox 1050 1581 1404 1647; x_wconf 85' lang='lat' dir='ltr'><strong>pronuntiant</strong></span> <span class='ocrx_word' id='word_1_119' title='bbox 1433 1600 1448 1637; x_wconf 88' lang='lat'><strong>:</strong></span> <span class='ocrx_word' id='word_1_120' title='bbox 1489 1582 1629 1641; x_wconf 82' lang='lat' dir='ltr'><strong>forte</strong></span> <span class='ocrx_word' id='word_1_121' title='bbox 1676 1597 1856 1645; x_wconf 88' lang='lat' dir='ltr'><strong>autem</strong></span> 
     </span>
    </p>
   </div>
   <div class='ocr_carea' id='block_1_17' title="bbox 275 1661 1854 1740">
    <p class='ocr_par' dir='ltr' id='par_1_17' title="bbox 275 1661 1854 1740">
     <span class='ocr_line' id='line_1_17' title="bbox 275 1661 1854 1740; baseline 0.016 -30"><span class='ocrx_word' id='word_1_122' title='bbox 275 1664 333 1710; x_wconf 90' lang='lat' dir='ltr'><strong>et</strong></span> <span class='ocrx_word' id='word_1_123' title='bbox 373 1666 542 1712; x_wconf 91' lang='lat' dir='ltr'><strong>totum</strong></span> <span class='ocrx_word' id='word_1_124' title='bbox 579 1661 947 1729; x_wconf 77' lang='lat' dir='ltr'><strong>suSpicabitur</strong></span> <span class='ocrx_word' id='word_1_125' title='bbox 975 1667 1215 1735; x_wconf 90' lang='lat' dir='ltr'><strong>quidam,</strong></span> <span class='ocrx_word' id='word_1_126' title='bbox 1254 1680 1310 1724; x_wconf 88' lang='lat' dir='ltr'><strong>et</strong></span> <span class='ocrx_word' id='word_1_127' title='bbox 1371 1676 1733 1740; x_wconf 85' lang='lat' dir='ltr'><strong>corporaliter</strong></span> <span class='ocrx_word' id='word_1_128' title='bbox 1800 1678 1854 1735; x_wconf 91' lang='lat' dir='ltr'><strong>in</strong></span> 
     </span>
    </p>
   </div>
   <div class='ocr_carea' id='block_1_18' title="bbox 278 1749 2460 1846">
    <p class='ocr_par' dir='ltr' id='par_1_18' title="bbox 278 1749 2460 1846">
     <span class='ocr_line' id='line_1_18' title="bbox 278 1749 2460 1846; baseline 0.013 -40"><span class='ocrx_word' id='word_1_129' title='bbox 278 1749 571 1821; x_wconf 87' lang='lat' dir='ltr'><strong>Scripturis</strong></span> <span class='ocrx_word' id='word_1_130' title='bbox 624 1753 853 1824; x_wconf 88' lang='lat' dir='ltr'><strong>proferri</strong></span> <span class='ocrx_word' id='word_1_131' title='bbox 887 1757 1048 1812; x_wconf 87' lang='lat' dir='ltr'><strong>Deum</strong></span> <span class='ocrx_word' id='word_1_132' title='bbox 1101 1762 1343 1830; x_wconf 86' lang='lat' dir='ltr'><strong>putabit;</strong></span> <span class='ocrx_word' id='word_1_133' title='bbox 1401 1765 1545 1821; x_wconf 91' lang='lat' dir='ltr'><strong>lorte</strong></span> <span class='ocrx_word' id='word_1_134' title='bbox 1595 1770 1759 1824; x_wconf 84' lang='lat' dir='ltr'><strong>etiam</strong></span> <span class='ocrx_word' id='word_1_135' title='bbox 1801 1781 1856 1826; x_wconf 82' lang='lat' dir='ltr'><strong>et</strong></span> <span class='ocrx_word' id='word_1_136' title='bbox 1891 1839 1925 1846; x_wconf 76' lang='lat'><strong><em>_</em></strong></span> <span class='ocrx_word' id='word_1_137' title='bbox 1957 1785 2076 1824; x_wconf 88' lang='lat' dir='ltr'><strong>eum</strong></span> <span class='ocrx_word' id='word_1_138' title='bbox 2107 1773 2162 1826; x_wconf 88' lang='lat' dir='ltr'><strong>in</strong></span> <span class='ocrx_word' id='word_1_139' title='bbox 2181 1775 2375 1846; x_wconf 80' lang='lat' dir='ltr'><strong>igne&quot;.</strong></span> <span class='ocrx_word' id='word_1_140' title='bbox 2405 1781 2460 1836; x_wconf 85' lang='lat' dir='ltr'><strong>Si</strong></span> 
     </span>
    </p>
   </div>
   <div class='ocr_carea' id='block_1_19' title="bbox 274 1839 1930 1933">
    <p class='ocr_par' dir='ltr' id='par_1_19' title="bbox 274 1839 1930 1933">
     <span class='ocr_line' id='line_1_19' title="bbox 274 1839 1930 1933; baseline 0.016 -39"><span class='ocrx_word' id='word_1_141' title='bbox 274 1843 514 1912; x_wconf 89' lang='lat' dir='ltr'><strong>partibus</strong></span> <span class='ocrx_word' id='word_1_142' title='bbox 539 1847 893 1916; x_wconf 84' lang='lat' dir='ltr'><strong>compositum</strong></span> <span class='ocrx_word' id='word_1_143' title='bbox 923 1864 987 1904; x_wconf 83' lang='lat' dir='ltr'><strong>ex</strong></span> <span class='ocrx_word' id='word_1_144' title='bbox 1008 1850 1306 1924; x_wconf 88' lang='lat' dir='ltr'><strong>Scripturis</strong></span> <span class='ocrx_word' id='word_1_145' title='bbox 1336 1859 1568 1926; x_wconf 84' lang='lat' dir='ltr'><strong>putabit,</strong></span> <span class='ocrx_word' id='word_1_146' title='bbox 1592 1863 1851 1933; x_wconf 83' lang='lat' dir='ltr'><strong>colligens</strong></span> <span class='ocrx_word' id='word_1_147' title='bbox 1888 1839 1930 1894; x_wconf 74' lang='grc' dir='ltr'><strong><em>Β</em></strong></span> 
     </span>
    </p>
   </div>
   <div class='ocr_carea' id='block_1_20' title="bbox 273 1933 1850 2021">
    <p class='ocr_par' dir='ltr' id='par_1_20' title="bbox 273 1933 1850 2021">
     <span class='ocr_line' id='line_1_20' title="bbox 273 1933 1850 2021; baseline 0.016 -35"><span class='ocrx_word' id='word_1_148' title='bbox 273 1933 512 1988; x_wconf 89' lang='lat' dir='ltr'><strong>membra</strong></span> <span class='ocrx_word' id='word_1_149' title='bbox 540 1950 660 2005; x_wconf 63' lang='lat' dir='ltr'><strong>quae</strong></span> <span class='ocrx_word' id='word_1_150' title='bbox 689 1936 829 1992; x_wconf 91' lang='lat' dir='ltr'><strong>dicta</strong></span> <span class='ocrx_word' id='word_1_151' title='bbox 869 1949 1015 2012; x_wconf 66' lang='lat' dir='ltr'><strong>sunt.</strong></span> <span class='ocrx_word' id='word_1_152' title='bbox 1050 1942 1278 2014; x_wconf 89' lang='lat' dir='ltr'><strong>Oportet</strong></span> <span class='ocrx_word' id='word_1_153' title='bbox 1309 1950 1472 2018; x_wconf 81' lang='lat' dir='ltr'><strong>igitur</strong></span> <span class='ocrx_word' id='word_1_154' title='bbox 1496 1953 1729 2021; x_wconf 91' lang='lat' dir='ltr'><strong>primum</strong></span> <span class='ocrx_word' id='word_1_155' title='bbox 1759 1971 1850 2011; x_wconf 92' lang='lat' dir='ltr'><strong>su-</strong></span> 
     </span>
    </p>
   </div>
   <div class='ocr_carea' id='block_1_21' title="bbox 269 2023 1851 2109">
    <p class='ocr_par' dir='ltr' id='par_1_21' title="bbox 269 2023 1851 2109">
     <span class='ocr_line' id='line_1_21' title="bbox 269 2023 1851 2109; baseline 0.016 -32"><span class='ocrx_word' id='word_1_156' title='bbox 269 2023 599 2094; x_wconf 86' lang='lat' dir='ltr'><strong>spicionem,</strong></span> <span class='ocrx_word' id='word_1_157' title='bbox 629 2043 733 2098; x_wconf 89' lang='lat' dir='ltr'><strong>qua</strong></span> <span class='ocrx_word' id='word_1_158' title='bbox 770 2030 956 2086; x_wconf 92' lang='lat' dir='ltr'><strong>dicunt</strong></span> <span class='ocrx_word' id='word_1_159' title='bbox 1009 2033 1059 2088; x_wconf 90' lang='lat' dir='ltr'><strong>in</strong></span> <span class='ocrx_word' id='word_1_160' title='bbox 1106 2051 1333 2107; x_wconf 90' lang='lat' dir='ltr'><strong>corpore</strong></span> <span class='ocrx_word' id='word_1_161' title='bbox 1375 2056 1498 2097; x_wconf 87' lang='lat' dir='ltr'><strong>esse</strong></span> <span class='ocrx_word' id='word_1_162' title='bbox 1522 2043 1713 2109; x_wconf 90' lang='lat' dir='ltr'><strong>Deum,</strong></span> <span class='ocrx_word' id='word_1_163' title='bbox 1758 2058 1851 2102; x_wconf 89' lang='lat' dir='ltr'><strong>aut</strong></span> 
     </span>
    </p>
   </div>
   <div class='ocr_carea' id='block_1_22' title="bbox 266 2118 1849 2200">
    <p class='ocr_par' dir='ltr' id='par_1_22' title="bbox 266 2118 1849 2200">
     <span class='ocr_line' id='line_1_22' title="bbox 266 2118 1849 2200; baseline 0.016 -32"><span class='ocrx_word' id='word_1_164' title='bbox 266 2127 463 2184; x_wconf 87' lang='lat' dir='ltr'><strong>corpus</strong></span> <span class='ocrx_word' id='word_1_165' title='bbox 495 2131 638 2183; x_wconf 85' lang='lat' dir='ltr'><strong>esse,</strong></span> <span class='ocrx_word' id='word_1_166' title='bbox 675 2118 839 2175; x_wconf 89' lang='lat' dir='ltr'><strong>diseri</strong></span> <span class='ocrx_word' id='word_1_167' title='bbox 878 2121 1014 2193; x_wconf 79' lang='grc'>(75),</span> <span class='ocrx_word' id='word_1_168' title='bbox 1064 2134 1123 2180; x_wconf 94' lang='lat' dir='ltr'><strong>ut</strong></span> <span class='ocrx_word' id='word_1_169' title='bbox 1177 2133 1569 2200; x_wconf 85' lang='lat' dir='ltr'><strong>apparentibus</strong></span> <span class='ocrx_word' id='word_1_170' title='bbox 1618 2136 1849 2195; x_wconf 81' lang='lat' dir='ltr'><strong>vinculis</strong></span> 
     </span>
    </p>
   </div>
   <div class='ocr_carea' id='block_1_23' title="bbox 262 2211 1848 2301">
    <p class='ocr_par' dir='ltr' id='par_1_23' title="bbox 262 2211 1848 2301">
     <span class='ocr_line' id='line_1_23' title="bbox 262 2211 1848 2301; baseline 0.018 -40"><span class='ocrx_word' id='word_1_171' title='bbox 262 2219 590 2279; x_wconf 73' lang='lat' dir='ltr'><strong>agnoscatur</strong></span> <span class='ocrx_word' id='word_1_172' title='bbox 631 2211 918 2270; x_wconf 86' lang='lat' dir='ltr'><strong>solutionis</strong></span> <span class='ocrx_word' id='word_1_173' title='bbox 949 2219 1370 2288; x_wconf 81' lang='lat' dir='ltr'><strong>magnificentia.</strong></span> <span class='ocrx_word' id='word_1_174' title='bbox 1427 2224 1620 2282; x_wconf 88' lang='lat' dir='ltr'><strong>Totum</strong></span> <span class='ocrx_word' id='word_1_175' title='bbox 1667 2230 1848 2301; x_wconf 83' lang='lat' dir='ltr'><strong>itaque</strong></span> 
     </span>
    </p>
   </div>
   <div class='ocr_carea' id='block_1_24' title="bbox 266 2298 1844 2389">
    <p class='ocr_par' dir='ltr' id='par_1_24' title="bbox 266 2298 1844 2389">
     <span class='ocr_line' id='line_1_24' title="bbox 266 2298 1844 2389; baseline 0.017 -37"><span class='ocrx_word' id='word_1_176' title='bbox 266 2298 478 2355; x_wconf 85' lang='lat' dir='ltr'><strong>videtur</strong></span> <span class='ocrx_word' id='word_1_177' title='bbox 500 2316 692 2372; x_wconf 88' lang='lat' dir='ltr'><strong>corpus</strong></span> <span class='ocrx_word' id='word_1_178' title='bbox 707 2303 1051 2363; x_wconf 88' lang='lat' dir='ltr'><strong>introducere</strong></span> <span class='ocrx_word' id='word_1_179' title='bbox 1071 2309 1350 2383; x_wconf 87' lang='lat' dir='ltr'><strong>Scriptura</strong></span> <span class='ocrx_word' id='word_1_180' title='bbox 1367 2333 1486 2386; x_wconf 71' lang='lat' dir='ltr'><strong>qua:</strong></span> <span class='ocrx_word' id='word_1_181' title='bbox 1508 2320 1674 2376; x_wconf 87' lang='lat' dir='ltr'><strong>dicit:</strong></span> <span class='ocrx_word' id='word_1_182' title='bbox 1703 2298 1844 2389; x_wconf 79' lang='lat' dir='ltr'><strong>Quia</strong></span> 
     </span>
    </p>
   </div>
   <div class='ocr_carea' id='block_1_25' title="bbox 261 2389 1841 2482">
    <p class='ocr_par' dir='ltr' id='par_1_25' title="bbox 261 2389 1841 2482">
     <span class='ocr_line' id='line_1_25' title="bbox 261 2389 1841 2482; baseline 0.019 -40"><span class='ocrx_word' id='word_1_183' title='bbox 261 2389 496 2446; x_wconf 71' lang='lat' dir='ltr'><strong>ambulat</strong></span> <span class='ocrx_word' id='word_1_184' title='bbox 533 2392 588 2448; x_wconf 86' lang='lat' dir='ltr'><strong>in</strong></span> <span class='ocrx_word' id='word_1_185' title='bbox 615 2395 862 2461; x_wconf 74' lang='lat' dir='ltr'><strong>paradiso</strong></span> <span class='ocrx_word' id='word_1_186' title='bbox 885 2397 928 2429; x_wconf 82' lang='grc'>⁶²</span> <span class='ocrx_word' id='word_1_187' title='bbox 958 2417 971 2453; x_wconf 92' lang='lat'>:</span> <span class='ocrx_word' id='word_1_188' title='bbox 1007 2409 1100 2454; x_wconf 89' lang='lat' dir='ltr'><strong>aut</strong></span> <span class='ocrx_word' id='word_1_189' title='bbox 1128 2417 1247 2472; x_wconf 74' lang='lat' dir='ltr'><strong>qua:</strong></span> <span class='ocrx_word' id='word_1_190' title='bbox 1271 2406 1465 2465; x_wconf 89' lang='lat' dir='ltr'><strong>iterum</strong></span> <span class='ocrx_word' id='word_1_191' title='bbox 1489 2412 1620 2469; x_wconf 89' lang='lat' dir='ltr'><strong>dicit</strong></span> <span class='ocrx_word' id='word_1_192' title='bbox 1649 2433 1663 2469; x_wconf 89' lang='lat'><strong>:</strong></span> <span class='ocrx_word' id='word_1_193' title='bbox 1710 2418 1841 2482; x_wconf 80' lang='lat' dir='ltr'><strong>Quis</strong></span> 
     </span>
    </p>
   </div>
   <div class='ocr_carea' id='block_1_26' title="bbox 259 2483 1840 2572">
    <p class='ocr_par' dir='ltr' id='par_1_26' title="bbox 259 2483 1840 2572">
     <span class='ocr_line' id='line_1_26' title="bbox 259 2483 1840 2572; baseline 0.018 -39"><span class='ocrx_word' id='word_1_194' title='bbox 259 2489 337 2534; x_wconf 87' lang='lat' dir='ltr'><strong>est</strong></span> <span class='ocrx_word' id='word_1_195' title='bbox 365 2483 457 2552; x_wconf 85' lang='lat' dir='ltr'><strong>qui</strong></span> <span class='ocrx_word' id='word_1_196' title='bbox 487 2484 616 2538; x_wconf 87' lang='lat' dir='ltr'><strong>venit</strong></span> <span class='ocrx_word' id='word_1_197' title='bbox 648 2502 713 2540; x_wconf 83' lang='lat' dir='ltr'><strong>ea:</strong></span> <span class='ocrx_word' id='word_1_198' title='bbox 738 2485 908 2542; x_wconf 83' lang='lat' dir='ltr'><strong>Edam</strong></span> <span class='ocrx_word' id='word_1_199' title='bbox 929 2489 974 2520; x_wconf 80' lang='lat'>“</span> <span class='ocrx_word' id='word_1_200' title='bbox 989 2490 1012 2544; x_wconf 83' lang='lat'><strong>?</strong></span> <span class='ocrx_word' id='word_1_201' title='bbox 1027 2501 1082 2547; x_wconf 89' lang='lat' dir='ltr'><strong>et</strong></span> <span class='ocrx_word' id='word_1_202' title='bbox 1106 2509 1224 2563; x_wconf 80' lang='lat' dir='ltr'><strong>qua:</strong></span> <span class='ocrx_word' id='word_1_203' title='bbox 1239 2496 1370 2553; x_wconf 90' lang='lat' dir='ltr'><strong>dicit</strong></span> <span class='ocrx_word' id='word_1_204' title='bbox 1394 2497 1672 2572; x_wconf 83' lang='lat' dir='ltr'><strong>Scriptura</strong></span> <span class='ocrx_word' id='word_1_205' title='bbox 1689 2524 1702 2560; x_wconf 87' lang='lat'><strong>:</strong></span> <span class='ocrx_word' id='word_1_206' title='bbox 1719 2504 1840 2562; x_wconf 84' lang='lat' dir='ltr'><strong>Vidi</strong></span> 
     </span>
    </p>
   </div>
   <div class='ocr_carea' id='block_1_27' title="bbox 255 2570 1840 2666">
    <p class='ocr_par' dir='ltr' id='par_1_27' title="bbox 255 2570 1840 2666">
     <span class='ocr_line' id='line_1_27' title="bbox 255 2570 1840 2666; baseline 0.02 -44"><span class='ocrx_word' id='word_1_207' title='bbox 255 2570 518 2625; x_wconf 86' lang='lat' dir='ltr'><strong>sedentem</strong></span> <span class='ocrx_word' id='word_1_208' title='bbox 544 2581 703 2643; x_wconf 85' lang='lat' dir='ltr'><strong>supra</strong></span> <span class='ocrx_word' id='word_1_209' title='bbox 724 2579 894 2630; x_wconf 83' lang='lat' dir='ltr'><strong>sedem</strong></span> <span class='ocrx_word' id='word_1_210' title='bbox 911 2578 1201 2648; x_wconf 86' lang='lat' dir='ltr'><strong>majestatis</strong></span> <span class='ocrx_word' id='word_1_211' title='bbox 1222 2601 1332 2640; x_wconf 76' lang='lat' dir='ltr'><strong>sua:</strong></span> <span class='ocrx_word' id='word_1_212' title='bbox 1355 2587 1404 2619; x_wconf 74' lang='lat'><strong>“</strong></span> <span class='ocrx_word' id='word_1_213' title='bbox 1437 2607 1450 2642; x_wconf 91' lang='lat'><strong>:</strong></span> <span class='ocrx_word' id='word_1_214' title='bbox 1488 2570 1544 2645; x_wconf 78' lang='lat' dir='ltr'><strong>et</strong></span> <span class='ocrx_word' id='word_1_215' title='bbox 1570 2591 1674 2647; x_wconf 87' lang='lat' dir='ltr'><strong>alia</strong></span> <span class='ocrx_word' id='word_1_216' title='bbox 1718 2610 1840 2666; x_wconf 65' lang='lat' dir='ltr'><strong>qua:</strong></span> 
     </span>
    </p>
   </div>
   <div class='ocr_carea' id='block_1_28' title="bbox 252 2659 1831 2742">
    <p class='ocr_par' dir='ltr' id='par_1_28' title="bbox 252 2659 1831 2742">
     <span class='ocr_line' id='line_1_28' title="bbox 252 2659 1831 2742; baseline 0.018 -28"><span class='ocrx_word' id='word_1_217' title='bbox 252 2659 374 2716; x_wconf 81' lang='lat' dir='ltr'><strong>ait:</strong></span> <span class='ocrx_word' id='word_1_218' title='bbox 412 2660 573 2719; x_wconf 81' lang='lat' dir='ltr'><strong>Sedes</strong></span> <span class='ocrx_word' id='word_1_219' title='bbox 597 2676 720 2720; x_wconf 77' lang='lat' dir='ltr'><strong>sunt</strong></span> <span class='ocrx_word' id='word_1_220' title='bbox 742 2668 950 2736; x_wconf 73' lang='lat' dir='ltr'><strong>posita&#39;,</strong></span> <span class='ocrx_word' id='word_1_221' title='bbox 993 2681 1040 2724; x_wconf 90' lang='lat' dir='ltr'><strong>et</strong></span> <span class='ocrx_word' id='word_1_222' title='bbox 1085 2671 1322 2731; x_wconf 75' lang='lat' dir='ltr'><strong>Vetusius</strong></span> <span class='ocrx_word' id='word_1_223' title='bbox 1356 2681 1560 2736; x_wconf 88' lang='lat' dir='ltr'><strong>dierum</strong></span> <span class='ocrx_word' id='word_1_224' title='bbox 1596 2659 1831 2742; x_wconf 38' lang='lat' dir='ltr'><strong>sedit‘“.</strong></span> 
     </span>
    </p>
   </div>
   <div class='ocr_carea' id='block_1_29' title="bbox 251 2751 1833 2845">
    <p class='ocr_par' dir='ltr' id='par_1_29' title="bbox 251 2751 1833 2845">
     <span class='ocr_line' id='line_1_29' title="bbox 251 2751 1833 2845; baseline 0.02 -40"><span class='ocrx_word' id='word_1_225' title='bbox 251 2751 517 2821; x_wconf 85' lang='lat' dir='ltr'><strong>Quienim</strong></span> <span class='ocrx_word' id='word_1_226' title='bbox 540 2757 593 2812; x_wconf 92' lang='lat' dir='ltr'><strong>in</strong></span> <span class='ocrx_word' id='word_1_227' title='bbox 623 2763 876 2828; x_wconf 88' lang='lat' dir='ltr'><strong>paradiso</strong></span> <span class='ocrx_word' id='word_1_228' title='bbox 905 2765 1166 2833; x_wconf 85' lang='lat' dir='ltr'><strong>ambulat,</strong></span> <span class='ocrx_word' id='word_1_229' title='bbox 1197 2778 1250 2825; x_wconf 91' lang='lat' dir='ltr'><strong>et</strong></span> <span class='ocrx_word' id='word_1_230' title='bbox 1270 2771 1360 2840; x_wconf 85' lang='lat' dir='ltr'><strong>qui</strong></span> <span class='ocrx_word' id='word_1_231' title='bbox 1385 2775 1530 2829; x_wconf 82' lang='lat' dir='ltr'><strong>venit</strong></span> <span class='ocrx_word' id='word_1_232' title='bbox 1557 2792 1620 2831; x_wconf 82' lang='lat' dir='ltr'><strong>ex</strong></span> <span class='ocrx_word' id='word_1_233' title='bbox 1641 2777 1833 2845; x_wconf 87' lang='lat' dir='ltr'><strong>Edom,</strong></span> 
     </span>
    </p>
   </div>
   <div class='ocr_carea' id='block_1_30' title="bbox 249 2845 1835 2935">
    <p class='ocr_par' dir='ltr' id='par_1_30' title="bbox 249 2845 1835 2935">
     <span class='ocr_line' id='line_1_30' title="bbox 249 2845 1835 2935; baseline 0.018 -37"><span class='ocrx_word' id='word_1_234' title='bbox 249 2851 309 2899; x_wconf 84' lang='lat' dir='ltr'><strong>et</strong></span> <span class='ocrx_word' id='word_1_235' title='bbox 340 2845 434 2916; x_wconf 85' lang='lat' dir='ltr'><strong>qui</strong></span> <span class='ocrx_word' id='word_1_236' title='bbox 487 2859 710 2917; x_wconf 86' lang='lat' dir='ltr'><strong>apparet</strong></span> <span class='ocrx_word' id='word_1_237' title='bbox 755 2861 813 2906; x_wconf 91' lang='lat' dir='ltr'><strong>ut</strong></span> <span class='ocrx_word' id='word_1_238' title='bbox 849 2857 1099 2924; x_wconf 82' lang='lat' dir='ltr'><strong>apparuit</strong></span> <span class='ocrx_word' id='word_1_239' title='bbox 1133 2859 1402 2928; x_wconf 86' lang='lat' dir='ltr'><strong>Ezechiel,</strong></span> <span class='ocrx_word' id='word_1_240' title='bbox 1451 2875 1505 2919; x_wconf 91' lang='lat' dir='ltr'><strong>et</strong></span> <span class='ocrx_word' id='word_1_241' title='bbox 1553 2868 1646 2935; x_wconf 88' lang='lat' dir='ltr'><strong>qui</strong></span> <span class='ocrx_word' id='word_1_242' title='bbox 1697 2872 1835 2926; x_wconf 88' lang='lat' dir='ltr'><strong>sedit</strong></span> 
     </span>
    </p>
   </div>
   <div class='ocr_carea' id='block_1_31' title="bbox 244 2933 1829 3032">
    <p class='ocr_par' dir='ltr' id='par_1_31' title="bbox 244 2933 1829 3032">
     <span class='ocr_line' id='line_1_31' title="bbox 244 2933 1829 3032; baseline 0.018 -45"><span class='ocrx_word' id='word_1_243' title='bbox 244 2933 544 2990; x_wconf 83' lang='lat' dir='ltr'><strong>secundum</strong></span> <span class='ocrx_word' id='word_1_244' title='bbox 583 2937 876 3008; x_wconf 88' lang='lat' dir='ltr'><strong>Danielem,</strong></span> <span class='ocrx_word' id='word_1_245' title='bbox 911 2954 966 2998; x_wconf 94' lang='lat' dir='ltr'><strong>et</strong></span> <span class='ocrx_word' id='word_1_246' title='bbox 992 2948 1085 3015; x_wconf 90' lang='lat' dir='ltr'><strong>qui</strong></span> <span class='ocrx_word' id='word_1_247' title='bbox 1125 2951 1267 3006; x_wconf 89' lang='lat' dir='ltr'><strong>sedit</strong></span> <span class='ocrx_word' id='word_1_248' title='bbox 1289 2933 1583 3011; x_wconf 82' lang='lat' dir='ltr'><strong>secundum</strong></span> <span class='ocrx_word' id='word_1_249' title='bbox 1611 2958 1829 3032; x_wconf 81' lang='lat' dir='ltr'><strong>Isaiam,</strong></span> 
     </span>
    </p>
   </div>
   <div class='ocr_carea' id='block_1_32' title="bbox 246 3027 1831 3125">
    <p class='ocr_par' dir='ltr' id='par_1_32' title="bbox 246 3027 1831 3125">
     <span class='ocr_line' id='line_1_32' title="bbox 246 3027 1831 3125; baseline 0.02 -46"><span class='ocrx_word' id='word_1_250' title='bbox 246 3027 582 3096; x_wconf 79' lang='lat' dir='ltr'><strong>corporalem</strong></span> <span class='ocrx_word' id='word_1_251' title='bbox 615 3035 902 3101; x_wconf 80' lang='lat' dir='ltr'><strong>quamdam</strong></span> <span class='ocrx_word' id='word_1_252' title='bbox 939 3041 1288 3098; x_wconf 88' lang='lat' dir='ltr'><strong>ambitionem</strong></span> <span class='ocrx_word' id='word_1_253' title='bbox 1318 3051 1556 3118; x_wconf 80' lang='lat' dir='ltr'><strong>suggerit</strong></span> <span class='ocrx_word' id='word_1_254' title='bbox 1590 3051 1724 3125; x_wconf 68' lang='lat' dir='ltr'><strong>(7i).</strong></span> <span class='ocrx_word' id='word_1_255' title='bbox 1762 3027 1831 3117; x_wconf 79' lang='lat' dir='ltr'><strong>Et</strong></span> 
     </span>
    </p>
   </div>
   <div class='ocr_carea' id='block_1_33' title="bbox 249 3115 1826 3216">
    <p class='ocr_par' dir='ltr' id='par_1_33' title="bbox 249 3115 1826 3216">
     <span class='ocr_line' id='line_1_33' title="bbox 249 3115 1826 3216; baseline 0.021 -47"><span class='ocrx_word' id='word_1_256' title='bbox 249 3115 351 3171; x_wconf 91' lang='lat' dir='ltr'><strong>boc</strong></span> <span class='ocrx_word' id='word_1_257' title='bbox 374 3119 588 3187; x_wconf 89' lang='lat' dir='ltr'><strong>quidem</strong></span> <span class='ocrx_word' id='word_1_258' title='bbox 621 3125 782 3181; x_wconf 90' lang='lat' dir='ltr'><strong>veluti</strong></span> <span class='ocrx_word' id='word_1_259' title='bbox 808 3128 873 3183; x_wconf 92' lang='lat' dir='ltr'><strong>de</strong></span> <span class='ocrx_word' id='word_1_260' title='bbox 896 3133 1041 3186; x_wconf 92' lang='lat' dir='ltr'><strong>omni</strong></span> <span class='ocrx_word' id='word_1_261' title='bbox 1069 3115 1736 3216; x_wconf 37' lang='lat' dir='ltr'><strong>parentibus-autetn‘t&#39;7’5)</strong></span> <span class='ocrx_word' id='word_1_262' title='bbox 1769 3115 1826 3202; x_wconf 86' lang='lat' dir='ltr'><strong>ut</strong></span> 
     </span>
    </p>
   </div>
   <div class='ocr_carea' id='block_1_34' title="bbox 246 3209 1818 3306">
    <p class='ocr_par' dir='ltr' id='par_1_34' title="bbox 246 3209 1818 3306">
     <span class='ocr_line' id='line_1_34' title="bbox 246 3209 1818 3306; baseline 0.022 -46"><span class='ocrx_word' id='word_1_263' title='bbox 246 3209 531 3267; x_wconf 80' lang='lat' dir='ltr'><strong>videamur</strong></span> <span class='ocrx_word' id='word_1_264' title='bbox 563 3225 619 3270; x_wconf 91' lang='lat' dir='ltr'><strong>et</strong></span> <span class='ocrx_word' id='word_1_265' title='bbox 645 3217 936 3290; x_wconf 87' lang='lat' dir='ltr'><strong>depingere</strong></span> <span class='ocrx_word' id='word_1_266' title='bbox 970 3241 983 3277; x_wconf 88' lang='lat'><strong>:</strong></span> <span class='ocrx_word' id='word_1_267' title='bbox 1015 3223 1168 3278; x_wconf 84' lang='lat' dir='ltr'><strong>Oculi</strong></span> <span class='ocrx_word' id='word_1_268' title='bbox 1206 3226 1421 3284; x_wconf 87' lang='lat' dir='ltr'><strong>Domini</strong></span> <span class='ocrx_word' id='word_1_269' title='bbox 1446 3251 1601 3303; x_wconf 88' lang='lat' dir='ltr'><strong>super</strong></span> <span class='ocrx_word' id='word_1_270' title='bbox 1619 3209 1818 3306; x_wconf 49' lang='lat' dir='ltr'><strong>iustos,</strong></span> 
     </span>
    </p>
   </div>
   <div class='ocr_carea' id='block_1_35' title="bbox 238 3303 1822 3388">
    <p class='ocr_par' dir='ltr' id='par_1_35' title="bbox 238 3303 1822 3388">
     <span class='ocr_line' id='line_1_35' title="bbox 238 3303 1822 3388; baseline 0.024 -38"><span class='ocrx_word' id='word_1_271' title='bbox 238 3309 290 3350; x_wconf 79' lang='lat' dir='ltr'><strong>et</strong></span> <span class='ocrx_word' id='word_1_272' title='bbox 313 3315 466 3355; x_wconf 81' lang='lat' dir='ltr'><strong>aures</strong></span> <span class='ocrx_word' id='word_1_273' title='bbox 486 3303 599 3373; x_wconf 87' lang='lat' dir='ltr'><strong>ejus</strong></span> <span class='ocrx_word' id='word_1_274' title='bbox 623 3309 691 3360; x_wconf 86' lang='lat' dir='ltr'><strong>ad</strong></span> <span class='ocrx_word' id='word_1_275' title='bbox 721 3326 897 3376; x_wconf 88' lang='lat' dir='ltr'><strong>preces</strong></span> <span class='ocrx_word' id='word_1_276' title='bbox 934 3331 1111 3370; x_wconf 90' lang='lat' dir='ltr'><strong>eorum</strong></span> <span class='ocrx_word' id='word_1_277' title='bbox 1132 3317 1195 3372; x_wconf 83' lang='lat'><strong>“.</strong></span> <span class='ocrx_word' id='word_1_278' title='bbox 1241 3319 1312 3375; x_wconf 86' lang='lat' dir='ltr'><strong>0s</strong></span> <span class='ocrx_word' id='word_1_279' title='bbox 1346 3322 1564 3381; x_wconf 80' lang='lat' dir='ltr'><strong>Domini</strong></span> <span class='ocrx_word' id='word_1_280' title='bbox 1586 3328 1822 3388; x_wconf 77' lang='lat' dir='ltr'><strong>Sabaoth</strong></span> 
     </span>
    </p>
   </div>
   <div class='ocr_carea' id='block_1_36' title="bbox 241 3389 1822 3489">
    <p class='ocr_par' dir='ltr' id='par_1_36' title="bbox 241 3389 1822 3489">
     <span class='ocr_line' id='line_1_36' title="bbox 241 3389 1822 3489; baseline 0.023 -47"><span class='ocrx_word' id='word_1_281' title='bbox 241 3389 473 3446; x_wconf 85' lang='lat' dir='ltr'><strong>locutum</strong></span> <span class='ocrx_word' id='word_1_282' title='bbox 505 3407 578 3449; x_wconf 88' lang='lat' dir='ltr'><strong>est</strong></span> <span class='ocrx_word' id='word_1_283' title='bbox 609 3400 711 3453; x_wconf 84' lang='lat' dir='ltr'><strong>ista</strong></span> <span class='ocrx_word' id='word_1_284' title='bbox 735 3401 801 3466; x_wconf 79' lang='grc'><strong>⁸⁷,</strong></span> <span class='ocrx_word' id='word_1_285' title='bbox 836 3402 1041 3460; x_wconf 79' lang='lat' dir='ltr'><strong>faciens</strong></span> <span class='ocrx_word' id='word_1_286' title='bbox 1073 3407 1185 3480; x_wconf 87' lang='lat'><strong>(76)</strong></span> <span class='ocrx_word' id='word_1_287' title='bbox 1219 3410 1384 3468; x_wconf 88' lang='lat' dir='ltr'><strong>Deum</strong></span> <span class='ocrx_word' id='word_1_288' title='bbox 1419 3416 1532 3489; x_wconf 83' lang='grc'>(77)</span> <span class='ocrx_word' id='word_1_289' title='bbox 1567 3429 1621 3474; x_wconf 92' lang='lat' dir='ltr'><strong>et</strong></span> <span class='ocrx_word' id='word_1_290' title='bbox 1652 3437 1822 3478; x_wconf 91' lang='lat' dir='ltr'><strong>mem-</strong></span> 
     </span>
    </p>
   </div>
   <div class='ocr_carea' id='block_1_37' title="bbox 242 3477 1821 3582">
    <p class='ocr_par' dir='ltr' id='par_1_37' title="bbox 242 3477 1821 3582">
     <span class='ocr_line' id='line_1_37' title="bbox 242 3477 1821 3582; baseline 0.025 -50"><span class='ocrx_word' id='word_1_291' title='bbox 242 3477 461 3550; x_wconf 89' lang='lat' dir='ltr'><strong>bratim,</strong></span> <span class='ocrx_word' id='word_1_292' title='bbox 501 3497 556 3542; x_wconf 91' lang='lat' dir='ltr'><strong>et</strong></span> <span class='ocrx_word' id='word_1_293' title='bbox 592 3497 700 3544; x_wconf 89' lang='lat' dir='ltr'><strong>tota</strong></span> <span class='ocrx_word' id='word_1_294' title='bbox 742 3491 909 3550; x_wconf 90' lang='lat' dir='ltr'><strong>facies</strong></span> <span class='ocrx_word' id='word_1_295' title='bbox 962 3477 1400 3574; x_wconf 56' lang='lat' dir='ltr'><strong>isticilescripta</strong></span> <span class='ocrx_word' id='word_1_296' title='bbox 1427 3477 1554 3574; x_wconf 38' lang='lat' dir='ltr'><strong>‘cs’t,</strong></span> <span class='ocrx_word' id='word_1_297' title='bbox 1599 3522 1656 3567; x_wconf 91' lang='lat' dir='ltr'><strong>et</strong></span> <span class='ocrx_word' id='word_1_298' title='bbox 1700 3525 1821 3582; x_wconf 90' lang='lat' dir='ltr'><strong>post</strong></span> 
     </span>
    </p>
   </div>
   <div class='ocr_carea' id='block_1_38' title="bbox 237 3568 1819 3666">
    <p class='ocr_par' dir='ltr' id='par_1_38' title="bbox 237 3568 1819 3666">
     <span class='ocr_line' id='line_1_38' title="bbox 237 3568 1819 3666; baseline 0.022 -41"><span class='ocrx_word' id='word_1_299' title='bbox 237 3568 352 3626; x_wconf 68' lang='lat' dir='ltr'><strong>haec</strong></span> <span class='ocrx_word' id='word_1_300' title='bbox 393 3589 514 3643; x_wconf 81' lang='lat' dir='ltr'><strong>quae</strong></span> <span class='ocrx_word' id='word_1_301' title='bbox 561 3576 938 3650; x_wconf 84' lang='lat' dir='ltr'><strong>insequuntur.</strong></span> <span class='ocrx_word' id='word_1_302' title='bbox 982 3587 1124 3643; x_wconf 88' lang='lat' dir='ltr'><strong>Dicit</strong></span> <span class='ocrx_word' id='word_1_303' title='bbox 1152 3592 1294 3646; x_wconf 91' lang='lat' dir='ltr'><strong>enim</strong></span> <span class='ocrx_word' id='word_1_304' title='bbox 1328 3593 1644 3666; x_wconf 89' lang='lat' dir='ltr'><strong>Scriptura:</strong></span> <span class='ocrx_word' id='word_1_305' title='bbox 1678 3602 1819 3660; x_wconf 80' lang='lat' dir='ltr'><strong>Dea:-</strong></span> 
     </span>
    </p>
   </div>
   <div class='ocr_carea' id='block_1_39' title="bbox 243 3665 1817 3764">
    <p class='ocr_par' dir='ltr' id='par_1_39' title="bbox 243 3665 1817 3764">
     <span class='ocr_line' id='line_1_39' title="bbox 243 3665 1817 3764; baseline 0.024 -50"><span class='ocrx_word' id='word_1_306' title='bbox 243 3669 361 3717; x_wconf 80' lang='lat' dir='ltr'><strong>ma</strong></span> <span class='ocrx_word' id='word_1_307' title='bbox 399 3665 613 3723; x_wconf 82' lang='lat' dir='ltr'><strong>Domini</strong></span> <span class='ocrx_word' id='word_1_308' title='bbox 642 3672 766 3740; x_wconf 75' lang='lat' dir='ltr'><strong>fecit</strong></span> <span class='ocrx_word' id='word_1_309' title='bbox 790 3678 1030 3732; x_wconf 88' lang='lat' dir='ltr'><strong>virtutem</strong></span> <span class='ocrx_word' id='word_1_310' title='bbox 1061 3681 1146 3736; x_wconf 79' lang='lat' dir='ltr'><strong>“z</strong></span> <span class='ocrx_word' id='word_1_311' title='bbox 1179 3691 1236 3737; x_wconf 89' lang='lat' dir='ltr'><strong>et</strong></span> <span class='ocrx_word' id='word_1_312' title='bbox 1276 3681 1409 3740; x_wconf 89' lang='lat' dir='ltr'><strong>Sede</strong></span> <span class='ocrx_word' id='word_1_313' title='bbox 1443 3665 1512 3742; x_wconf 83' lang='lat' dir='ltr'><strong>ad</strong></span> <span class='ocrx_word' id='word_1_314' title='bbox 1541 3692 1817 3764; x_wconf 78' lang='lat' dir='ltr'><strong>dexteram</strong></span> 
     </span>
    </p>
   </div>
   <div class='ocr_carea' id='block_1_40' title="bbox 234 3757 1814 3845">
    <p class='ocr_par' dir='ltr' id='par_1_40' title="bbox 234 3757 1814 3845">
     <span class='ocr_line' id='line_1_40' title="bbox 234 3757 1814 3845; baseline 0.025 -40"><span class='ocrx_word' id='word_1_315' title='bbox 234 3768 405 3808; x_wconf 74' lang='lat' dir='ltr'><strong>suam</strong></span> <span class='ocrx_word' id='word_1_316' title='bbox 430 3757 497 3823; x_wconf 79' lang='grc'><strong>⁸⁸,</strong></span> <span class='ocrx_word' id='word_1_317' title='bbox 521 3776 683 3831; x_wconf 89' lang='lat' dir='ltr'><strong>quam</strong></span> <span class='ocrx_word' id='word_1_318' title='bbox 710 3781 823 3820; x_wconf 90' lang='lat' dir='ltr'><strong>rem</strong></span> <span class='ocrx_word' id='word_1_319' title='bbox 854 3769 1164 3841; x_wconf 87' lang='lat' dir='ltr'><strong>insequitur</strong></span> <span class='ocrx_word' id='word_1_320' title='bbox 1188 3790 1242 3830; x_wconf 88' lang='lat' dir='ltr'><strong>et</strong></span> <span class='ocrx_word' id='word_1_321' title='bbox 1263 3793 1292 3832; x_wconf 90' lang='lat' dir='ltr'><strong>a</strong></span> <span class='ocrx_word' id='word_1_322' title='bbox 1321 3779 1540 3837; x_wconf 86' lang='lat' dir='ltr'><strong>sinistra</strong></span> <span class='ocrx_word' id='word_1_323' title='bbox 1581 3799 1718 3841; x_wconf 90' lang='lat' dir='ltr'><strong>esse.</strong></span> <span class='ocrx_word' id='word_1_324' title='bbox 1749 3789 1814 3845; x_wconf 85' lang='lat' dir='ltr'><strong>Et</strong></span> 
     </span>
    </p>
   </div>
   <div class='ocr_carea' id='block_1_41' title="bbox 237 3843 1814 3936">
    <p class='ocr_par' dir='ltr' id='par_1_41' title="bbox 237 3843 1814 3936">
     <span class='ocr_line' id='line_1_41' title="bbox 237 3843 1814 3936; baseline 0.025 -40"><span class='ocrx_word' id='word_1_325' title='bbox 237 3843 428 3901; x_wconf 65' lang='lat' dir='ltr'><strong>iterum</strong></span> <span class='ocrx_word' id='word_1_326' title='bbox 451 3868 463 3904; x_wconf 86' lang='lat'><strong>:</strong></span> <span class='ocrx_word' id='word_1_327' title='bbox 486 3849 684 3907; x_wconf 72' lang='lat' dir='ltr'><strong>Caelum</strong></span> <span class='ocrx_word' id='word_1_328' title='bbox 703 3859 849 3913; x_wconf 86' lang='lat' dir='ltr'><strong>sedes</strong></span> <span class='ocrx_word' id='word_1_329' title='bbox 868 3871 947 3915; x_wconf 85' lang='lat' dir='ltr'><strong>est</strong></span> <span class='ocrx_word' id='word_1_330' title='bbox 979 3865 1127 3930; x_wconf 79' lang='lat' dir='ltr'><strong>mihi,</strong></span> <span class='ocrx_word' id='word_1_331' title='bbox 1155 3878 1298 3923; x_wconf 86' lang='lat' dir='ltr'><strong>terra</strong></span> <span class='ocrx_word' id='word_1_332' title='bbox 1325 3883 1500 3929; x_wconf 88' lang='lat' dir='ltr'><strong>autem</strong></span> <span class='ocrx_word' id='word_1_333' title='bbox 1529 3879 1814 3936; x_wconf 88' lang='lat' dir='ltr'><strong>scabellum</strong></span> 
     </span>
    </p>
   </div>
   <div class='ocr_carea' id='block_1_42' title="bbox 231 3935 1810 4041">
    <p class='ocr_par' dir='ltr' id='par_1_42' title="bbox 231 3935 1810 4041">
     <span class='ocr_line' id='line_1_42' title="bbox 231 3935 1810 4041; baseline 0.027 -56"><span class='ocrx_word' id='word_1_334' title='bbox 231 3935 421 4002; x_wconf 83' lang='lat' dir='ltr'><strong>pedum</strong></span> <span class='ocrx_word' id='word_1_335' title='bbox 447 3955 678 3998; x_wconf 87' lang='lat' dir='ltr'><strong>meorum</strong></span> <span class='ocrx_word' id='word_1_336' title='bbox 696 3945 765 4001; x_wconf 82' lang='grc'><strong>⁷⁸.</strong></span> <span class='ocrx_word' id='word_1_337' title='bbox 793 3946 900 4004; x_wconf 88' lang='lat' dir='ltr'><strong>Per</strong></span> <span class='ocrx_word' id='word_1_338' title='bbox 943 3951 1045 4006; x_wconf 84' lang='lat' dir='ltr'><strong>ista</strong></span> <span class='ocrx_word' id='word_1_339' title='bbox 1099 3955 1280 4027; x_wconf 86' lang='lat' dir='ltr'><strong>itaque</strong></span> <span class='ocrx_word' id='word_1_340' title='bbox 1316 3967 1499 4019; x_wconf 92' lang='lat' dir='ltr'><strong>omnia</strong></span> <span class='ocrx_word' id='word_1_341' title='bbox 1547 3982 1576 4020; x_wconf 90' lang='lat' dir='ltr'><strong>a</strong></span> <span class='ocrx_word' id='word_1_342' title='bbox 1631 3971 1810 4041; x_wconf 87' lang='lat' dir='ltr'><strong>capite</strong></span> 
     </span>
    </p>
   </div>
   <div class='ocr_carea' id='block_1_43' title="bbox 233 4031 1808 4130">
    <p class='ocr_par' dir='ltr' id='par_1_43' title="bbox 233 4031 1808 4130">
     <span class='ocr_line' id='line_1_43' title="bbox 233 4031 1808 4130; baseline 0.026 -54"><span class='ocrx_word' id='word_1_343' title='bbox 233 4039 402 4094; x_wconf 87' lang='lat' dir='ltr'><strong>usque</strong></span> <span class='ocrx_word' id='word_1_344' title='bbox 434 4031 500 4083; x_wconf 91' lang='lat' dir='ltr'><strong>ad</strong></span> <span class='ocrx_word' id='word_1_345' title='bbox 525 4034 686 4102; x_wconf 88' lang='lat' dir='ltr'><strong>pedes</strong></span> <span class='ocrx_word' id='word_1_346' title='bbox 713 4038 928 4095; x_wconf 91' lang='lat' dir='ltr'><strong>videtur</strong></span> <span class='ocrx_word' id='word_1_347' title='bbox 954 4045 1291 4104; x_wconf 83' lang='lat' dir='ltr'><strong>membratim</strong></span> <span class='ocrx_word' id='word_1_348' title='bbox 1324 4051 1440 4109; x_wconf 83' lang='lat' dir='ltr'><strong>fieri</strong></span> <span class='ocrx_word' id='word_1_349' title='bbox 1466 4031 1808 4130; x_wconf 75' lang='lat' dir='ltr'><strong>compositio,</strong></span> 
     </span>
    </p>
   </div>
   <div class='ocr_carea' id='block_1_44' title="bbox 227 4125 1809 4206">
    <p class='ocr_par' dir='ltr' id='par_1_44' title="bbox 227 4125 1809 4206">
     <span class='ocr_line' id='line_1_44' title="bbox 227 4125 1809 4206; baseline 0.025 -38"><span class='ocrx_word' id='word_1_350' title='bbox 227 4128 489 4186; x_wconf 88' lang='lat' dir='ltr'><strong>quantum</strong></span> <span class='ocrx_word' id='word_1_351' title='bbox 513 4125 580 4178; x_wconf 88' lang='lat' dir='ltr'><strong>ad</strong></span> <span class='ocrx_word' id='word_1_352' title='bbox 603 4140 909 4186; x_wconf 86' lang='lat' dir='ltr'><strong>sermonem</strong></span> <span class='ocrx_word' id='word_1_353' title='bbox 942 4146 1172 4203; x_wconf 86' lang='lat' dir='ltr'><strong>spectat.</strong></span> <span class='ocrx_word' id='word_1_354' title='bbox 1214 4143 1487 4202; x_wconf 81' lang='lat' dir='ltr'><strong>Addemus</strong></span> <span class='ocrx_word' id='word_1_355' title='bbox 1521 4125 1698 4205; x_wconf 77' lang='lat' dir='ltr'><strong>autem</strong></span> <span class='ocrx_word' id='word_1_356' title='bbox 1725 4152 1809 4206; x_wconf 84' lang='lat' dir='ltr'><strong>in-</strong></span> 
     </span>
    </p>
   </div>
   <div class='ocr_carea' id='block_1_45' title="bbox 226 4211 1708 4312">
    <p class='ocr_par' dir='ltr' id='par_1_45' title="bbox 226 4211 1708 4312">
     <span class='ocr_line' id='line_1_45' title="bbox 226 4211 1708 4312; baseline 0.023 -48"><span class='ocrx_word' id='word_1_357' title='bbox 226 4211 391 4267; x_wconf 85' lang='lat' dir='ltr'><strong>certis</strong></span> <span class='ocrx_word' id='word_1_358' title='bbox 420 4213 528 4282; x_wconf 87' lang='lat' dir='ltr'><strong>bis,</strong></span> <span class='ocrx_word' id='word_1_359' title='bbox 564 4219 744 4288; x_wconf 82' lang='lat' dir='ltr'><strong>capilli</strong></span> <span class='ocrx_word' id='word_1_360' title='bbox 773 4225 957 4293; x_wconf 79' lang='lat' dir='ltr'><strong>rapitis</strong></span> <span class='ocrx_word' id='word_1_361' title='bbox 982 4228 1095 4299; x_wconf 85' lang='lat' dir='ltr'><strong>ejus</strong></span> <span class='ocrx_word' id='word_1_362' title='bbox 1117 4232 1186 4288; x_wconf 88' lang='grc'><strong>⁷¹,</strong></span> <span class='ocrx_word' id='word_1_363' title='bbox 1235 4233 1378 4306; x_wconf 86' lang='lat' dir='ltr'><strong>Ergo</strong></span> <span class='ocrx_word' id='word_1_364' title='bbox 1411 4250 1465 4294; x_wconf 90' lang='lat' dir='ltr'><strong>et</strong></span> <span class='ocrx_word' id='word_1_365' title='bbox 1507 4243 1708 4312; x_wconf 90' lang='lat' dir='ltr'><strong>capilli,</strong></span> 
     </span>
    </p>
   </div>
   <div class='ocr_carea' id='block_1_46' title="bbox 223 4307 1803 4402">
    <p class='ocr_par' dir='ltr' id='par_1_46' title="bbox 223 4307 1803 4402">
     <span class='ocr_line' id='line_1_46' title="bbox 223 4307 1803 4402; baseline 0.023 -47"><span class='ocrx_word' id='word_1_366' title='bbox 223 4307 554 4375; x_wconf 85' lang='lat' dir='ltr'><strong>caputcujus</strong></span> <span class='ocrx_word' id='word_1_367' title='bbox 575 4315 1118 4383; x_wconf 82' lang='lat' dir='ltr'><strong>etcapilli,etadhuc</strong></span> <span class='ocrx_word' id='word_1_368' title='bbox 1161 4328 1392 4396; x_wconf 84' lang='lat' dir='ltr'><strong>amplius</strong></span> <span class='ocrx_word' id='word_1_369' title='bbox 1438 4307 1702 4402; x_wconf 41' lang='lat' dir='ltr'><strong>quan-tuin</strong></span> <span class='ocrx_word' id='word_1_370' title='bbox 1733 4337 1803 4392; x_wconf 91' lang='lat' dir='ltr'><strong>ad</strong></span> 
     </span>
    </p>
   </div>
   <div class='ocr_carea' id='block_1_47' title="bbox 220 4395 1801 4490">
    <p class='ocr_par' dir='ltr' id='par_1_47' title="bbox 220 4395 1801 4490">
     <span class='ocr_line' id='line_1_47' title="bbox 220 4395 1801 4490; baseline 0.025 -45"><span class='ocrx_word' id='word_1_371' title='bbox 220 4395 545 4454; x_wconf 80' lang='lat' dir='ltr'><strong>exteriorem</strong></span> <span class='ocrx_word' id='word_1_372' title='bbox 595 4415 800 4472; x_wconf 88' lang='lat' dir='ltr'><strong>partem</strong></span> <span class='ocrx_word' id='word_1_373' title='bbox 858 4413 1132 4470; x_wconf 87' lang='lat' dir='ltr'><strong>invenitur</strong></span> <span class='ocrx_word' id='word_1_374' title='bbox 1181 4421 1588 4490; x_wconf 79' lang='lat' dir='ltr'><strong>vestimentum,</strong></span> <span class='ocrx_word' id='word_1_375' title='bbox 1642 4430 1801 4485; x_wconf 90' lang='lat' dir='ltr'><strong>modo</strong></span> 
     </span>
    </p>
   </div>
   <div class='ocr_carea' id='block_1_48' title="bbox 219 4485 1879 4588">
    <p class='ocr_par' dir='ltr' id='par_1_48' title="bbox 219 4485 1879 4588">
     <span class='ocr_line' id='line_1_48' title="bbox 219 4485 1879 4588; baseline 0.025 -52"><span class='ocrx_word' id='word_1_376' title='bbox 219 4485 437 4552; x_wconf 88' lang='lat' dir='ltr'><strong>quidem</strong></span> <span class='ocrx_word' id='word_1_377' title='bbox 472 4493 716 4563; x_wconf 86' lang='lat' dir='ltr'><strong>rubrum,</strong></span> <span class='ocrx_word' id='word_1_378' title='bbox 748 4502 905 4555; x_wconf 88' lang='lat' dir='ltr'><strong>modo</strong></span> <span class='ocrx_word' id='word_1_379' title='bbox 955 4515 1136 4559; x_wconf 89' lang='lat' dir='ltr'><strong>autem</strong></span> <span class='ocrx_word' id='word_1_380' title='bbox 1186 4509 1384 4566; x_wconf 89' lang='lat' dir='ltr'><strong>album.</strong></span> <span class='ocrx_word' id='word_1_381' title='bbox 1442 4514 1498 4568; x_wconf 88' lang='lat' dir='ltr'><strong>Si</strong></span> <span class='ocrx_word' id='word_1_382' title='bbox 1551 4485 1717 4587; x_wconf 72' lang='lat' dir='ltr'><strong>igitur</strong></span> <span class='ocrx_word' id='word_1_383' title='bbox 1741 4527 1879 4588; x_wconf 84' lang='lat' dir='ltr'><strong>etD</strong></span> 
     </span>
    </p>
   </div>
   <div class='ocr_carea' id='block_1_49' title="bbox 219 4578 1795 4667">
    <p class='ocr_par' dir='ltr' id='par_1_49' title="bbox 219 4578 1795 4667">
     <span class='ocr_line' id='line_1_49' title="bbox 219 4578 1795 4667; baseline 0.024 -39"><span class='ocrx_word' id='word_1_384' title='bbox 219 4578 601 4638; x_wconf 86' lang='lat' dir='ltr'><strong>vestimentum</strong></span> <span class='ocrx_word' id='word_1_385' title='bbox 628 4587 774 4644; x_wconf 91' lang='lat' dir='ltr'><strong>circa</strong></span> <span class='ocrx_word' id='word_1_386' title='bbox 821 4592 1018 4661; x_wconf 84' lang='lat' dir='ltr'><strong>ipsum,</strong></span> <span class='ocrx_word' id='word_1_387' title='bbox 1065 4602 1294 4667; x_wconf 71' lang='lat' dir='ltr'><strong>qumstio</strong></span> <span class='ocrx_word' id='word_1_388' title='bbox 1324 4611 1406 4658; x_wconf 88' lang='lat' dir='ltr'><strong>est</strong></span> <span class='ocrx_word' id='word_1_389' title='bbox 1454 4616 1510 4660; x_wconf 91' lang='lat' dir='ltr'><strong>et</strong></span> <span class='ocrx_word' id='word_1_390' title='bbox 1542 4608 1608 4661; x_wconf 87' lang='lat' dir='ltr'><strong>de</strong></span> <span class='ocrx_word' id='word_1_391' title='bbox 1637 4609 1795 4665; x_wconf 89' lang='lat' dir='ltr'><strong>indu-</strong></span> 
     </span>
    </p>
   </div>
   <div class='ocr_carea' id='block_1_50' title="bbox 217 4678 1791 4756">
    <p class='ocr_par' dir='ltr' id='par_1_50' title="bbox 217 4678 1791 4756">
     <span class='ocr_line' id='line_1_50' title="bbox 217 4678 1791 4756; baseline 0.024 -36"><span class='ocrx_word' id='word_1_392' title='bbox 217 4678 422 4732; x_wconf 89' lang='lat' dir='ltr'><strong>mento,</strong></span> <span class='ocrx_word' id='word_1_393' title='bbox 465 4679 641 4728; x_wconf 91' lang='lat' dir='ltr'><strong>utrum</strong></span> <span class='ocrx_word' id='word_1_394' title='bbox 667 4678 855 4735; x_wconf 86' lang='lat' dir='ltr'><strong>vivens</strong></span> <span class='ocrx_word' id='word_1_395' title='bbox 899 4686 1146 4753; x_wconf 70' lang='lat' dir='ltr'><strong>quaedam</strong></span> <span class='ocrx_word' id='word_1_396' title='bbox 1191 4702 1384 4750; x_wconf 89' lang='lat' dir='ltr'><strong>natura</strong></span> <span class='ocrx_word' id='word_1_397' title='bbox 1427 4705 1592 4753; x_wconf 87' lang='lat' dir='ltr'><strong>estet</strong></span> <span class='ocrx_word' id='word_1_398' title='bbox 1624 4703 1791 4756; x_wconf 90' lang='lat' dir='ltr'><strong>vesti-</strong></span> 
     </span>
    </p>
   </div>
   <div class='ocr_carea' id='block_1_51' title="bbox 213 4757 1786 4858">
    <p class='ocr_par' dir='ltr' id='par_1_51' title="bbox 213 4757 1786 4858">
     <span class='ocr_line' id='line_1_51' title="bbox 213 4757 1786 4858; baseline 0.023 -47"><span class='ocrx_word' id='word_1_399' title='bbox 213 4769 476 4830; x_wconf 85' lang='lat' dir='ltr'><strong>mentum,</strong></span> <span class='ocrx_word' id='word_1_400' title='bbox 516 4775 608 4820; x_wconf 85' lang='lat' dir='ltr'><strong>aut</strong></span> <span class='ocrx_word' id='word_1_401' title='bbox 632 4757 902 4836; x_wconf 62' lang='lat' dir='ltr'><strong>quomodb</strong></span> <span class='ocrx_word' id='word_1_402' title='bbox 952 4775 1062 4831; x_wconf 84' lang='lat' dir='ltr'><strong>illic</strong></span> <span class='ocrx_word' id='word_1_403' title='bbox 1111 4783 1489 4841; x_wconf 87' lang='lat' dir='ltr'><strong>vestimentum</strong></span> <span class='ocrx_word' id='word_1_404' title='bbox 1522 4789 1786 4858; x_wconf 89' lang='lat' dir='ltr'><strong>habetur;</strong></span> 
     </span>
    </p>
   </div>
   <div class='ocr_carea' id='block_1_52' title="bbox 210 4859 1788 4938">
    <p class='ocr_par' dir='ltr' id='par_1_52' title="bbox 210 4859 1788 4938">
     <span class='ocr_line' id='line_1_52' title="bbox 210 4859 1788 4938; baseline 0.023 -34"><span class='ocrx_word' id='word_1_405' title='bbox 210 4859 265 4905; x_wconf 88' lang='lat' dir='ltr'><strong>et</strong></span> <span class='ocrx_word' id='word_1_406' title='bbox 285 4866 617 4926; x_wconf 62' lang='lat' dir='ltr'><strong>quaecunque</strong></span> <span class='ocrx_word' id='word_1_407' title='bbox 640 4866 1075 4934; x_wconf 86' lang='lat' dir='ltr'><strong>convenerimus,</strong></span> <span class='ocrx_word' id='word_1_408' title='bbox 1110 4881 1166 4925; x_wconf 92' lang='lat' dir='ltr'><strong>ut</strong></span> <span class='ocrx_word' id='word_1_409' title='bbox 1200 4875 1266 4926; x_wconf 90' lang='lat' dir='ltr'><strong>de</strong></span> <span class='ocrx_word' id='word_1_410' title='bbox 1297 4875 1614 4934; x_wconf 88' lang='lat' dir='ltr'><strong>indumento</strong></span> <span class='ocrx_word' id='word_1_411' title='bbox 1638 4882 1788 4938; x_wconf 84' lang='lat' dir='ltr'><strong>dica-</strong></span> 
     </span>
    </p>
   </div>
   <div class='ocr_carea' id='block_1_53' title="bbox 209 4955 1780 5042">
    <p class='ocr_par' dir='ltr' id='par_1_53' title="bbox 209 4955 1780 5042">
     <span class='ocr_line' id='line_1_53' title="bbox 209 4955 1780 5042; baseline 0.023 -49"><span class='ocrx_word' id='word_1_412' title='bbox 209 4956 331 4996; x_wconf 86' lang='lat' dir='ltr'><strong>mus</strong></span> <span class='ocrx_word' id='word_1_413' title='bbox 357 4956 571 5015; x_wconf 89' lang='lat' dir='ltr'><strong>oportet</strong></span> <span class='ocrx_word' id='word_1_414' title='bbox 599 4955 826 5013; x_wconf 88' lang='lat' dir='ltr'><strong>moveri.</strong></span> <span class='ocrx_word' id='word_1_415' title='bbox 855 4956 922 5013; x_wconf 87' lang='lat' dir='ltr'><strong>Et</strong></span> <span class='ocrx_word' id='word_1_416' title='bbox 951 4961 1148 5016; x_wconf 90' lang='lat' dir='ltr'><strong>iterum</strong></span> <span class='ocrx_word' id='word_1_417' title='bbox 1182 4979 1195 5016; x_wconf 92' lang='lat'><strong>:</strong></span> <span class='ocrx_word' id='word_1_418' title='bbox 1226 4967 1272 5020; x_wconf 90' lang='lat' dir='ltr'><strong>si</strong></span> <span class='ocrx_word' id='word_1_419' title='bbox 1298 4977 1415 5022; x_wconf 66' lang='grc' dir='ltr'><strong>’νοτ</strong></span> <span class='ocrx_word' id='word_1_420' title='bbox 1453 4969 1671 5027; x_wconf 87' lang='lat' dir='ltr'><strong>Domini</strong></span> <span class='ocrx_word' id='word_1_421' title='bbox 1694 4974 1780 5042; x_wconf 78' lang='lat' dir='ltr'><strong>fe-</strong></span> 
     </span>
    </p>
   </div>
   <div class='ocr_carea' id='block_1_54' title="bbox 207 5031 1779 5122">
    <p class='ocr_par' dir='ltr' id='par_1_54' title="bbox 207 5031 1779 5122">
     <span class='ocr_line' id='line_1_54' title="bbox 207 5031 1779 5122; baseline 0.025 -39"><span class='ocrx_word' id='word_1_422' title='bbox 207 5031 304 5097; x_wconf 71' lang='lat' dir='ltr'><strong>cit,</strong></span> <span class='ocrx_word' id='word_1_423' title='bbox 330 5033 374 5086; x_wconf 87' lang='lat' dir='ltr'><strong>si</strong></span> <span class='ocrx_word' id='word_1_424' title='bbox 405 5051 504 5089; x_wconf 74' lang='lat' dir='ltr'><strong>vos:</strong></span> <span class='ocrx_word' id='word_1_425' title='bbox 527 5038 736 5097; x_wconf 82' lang='lat' dir='ltr'><strong>Domini</strong></span> <span class='ocrx_word' id='word_1_426' title='bbox 774 5048 829 5100; x_wconf 87' lang='lat' dir='ltr'><strong>in</strong></span> <span class='ocrx_word' id='word_1_427' title='bbox 859 5050 1047 5107; x_wconf 78' lang='lat' dir='ltr'><strong>virtute</strong></span> <span class='ocrx_word' id='word_1_428' title='bbox 1074 5054 1140 5121; x_wconf 79' lang='lat'><strong>&quot;’,</strong></span> <span class='ocrx_word' id='word_1_429' title='bbox 1175 5064 1228 5110; x_wconf 90' lang='lat' dir='ltr'><strong>et</strong></span> <span class='ocrx_word' id='word_1_430' title='bbox 1279 5072 1383 5115; x_wconf 80' lang='lat' dir='ltr'><strong>vox</strong></span> <span class='ocrx_word' id='word_1_431' title='bbox 1420 5061 1631 5118; x_wconf 89' lang='lat' dir='ltr'><strong>Domini</strong></span> <span class='ocrx_word' id='word_1_432' title='bbox 1671 5063 1779 5122; x_wconf 84' lang='lat' dir='ltr'><strong>fre-</strong></span> 
     </span>
    </p>
   </div>
   <div class='ocr_carea' id='block_1_55' title="bbox 205 5125 1776 5210">
    <p class='ocr_par' dir='ltr' id='par_1_55' title="bbox 205 5125 1776 5210">
     <span class='ocr_line' id='line_1_55' title="bbox 205 5125 1776 5210; baseline 0.025 -38"><span class='ocrx_word' id='word_1_433' title='bbox 205 5131 437 5189; x_wconf 90' lang='lat' dir='ltr'><strong>quenter</strong></span> <span class='ocrx_word' id='word_1_434' title='bbox 469 5125 522 5179; x_wconf 91' lang='lat' dir='ltr'><strong>in</strong></span> <span class='ocrx_word' id='word_1_435' title='bbox 553 5129 641 5186; x_wconf 91' lang='lat' dir='ltr'><strong>illo</strong></span> <span class='ocrx_word' id='word_1_436' title='bbox 672 5136 878 5202; x_wconf 85' lang='lat' dir='ltr'><strong>psalmo</strong></span> <span class='ocrx_word' id='word_1_437' title='bbox 911 5143 1128 5209; x_wconf 91' lang='lat' dir='ltr'><strong>dicitur,</strong></span> <span class='ocrx_word' id='word_1_438' title='bbox 1166 5157 1219 5200; x_wconf 89' lang='lat' dir='ltr'><strong>et</strong></span> <span class='ocrx_word' id='word_1_439' title='bbox 1243 5153 1538 5207; x_wconf 88' lang='lat' dir='ltr'><strong>secundum</strong></span> <span class='ocrx_word' id='word_1_440' title='bbox 1579 5171 1776 5210; x_wconf 90' lang='lat' dir='ltr'><strong>unum-</strong></span> 
     </span>
    </p>
   </div>
   <div class='ocr_carea' id='block_1_56' title="bbox 277 5283 1233 5373">
    <p class='ocr_par' dir='ltr' id='par_1_56' title="bbox 277 5283 1233 5373">
     <span class='ocr_line' id='line_1_56' title="bbox 277 5283 1233 5373; baseline 0.03 -37"><span class='ocrx_word' id='word_1_441' title='bbox 351 5283 490 5373; x_wconf 59' lang='lat' dir='ltr'><strong>Qen.</strong></span> <span class='ocrx_word' id='word_1_442' title='bbox 518 5304 602 5353; x_wconf 90' lang='grc' dir='ltr'><strong>ιιι.</strong></span> <span class='ocrx_word' id='word_1_443' title='bbox 629 5293 731 5373; x_wconf 80' lang='lat'><strong>8.__</strong></span> <span class='ocrx_word' id='word_1_444' title='bbox 786 5295 832 5328; x_wconf 85' lang='grc'><strong>⁸³</strong></span> <span class='ocrx_word' id='word_1_445' title='bbox 851 5298 955 5373; x_wconf 73' lang='lat' dir='ltr'><strong>lsa.</strong></span> <span class='ocrx_word' id='word_1_446' title='bbox 992 5321 1144 5373; x_wconf 75' lang='lat' dir='ltr'><strong>thu,</strong></span> <span class='ocrx_word' id='word_1_447' title='bbox 1181 5311 1233 5363; x_wconf 80' lang='lat' dir='ltr'><strong>l.</strong></span> 
     </span>
    </p>
   </div>
   <div class='ocr_carea' id='block_1_57' title="bbox 204 5353 1271 5442">
    <p class='ocr_par' dir='ltr' id='par_1_57' title="bbox 204 5353 1271 5442">
     <span class='ocr_line' id='line_1_57' title="bbox 204 5353 1271 5442; baseline 0.042 -41"><span class='ocrx_word' id='word_1_448' title='bbox 204 5353 250 5442; x_wconf 52' lang='grc' dir='ltr'><strong>εἴ</strong></span> <span class='ocrx_word' id='word_1_449' title='bbox 280 5356 427 5442; x_wconf 53' lang='lat' dir='ltr'><strong>Esal.</strong></span> <span class='ocrx_word' id='word_1_450' title='bbox 451 5363 751 5442; x_wconf 60' lang='lat' dir='ltr'><strong>cxvu,_i_6.</strong></span> <span class='ocrx_word' id='word_1_451' title='bbox 791 5369 890 5442; x_wconf 47' lang='grc' dir='ltr'><strong>--ν</strong></span> <span class='ocrx_word' id='word_1_452' title='bbox 912 5353 1271 5442; x_wconf 12' lang='lat' dir='ltr'><strong>fissa—lia}?!-</strong></span> 
     </span>
    </p>
   </div>
   <div class='ocr_carea' id='block_1_58' title="bbox 202 5421 1226 5512">
    <p class='ocr_par' dir='ltr' id='par_1_58' title="bbox 202 5421 1226 5512">
     <span class='ocr_line' id='line_1_58' title="bbox 202 5421 1226 5512; baseline 0.028 -37"><span class='ocrx_word' id='word_1_453' title='bbox 202 5421 248 5455; x_wconf 78' lang='lat'>&quot;</span> <span class='ocrx_word' id='word_1_454' title='bbox 278 5423 447 5480; x_wconf 75' lang='lat' dir='ltr'><strong>Exod.</strong></span> <span class='ocrx_word' id='word_1_455' title='bbox 483 5421 717 5496; x_wconf 49' lang='grc' dir='ltr'><strong>χιιίίϐ.</strong></span> <span class='ocrx_word' id='word_1_456' title='bbox 791 5437 836 5469; x_wconf 87' lang='grc'><strong>⁷⁸</strong></span> <span class='ocrx_word' id='word_1_457' title='bbox 859 5421 1226 5512; x_wconf 43' lang='lat' dir='ltr'><strong>ibi—dTl&#39;i&#39;lS.</strong></span> 
     </span>
    </p>
   </div>
   <div class='ocr_carea' id='block_1_59' title="bbox 1339 5312 1696 5382">
    <p class='ocr_par' dir='ltr' id='par_1_59' title="bbox 1339 5312 1696 5382">
     <span class='ocr_line' id='line_1_59' title="bbox 1339 5312 1696 5382; baseline 0.025 -17"><span class='ocrx_word' id='word_1_458' title='bbox 1339 5312 1384 5344; x_wconf 77' lang='lat'><strong>“</strong></span> <span class='ocrx_word' id='word_1_459' title='bbox 1415 5313 1518 5370; x_wconf 85' lang='lat' dir='ltr'><strong>lsa.</strong></span> <span class='ocrx_word' id='word_1_460' title='bbox 1545 5331 1619 5382; x_wconf 86' lang='lat' dir='ltr'><strong>vt,</strong></span> <span class='ocrx_word' id='word_1_461' title='bbox 1645 5320 1696 5374; x_wconf 85' lang='grc'><strong>1.</strong></span> 
     </span>
    </p>
   </div>
   <div class='ocr_carea' id='block_1_60' title="bbox 1364 5385 1808 5456">
    <p class='ocr_par' dir='ltr' id='par_1_60' title="bbox 1364 5385 1808 5456">
     <span class='ocr_line' id='line_1_60' title="bbox 1364 5385 1808 5456; baseline 0.025 -19"><span class='ocrx_word' id='word_1_462' title='bbox 1364 5385 1541 5456; x_wconf 30' lang='grc' dir='ltr'><strong>⁷οηιεει.</strong></span> <span class='ocrx_word' id='word_1_463' title='bbox 1577 5402 1728 5456; x_wconf 74' lang='lat' dir='ltr'><strong>1.x&quot;,</strong></span> <span class='ocrx_word' id='word_1_464' title='bbox 1756 5392 1808 5448; x_wconf 75' lang='grc'><strong>1.</strong></span> 
     </span>
    </p>
   </div>
   <div class='ocr_carea' id='block_1_61' title="bbox 269 5581 1484 5674">
    <p class='ocr_par' dir='ltr' id='par_1_61' title="bbox 269 5581 1484 5674">
     <span class='ocr_line' id='line_1_61' title="bbox 269 5581 1484 5674; baseline 0.03 -39"><span class='ocrx_word' id='word_1_465' title='bbox 420 5585 834 5674; x_wconf 59' lang='lat' dir='ltr'><strong>gommendatig.</strong></span> <span class='ocrx_word' id='word_1_466' title='bbox 861 5599 1041 5671; x_wconf 84' lang='lat' dir='ltr'><strong>Forte,</strong></span> <span class='ocrx_word' id='word_1_467' title='bbox 1074 5611 1484 5674; x_wconf 47' lang='lat' dir='ltr'><strong>commentatio.&#39;</strong></span> 
     </span>
    </p>
   </div>
   <div class='ocr_carea' id='block_1_62' title="bbox 295 5653 1300 5748">
    <p class='ocr_par' dir='ltr' id='par_1_62' title="bbox 295 5653 1300 5748">
     <span class='ocr_line' id='line_1_62' title="bbox 295 5653 1300 5748; baseline 0.029 -42"><span class='ocrx_word' id='word_1_468' title='bbox 417 5657 505 5748; x_wconf 52' lang='lat' dir='ltr'><strong>[Ea</strong></span> <span class='ocrx_word' id='word_1_469' title='bbox 526 5677 766 5748; x_wconf 46' lang='lat' dir='ltr'><strong>surgere.</strong></span> <span class='ocrx_word' id='word_1_470' title='bbox 786 5653 985 5748; x_wconf 59' lang='lat' dir='ltr'><strong>Forte,</strong></span> 
     </span>
    </p>
   </div>
   <div class='ocr_carea' id='block_1_63' title="bbox 263 5658 1376 5867">
    <p class='ocr_par' dir='ltr' id='par_1_63' title="bbox 263 5658 1376 5867">
     <span class='ocr_line' id='line_1_63' title="bbox 295 5658 1376 5748; baseline 0.029 -42"><span class='ocrx_word' id='word_1_471' title='bbox 295 5658 363 5707; x_wconf 72' lang='lat'><strong>72</strong></span> <span class='ocrx_word' id='word_1_472' title='bbox 417 5658 498 5711; x_wconf 80' lang='lat' dir='ltr'><strong>Ea</strong></span> <span class='ocrx_word' id='word_1_473' title='bbox 526 5677 756 5732; x_wconf 84' lang='lat' dir='ltr'><strong>surgere.</strong></span> <span class='ocrx_word' id='word_1_474' title='bbox 786 5667 968 5738; x_wconf 88' lang='lat' dir='ltr'><strong>Forte,</strong></span> <span class='ocrx_word' id='word_1_475' title='bbox 1002 5658 1376 5748; x_wconf 41' lang='lat' dir='ltr'><strong>assurgeretm</strong></span> 
     </span>
     <span class='ocr_line' id='line_1_64' title="bbox 289 5725 1376 5814; baseline 0.029 -37"><span class='ocrx_word' id='word_1_476' title='bbox 289 5725 360 5779; x_wconf 78' lang='grc'>75</span> <span class='ocrx_word' id='word_1_477' title='bbox 420 5727 609 5786; x_wconf 73' lang='lat' dir='ltr'><strong>Disesi.</strong></span> <span class='ocrx_word' id='word_1_478' title='bbox 644 5733 826 5802; x_wconf 83' lang='lat' dir='ltr'><strong>Forte,</strong></span> <span class='ocrx_word' id='word_1_479' title='bbox 849 5741 1039 5796; x_wconf 83' lang='lat' dir='ltr'><strong>disseri</strong></span> <span class='ocrx_word' id='word_1_480' title='bbox 1067 5749 1146 5799; x_wconf 88' lang='lat' dir='ltr'><strong>vel</strong></span> <span class='ocrx_word' id='word_1_481' title='bbox 1185 5752 1376 5814; x_wconf 85' lang='lat' dir='ltr'><strong>deseri,</strong></span> 
     </span>
     <span class='ocr_line' id='line_1_65' title="bbox 263 5658 1065 5867; baseline 0.022 -18"><span class='ocrx_word' id='word_1_482' title='bbox 263 5658 384 5867; x_wconf 47' lang='lat' dir='ltr'><strong>in;</strong></span> <span class='ocrx_word' id='word_1_483' title='bbox 399 5798 775 5867; x_wconf 80' lang='grc' dir='ltr'><strong>Περιγραφήν.</strong></span> <span class='ocrx_word' id='word_1_484' title='bbox 796 5813 1065 5867; x_wconf 79' lang='lat' dir='ltr'><strong>ambitum.</strong></span> 
     </span>
    </p>
   </div>
   <div class='ocr_carea' id='block_1_64' title="bbox 290 5782 1065 5878">
    <p class='ocr_par' dir='ltr' id='par_1_64' title="bbox 290 5782 1065 5878">
     <span class='ocr_line' id='line_1_66' title="bbox 290 5782 1065 5878; baseline 0.025 -28"><span class='ocrx_word' id='word_1_485' title='bbox 290 5782 379 5867; x_wconf 70' lang='lat' dir='ltr'><strong>7t)</strong></span> <span class='ocrx_word' id='word_1_486' title='bbox 399 5782 1065 5878; x_wconf 62' lang='grc' dir='ltr'><strong>Περιγραξρῆζιζ“ἇηῖῐιῖἷῖιὶιὶ.</strong></span> 
     </span>
    </p>
   </div>
   <div class='ocr_carea' id='block_1_65' title="bbox 511 5897 1230 5977">
    <p class='ocr_par' dir='ltr' id='par_1_65' title="bbox 511 5897 1230 5977">
     <span class='ocr_line' id='line_1_67' title="bbox 511 5897 1230 5977; baseline 0.028 -21"><span class='ocrx_word' id='word_1_487' title='bbox 511 5897 784 5974; x_wconf 52' lang='lat' dir='ltr'><strong>Parum.</strong></span> <span class='ocrx_word' id='word_1_488' title='bbox 833 5904 952 5971; x_wconf 79' lang='lat' dir='ltr'><strong>Gn.</strong></span> <span class='ocrx_word' id='word_1_489' title='bbox 1001 5910 1230 5977; x_wconf 82' lang='lat' dir='ltr'><strong>XXIV.</strong></span> 
     </span>
    </p>
   </div>
   <div class='ocr_carea' id='block_1_66' title="bbox 1803 5322 2254 5395">
    <p class='ocr_par' dir='ltr' id='par_1_66' title="bbox 1803 5322 2254 5395">
     <span class='ocr_line' id='line_1_68' title="bbox 1803 5322 2254 5395; baseline 0.027 -21"><span class='ocrx_word' id='word_1_490' title='bbox 1803 5322 1850 5354; x_wconf 86' lang='grc'><strong><em>⁸⁵</em></strong></span> <span class='ocrx_word' id='word_1_491' title='bbox 1887 5325 2020 5382; x_wconf 91' lang='lat' dir='ltr'><strong>Dan.</strong></span> <span class='ocrx_word' id='word_1_492' title='bbox 2063 5345 2156 5395; x_wconf 81' lang='lat' dir='ltr'><strong>vn,</strong></span> <span class='ocrx_word' id='word_1_493' title='bbox 2199 5334 2254 5389; x_wconf 88' lang='lat'><strong>9.</strong></span> 
     </span>
    </p>
   </div>
   <div class='ocr_carea' id='block_1_67' title="bbox 1896 5397 2302 5469">
    <p class='ocr_par' dir='ltr' id='par_1_67' title="bbox 1896 5397 2302 5469">
     <span class='ocr_line' id='line_1_69' title="bbox 1896 5397 2302 5469; baseline 0.022 -19"><span class='ocrx_word' id='word_1_494' title='bbox 1896 5397 2100 5469; x_wconf 54' lang='grc' dir='ltr'><strong>’ξι-0³η.</strong></span> <span class='ocrx_word' id='word_1_495' title='bbox 2125 5417 2218 5469; x_wconf 83' lang='lat' dir='ltr'><strong>vn,</strong></span> <span class='ocrx_word' id='word_1_496' title='bbox 2249 5405 2302 5459; x_wconf 89' lang='lat'><strong>9.</strong></span> 
     </span>
    </p>
   </div>
   <div class='ocr_carea' id='block_1_68' title="bbox 1328 5455 2732 5543">
    <p class='ocr_par' dir='ltr' id='par_1_68' title="bbox 1328 5455 2732 5543">
     <span class='ocr_line' id='line_1_70' title="bbox 1328 5455 2732 5543; baseline 0.025 -35"><span class='ocrx_word' id='word_1_497' title='bbox 1328 5455 1374 5486; x_wconf 80' lang='grc'><strong>⁷⁸</strong></span> <span class='ocrx_word' id='word_1_498' title='bbox 1396 5455 1565 5514; x_wconf 90' lang='lat' dir='ltr'><strong>Exod.</strong></span> <span class='ocrx_word' id='word_1_499' title='bbox 1592 5455 1721 5527; x_wconf 74' lang='lat' dir='ltr'><strong>six,</strong></span> <span class='ocrx_word' id='word_1_500' title='bbox 1741 5463 1793 5519; x_wconf 88' lang='lat'><strong>9.</strong></span> <span class='ocrx_word' id='word_1_501' title='bbox 1872 5466 1920 5497; x_wconf 88' lang='grc'><strong>⁷⁷</strong></span> <span class='ocrx_word' id='word_1_502' title='bbox 1942 5466 2112 5525; x_wconf 86' lang='lat' dir='ltr'><strong>Exod.</strong></span> <span class='ocrx_word' id='word_1_503' title='bbox 2148 5455 2366 5541; x_wconf 33' lang='lat' dir='ltr'><strong>xlvii.</strong></span> <span class='ocrx_word' id='word_1_504' title='bbox 2447 5455 2490 5513; x_wconf 54' lang='grc' dir='ltr'><strong>’ἶ</strong></span> 
     </span>
    </p>
   </div>
   <div class='ocr_carea' id='block_1_69' title="bbox 1976 584 3560 666">
    <p class='ocr_par' dir='ltr' id='par_1_69' title="bbox 1976 584 3560 666">
     <span class='ocr_line' id='line_1_71' title="bbox 1976 584 3560 666; baseline 0.02 -33"><span class='ocrx_word' id='word_1_505' title='bbox 1976 597 2074 634; x_wconf 86' lang='lat' dir='ltr'><strong>nus</strong></span> <span class='ocrx_word' id='word_1_506' title='bbox 2119 584 2188 636; x_wconf 90' lang='lat' dir='ltr'><strong>ad</strong></span> <span class='ocrx_word' id='word_1_507' title='bbox 2231 601 2328 641; x_wconf 89' lang='lat' dir='ltr'><strong>me.</strong></span> <span class='ocrx_word' id='word_1_508' title='bbox 2389 586 2445 640; x_wconf 93' lang='lat' dir='ltr'><strong>ln</strong></span> <span class='ocrx_word' id='word_1_509' title='bbox 2487 589 2776 662; x_wconf 84' lang='lat' dir='ltr'><strong>Evangelio</strong></span> <span class='ocrx_word' id='word_1_510' title='bbox 2828 604 2988 652; x_wconf 69' lang='lat' dir='ltr'><strong>ebant</strong></span> <span class='ocrx_word' id='word_1_511' title='bbox 3046 618 3062 653; x_wconf 88' lang='lat'><strong>:</strong></span> <span class='ocrx_word' id='word_1_512' title='bbox 3126 600 3410 661; x_wconf 84' lang='lat' dir='ltr'><strong>Desursum</strong></span> <span class='ocrx_word' id='word_1_513' title='bbox 3460 626 3560 666; x_wconf 69' lang='lat' dir='ltr'><strong>vos:</strong></span> 
     </span>
    </p>
   </div>
   <div class='ocr_carea' id='block_1_70' title="bbox 1973 670 3556 765">
    <p class='ocr_par' dir='ltr' id='par_1_70' title="bbox 1973 670 3556 765">
     <span class='ocr_line' id='line_1_72' title="bbox 1973 670 3556 765; baseline 0.02 -41"><span class='ocrx_word' id='word_1_514' title='bbox 1973 670 2116 738; x_wconf 80' lang='lat' dir='ltr'><strong>facta</strong></span> <span class='ocrx_word' id='word_1_515' title='bbox 2145 677 2322 744; x_wconf 80' lang='lat' dir='ltr'><strong>est&quot;;</strong></span> <span class='ocrx_word' id='word_1_516' title='bbox 2351 691 2563 748; x_wconf 86' lang='lat' dir='ltr'><strong>oportet</strong></span> <span class='ocrx_word' id='word_1_517' title='bbox 2601 685 2742 740; x_wconf 89' lang='lat' dir='ltr'><strong>enim</strong></span> <span class='ocrx_word' id='word_1_518' title='bbox 2771 687 3062 746; x_wconf 88' lang='lat' dir='ltr'><strong>immisceri</strong></span> <span class='ocrx_word' id='word_1_519' title='bbox 3084 709 3148 750; x_wconf 87' lang='lat' dir='ltr'><strong>ea</strong></span> <span class='ocrx_word' id='word_1_520' title='bbox 3176 711 3295 765; x_wconf 75' lang='lat' dir='ltr'><strong>quae</strong></span> <span class='ocrx_word' id='word_1_521' title='bbox 3309 713 3376 754; x_wconf 80' lang='lat' dir='ltr'><strong>ex</strong></span> <span class='ocrx_word' id='word_1_522' title='bbox 3404 699 3556 759; x_wconf 82' lang='lat' dir='ltr'><strong>Novo</strong></span> 
     </span>
    </p>
   </div>
   <div class='ocr_carea' id='block_1_71' title="bbox 1972 763 3526 863">
    <p class='ocr_par' dir='ltr' id='par_1_71' title="bbox 1972 763 3526 863">
     <span class='ocr_line' id='line_1_73' title="bbox 1972 763 3526 863; baseline 0.023 -49"><span class='ocrx_word' id='word_1_523' title='bbox 1972 772 2097 817; x_wconf 89' lang='lat' dir='ltr'><strong>sunt</strong></span> <span class='ocrx_word' id='word_1_524' title='bbox 2138 763 2506 863; x_wconf 66' lang='lat' dir='ltr'><strong>Testamento,</strong></span> <span class='ocrx_word' id='word_1_525' title='bbox 2539 771 2752 844; x_wconf 87' lang='lat' dir='ltr'><strong>Veteri,</strong></span> <span class='ocrx_word' id='word_1_526' title='bbox 2788 794 2856 834; x_wconf 91' lang='lat' dir='ltr'><strong>ne</strong></span> <span class='ocrx_word' id='word_1_527' title='bbox 2896 781 3090 839; x_wconf 88' lang='lat' dir='ltr'><strong>iterum</strong></span> <span class='ocrx_word' id='word_1_528' title='bbox 3131 787 3368 846; x_wconf 73' lang='lat' dir='ltr'><strong>haeretici</strong></span> <span class='ocrx_word' id='word_1_529' title='bbox 3400 808 3526 863; x_wconf 85' lang='lat' dir='ltr'><strong>sepa</strong></span> 
     </span>
    </p>
   </div>
   <div class='ocr_carea' id='block_1_72' title="bbox 1972 842 3555 948">
    <p class='ocr_par' dir='ltr' id='par_1_72' title="bbox 1972 842 3555 948">
     <span class='ocr_line' id='line_1_74' title="bbox 1972 842 3555 948; baseline 0.024 -42"><span class='ocrx_word' id='word_1_530' title='bbox 1972 857 2112 923; x_wconf 77' lang='lat' dir='ltr'><strong>rent,</strong></span> <span class='ocrx_word' id='word_1_531' title='bbox 2153 866 2208 912; x_wconf 91' lang='lat' dir='ltr'><strong>et</strong></span> <span class='ocrx_word' id='word_1_532' title='bbox 2245 859 2409 915; x_wconf 89' lang='lat' dir='ltr'><strong>alium</strong></span> <span class='ocrx_word' id='word_1_533' title='bbox 2433 842 2799 926; x_wconf 58' lang='lat' dir='ltr'><strong>‘introducaut</strong></span> <span class='ocrx_word' id='word_1_534' title='bbox 2847 873 3040 930; x_wconf 83' lang='lat' dir='ltr'><strong>Deum.</strong></span> <span class='ocrx_word' id='word_1_535' title='bbox 3075 879 3339 948; x_wconf 64' lang='lat' dir='ltr'><strong>Adjuncta</strong></span> <span class='ocrx_word' id='word_1_536' title='bbox 3370 897 3555 944; x_wconf 79' lang='lat' dir='ltr'><strong>autem</strong></span> 
     </span>
    </p>
   </div>
   <div class='ocr_carea' id='block_1_73' title="bbox 1971 1037 3551 1140">
    <p class='ocr_par' dir='ltr' id='par_1_73' title="bbox 1971 1037 3551 1140">
     <span class='ocr_line' id='line_1_75' title="bbox 1971 1037 3551 1140; baseline 0.025 -51"><span class='ocrx_word' id='word_1_537' title='bbox 1971 1037 2199 1095; x_wconf 83' lang='lat' dir='ltr'><strong>Factum</strong></span> <span class='ocrx_word' id='word_1_538' title='bbox 2225 1055 2299 1097; x_wconf 83' lang='lat' dir='ltr'><strong>est</strong></span> <span class='ocrx_word' id='word_1_539' title='bbox 2332 1056 2509 1102; x_wconf 83' lang='lat' dir='ltr'><strong>autem</strong></span> <span class='ocrx_word' id='word_1_540' title='bbox 2527 1051 2614 1106; x_wconf 87' lang='lat' dir='ltr'><strong>die</strong></span> <span class='ocrx_word' id='word_1_541' title='bbox 2648 1055 2821 1121; x_wconf 87' lang='lat' dir='ltr'><strong>tertio,</strong></span> <span class='ocrx_word' id='word_1_542' title='bbox 2858 1075 2978 1113; x_wconf 78' lang='lat' dir='ltr'><strong>eum</strong></span> <span class='ocrx_word' id='word_1_543' title='bbox 3007 1078 3159 1117; x_wconf 86' lang='lat' dir='ltr'><strong>mane</strong></span> <span class='ocrx_word' id='word_1_544' title='bbox 3181 1064 3380 1134; x_wconf 81' lang='lat' dir='ltr'><strong>factum</strong></span> <span class='ocrx_word' id='word_1_545' title='bbox 3414 1072 3551 1140; x_wconf 79' lang='lat' dir='ltr'><strong>[uis-</strong></span> 
     </span>
    </p>
   </div>
   <div class='ocr_carea' id='block_1_74' title="bbox 1965 1135 3545 1228">
    <p class='ocr_par' dir='ltr' id='par_1_74' title="bbox 1965 1135 3545 1228">
     <span class='ocr_line' id='line_1_76' title="bbox 1965 1135 3545 1228; baseline 0.022 -44"><span class='ocrx_word' id='word_1_546' title='bbox 1965 1141 2064 1197; x_wconf 83' lang='lat' dir='ltr'><strong>set,</strong></span> <span class='ocrx_word' id='word_1_547' title='bbox 2091 1145 2137 1188; x_wconf 86' lang='lat' dir='ltr'><strong>et</strong></span> <span class='ocrx_word' id='word_1_548' title='bbox 2176 1135 2336 1204; x_wconf 63' lang='lat' dir='ltr'><strong>facta</strong></span> <span class='ocrx_word' id='word_1_549' title='bbox 2363 1149 2485 1193; x_wconf 85' lang='lat' dir='ltr'><strong>sunt</strong></span> <span class='ocrx_word' id='word_1_550' title='bbox 2510 1158 2657 1197; x_wconf 89' lang='lat' dir='ltr'><strong>voces</strong></span> <span class='ocrx_word' id='word_1_551' title='bbox 2682 1154 2730 1200; x_wconf 87' lang='lat' dir='ltr'><strong>et</strong></span> <span class='ocrx_word' id='word_1_552' title='bbox 2761 1147 2998 1218; x_wconf 77' lang='lat' dir='ltr'><strong>fulgura,</strong></span> <span class='ocrx_word' id='word_1_553' title='bbox 3042 1163 3089 1206; x_wconf 86' lang='lat' dir='ltr'><strong>et</strong></span> <span class='ocrx_word' id='word_1_554' title='bbox 3125 1157 3282 1212; x_wconf 82' lang='lat' dir='ltr'><strong>nubis</strong></span> <span class='ocrx_word' id='word_1_555' title='bbox 3316 1135 3545 1228; x_wconf 74' lang='lat' dir='ltr'><strong>nimbus,</strong></span> 
     </span>
    </p>
   </div>
   <div class='ocr_carea' id='block_1_75' title="bbox 1963 1230 3544 1313">
    <p class='ocr_par' dir='ltr' id='par_1_75' title="bbox 1963 1230 3544 1313">
     <span class='ocr_line' id='line_1_77' title="bbox 1963 1230 3544 1313; baseline 0.023 -37"><span class='ocrx_word' id='word_1_556' title='bbox 1963 1233 2012 1276; x_wconf 91' lang='lat' dir='ltr'><strong>et</strong></span> <span class='ocrx_word' id='word_1_557' title='bbox 2059 1241 2216 1293; x_wconf 87' lang='lat' dir='ltr'><strong>super</strong></span> <span class='ocrx_word' id='word_1_558' title='bbox 2259 1238 2487 1283; x_wconf 81' lang='lat' dir='ltr'><strong>montem</strong></span> <span class='ocrx_word' id='word_1_559' title='bbox 2544 1230 2675 1289; x_wconf 88' lang='lat' dir='ltr'><strong>Sina</strong></span> <span class='ocrx_word' id='word_1_560' title='bbox 2712 1254 2809 1291; x_wconf 77' lang='lat' dir='ltr'><strong>vox</strong></span> <span class='ocrx_word' id='word_1_561' title='bbox 2847 1244 2986 1297; x_wconf 79' lang='lat' dir='ltr'><strong>tubte</strong></span> <span class='ocrx_word' id='word_1_562' title='bbox 3031 1248 3250 1302; x_wconf 83' lang='lat' dir='ltr'><strong>canebat</strong></span> <span class='ocrx_word' id='word_1_563' title='bbox 3297 1252 3448 1308; x_wconf 84' lang='lat' dir='ltr'><strong>valde</strong></span> <span class='ocrx_word' id='word_1_564' title='bbox 3475 1256 3544 1313; x_wconf 77' lang='lat'><strong>”.</strong></span> 
     </span>
    </p>
   </div>
   <div class='ocr_carea' id='block_1_76' title="bbox 1968 1311 3546 1399">
    <p class='ocr_par' dir='ltr' id='par_1_76' title="bbox 1968 1311 3546 1399">
     <span class='ocr_line' id='line_1_78' title="bbox 1968 1311 3546 1399; baseline 0.022 -34"><span class='ocrx_word' id='word_1_565' title='bbox 1968 1311 2108 1382; x_wconf 83' lang='lat' dir='ltr'><strong>Ergo</strong></span> <span class='ocrx_word' id='word_1_566' title='bbox 2130 1323 2183 1368; x_wconf 83' lang='lat' dir='ltr'><strong>et</strong></span> <span class='ocrx_word' id='word_1_567' title='bbox 2219 1319 2344 1371; x_wconf 85' lang='lat' dir='ltr'><strong>tuba</strong></span> <span class='ocrx_word' id='word_1_568' title='bbox 2377 1319 2606 1376; x_wconf 83' lang='lat' dir='ltr'><strong>sonabat</strong></span> <span class='ocrx_word' id='word_1_569' title='bbox 2632 1340 2848 1395; x_wconf 81' lang='lat' dir='ltr'><strong>magna,</strong></span> <span class='ocrx_word' id='word_1_570' title='bbox 2887 1342 2936 1385; x_wconf 87' lang='lat' dir='ltr'><strong>et</strong></span> <span class='ocrx_word' id='word_1_571' title='bbox 2979 1341 3222 1393; x_wconf 86' lang='lat' dir='ltr'><strong>turbatus</strong></span> <span class='ocrx_word' id='word_1_572' title='bbox 3249 1350 3324 1394; x_wconf 83' lang='lat' dir='ltr'><strong>est</strong></span> <span class='ocrx_word' id='word_1_573' title='bbox 3375 1345 3546 1399; x_wconf 88' lang='lat' dir='ltr'><strong>omnis</strong></span> 
     </span>
    </p>
   </div>
   <div class='ocr_carea' id='block_1_77' title="bbox 1962 1405 3546 1500">
    <p class='ocr_par' dir='ltr' id='par_1_77' title="bbox 1962 1405 3546 1500">
     <span class='ocr_line' id='line_1_79' title="bbox 1962 1405 3546 1500; baseline 0.022 -45"><span class='ocrx_word' id='word_1_574' title='bbox 1962 1405 2185 1472; x_wconf 86' lang='lat' dir='ltr'><strong>populus</strong></span> <span class='ocrx_word' id='word_1_575' title='bbox 2208 1407 2260 1460; x_wconf 89' lang='lat' dir='ltr'><strong>in</strong></span> <span class='ocrx_word' id='word_1_576' title='bbox 2295 1413 2505 1478; x_wconf 80' lang='lat' dir='ltr'><strong>castris,</strong></span> <span class='ocrx_word' id='word_1_577' title='bbox 2559 1424 2609 1467; x_wconf 81' lang='lat' dir='ltr'><strong>et</strong></span> <span class='ocrx_word' id='word_1_578' title='bbox 2658 1421 2911 1483; x_wconf 75' lang='lat' dir='ltr'><strong>produxit</strong></span> <span class='ocrx_word' id='word_1_579' title='bbox 2959 1425 3166 1497; x_wconf 74' lang='lat' dir='ltr'><strong>Moyses</strong></span> <span class='ocrx_word' id='word_1_580' title='bbox 3198 1433 3448 1500; x_wconf 81' lang='lat' dir='ltr'><strong>populum</strong></span> <span class='ocrx_word' id='word_1_581' title='bbox 3491 1438 3546 1490; x_wconf 83' lang='lat' dir='ltr'><strong>iu</strong></span> 
     </span>
    </p>
   </div>
   <div class='ocr_carea' id='block_1_78' title="bbox 1963 1493 3544 1591">
    <p class='ocr_par' dir='ltr' id='par_1_78' title="bbox 1963 1493 3544 1591">
     <span class='ocr_line' id='line_1_80' title="bbox 1963 1493 3544 1591; baseline 0.024 -46"><span class='ocrx_word' id='word_1_582' title='bbox 1963 1493 2164 1550; x_wconf 84' lang='lat' dir='ltr'><strong>obviam</strong></span> <span class='ocrx_word' id='word_1_583' title='bbox 2192 1497 2301 1554; x_wconf 90' lang='lat' dir='ltr'><strong>Deo</strong></span> <span class='ocrx_word' id='word_1_584' title='bbox 2344 1503 2409 1556; x_wconf 90' lang='lat' dir='ltr'><strong>de</strong></span> <span class='ocrx_word' id='word_1_585' title='bbox 2449 1508 2662 1572; x_wconf 75' lang='lat' dir='ltr'><strong>castris,</strong></span> <span class='ocrx_word' id='word_1_586' title='bbox 2700 1520 2950 1579; x_wconf 85' lang='lat' dir='ltr'><strong>tanquam</strong></span> <span class='ocrx_word' id='word_1_587' title='bbox 2990 1535 3110 1586; x_wconf 66' lang='lat' dir='ltr'><strong>jam</strong></span> <span class='ocrx_word' id='word_1_588' title='bbox 3137 1536 3391 1591; x_wconf 75' lang='lat' dir='ltr'><strong>prwsente</strong></span> <span class='ocrx_word' id='word_1_589' title='bbox 3431 1528 3544 1583; x_wconf 85' lang='lat' dir='ltr'><strong>illic</strong></span> 
     </span>
    </p>
   </div>
   <div class='ocr_carea' id='block_1_79' title="bbox 1963 1585 3540 1677">
    <p class='ocr_par' dir='ltr' id='par_1_79' title="bbox 1963 1585 3540 1677">
     <span class='ocr_line' id='line_1_81' title="bbox 1963 1585 3540 1677; baseline 0.024 -38"><span class='ocrx_word' id='word_1_590' title='bbox 1963 1585 2091 1652; x_wconf 90' lang='lat' dir='ltr'><strong>Deo,</strong></span> <span class='ocrx_word' id='word_1_591' title='bbox 2124 1599 2175 1643; x_wconf 86' lang='lat' dir='ltr'><strong>et</strong></span> <span class='ocrx_word' id='word_1_592' title='bbox 2202 1596 2471 1650; x_wconf 82' lang='lat' dir='ltr'><strong>constituit</strong></span> <span class='ocrx_word' id='word_1_593' title='bbox 2501 1615 2588 1652; x_wconf 85' lang='lat' dir='ltr'><strong>eos</strong></span> <span class='ocrx_word' id='word_1_594' title='bbox 2614 1602 2711 1654; x_wconf 85' lang='lat' dir='ltr'><strong>sub</strong></span> <span class='ocrx_word' id='word_1_595' title='bbox 2740 1585 3178 1668; x_wconf 16' lang='lat' dir='ltr'><strong>montent.71l!ons</strong></span> <span class='ocrx_word' id='word_1_596' title='bbox 3207 1627 3380 1672; x_wconf 88' lang='lat' dir='ltr'><strong>autem</strong></span> <span class='ocrx_word' id='word_1_597' title='bbox 3406 1618 3540 1677; x_wconf 76' lang='lat' dir='ltr'><strong>Sina</strong></span> 
     </span>
    </p>
   </div>
   <div class='ocr_carea' id='block_1_80' title="bbox 1959 1676 3540 1783">
    <p class='ocr_par' dir='ltr' id='par_1_80' title="bbox 1959 1676 3540 1783">
     <span class='ocr_line' id='line_1_82' title="bbox 1959 1676 3540 1783; baseline 0.024 -53"><span class='ocrx_word' id='word_1_598' title='bbox 1959 1676 2197 1744; x_wconf 82' lang='lat' dir='ltr'><strong>fumabat</strong></span> <span class='ocrx_word' id='word_1_599' title='bbox 2222 1694 2382 1754; x_wconf 83' lang='lat' dir='ltr'><strong>totus,</strong></span> <span class='ocrx_word' id='word_1_600' title='bbox 2420 1705 2634 1761; x_wconf 87' lang='lat' dir='ltr'><strong>propter</strong></span> <span class='ocrx_word' id='word_1_601' title='bbox 2653 1700 2796 1767; x_wconf 86' lang='lat' dir='ltr'><strong>quod</strong></span> <span class='ocrx_word' id='word_1_602' title='bbox 2823 1701 3174 1760; x_wconf 85' lang='lat' dir='ltr'><strong>descendisset</strong></span> <span class='ocrx_word' id='word_1_603' title='bbox 3197 1708 3340 1764; x_wconf 91' lang='lat' dir='ltr'><strong>Deus</strong></span> <span class='ocrx_word' id='word_1_604' title='bbox 3381 1728 3540 1783; x_wconf 80' lang='lat' dir='ltr'><strong>super</strong></span> 
     </span>
    </p>
   </div>
   <div class='ocr_carea' id='block_1_81' title="bbox 2496 1784 3532 1870">
    <p class='ocr_par' dir='ltr' id='par_1_81' title="bbox 2496 1784 3532 1870">
     <span class='ocr_line' id='line_1_83' title="bbox 2496 1784 3532 1870; baseline 0.022 -32"><span class='ocrx_word' id='word_1_605' title='bbox 2496 1784 2779 1844; x_wconf 90' lang='lat' dir='ltr'><strong>descendit</strong></span> <span class='ocrx_word' id='word_1_606' title='bbox 2805 1799 2859 1844; x_wconf 89' lang='lat' dir='ltr'><strong>et</strong></span> <span class='ocrx_word' id='word_1_607' title='bbox 2890 1794 2942 1849; x_wconf 92' lang='lat' dir='ltr'><strong>in</strong></span> <span class='ocrx_word' id='word_1_608' title='bbox 2969 1807 3205 1852; x_wconf 86' lang='lat' dir='ltr'><strong>montem</strong></span> <span class='ocrx_word' id='word_1_609' title='bbox 3230 1802 3532 1870; x_wconf 87' lang='lat' dir='ltr'><strong>descendit,</strong></span> 
     </span>
    </p>
   </div>
   <div class='ocr_carea' id='block_1_82' title="bbox 1959 1866 3533 1952">
    <p class='ocr_par' dir='ltr' id='par_1_82' title="bbox 1959 1866 3533 1952">
     <span class='ocr_line' id='line_1_84' title="bbox 1959 1866 3533 1952; baseline 0.024 -41"><span class='ocrx_word' id='word_1_610' title='bbox 1959 1867 2012 1912; x_wconf 90' lang='lat' dir='ltr'><strong>et</strong></span> <span class='ocrx_word' id='word_1_611' title='bbox 2045 1866 2372 1922; x_wconf 84' lang='lat' dir='ltr'><strong>ascendebat</strong></span> <span class='ocrx_word' id='word_1_612' title='bbox 2426 1872 2603 1952; x_wconf 73' lang='lat' dir='ltr'><strong>fqmus</strong></span> <span class='ocrx_word' id='word_1_613' title='bbox 2660 1886 2915 1948; x_wconf 88' lang='lat' dir='ltr'><strong>tanquam</strong></span> <span class='ocrx_word' id='word_1_614' title='bbox 2973 1884 3154 1942; x_wconf 89' lang='lat' dir='ltr'><strong>fumus</strong></span> <span class='ocrx_word' id='word_1_615' title='bbox 3188 1888 3426 1948; x_wconf 91' lang='lat' dir='ltr'><strong>fornacis</strong></span> <span class='ocrx_word' id='word_1_616' title='bbox 3478 1907 3533 1950; x_wconf 90' lang='lat' dir='ltr'><strong>et</strong></span> 
     </span>
    </p>
   </div>
   <div class='ocr_carea' id='block_1_83' title="bbox 1948 1950 3532 2041">
    <p class='ocr_par' dir='ltr' id='par_1_83' title="bbox 1948 1950 3532 2041">
     <span class='ocr_line' id='line_1_85' title="bbox 1948 1950 3532 2041; baseline 0.025 -40"><span class='ocrx_word' id='word_1_617' title='bbox 1948 1950 2230 2021; x_wconf 90' lang='lat' dir='ltr'><strong>obstupuit</strong></span> <span class='ocrx_word' id='word_1_618' title='bbox 2282 1967 2428 2015; x_wconf 89' lang='lat' dir='ltr'><strong>totus</strong></span> <span class='ocrx_word' id='word_1_619' title='bbox 2464 1950 2690 2034; x_wconf 87' lang='lat' dir='ltr'><strong>populus</strong></span> <span class='ocrx_word' id='word_1_620' title='bbox 2723 1971 2896 2036; x_wconf 85' lang='lat' dir='ltr'><strong>valde,</strong></span> <span class='ocrx_word' id='word_1_621' title='bbox 2952 1975 3154 2032; x_wconf 86' lang='lat' dir='ltr'><strong>fiebant</strong></span> <span class='ocrx_word' id='word_1_622' title='bbox 3183 1981 3328 2036; x_wconf 87' lang='lat' dir='ltr'><strong>enim</strong></span> <span class='ocrx_word' id='word_1_623' title='bbox 3369 1999 3532 2041; x_wconf 81' lang='lat' dir='ltr'><strong>voces</strong></span> 
     </span>
    </p>
   </div>
   <div class='ocr_carea' id='block_1_84' title="bbox 1950 2043 3530 2144">
    <p class='ocr_par' dir='ltr' id='par_1_84' title="bbox 1950 2043 3530 2144">
     <span class='ocr_line' id='line_1_86' title="bbox 1950 2043 3530 2144; baseline 0.025 -51"><span class='ocrx_word' id='word_1_624' title='bbox 1950 2043 2090 2097; x_wconf 63' lang='lat' dir='ltr'><strong>tuba;</strong></span> <span class='ocrx_word' id='word_1_625' title='bbox 2115 2047 2446 2113; x_wconf 86' lang='lat' dir='ltr'><strong>prodeuntes</strong></span> <span class='ocrx_word' id='word_1_626' title='bbox 2482 2054 2810 2126; x_wconf 88' lang='lat' dir='ltr'><strong>fortissime;</strong></span> <span class='ocrx_word' id='word_1_627' title='bbox 2852 2064 3004 2122; x_wconf 74' lang='lat' dir='ltr'><strong>valde</strong></span> <span class='ocrx_word' id='word_1_628' title='bbox 3029 2068 3242 2142; x_wconf 81' lang='lat' dir='ltr'><strong>Moyses</strong></span> <span class='ocrx_word' id='word_1_629' title='bbox 3269 2073 3530 2144; x_wconf 86' lang='lat' dir='ltr'><strong>loqueba-</strong></span> 
     </span>
    </p>
   </div>
   <div class='ocr_carea' id='block_1_85' title="bbox 1949 2139 3530 2224">
    <p class='ocr_par' dir='ltr' id='par_1_85' title="bbox 1949 2139 3530 2224">
     <span class='ocr_line' id='line_1_87' title="bbox 1949 2139 3530 2224; baseline 0.024 -38"><span class='ocrx_word' id='word_1_630' title='bbox 1949 2141 2053 2197; x_wconf 87' lang='lat' dir='ltr'><strong>tur,</strong></span> <span class='ocrx_word' id='word_1_631' title='bbox 2089 2145 2143 2190; x_wconf 92' lang='lat' dir='ltr'><strong>et</strong></span> <span class='ocrx_word' id='word_1_632' title='bbox 2169 2139 2310 2196; x_wconf 92' lang='lat' dir='ltr'><strong>Deus</strong></span> <span class='ocrx_word' id='word_1_633' title='bbox 2338 2149 2698 2215; x_wconf 88' lang='lat' dir='ltr'><strong>respondebat</strong></span> <span class='ocrx_word' id='word_1_634' title='bbox 2723 2154 2773 2207; x_wconf 89' lang='lat' dir='ltr'><strong>ei</strong></span> <span class='ocrx_word' id='word_1_635' title='bbox 2815 2170 2974 2211; x_wconf 88' lang='lat' dir='ltr'><strong>voce:</strong></span> <span class='ocrx_word' id='word_1_636' title='bbox 3005 2171 3060 2214; x_wconf 93' lang='lat' dir='ltr'><strong>et</strong></span> <span class='ocrx_word' id='word_1_637' title='bbox 3089 2139 3371 2222; x_wconf 86' lang='lat' dir='ltr'><strong>descendit</strong></span> <span class='ocrx_word' id='word_1_638' title='bbox 3429 2169 3530 2224; x_wconf 84' lang='lat' dir='ltr'><strong>Do-</strong></span> 
     </span>
    </p>
   </div>
   <div class='ocr_carea' id='block_1_86' title="bbox 1947 2226 3530 2327">
    <p class='ocr_par' dir='ltr' id='par_1_86' title="bbox 1947 2226 3530 2327">
     <span class='ocr_line' id='line_1_88' title="bbox 1947 2226 3530 2327; baseline 0.026 -49"><span class='ocrx_word' id='word_1_639' title='bbox 1947 2226 2124 2283; x_wconf 85' lang='lat' dir='ltr'><strong>minus</strong></span> <span class='ocrx_word' id='word_1_640' title='bbox 2178 2230 2232 2284; x_wconf 94' lang='lat' dir='ltr'><strong>in</strong></span> <span class='ocrx_word' id='word_1_641' title='bbox 2271 2245 2452 2290; x_wconf 90' lang='lat' dir='ltr'><strong>monte</strong></span> <span class='ocrx_word' id='word_1_642' title='bbox 2486 2239 2616 2294; x_wconf 92' lang='lat' dir='ltr'><strong>Sina</strong></span> <span class='ocrx_word' id='word_1_643' title='bbox 2673 2257 2836 2314; x_wconf 90' lang='lat' dir='ltr'><strong>super</strong></span> <span class='ocrx_word' id='word_1_644' title='bbox 2891 2264 3152 2309; x_wconf 87' lang='lat' dir='ltr'><strong>cacumen</strong></span> <span class='ocrx_word' id='word_1_645' title='bbox 3192 2259 3426 2327; x_wconf 88' lang='lat' dir='ltr'><strong>montis,</strong></span> <span class='ocrx_word' id='word_1_646' title='bbox 3470 2271 3530 2318; x_wconf 79' lang='lat' dir='ltr'><strong>et</strong></span> 
     </span>
    </p>
   </div>
   <div class='ocr_carea' id='block_1_87' title="bbox 1945 2320 3529 2418">
    <p class='ocr_par' dir='ltr' id='par_1_87' title="bbox 1945 2320 3529 2418">
     <span class='ocr_line' id='line_1_89' title="bbox 1945 2320 3529 2418; baseline 0.026 -49"><span class='ocrx_word' id='word_1_647' title='bbox 1945 2320 2156 2374; x_wconf 88' lang='lat' dir='ltr'><strong>vocavit</strong></span> <span class='ocrx_word' id='word_1_648' title='bbox 2204 2323 2461 2382; x_wconf 86' lang='lat' dir='ltr'><strong>Dominus</strong></span> <span class='ocrx_word' id='word_1_649' title='bbox 2513 2330 2729 2403; x_wconf 82' lang='lat' dir='ltr'><strong>Moysen</strong></span> <span class='ocrx_word' id='word_1_650' title='bbox 2777 2338 2828 2392; x_wconf 90' lang='lat' dir='ltr'><strong>in</strong></span> <span class='ocrx_word' id='word_1_651' title='bbox 2878 2345 3160 2400; x_wconf 91' lang='lat' dir='ltr'><strong>cacumine</strong></span> <span class='ocrx_word' id='word_1_652' title='bbox 3207 2350 3426 2418; x_wconf 84' lang='lat' dir='ltr'><strong>montis,</strong></span> <span class='ocrx_word' id='word_1_653' title='bbox 3471 2363 3529 2409; x_wconf 86' lang='lat' dir='ltr'><strong>et</strong></span> 
     </span>
    </p>
   </div>
   <div class='ocr_carea' id='block_1_88' title="bbox 1941 2413 3525 2518">
    <p class='ocr_par' dir='ltr' id='par_1_88' title="bbox 1941 2413 3525 2518">
     <span class='ocr_line' id='line_1_90' title="bbox 1941 2413 3525 2518; baseline 0.027 -57"><span class='ocrx_word' id='word_1_654' title='bbox 1941 2413 2183 2467; x_wconf 88' lang='lat' dir='ltr'><strong>ascendit</strong></span> <span class='ocrx_word' id='word_1_655' title='bbox 2209 2413 2442 2487; x_wconf 80' lang='lat' dir='ltr'><strong>Moyses,</strong></span> <span class='ocrx_word' id='word_1_656' title='bbox 2472 2430 2527 2475; x_wconf 93' lang='lat' dir='ltr'><strong>et</strong></span> <span class='ocrx_word' id='word_1_657' title='bbox 2550 2423 2685 2478; x_wconf 84' lang='lat' dir='ltr'><strong>dixit</strong></span> <span class='ocrx_word' id='word_1_658' title='bbox 2708 2425 2846 2484; x_wconf 86' lang='lat' dir='ltr'><strong>Deus</strong></span> <span class='ocrx_word' id='word_1_659' title='bbox 2881 2434 2949 2487; x_wconf 90' lang='lat' dir='ltr'><strong>ad</strong></span> <span class='ocrx_word' id='word_1_660' title='bbox 2987 2433 3228 2507; x_wconf 78' lang='lat' dir='ltr'><strong>Moysen.</strong></span> <span class='ocrx_word' id='word_1_661' title='bbox 3256 2441 3383 2500; x_wconf 70' lang='lat' dir='ltr'><strong>Haec</strong></span> <span class='ocrx_word' id='word_1_662' title='bbox 3404 2413 3525 2518; x_wconf 80' lang='lat' dir='ltr'><strong>qui-</strong></span> 
     </span>
    </p>
   </div>
   <div class='ocr_carea' id='block_1_89' title="bbox 1941 2502 3524 2595">
    <p class='ocr_par' dir='ltr' id='par_1_89' title="bbox 1941 2502 3524 2595">
     <span class='ocr_line' id='line_1_91' title="bbox 1941 2502 3524 2595; baseline 0.025 -39"><span class='ocrx_word' id='word_1_663' title='bbox 1941 2502 2060 2557; x_wconf 88' lang='lat' dir='ltr'><strong>dem</strong></span> <span class='ocrx_word' id='word_1_664' title='bbox 2093 2504 2161 2560; x_wconf 91' lang='lat' dir='ltr'><strong>dc</strong></span> <span class='ocrx_word' id='word_1_665' title='bbox 2198 2523 2261 2562; x_wconf 91' lang='lat' dir='ltr'><strong>eo</strong></span> <span class='ocrx_word' id='word_1_666' title='bbox 2291 2510 2334 2564; x_wconf 90' lang='lat' dir='ltr'><strong>si</strong></span> <span class='ocrx_word' id='word_1_667' title='bbox 2367 2511 2664 2582; x_wconf 87' lang='lat' dir='ltr'><strong>descendit,</strong></span> <span class='ocrx_word' id='word_1_668' title='bbox 2695 2529 2746 2574; x_wconf 83' lang='lat' dir='ltr'><strong>et</strong></span> <span class='ocrx_word' id='word_1_669' title='bbox 2779 2521 2824 2575; x_wconf 90' lang='lat' dir='ltr'><strong>si</strong></span> <span class='ocrx_word' id='word_1_670' title='bbox 2847 2502 3091 2595; x_wconf 58' lang='lat' dir='ltr'><strong>videtur,</strong></span> <span class='ocrx_word' id='word_1_671' title='bbox 3113 2540 3169 2586; x_wconf 91' lang='lat' dir='ltr'><strong>et</strong></span> <span class='ocrx_word' id='word_1_672' title='bbox 3217 2533 3262 2589; x_wconf 89' lang='lat' dir='ltr'><strong>si</strong></span> <span class='ocrx_word' id='word_1_673' title='bbox 3299 2502 3524 2595; x_wconf 75' lang='lat' dir='ltr'><strong>vocibus</strong></span> 
     </span>
    </p>
   </div>
   <div class='ocr_carea' id='block_1_90' title="bbox 1940 2592 3535 2700">
    <p class='ocr_par' dir='ltr' id='par_1_90' title="bbox 1940 2592 3535 2700">
     <span class='ocr_line' id='line_1_92' title="bbox 1940 2592 3535 2700; baseline 0.026 -54"><span class='ocrx_word' id='word_1_674' title='bbox 1940 2592 2180 2664; x_wconf 88' lang='lat' dir='ltr'><strong>loquitur</strong></span> <span class='ocrx_word' id='word_1_675' title='bbox 2212 2597 2371 2666; x_wconf 85' lang='lat' dir='ltr'><strong>Deus,</strong></span> <span class='ocrx_word' id='word_1_676' title='bbox 2410 2614 2465 2660; x_wconf 92' lang='lat' dir='ltr'><strong>et</strong></span> <span class='ocrx_word' id='word_1_677' title='bbox 2499 2607 2543 2660; x_wconf 91' lang='lat' dir='ltr'><strong>si</strong></span> <span class='ocrx_word' id='word_1_678' title='bbox 2578 2612 2720 2666; x_wconf 70' lang='lat' dir='ltr'><strong>tuba:</strong></span> <span class='ocrx_word' id='word_1_679' title='bbox 2759 2613 3024 2685; x_wconf 91' lang='lat' dir='ltr'><strong>aderant,</strong></span> <span class='ocrx_word' id='word_1_680' title='bbox 3065 2592 3128 2677; x_wconf 21' lang='lat' dir='ltr'><strong>vet</strong></span> <span class='ocrx_word' id='word_1_681' title='bbox 3169 2623 3216 2679; x_wconf 89' lang='lat' dir='ltr'><strong>si</strong></span> <span class='ocrx_word' id='word_1_682' title='bbox 3255 2626 3308 2681; x_wconf 93' lang='lat' dir='ltr'><strong>in</strong></span> <span class='ocrx_word' id='word_1_683' title='bbox 3337 2628 3535 2700; x_wconf 32' lang='lat' dir='ltr'><strong>ignem;</strong></span> 
     </span>
    </p>
   </div>
   <div class='ocr_carea' id='block_1_91' title="bbox 1937 2687 3520 2779">
    <p class='ocr_par' dir='ltr' id='par_1_91' title="bbox 1937 2687 3520 2779">
     <span class='ocr_line' id='line_1_93' title="bbox 1937 2687 3520 2779; baseline 0.025 -40"><span class='ocrx_word' id='word_1_684' title='bbox 1937 2687 2240 2758; x_wconf 88' lang='lat' dir='ltr'><strong>descendit,</strong></span> <span class='ocrx_word' id='word_1_685' title='bbox 2281 2696 2412 2764; x_wconf 86' lang='lat' dir='ltr'><strong>quid</strong></span> <span class='ocrx_word' id='word_1_686' title='bbox 2453 2698 2556 2754; x_wconf 86' lang='lat' dir='ltr'><strong>sibi</strong></span> <span class='ocrx_word' id='word_1_687' title='bbox 2619 2703 2733 2757; x_wconf 92' lang='lat' dir='ltr'><strong>vult</strong></span> <span class='ocrx_word' id='word_1_688' title='bbox 2777 2704 2998 2765; x_wconf 86' lang='lat' dir='ltr'><strong>fumus?</strong></span> <span class='ocrx_word' id='word_1_689' title='bbox 3028 2712 3168 2769; x_wconf 91' lang='lat' dir='ltr'><strong>Sunt</strong></span> <span class='ocrx_word' id='word_1_690' title='bbox 3213 2687 3396 2775; x_wconf 70' lang='lat' dir='ltr'><strong>autem</strong></span> <span class='ocrx_word' id='word_1_691' title='bbox 3451 2738 3520 2779; x_wconf 86' lang='lat' dir='ltr'><strong>ex</strong></span> 
     </span>
    </p>
   </div>
   <div class='ocr_carea' id='block_1_92' title="bbox 1937 2784 3518 2874">
    <p class='ocr_par' dir='ltr' id='par_1_92' title="bbox 1937 2784 3518 2874">
     <span class='ocr_line' id='line_1_94' title="bbox 1937 2784 3518 2874; baseline 0.026 -41"><span class='ocrx_word' id='word_1_692' title='bbox 1937 2784 2288 2851; x_wconf 89' lang='lat' dir='ltr'><strong>sequentibus</strong></span> <span class='ocrx_word' id='word_1_693' title='bbox 2325 2789 2442 2844; x_wconf 76' lang='lat' dir='ltr'><strong>alia:</strong></span> <span class='ocrx_word' id='word_1_694' title='bbox 2475 2795 2802 2860; x_wconf 85' lang='lat' dir='ltr'><strong>quaestiones</strong></span> <span class='ocrx_word' id='word_1_695' title='bbox 2838 2813 2853 2852; x_wconf 90' lang='lat'><strong>:</strong></span> <span class='ocrx_word' id='word_1_696' title='bbox 2895 2805 2991 2857; x_wconf 89' lang='lat' dir='ltr'><strong>sed</strong></span> <span class='ocrx_word' id='word_1_697' title='bbox 3030 2803 3168 2864; x_wconf 88' lang='lat' dir='ltr'><strong>bene</strong></span> <span class='ocrx_word' id='word_1_698' title='bbox 3201 2821 3284 2866; x_wconf 91' lang='lat' dir='ltr'><strong>est</strong></span> <span class='ocrx_word' id='word_1_699' title='bbox 3315 2819 3518 2874; x_wconf 83' lang='lat' dir='ltr'><strong>sensim</strong></span> 
     </span>
    </p>
   </div>
   <div class='ocr_carea' id='block_1_93' title="bbox 1935 2871 3518 2964">
    <p class='ocr_par' dir='ltr' id='par_1_93' title="bbox 1935 2871 3518 2964">
     <span class='ocr_line' id='line_1_95' title="bbox 1935 2871 3518 2964; baseline 0.025 -42"><span class='ocrx_word' id='word_1_700' title='bbox 1935 2871 2196 2927; x_wconf 90' lang='lat' dir='ltr'><strong>accedere</strong></span> <span class='ocrx_word' id='word_1_701' title='bbox 2228 2876 2296 2930; x_wconf 89' lang='lat' dir='ltr'><strong>ad</strong></span> <span class='ocrx_word' id='word_1_702' title='bbox 2327 2881 2628 2949; x_wconf 89' lang='lat' dir='ltr'><strong>proposita.</strong></span> <span class='ocrx_word' id='word_1_703' title='bbox 2663 2883 2730 2939; x_wconf 88' lang='lat' dir='ltr'><strong>Et</strong></span> <span class='ocrx_word' id='word_1_704' title='bbox 2755 2888 2895 2944; x_wconf 90' lang='lat' dir='ltr'><strong>sicut</strong></span> <span class='ocrx_word' id='word_1_705' title='bbox 2920 2891 2974 2946; x_wconf 86' lang='lat' dir='ltr'><strong>hi</strong></span> <span class='ocrx_word' id='word_1_706' title='bbox 3002 2896 3094 2964; x_wconf 90' lang='lat' dir='ltr'><strong>qui</strong></span> <span class='ocrx_word' id='word_1_707' title='bbox 3135 2900 3408 2959; x_wconf 63' lang='lat' dir='ltr'><strong>aedificare</strong></span> <span class='ocrx_word' id='word_1_708' title='bbox 3425 2871 3518 2961; x_wconf 59' lang='lat' dir='ltr'><strong>de:</strong></span> 
     </span>
    </p>
   </div>
   <div class='ocr_carea' id='block_1_94' title="bbox 1932 2961 3518 3066">
    <p class='ocr_par' dir='ltr' id='par_1_94' title="bbox 1932 2961 3518 3066">
     <span class='ocr_line' id='line_1_96' title="bbox 1932 2961 3518 3066; baseline 0.025 -53"><span class='ocrx_word' id='word_1_709' title='bbox 1932 2961 2194 3030; x_wconf 90' lang='lat' dir='ltr'><strong>siderant,</strong></span> <span class='ocrx_word' id='word_1_710' title='bbox 2227 2976 2282 3022; x_wconf 91' lang='lat' dir='ltr'><strong>et</strong></span> <span class='ocrx_word' id='word_1_711' title='bbox 2325 2969 2535 3040; x_wconf 85' lang='lat' dir='ltr'><strong>lapides</strong></span> <span class='ocrx_word' id='word_1_712' title='bbox 2567 2979 2865 3037; x_wconf 77' lang='lat' dir='ltr'><strong>transferre</strong></span> <span class='ocrx_word' id='word_1_713' title='bbox 2903 2961 3152 3056; x_wconf 76' lang='lat' dir='ltr'><strong>cupiunt,</strong></span> <span class='ocrx_word' id='word_1_714' title='bbox 3189 2994 3234 3046; x_wconf 90' lang='lat' dir='ltr'><strong>si</strong></span> <span class='ocrx_word' id='word_1_715' title='bbox 3272 2995 3518 3066; x_wconf 87' lang='lat' dir='ltr'><strong>singulos</strong></span> 
     </span>
    </p>
   </div>
   <div class='ocr_carea' id='block_1_95' title="bbox 1933 3056 3511 3144">
    <p class='ocr_par' dir='ltr' id='par_1_95' title="bbox 1933 3056 3511 3144">
     <span class='ocr_line' id='line_1_97' title="bbox 1933 3056 3511 3144; baseline 0.024 -38"><span class='ocrx_word' id='word_1_716' title='bbox 1933 3056 2336 3129; x_wconf 88' lang='lat' dir='ltr'><strong>transtulerint,</strong></span> <span class='ocrx_word' id='word_1_717' title='bbox 2385 3065 2586 3123; x_wconf 89' lang='lat' dir='ltr'><strong>multos</strong></span> <span class='ocrx_word' id='word_1_718' title='bbox 2637 3081 2892 3140; x_wconf 90' lang='lat' dir='ltr'><strong>poterunt</strong></span> <span class='ocrx_word' id='word_1_719' title='bbox 2921 3077 3280 3140; x_wconf 87' lang='lat' dir='ltr'><strong>adunare:si</strong></span> <span class='ocrx_word' id='word_1_720' title='bbox 3327 3056 3511 3144; x_wconf 71' lang='lat' dir='ltr'><strong>autem</strong></span> 
     </span>
    </p>
   </div>
   <div class='ocr_carea' id='block_1_96' title="bbox 1851 3144 3516 3242">
    <p class='ocr_par' dir='ltr' id='par_1_96' title="bbox 1851 3144 3516 3242">
     <span class='ocr_line' id='line_1_98' title="bbox 1851 3144 3516 3242; baseline 0.025 -47"><span class='ocrx_word' id='word_1_721' title='bbox 1851 3183 1896 3242; x_wconf 63' lang='grc' dir='ltr'>ο</span> <span class='ocrx_word' id='word_1_722' title='bbox 1932 3144 2130 3202; x_wconf 91' lang='lat' dir='ltr'><strong>multos</strong></span> <span class='ocrx_word' id='word_1_723' title='bbox 2155 3150 2317 3205; x_wconf 91' lang='lat' dir='ltr'><strong>simul</strong></span> <span class='ocrx_word' id='word_1_724' title='bbox 2347 3152 2684 3228; x_wconf 83' lang='lat' dir='ltr'><strong>levaverint,</strong></span> <span class='ocrx_word' id='word_1_725' title='bbox 2722 3179 2822 3220; x_wconf 91' lang='lat' dir='ltr'><strong>nec</strong></span> <span class='ocrx_word' id='word_1_726' title='bbox 2862 3168 3080 3237; x_wconf 90' lang='lat' dir='ltr'><strong>quidem</strong></span> <span class='ocrx_word' id='word_1_727' title='bbox 3122 3188 3285 3230; x_wconf 92' lang='lat' dir='ltr'><strong>unum</strong></span> <span class='ocrx_word' id='word_1_728' title='bbox 3329 3177 3516 3236; x_wconf 85' lang='lat' dir='ltr'><strong>levare</strong></span> 
     </span>
    </p>
   </div>
   <div class='ocr_carea' id='block_1_97' title="bbox 1926 3244 3512 3328">
    <p class='ocr_par' dir='ltr' id='par_1_97' title="bbox 1926 3244 3512 3328">
     <span class='ocr_line' id='line_1_99' title="bbox 1926 3244 3512 3328; baseline 0.025 -39"><span class='ocrx_word' id='word_1_729' title='bbox 1926 3244 2181 3304; x_wconf 89' lang='lat' dir='ltr'><strong>poterunt</strong></span> <span class='ocrx_word' id='word_1_730' title='bbox 2219 3259 2234 3298; x_wconf 88' lang='lat'>:</span> <span class='ocrx_word' id='word_1_731' title='bbox 2275 3244 2346 3298; x_wconf 86' lang='lat' dir='ltr'><strong>ita</strong></span> <span class='ocrx_word' id='word_1_732' title='bbox 2404 3258 2457 3302; x_wconf 87' lang='lat' dir='ltr'><strong>et</strong></span> <span class='ocrx_word' id='word_1_733' title='bbox 2498 3266 2597 3307; x_wconf 93' lang='lat' dir='ltr'><strong>nos</strong></span> <span class='ocrx_word' id='word_1_734' title='bbox 2649 3254 2904 3324; x_wconf 90' lang='lat' dir='ltr'><strong>interim;</strong></span> <span class='ocrx_word' id='word_1_735' title='bbox 2963 3261 3139 3328; x_wconf 90' lang='lat' dir='ltr'><strong>prima</strong></span> <span class='ocrx_word' id='word_1_736' title='bbox 3177 3281 3324 3322; x_wconf 81' lang='lat' dir='ltr'><strong>cnim</strong></span> <span class='ocrx_word' id='word_1_737' title='bbox 3364 3271 3512 3327; x_wconf 84' lang='lat' dir='ltr'><strong>dicta</strong></span> 
     </span>
    </p>
   </div>
   <div class='ocr_carea' id='block_1_98' title="bbox 1925 3327 3502 3422">
    <p class='ocr_par' dir='ltr' id='par_1_98' title="bbox 1925 3327 3502 3422">
     <span class='ocr_line' id='line_1_100' title="bbox 1925 3327 3502 3422; baseline 0.025 -41"><span class='ocrx_word' id='word_1_738' title='bbox 1925 3327 2250 3401; x_wconf 91' lang='lat' dir='ltr'><strong>intercipere</strong></span> <span class='ocrx_word' id='word_1_739' title='bbox 2293 3336 2453 3394; x_wconf 89' lang='lat' dir='ltr'><strong>facile</strong></span> <span class='ocrx_word' id='word_1_740' title='bbox 2502 3343 2713 3400; x_wconf 90' lang='lat' dir='ltr'><strong>videtur</strong></span> <span class='ocrx_word' id='word_1_741' title='bbox 2765 3327 3120 3422; x_wconf 87' lang='lat' dir='ltr'><strong>audentibus;</strong></span> <span class='ocrx_word' id='word_1_742' title='bbox 3151 3357 3354 3417; x_wconf 81' lang='lat' dir='ltr'><strong>timidis</strong></span> <span class='ocrx_word' id='word_1_743' title='bbox 3409 3380 3502 3418; x_wconf 87' lang='lat' dir='ltr'><strong>au-</strong></span> 
     </span>
    </p>
   </div>
   <div class='ocr_carea' id='block_1_99' title="bbox 1925 3422 3508 3517">
    <p class='ocr_par' dir='ltr' id='par_1_99' title="bbox 1925 3422 3508 3517">
     <span class='ocr_line' id='line_1_101' title="bbox 1925 3422 3508 3517; baseline 0.025 -45"><span class='ocrx_word' id='word_1_744' title='bbox 1925 3427 2030 3474; x_wconf 90' lang='lat' dir='ltr'><strong>tem</strong></span> <span class='ocrx_word' id='word_1_745' title='bbox 2072 3422 2306 3482; x_wconf 77' lang='lat' dir='ltr'><strong>difﬁcile.</strong></span> <span class='ocrx_word' id='word_1_746' title='bbox 2359 3429 2414 3484; x_wconf 93' lang='lat' dir='ltr'><strong>Si</strong></span> <span class='ocrx_word' id='word_1_747' title='bbox 2465 3434 2609 3488; x_wconf 92' lang='lat' dir='ltr'><strong>enim</strong></span> <span class='ocrx_word' id='word_1_748' title='bbox 2669 3438 2899 3495; x_wconf 88' lang='lat' dir='ltr'><strong>voluerit</strong></span> <span class='ocrx_word' id='word_1_749' title='bbox 2943 3445 3066 3514; x_wconf 91' lang='lat' dir='ltr'><strong>quis</strong></span> <span class='ocrx_word' id='word_1_750' title='bbox 3098 3448 3298 3517; x_wconf 91' lang='lat' dir='ltr'><strong>dicere,</strong></span> <span class='ocrx_word' id='word_1_751' title='bbox 3354 3453 3508 3511; x_wconf 83' lang='lat' dir='ltr'><strong>iocu-</strong></span> 
     </span>
    </p>
   </div>
   <div class='ocr_carea' id='block_1_100' title="bbox 1922 3519 3503 3615">
    <p class='ocr_par' dir='ltr' id='par_1_100' title="bbox 1922 3519 3503 3615">
     <span class='ocr_line' id='line_1_102' title="bbox 1922 3519 3503 3615; baseline 0.025 -51"><span class='ocrx_word' id='word_1_752' title='bbox 1922 3519 2008 3565; x_wconf 90' lang='lat' dir='ltr'><strong>tus</strong></span> <span class='ocrx_word' id='word_1_753' title='bbox 2037 3522 2148 3578; x_wconf 88' lang='lat' dir='ltr'><strong>est,</strong></span> <span class='ocrx_word' id='word_1_754' title='bbox 2197 3532 2303 3571; x_wconf 86' lang='lat' dir='ltr'><strong>non</strong></span> <span class='ocrx_word' id='word_1_755' title='bbox 2356 3530 2439 3576; x_wconf 92' lang='lat' dir='ltr'><strong>est</strong></span> <span class='ocrx_word' id='word_1_756' title='bbox 2486 3523 2696 3582; x_wconf 89' lang='lat' dir='ltr'><strong>locutus</strong></span> <span class='ocrx_word' id='word_1_757' title='bbox 2729 3546 2742 3581; x_wconf 89' lang='lat'>:</span> <span class='ocrx_word' id='word_1_758' title='bbox 2775 3545 2898 3597; x_wconf 89' lang='lat' dir='ltr'><strong>vox,</strong></span> <span class='ocrx_word' id='word_1_759' title='bbox 2958 3550 3062 3590; x_wconf 89' lang='lat' dir='ltr'><strong>non</strong></span> <span class='ocrx_word' id='word_1_760' title='bbox 3117 3553 3261 3606; x_wconf 88' lang='lat' dir='ltr'><strong>vox;</strong></span> <span class='ocrx_word' id='word_1_761' title='bbox 3297 3541 3503 3615; x_wconf 83' lang='lat' dir='ltr'><strong>facies,</strong></span> 
     </span>
    </p>
   </div>
   <div class='ocr_carea' id='block_1_101' title="bbox 1919 3604 3500 3708">
    <p class='ocr_par' dir='ltr' id='par_1_101' title="bbox 1919 3604 3500 3708">
     <span class='ocr_line' id='line_1_103' title="bbox 1919 3604 3500 3708; baseline 0.025 -52"><span class='ocrx_word' id='word_1_762' title='bbox 1919 3618 2025 3658; x_wconf 92' lang='lat' dir='ltr'><strong>non</strong></span> <span class='ocrx_word' id='word_1_763' title='bbox 2079 3604 2242 3664; x_wconf 90' lang='lat' dir='ltr'><strong>facies</strong></span> <span class='ocrx_word' id='word_1_764' title='bbox 2280 3627 2296 3674; x_wconf 91' lang='lat'><strong>;</strong></span> <span class='ocrx_word' id='word_1_765' title='bbox 2343 3611 2661 3684; x_wconf 87' lang='lat' dir='ltr'><strong>simpliciter</strong></span> <span class='ocrx_word' id='word_1_766' title='bbox 2715 3620 2931 3679; x_wconf 87' lang='lat' dir='ltr'><strong>videtur</strong></span> <span class='ocrx_word' id='word_1_767' title='bbox 2979 3626 3136 3684; x_wconf 86' lang='lat' dir='ltr'><strong>facile</strong></span> <span class='ocrx_word' id='word_1_768' title='bbox 3177 3604 3306 3703; x_wconf 81' lang='lat' dir='ltr'><strong>quid</strong></span> <span class='ocrx_word' id='word_1_769' title='bbox 3367 3604 3500 3708; x_wconf 53' lang='lat' dir='ltr'><strong>ope:</strong></span> 
     </span>
    </p>
   </div>
   <div class='ocr_carea' id='block_1_102' title="bbox 1919 3695 3500 3794">
    <p class='ocr_par' dir='ltr' id='par_1_102' title="bbox 1919 3695 3500 3794">
     <span class='ocr_line' id='line_1_104' title="bbox 1919 3695 3500 3794; baseline 0.026 -47"><span class='ocrx_word' id='word_1_770' title='bbox 1919 3695 2050 3764; x_wconf 83' lang='lat' dir='ltr'><strong>rari,</strong></span> <span class='ocrx_word' id='word_1_771' title='bbox 2085 3699 2350 3758; x_wconf 87' lang='lat' dir='ltr'><strong>audenter</strong></span> <span class='ocrx_word' id='word_1_772' title='bbox 2410 3719 2590 3764; x_wconf 87' lang='lat' dir='ltr'><strong>autem</strong></span> <span class='ocrx_word' id='word_1_773' title='bbox 2641 3725 2920 3780; x_wconf 83' lang='lat' dir='ltr'><strong>operatur.</strong></span> <span class='ocrx_word' id='word_1_774' title='bbox 2977 3720 3085 3777; x_wconf 89' lang='lat' dir='ltr'><strong>Sed</strong></span> <span class='ocrx_word' id='word_1_775' title='bbox 3113 3736 3322 3794; x_wconf 89' lang='lat' dir='ltr'><strong>oportet</strong></span> <span class='ocrx_word' id='word_1_776' title='bbox 3355 3747 3500 3790; x_wconf 88' lang='lat' dir='ltr'><strong>nunc</strong></span> 
     </span>
    </p>
   </div>
   <div class='ocr_carea' id='block_1_103' title="bbox 1915 3787 3500 3883">
    <p class='ocr_par' dir='ltr' id='par_1_103' title="bbox 1915 3787 3500 3883">
     <span class='ocr_line' id='line_1_105' title="bbox 1915 3787 3500 3883; baseline 0.023 -43"><span class='ocrx_word' id='word_1_777' title='bbox 1915 3787 1984 3841; x_wconf 88' lang='lat' dir='ltr'><strong>ab</strong></span> <span class='ocrx_word' id='word_1_778' title='bbox 2028 3789 2145 3859; x_wconf 87' lang='lat' dir='ltr'><strong>ipsa</strong></span> <span class='ocrx_word' id='word_1_779' title='bbox 2203 3793 2486 3866; x_wconf 89' lang='lat' dir='ltr'><strong>Scriptura</strong></span> <span class='ocrx_word' id='word_1_780' title='bbox 2528 3805 2778 3873; x_wconf 84' lang='lat' dir='ltr'><strong>accipere</strong></span> <span class='ocrx_word' id='word_1_781' title='bbox 2839 3809 3136 3870; x_wconf 87' lang='lat' dir='ltr'><strong>solutiones</strong></span> <span class='ocrx_word' id='word_1_782' title='bbox 3168 3857 3184 3883; x_wconf 90' lang='lat'><strong>,</strong></span> <span class='ocrx_word' id='word_1_783' title='bbox 3232 3828 3290 3873; x_wconf 90' lang='lat' dir='ltr'><strong>et</strong></span> <span class='ocrx_word' id='word_1_784' title='bbox 3314 3833 3500 3878; x_wconf 88' lang='lat' dir='ltr'><strong>osten-</strong></span> 
     </span>
    </p>
   </div>
   <div class='ocr_carea' id='block_1_104' title="bbox 1920 3879 3493 3975">
    <p class='ocr_par' dir='ltr' id='par_1_104' title="bbox 1920 3879 3493 3975">
     <span class='ocr_line' id='line_1_106' title="bbox 1920 3879 3493 3975; baseline 0.024 -43"><span class='ocrx_word' id='word_1_785' title='bbox 1920 3879 2049 3936; x_wconf 89' lang='lat' dir='ltr'><strong>dere</strong></span> <span class='ocrx_word' id='word_1_786' title='bbox 2100 3885 2226 3952; x_wconf 80' lang='lat' dir='ltr'><strong>quia</strong></span> <span class='ocrx_word' id='word_1_787' title='bbox 2276 3888 2391 3944; x_wconf 75' lang='lat' dir='ltr'><strong>ista:</strong></span> <span class='ocrx_word' id='word_1_788' title='bbox 2447 3907 2608 3950; x_wconf 87' lang='lat' dir='ltr'><strong>voces</strong></span> <span class='ocrx_word' id='word_1_789' title='bbox 2667 3896 2740 3951; x_wconf 86' lang='lat' dir='ltr'><strong>ita</strong></span> <span class='ocrx_word' id='word_1_790' title='bbox 2781 3901 2996 3970; x_wconf 87' lang='lat' dir='ltr'><strong>quidem</strong></span> <span class='ocrx_word' id='word_1_791' title='bbox 3055 3906 3343 3975; x_wconf 89' lang='lat' dir='ltr'><strong>dicuntur,</strong></span> <span class='ocrx_word' id='word_1_792' title='bbox 3384 3932 3493 3970; x_wconf 90' lang='lat' dir='ltr'><strong>non</strong></span> 
     </span>
    </p>
   </div>
   <div class='ocr_carea' id='block_1_105' title="bbox 1913 3967 3494 4075">
    <p class='ocr_par' dir='ltr' id='par_1_105' title="bbox 1913 3967 3494 4075">
     <span class='ocr_line' id='line_1_107' title="bbox 1913 3967 3494 4075; baseline 0.025 -53"><span class='ocrx_word' id='word_1_793' title='bbox 1913 3967 1987 4024; x_wconf 89' lang='lat' dir='ltr'><strong>ita</strong></span> <span class='ocrx_word' id='word_1_794' title='bbox 2023 3982 2201 4028; x_wconf 86' lang='lat' dir='ltr'><strong>autem</strong></span> <span class='ocrx_word' id='word_1_795' title='bbox 2227 3977 2423 4035; x_wconf 91' lang='lat' dir='ltr'><strong>debent</strong></span> <span class='ocrx_word' id='word_1_796' title='bbox 2453 3981 2702 4056; x_wconf 75' lang='lat' dir='ltr'><strong>intelligi.</strong></span> <span class='ocrx_word' id='word_1_797' title='bbox 2743 3967 2814 4043; x_wconf 31' lang='lat' dir='ltr'><strong>In.</strong></span> <span class='ocrx_word' id='word_1_798' title='bbox 2843 3991 2976 4062; x_wconf 91' lang='lat' dir='ltr'><strong>ipsis</strong></span> <span class='ocrx_word' id='word_1_799' title='bbox 3015 3998 3158 4052; x_wconf 91' lang='lat' dir='ltr'><strong>enim</strong></span> <span class='ocrx_word' id='word_1_800' title='bbox 3193 4001 3494 4075; x_wconf 82' lang='lat' dir='ltr'><strong>iisdemque</strong></span> 
     </span>
    </p>
   </div>
   <div class='ocr_carea' id='block_1_106' title="bbox 1911 4066 3489 4166">
    <p class='ocr_par' dir='ltr' id='par_1_106' title="bbox 1911 4066 3489 4166">
     <span class='ocr_line' id='line_1_108' title="bbox 1911 4066 3489 4166; baseline 0.025 -52"><span class='ocrx_word' id='word_1_801' title='bbox 1911 4066 2257 4123; x_wconf 90' lang='lat' dir='ltr'><strong>sermonibus</strong></span> <span class='ocrx_word' id='word_1_802' title='bbox 2307 4073 2482 4140; x_wconf 92' lang='lat' dir='ltr'><strong>primo</strong></span> <span class='ocrx_word' id='word_1_803' title='bbox 2510 4077 2736 4135; x_wconf 86' lang='lat' dir='ltr'><strong>exhibet</strong></span> <span class='ocrx_word' id='word_1_804' title='bbox 2769 4087 3174 4159; x_wconf 83' lang='lat' dir='ltr'><strong>necessitatem,</strong></span> <span class='ocrx_word' id='word_1_805' title='bbox 3223 4095 3292 4150; x_wconf 90' lang='lat' dir='ltr'><strong>ob</strong></span> <span class='ocrx_word' id='word_1_806' title='bbox 3326 4111 3489 4166; x_wconf 88' lang='lat' dir='ltr'><strong>quam</strong></span> 
     </span>
    </p>
   </div>
   <div class='ocr_carea' id='block_1_107' title="bbox 1911 4153 3489 4253">
    <p class='ocr_par' dir='ltr' id='par_1_107' title="bbox 1911 4153 3489 4253">
     <span class='ocr_line' id='line_1_109' title="bbox 1911 4153 3489 4253; baseline 0.026 -48"><span class='ocrx_word' id='word_1_807' title='bbox 1911 4153 1981 4207; x_wconf 90' lang='lat' dir='ltr'><strong>ita</strong></span> <span class='ocrx_word' id='word_1_808' title='bbox 2016 4161 2265 4227; x_wconf 88' lang='lat' dir='ltr'><strong>apparuit</strong></span> <span class='ocrx_word' id='word_1_809' title='bbox 2289 4162 2448 4220; x_wconf 88' lang='lat' dir='ltr'><strong>Deus.</strong></span> <span class='ocrx_word' id='word_1_810' title='bbox 2477 4167 2615 4225; x_wconf 89' lang='lat' dir='ltr'><strong>Dicit</strong></span> <span class='ocrx_word' id='word_1_811' title='bbox 2637 4174 2780 4227; x_wconf 87' lang='lat' dir='ltr'><strong>enim</strong></span> <span class='ocrx_word' id='word_1_812' title='bbox 2805 4196 2816 4230; x_wconf 91' lang='lat'><em>:</em></span> <span class='ocrx_word' id='word_1_813' title='bbox 2837 4176 2973 4234; x_wconf 85' lang='lat' dir='ltr'><strong>Ecce</strong></span> <span class='ocrx_word' id='word_1_814' title='bbox 2994 4199 3085 4253; x_wconf 86' lang='lat' dir='ltr'><strong>ego</strong></span> <span class='ocrx_word' id='word_1_815' title='bbox 3115 4187 3261 4240; x_wconf 83' lang='lat' dir='ltr'><strong>venio</strong></span> <span class='ocrx_word' id='word_1_816' title='bbox 3277 4190 3346 4242; x_wconf 90' lang='lat' dir='ltr'><strong>ad</strong></span> <span class='ocrx_word' id='word_1_817' title='bbox 3371 4200 3420 4245; x_wconf 90' lang='lat' dir='ltr'><strong>te</strong></span> <span class='ocrx_word' id='word_1_818' title='bbox 3436 4192 3489 4244; x_wconf 78' lang='lat' dir='ltr'><strong>in</strong></span> 
     </span>
    </p>
   </div>
   <div class='ocr_carea' id='block_1_108' title="bbox 1750 4246 3490 4346">
    <p class='ocr_par' dir='ltr' id='par_1_108' title="bbox 1750 4246 3490 4346">
     <span class='ocr_line' id='line_1_110' title="bbox 1750 4246 3490 4346; baseline 0.025 -52"><span class='ocrx_word' id='word_1_819' title='bbox 1750 4256 1807 4301; x_wconf 83' lang='lat' dir='ltr'><strong>et</strong></span> <span class='ocrx_word' id='word_1_820' title='bbox 1907 4246 2152 4304; x_wconf 83' lang='lat' dir='ltr'><strong>columna</strong></span> <span class='ocrx_word' id='word_1_821' title='bbox 2180 4256 2354 4320; x_wconf 77' lang='lat' dir='ltr'><strong>nubis,</strong></span> <span class='ocrx_word' id='word_1_822' title='bbox 2384 4268 2440 4310; x_wconf 86' lang='lat' dir='ltr'><strong>ut</strong></span> <span class='ocrx_word' id='word_1_823' title='bbox 2470 4265 2654 4318; x_wconf 87' lang='lat' dir='ltr'><strong>audiat</strong></span> <span class='ocrx_word' id='word_1_824' title='bbox 2689 4270 2916 4336; x_wconf 87' lang='lat' dir='ltr'><strong>populus</strong></span> <span class='ocrx_word' id='word_1_825' title='bbox 2953 4246 3244 4346; x_wconf 62' lang='lat' dir='ltr'><strong>loqttentem</strong></span> <span class='ocrx_word' id='word_1_826' title='bbox 3292 4298 3374 4335; x_wconf 85' lang='lat' dir='ltr'><strong>me</strong></span> <span class='ocrx_word' id='word_1_827' title='bbox 3419 4287 3490 4338; x_wconf 89' lang='lat' dir='ltr'><strong>ad</strong></span> 
     </span>
    </p>
   </div>
   <div class='ocr_carea' id='block_1_109' title="bbox 1907 4345 3486 4430">
    <p class='ocr_par' dir='ltr' id='par_1_109' title="bbox 1907 4345 3486 4430">
     <span class='ocr_line' id='line_1_111' title="bbox 1907 4345 3486 4430; baseline 0.025 -40"><span class='ocrx_word' id='word_1_828' title='bbox 1907 4349 1975 4403; x_wconf 88' lang='lat' dir='ltr'><strong>te,</strong></span> <span class='ocrx_word' id='word_1_829' title='bbox 2018 4350 2066 4394; x_wconf 89' lang='lat' dir='ltr'><strong>et</strong></span> <span class='ocrx_word' id='word_1_830' title='bbox 2094 4345 2310 4399; x_wconf 87' lang='lat' dir='ltr'><strong>credant</strong></span> <span class='ocrx_word' id='word_1_831' title='bbox 2343 4351 2438 4404; x_wconf 86' lang='lat' dir='ltr'><strong>tibi</strong></span> <span class='ocrx_word' id='word_1_832' title='bbox 2481 4354 2538 4408; x_wconf 89' lang='lat' dir='ltr'><strong>in</strong></span> <span class='ocrx_word' id='word_1_833' title='bbox 2583 4362 2957 4428; x_wconf 85' lang='lat' dir='ltr'><strong>sempiternum</strong></span> <span class='ocrx_word' id='word_1_834' title='bbox 2982 4367 3047 4420; x_wconf 76' lang='grc'><strong>⁷⁵.</strong></span> <span class='ocrx_word' id='word_1_835' title='bbox 3083 4369 3150 4423; x_wconf 79' lang='lat' dir='ltr'><strong>Et</strong></span> <span class='ocrx_word' id='word_1_836' title='bbox 3196 4371 3390 4428; x_wconf 87' lang='lat' dir='ltr'><strong>iterum</strong></span> <span class='ocrx_word' id='word_1_837' title='bbox 3421 4379 3486 4430; x_wconf 85' lang='lat' dir='ltr'><strong>ad</strong></span> 
     </span>
    </p>
   </div>
   <div class='ocr_carea' id='block_1_110' title="bbox 1905 4434 3486 4526">
    <p class='ocr_par' dir='ltr' id='par_1_110' title="bbox 1905 4434 3486 4526">
     <span class='ocr_line' id='line_1_112' title="bbox 1905 4434 3486 4526; baseline 0.025 -42"><span class='ocrx_word' id='word_1_838' title='bbox 1905 4434 2160 4505; x_wconf 88' lang='lat' dir='ltr'><strong>populum</strong></span> <span class='ocrx_word' id='word_1_839' title='bbox 2209 4441 2383 4498; x_wconf 91' lang='lat' dir='ltr'><strong>dicit:</strong></span> <span class='ocrx_word' id='word_1_840' title='bbox 2426 4443 2532 4501; x_wconf 84' lang='lat' dir='ltr'><strong>Vos</strong></span> <span class='ocrx_word' id='word_1_841' title='bbox 2575 4451 2798 4520; x_wconf 84' lang='lat' dir='ltr'><strong>vidistis,</strong></span> <span class='ocrx_word' id='word_1_842' title='bbox 2829 4458 2953 4526; x_wconf 84' lang='lat' dir='ltr'><strong>quia</strong></span> <span class='ocrx_word' id='word_1_843' title='bbox 2987 4461 3052 4514; x_wconf 88' lang='lat' dir='ltr'><strong>de</strong></span> <span class='ocrx_word' id='word_1_844' title='bbox 3108 4463 3234 4517; x_wconf 70' lang='lat' dir='ltr'><strong>caelo</strong></span> <span class='ocrx_word' id='word_1_845' title='bbox 3279 4465 3486 4524; x_wconf 82' lang='lat' dir='ltr'><strong>locutus</strong></span> 
     </span>
    </p>
   </div>
   <div class='ocr_carea' id='block_1_111' title="bbox 1901 4528 3485 4627">
    <p class='ocr_par' dir='ltr' id='par_1_111' title="bbox 1901 4528 3485 4627">
     <span class='ocr_line' id='line_1_113' title="bbox 1901 4528 3485 4627; baseline 0.023 -50"><span class='ocrx_word' id='word_1_846' title='bbox 1901 4543 2016 4579; x_wconf 87' lang='lat' dir='ltr'><strong>sum</strong></span> <span class='ocrx_word' id='word_1_847' title='bbox 2041 4528 2182 4583; x_wconf 89' lang='lat' dir='ltr'><strong>vobis</strong></span> <span class='ocrx_word' id='word_1_848' title='bbox 2210 4531 2277 4585; x_wconf 88' lang='grc'><strong>⁷⁷.</strong></span> <span class='ocrx_word' id='word_1_849' title='bbox 2303 4533 2368 4588; x_wconf 82' lang='grc' dir='ltr'><strong>Ει</strong></span> <span class='ocrx_word' id='word_1_850' title='bbox 2399 4547 2550 4592; x_wconf 89' lang='lat' dir='ltr'><strong>certe</strong></span> <span class='ocrx_word' id='word_1_851' title='bbox 2581 4555 2647 4594; x_wconf 84' lang='lat' dir='ltr'><strong>ex</strong></span> <span class='ocrx_word' id='word_1_852' title='bbox 2682 4555 2861 4599; x_wconf 88' lang='lat' dir='ltr'><strong>monte</strong></span> <span class='ocrx_word' id='word_1_853' title='bbox 2881 4547 3032 4602; x_wconf 88' lang='lat' dir='ltr'><strong>Sina.</strong></span> <span class='ocrx_word' id='word_1_854' title='bbox 3051 4549 3331 4618; x_wconf 84' lang='lat' dir='ltr'><strong>Quomodo</strong></span> <span class='ocrx_word' id='word_1_855' title='bbox 3352 4574 3485 4627; x_wconf 81' lang='lat' dir='ltr'><strong>ergo</strong></span> 
     </span>
    </p>
   </div>
   <div class='ocr_carea' id='block_1_112' title="bbox 1899 4711 3482 4798">
    <p class='ocr_par' dir='ltr' id='par_1_112' title="bbox 1899 4711 3482 4798">
     <span class='ocr_line' id='line_1_114' title="bbox 1899 4711 3482 4798; baseline 0.024 -38"><span class='ocrx_word' id='word_1_856' title='bbox 1899 4711 2016 4773; x_wconf 82' lang='lat' dir='ltr'><strong>stis,</strong></span> <span class='ocrx_word' id='word_1_857' title='bbox 2049 4711 2241 4782; x_wconf 92' lang='lat' dir='ltr'><strong>inquit,</strong></span> <span class='ocrx_word' id='word_1_858' title='bbox 2277 4719 2400 4786; x_wconf 83' lang='lat' dir='ltr'><strong>quia</strong></span> <span class='ocrx_word' id='word_1_859' title='bbox 2445 4720 2509 4772; x_wconf 89' lang='lat' dir='ltr'><strong>de</strong></span> <span class='ocrx_word' id='word_1_860' title='bbox 2546 4722 2674 4776; x_wconf 74' lang='lat' dir='ltr'><strong>caelo</strong></span> <span class='ocrx_word' id='word_1_861' title='bbox 2707 4725 2913 4782; x_wconf 88' lang='lat' dir='ltr'><strong>locutus</strong></span> <span class='ocrx_word' id='word_1_862' title='bbox 2943 4748 3060 4786; x_wconf 87' lang='lat' dir='ltr'><strong>sum</strong></span> <span class='ocrx_word' id='word_1_863' title='bbox 3107 4739 3269 4792; x_wconf 82' lang='lat' dir='ltr'><strong>vobis.</strong></span> <span class='ocrx_word' id='word_1_864' title='bbox 3298 4740 3482 4798; x_wconf 79' lang='lat' dir='ltr'><strong>Nolite</strong></span> 
     </span>
    </p>
   </div>
   <div class='ocr_carea' id='block_1_113' title="bbox 1898 4802 3480 4896">
    <p class='ocr_par' dir='ltr' id='par_1_113' title="bbox 1898 4802 3480 4896">
     <span class='ocr_line' id='line_1_115' title="bbox 1898 4802 3480 4896; baseline 0.025 -45"><span class='ocrx_word' id='word_1_865' title='bbox 1898 4802 2039 4853; x_wconf 80' lang='lat' dir='ltr'><strong>vobis</strong></span> <span class='ocrx_word' id='word_1_866' title='bbox 2094 4806 2266 4871; x_wconf 79' lang='lat' dir='ltr'><strong>[acere</strong></span> <span class='ocrx_word' id='word_1_867' title='bbox 2322 4809 2719 4870; x_wconf 85' lang='lat' dir='ltr'><strong>similitudinem</strong></span> <span class='ocrx_word' id='word_1_868' title='bbox 2779 4823 3012 4876; x_wconf 84' lang='lat' dir='ltr'><strong>omnium</strong></span> <span class='ocrx_word' id='word_1_869' title='bbox 3068 4843 3186 4896; x_wconf 62' lang='lat' dir='ltr'><strong>quae</strong></span> <span class='ocrx_word' id='word_1_870' title='bbox 3241 4844 3361 4887; x_wconf 88' lang='lat' dir='ltr'><strong>sunt</strong></span> <span class='ocrx_word' id='word_1_871' title='bbox 3423 4837 3480 4889; x_wconf 83' lang='lat' dir='ltr'><strong>in</strong></span> 
     </span>
    </p>
   </div>
   <div class='ocr_carea' id='block_1_114' title="bbox 1895 4893 3474 4993">
    <p class='ocr_par' dir='ltr' id='par_1_114' title="bbox 1895 4893 3474 4993">
     <span class='ocr_line' id='line_1_116' title="bbox 1895 4893 3474 4993; baseline 0.026 -52"><span class='ocrx_word' id='word_1_872' title='bbox 1895 4898 2035 4945; x_wconf 87' lang='lat' dir='ltr'><strong>terra</strong></span> <span class='ocrx_word' id='word_1_873' title='bbox 2059 4893 2126 4952; x_wconf 83' lang='grc'><strong>⁷⁸.</strong></span> <span class='ocrx_word' id='word_1_874' title='bbox 2163 4895 2230 4950; x_wconf 81' lang='lat' dir='ltr'><strong>Et</strong></span> <span class='ocrx_word' id='word_1_875' title='bbox 2262 4909 2410 4954; x_wconf 86' lang='lat' dir='ltr'><strong>certe</strong></span> <span class='ocrx_word' id='word_1_876' title='bbox 2442 4902 2484 4954; x_wconf 91' lang='lat' dir='ltr'><strong>si</strong></span> <span class='ocrx_word' id='word_1_877' title='bbox 2513 4903 2814 4966; x_wconf 87' lang='lat' dir='ltr'><strong>similitudo</strong></span> <span class='ocrx_word' id='word_1_878' title='bbox 2857 4924 2974 4969; x_wconf 90' lang='lat' dir='ltr'><strong>erat</strong></span> <span class='ocrx_word' id='word_1_879' title='bbox 3015 4893 3104 4987; x_wconf 79' lang='lat' dir='ltr'><strong>qui</strong></span> <span class='ocrx_word' id='word_1_880' title='bbox 3156 4928 3474 4993; x_wconf 77' lang='lat' dir='ltr'><strong>apparebat,</strong></span> 
     </span>
    </p>
   </div>
   <div class='ocr_carea' id='block_1_115' title="bbox 1891 4980 3478 5077">
    <p class='ocr_par' dir='ltr' id='par_1_115' title="bbox 1891 4980 3478 5077">
     <span class='ocr_line' id='line_1_117' title="bbox 1891 4980 3478 5077; baseline 0.026 -45"><span class='ocrx_word' id='word_1_881' title='bbox 1891 4980 2152 5039; x_wconf 86' lang='lat' dir='ltr'><strong>deberent</strong></span> <span class='ocrx_word' id='word_1_882' title='bbox 2179 4987 2421 5044; x_wconf 85' lang='lat' dir='ltr'><strong>videntes</strong></span> <span class='ocrx_word' id='word_1_883' title='bbox 2452 4995 2626 5062; x_wconf 80' lang='lat' dir='ltr'><strong>magis</strong></span> <span class='ocrx_word' id='word_1_884' title='bbox 2655 4998 2846 5057; x_wconf 90' lang='lat' dir='ltr'><strong>adduci</strong></span> <span class='ocrx_word' id='word_1_885' title='bbox 2882 5007 2948 5060; x_wconf 90' lang='lat' dir='ltr'><strong>ad</strong></span> <span class='ocrx_word' id='word_1_886' title='bbox 2975 4980 3145 5077; x_wconf 76' lang='lat' dir='ltr'><strong>ipsius</strong></span> <span class='ocrx_word' id='word_1_887' title='bbox 3171 4980 3478 5073; x_wconf 47' lang='lat' dir='ltr'><strong>s&#39;iinilitudi:</strong></span> 
     </span>
    </p>
   </div>
   <div class='ocr_carea' id='block_1_116' title="bbox 1883 5072 3470 5180">
    <p class='ocr_par' dir='ltr' id='par_1_116' title="bbox 1883 5072 3470 5180">
     <span class='ocr_line' id='line_1_118' title="bbox 1883 5072 3470 5180; baseline 0.026 -56"><span class='ocrx_word' id='word_1_888' title='bbox 1883 5085 2027 5126; x_wconf 78' lang='lat' dir='ltr'><strong>nent.</strong></span> <span class='ocrx_word' id='word_1_889' title='bbox 2050 5072 2106 5128; x_wconf 90' lang='lat' dir='ltr'><strong>Si</strong></span> <span class='ocrx_word' id='word_1_890' title='bbox 2137 5087 2315 5133; x_wconf 89' lang='lat' dir='ltr'><strong>autem</strong></span> <span class='ocrx_word' id='word_1_891' title='bbox 2348 5083 2510 5138; x_wconf 90' lang='lat' dir='ltr'><strong>dicit:</strong></span> <span class='ocrx_word' id='word_1_892' title='bbox 2534 5088 2608 5141; x_wconf 90' lang='lat' dir='ltr'><strong>De</strong></span> <span class='ocrx_word' id='word_1_893' title='bbox 2631 5095 2757 5146; x_wconf 74' lang='lat' dir='ltr'><strong>emta</strong></span> <span class='ocrx_word' id='word_1_894' title='bbox 2791 5072 3007 5152; x_wconf 34' lang='lat' dir='ltr'><strong>locutus.</strong></span> <span class='ocrx_word' id='word_1_895' title='bbox 3027 5119 3144 5156; x_wconf 87' lang='lat' dir='ltr'><strong>sum</strong></span> <span class='ocrx_word' id='word_1_896' title='bbox 3172 5106 3348 5175; x_wconf 83' lang='lat' dir='ltr'><strong>vobis,</strong></span> <span class='ocrx_word' id='word_1_897' title='bbox 3381 5115 3470 5180; x_wconf 86' lang='lat' dir='ltr'><strong>qui</strong></span> 
     </span>
    </p>
   </div>
   <div class='ocr_carea' id='block_1_117' title="bbox 1883 5162 3468 5276">
    <p class='ocr_par' dir='ltr' id='par_1_117' title="bbox 1883 5162 3468 5276">
     <span class='ocr_line' id='line_1_119' title="bbox 1883 5162 3468 5276; baseline 0.028 -62"><span class='ocrx_word' id='word_1_898' title='bbox 1883 5162 2082 5219; x_wconf 91' lang='lat' dir='ltr'><strong>dicitur</strong></span> <span class='ocrx_word' id='word_1_899' title='bbox 2116 5169 2242 5236; x_wconf 90' lang='lat' dir='ltr'><strong>quia</strong></span> <span class='ocrx_word' id='word_1_900' title='bbox 2292 5173 2358 5228; x_wconf 89' lang='lat' dir='ltr'><strong>de</strong></span> <span class='ocrx_word' id='word_1_901' title='bbox 2397 5189 2578 5235; x_wconf 90' lang='lat' dir='ltr'><strong>monte</strong></span> <span class='ocrx_word' id='word_1_902' title='bbox 2627 5181 2756 5238; x_wconf 86' lang='lat' dir='ltr'><strong>Sina</strong></span> <span class='ocrx_word' id='word_1_903' title='bbox 2798 5203 2810 5238; x_wconf 94' lang='lat'>:</span> <span class='ocrx_word' id='word_1_904' title='bbox 2851 5192 3195 5250; x_wconf 91' lang='lat' dir='ltr'><strong>manifestum</strong></span> <span class='ocrx_word' id='word_1_905' title='bbox 3221 5211 3303 5254; x_wconf 84' lang='lat' dir='ltr'><strong>est</strong></span> <span class='ocrx_word' id='word_1_906' title='bbox 3344 5162 3468 5276; x_wconf 63' lang='lat' dir='ltr'><strong>quiia</strong></span> 
     </span>
    </p>
   </div>
   <div class='ocr_carea' id='block_1_118' title="bbox 2359 5338 2938 5413">
    <p class='ocr_par' dir='ltr' id='par_1_118' title="bbox 2359 5338 2938 5413">
     <span class='ocr_line' id='line_1_120' title="bbox 2359 5338 2938 5413; baseline 0.026 -23"><span class='ocrx_word' id='word_1_907' title='bbox 2359 5338 2569 5413; x_wconf 53' lang='lat' dir='ltr'><strong>‘fi’sal.</strong></span> <span class='ocrx_word' id='word_1_908' title='bbox 2613 5359 2805 5413; x_wconf 69' lang='grc' dir='ltr'><strong>χχχιιι,</strong></span> <span class='ocrx_word' id='word_1_909' title='bbox 2852 5350 2938 5405; x_wconf 81' lang='lat' dir='ltr'><strong>l6.</strong></span> 
     </span>
    </p>
   </div>
   <div class='ocr_carea' id='block_1_119' title="bbox 3063 5353 3461 5426">
    <p class='ocr_par' dir='ltr' id='par_1_119' title="bbox 3063 5353 3461 5426">
     <span class='ocr_line' id='line_1_121' title="bbox 3063 5353 3461 5426; baseline 0.015 -18"><span class='ocrx_word' id='word_1_910' title='bbox 3063 5353 3123 5426; x_wconf 21' lang='lat'><strong>&quot;7</strong></span> <span class='ocrx_word' id='word_1_911' title='bbox 3143 5355 3245 5413; x_wconf 87' lang='lat' dir='ltr'><strong>lsa.</strong></span> <span class='ocrx_word' id='word_1_912' title='bbox 3293 5375 3331 5424; x_wconf 87' lang='grc' dir='ltr'><strong>ι.</strong></span> <span class='ocrx_word' id='word_1_913' title='bbox 3370 5362 3461 5426; x_wconf 75' lang='lat' dir='ltr'><strong>2t).</strong></span> 
     </span>
    </p>
   </div>
   <div class='ocr_carea' id='block_1_120' title="bbox 2393 5409 3416 5483">
    <p class='ocr_par' dir='ltr' id='par_1_120' title="bbox 2393 5409 3416 5483">
     <span class='ocr_line' id='line_1_122' title="bbox 2393 5409 3416 5483; baseline 0.022 -21"><span class='ocrx_word' id='word_1_914' title='bbox 2393 5409 2601 5483; x_wconf 60' lang='lat' dir='ltr'><strong>&quot;Psal.</strong></span> <span class='ocrx_word' id='word_1_915' title='bbox 2645 5409 2834 5483; x_wconf 71' lang='lat' dir='ltr'><strong>xxvnt,</strong></span> <span class='ocrx_word' id='word_1_916' title='bbox 2870 5421 2926 5475; x_wconf 72' lang='grc' dir='ltr'><strong>ι.</strong></span> <span class='ocrx_word' id='word_1_917' title='bbox 3031 5425 3077 5456; x_wconf 87' lang='grc'><strong>⁷³</strong></span> <span class='ocrx_word' id='word_1_918' title='bbox 3102 5409 3341 5483; x_wconf 41' lang='lat' dir='ltr'><strong>Lugii-1&#39;.</strong></span> <span class='ocrx_word' id='word_1_919' title='bbox 3369 5409 3416 5483; x_wconf 58' lang='lat' dir='ltr'><strong>ii</strong></span> 
     </span>
    </p>
   </div>
   <div class='ocr_carea' id='block_1_121' title="bbox 3031 5425 3459 5495">
    <p class='ocr_par' dir='ltr' id='par_1_121' title="bbox 3031 5425 3459 5495">
     <span class='ocr_line' id='line_1_123' title="bbox 3031 5425 3459 5495; baseline 0.021 -18"><span class='ocrx_word' id='word_1_920' title='bbox 3031 5425 3077 5456; x_wconf 87' lang='grc'><strong>⁷³</strong></span> <span class='ocrx_word' id='word_1_921' title='bbox 3102 5425 3234 5484; x_wconf 86' lang='lat' dir='ltr'><strong>Luc.</strong></span> <span class='ocrx_word' id='word_1_922' title='bbox 3258 5447 3341 5495; x_wconf 89' lang='grc' dir='ltr'><strong>ιιι,</strong></span> 
     </span>
    </p>
   </div>
   <div class='ocr_carea' id='block_1_122' title="bbox 1950 5629 3459 5727">
    <p class='ocr_par' dir='ltr' id='par_1_122' title="bbox 1950 5629 3459 5727">
     <span class='ocr_line' id='line_1_124' title="bbox 1950 5629 3459 5727; baseline 0.023 -45"><span class='ocrx_word' id='word_1_923' title='bbox 1950 5629 2061 5700; x_wconf 84' lang='grc'>(75)</span> <span class='ocrx_word' id='word_1_924' title='bbox 2094 5631 2255 5691; x_wconf 81' lang='lat' dir='ltr'><strong>Forte</strong></span> <span class='ocrx_word' id='word_1_925' title='bbox 2287 5638 2366 5694; x_wconf 87' lang='lat' dir='ltr'><strong>sic</strong></span> <span class='ocrx_word' id='word_1_926' title='bbox 2396 5641 2680 5713; x_wconf 81' lang='lat' dir='ltr'><strong>legendum</strong></span> <span class='ocrx_word' id='word_1_927' title='bbox 2703 5688 2720 5715; x_wconf 90' lang='lat'><strong>,</strong></span> <span class='ocrx_word' id='word_1_928' title='bbox 2757 5651 2823 5704; x_wconf 85' lang='lat' dir='ltr'><strong>de</strong></span> <span class='ocrx_word' id='word_1_929' title='bbox 2860 5655 3004 5708; x_wconf 84' lang='lat' dir='ltr'><strong>omni</strong></span> <span class='ocrx_word' id='word_1_930' title='bbox 3032 5670 3052 5709; x_wconf 90' lang='lat'><strong><em>:</em></strong></span> <span class='ocrx_word' id='word_1_931' title='bbox 3085 5659 3326 5727; x_wconf 87' lang='lat' dir='ltr'><strong>partibus</strong></span> <span class='ocrx_word' id='word_1_932' title='bbox 3357 5677 3459 5714; x_wconf 85' lang='lat' dir='ltr'><strong>au-</strong></span> 
     </span>
    </p>
   </div>
   <div class='ocr_carea' id='block_1_123' title="bbox 1875 5707 1996 5752">
    <p class='ocr_par' dir='ltr' id='par_1_123' title="bbox 1875 5707 1996 5752">
     <span class='ocr_line' id='line_1_125' title="bbox 1875 5707 1996 5752; baseline -0.008 -1"><span class='ocrx_word' id='word_1_933' title='bbox 1875 5707 1976 5752; x_wconf 85' lang='lat' dir='ltr'><strong>tem</strong></span> <span class='ocrx_word' id='word_1_934' title='bbox 1985 5738 1996 5750; x_wconf 90' lang='lat'><strong>.</strong></span> 
     </span>
    </p>
   </div>
   <div class='ocr_carea' id='block_1_124' title="bbox 1967 5769 3378 5854">
    <p class='ocr_par' dir='ltr' id='par_1_124' title="bbox 1967 5769 3378 5854">
     <span class='ocr_line' id='line_1_126' title="bbox 1967 5769 3378 5854; baseline 0.022 -30"><span class='ocrx_word' id='word_1_935' title='bbox 2090 5772 2189 5854; x_wconf 49' lang='lat' dir='ltr'><strong>bis.</strong></span> <span class='ocrx_word' id='word_1_936' title='bbox 2230 5789 2352 5854; x_wconf 88' lang='lat' dir='ltr'><strong>est_._</strong></span> <span class='ocrx_word' id='word_1_937' title='bbox 2379 5779 2492 5839; x_wconf 85' lang='lat' dir='ltr'><strong>Ista</strong></span> <span class='ocrx_word' id='word_1_938' title='bbox 2523 5787 2684 5853; x_wconf 79' lang='lat' dir='ltr'><strong>{acies</strong></span> <span class='ocrx_word' id='word_1_939' title='bbox 2715 5791 2928 5848; x_wconf 85' lang='lat' dir='ltr'><strong>Domini</strong></span> <span class='ocrx_word' id='word_1_940' title='bbox 2952 5806 2999 5850; x_wconf 84' lang='lat' dir='ltr'><strong>et</strong></span> <span class='ocrx_word' id='word_1_941' title='bbox 3032 5800 3378 5854; x_wconf 73' lang='lat' dir='ltr'><strong>memoratim.</strong></span> 
     </span>
    </p>
   </div>
   <div class='ocr_carea' id='block_1_125' title="bbox 1947 5771 2668 5914">
    <p class='ocr_par' dir='ltr' id='par_1_125' title="bbox 1947 5771 2668 5914">
     <span class='ocr_line' id='line_1_127' title="bbox 1967 5771 2668 5853; baseline 0.029 -32"><span class='ocrx_word' id='word_1_942' title='bbox 1967 5771 2059 5835; x_wconf 86' lang='lat'><strong>~76)</strong></span> <span class='ocrx_word' id='word_1_943' title='bbox 2090 5772 2189 5828; x_wconf 81' lang='lat' dir='ltr'><strong>Ms.</strong></span> <span class='ocrx_word' id='word_1_944' title='bbox 2230 5789 2336 5833; x_wconf 85' lang='lat' dir='ltr'><strong>est.</strong></span> <span class='ocrx_word' id='word_1_945' title='bbox 2379 5779 2492 5839; x_wconf 86' lang='lat' dir='ltr'><strong>Ista</strong></span> <span class='ocrx_word' id='word_1_946' title='bbox 2523 5787 2668 5853; x_wconf 67' lang='lat' dir='ltr'><strong>{aciei</strong></span> 
     </span>
     <span class='ocr_line' id='line_1_128' title="bbox 1947 5771 2668 5914; baseline 0.035 -25"><span class='ocrx_word' id='word_1_947' title='bbox 1947 5771 2063 5911; x_wconf 55' lang='grc' dir='ltr'><strong>ξπ)</strong></span> <span class='ocrx_word' id='word_1_948' title='bbox 2092 5842 2278 5904; x_wconf 86' lang='lat' dir='ltr'><strong>Deum.</strong></span> <span class='ocrx_word' id='word_1_949' title='bbox 2305 5849 2403 5906; x_wconf 72' lang='lat' dir='ltr'><strong>bis.</strong></span> <span class='ocrx_word' id='word_1_950' title='bbox 2441 5855 2668 5914; x_wconf 67' lang='lat' dir='ltr'><strong>Domini.</strong></span> 
     </span>
    </p>
   </div>
   <div class='ocr_carea' id='block_1_126' title="bbox 3059 5961 3130 6022">
    <p class='ocr_par' dir='ltr' id='par_1_126' title="bbox 3059 5961 3130 6022">
     <span class='ocr_line' id='line_1_129' title="bbox 3059 5961 3130 6022; baseline 0.028 -2"><span class='ocrx_word' id='word_1_951' title='bbox 3059 5961 3130 6022; x_wconf 75' lang='lat'><strong>37</strong></span> 
     </span>
    </p>
   </div>
  </div>
