4098 6398
358 5641 456 5703 Ἧι.

609 327 744 382 1165

1283 319 1550 378 EUSEBII
1590 316 2070 374 CASSARIENSIS
2108 317 2256 374 OPP.

2301 313 2479 373 PARS
2516 315 2607 374 IV.
2649 348 2717 357 —
2758 315 3178 375 DOGMATICA.
3735 322 3866 381 H65

605 440 957 496 ambitionem
995 439 1106 512 (78)
1156 440 1461 508 praesentiae
1487 454 1597 493 sua:
1627 437 1868 493 ostendit
1899 439 1951 492 in
1985 448 2185 502 monte,
2217 445 2263 501 Α
2293 437 2590 508 prephetiae
2624 436 2786 492 facta:
2833 447 2962 492 sunt
2988 453 3016 491 a
3045 437 3156 492 Deo
3180 436 3605 506 praenuntiantes
3639 436 3865 508 captivi-

605 533 721 604 ipse
745 543 926 588 autem
959 533 1012 586 in
1037 547 1132 587 sua
1166 533 1419 586 manebat
1463 534 1763 602 majestate.
1792 529 1900 584 Cur
1931 540 2112 585 autem
2139 540 2194 584 et

604 646 633 682 a
667 641 850 684 monte
885 628 1012 682 Sina
1041 637 1264 696 apparet
1321 627 1409 696 qui
1468 625 1535 679 de
1567 625 1707 680 coelo
1733 666 1746 690 ,
1777 622 1859 677 Ne
1890 623 2189 689 timueritis,

606 721 803 791 inquit,
840 722 962 791 quia
1005 730 1208 773 tentare
1243 735 1329 773 vos
1355 719 1488 772 venit
1513 717 1672 778 Deus,
1697 726 1753 769 ut
1777 716 1845 769 sit
1879 717 2038 768 timor
2077 715 2192 784 ejus

605 812 659 864 in
687 812 826 864 vobis
847 811 939 864 "?
968 809 1084 864 Non
1109 824 1242 879 ergo
1275 818 1465 862 natura
1495 815 1579 863 est
1607 822 1724 875 qua:
1754 807 2074 874 apparebat,
2099 804 2193 860 sed

606 902 941 974 dispensatio
977 917 1096 967 quze
1127 902 1456 956 adducebat.
1510 899 1644 966 Quia
1693 898 1836 951 enim
1892 895 2194 950 audacissi—

607 1013 728 1052 mus
752 1004 869 1052 erat
893 994 1146 1066 populus,
1177 994 1304 1063 quia
1338 1007 1555 1062 semper
1585 991 1810 1044 declivis
1851 990 1918 1043 ad
1965 987 2194 1044 idolola-

606 1089 767 1143 triam
787 1090 1116 1155 habebatur;
1147 1088 1273 1157 quia
1291 1088 1436 1142 enim
1456 1087 1674 1140 humilis
1691 1095 1830 1148 erat,
1849 1095 1902 1139 et
1920 1085 2193 1140 desidera-

603 1181 804 1251 batper
821 1197 1010 1236 manus
1024 1182 1338 1248 contingere
1358 1183 1548 1241 Deum,
1577 1189 1629 1233 et
1649 1194 1741 1249 per
1755 1179 1940 1233 oculos
1963 1179 2144 1233 videre
2173 1196 2187 1232 :

603 1273 733 1341 quia
759 1274 902 1325 enim
935 1272 1056 1327 talis
1077 1271 1459 1339 eratpopulus,
1495 1270 1802 1324 misericors
1832 1279 2014 1322 autem
2051 1267 2192 1323 Deus

603 1374 661 1418 et
676 1365 846 1418 bonus
863 1363 990 1418 facit
1005 1364 1081 1418 eis
1095 1364 1362 1426 timorem,
1379 1364 1466 1430 qui
1485 1377 1582 1416 nec
1601 1370 1718 1432 post
1732 1361 1976 1416 timorem
2003 1361 2192 1415 timue-

604 1464 752 1515 runt,
766 1463 821 1509 et
835 1453 964 1508 dicit
983 1470 996 1506 :
1017 1454 1154 1519 Quia
1171 1454 1217 1507 si
1231 1455 1347 1521 quis
1366 1452 1879 1522 appr-apinquarerit,
1903 1460 2069 1504 morte
2084 1467 2194 1504 ma-

603 1546 774 1600 rietur
800 1547 866 1601 ⁸ο.
905 1546 968 1600 Ει
997 1557 1144 1601 certe
1170 1561 1300 1601 oves
1345 1554 1501 1599 erant
1542 1545 1654 1599 illic
1688 1556 1814 1598 ante
1841 1546 1962 1608 hoc,
1994 1553 2049 1599 et
2081 1560 2188 1599 non

603 1652 728 1695 sunt
765 1650 1012 1694 mortuae.
1049 1638 1262 1710 Moyses
1305 1637 1448 1691 enim
1482 1637 1589 1692 illic
1618 1639 1788 1708 pavit,
1823 1636 2039 1708 Moyses
2073 1647 2191 1691 erat

602 1729 716 1785 illic
741 1741 798 1784 ut
827 1739 1030 1800 pastor,
1077 1744 1175 1785 nec
1221 1729 1350 1782 dum
1388 1738 1470 1783 est
1529 1727 1811 1797 propheta,
1849 1739 1902 1782 et
1948 1745 2053 1782 non
2103 1740 2188 1784 est

2298 539 2462 585 tatem
2488 531 2664 599 populi
2696 546 2816 601 qua:
2847 546 2943 599 per
2977 547 3099 586 eum
3144 530 3287 586 facta
3336 531 3550 586 videtur
3570 573 3586 599 ,
3627 546 3754 586 vasa
3785 547 3871 586 sa-

2294 623 2590 677 cerdotalia
2623 623 2922 692 accipiens,
2957 633 3013 678 et
3047 626 3148 678 hoc
3175 626 3444 693 superbus
3479 634 3533 679 et
3553 635 3790 688 erectus,
3819 635 3872 680 et

2294 714 2399 766 alta
2425 715 2690 784 cogitans,
2723 725 2782 770 ut
2809 717 3069 785 propheta
3095 716 3162 769 de
3190 729 3258 770 eo
3286 715 3494 769 diceret
3531 733 3543 769 :
3588 715 3665 768 Tu
3688 717 3871 770 dixisti

2293 806 2348 860 in
2375 809 2528 860 corde
2561 821 2674 870 tuo,
2703 809 2782 860 Ad
2805 807 2956 860 caelos
2985 809 3294 871 ascendam,
3313 824 3475 876 supra
3505 809 3662 862 nubes
3681 817 3870 876 ponam

2295 900 2467 953 sedem
2501 915 2689 964 meam,
2725 912 2772 953 et
2805 898 2990 953 sedebo
3017 915 3181 968 supra
3217 909 3418 952 montes
3464 899 3750 952 altissimos
3803 902 3871 950 ad

2293 993 2612 1062 aquilonem,
2645 1002 2691 1045 et
2719 1009 2807 1046 ero
2832 993 3020 1046 similis
3038 993 3316 1046 Altissimo
3344 993 3390 1024 θ’
3417 1007 3432 1046 :
3461 995 3588 1063 quia
3626 994 3753 1048 talia
3795 1009 3877 1047 sa-

2294 1086 2496 1154 piebat,
2530 1096 2582 1138 et
2618 1085 2744 1139 talia
2778 1085 3122 1154 loquebatur,
3177 1095 3232 1140 et
3264 1085 3392 1139 talia
3427 1086 3720 1155 cogitabat,
3771 1087 3876 1140 iste

2293 1177 2568 1247 accipiens
2601 1178 2957 1232 sacerdotalia
2977 1193 3103 1232 vasa
3132 1193 3236 1232 non
3266 1190 3348 1232 est
3375 1193 3537 1233 ausus
3557 1180 3627 1233 uti
3653 1178 3870 1245 iisdem,

2293 1269 2387 1324 sed
2419 1281 2677 1339 tanquam
2730 1270 2781 1324 in
2826 1271 3037 1325 ratione
3087 1271 3310 1325 honoris
3344 1272 3523 1338 posuit
3552 1273 3602 1324 in
3633 1272 3875 1340 templis,

2293 1377 2398 1416 non
2417 1377 2748 1417 consecrans
2774 1362 2949 1425 idolis,
2972 1364 3113 1416 sicut
3137 1379 3256 1432 qua:
3277 1361 3634 1431 insequuntur
3650 1365 3880 1418 demou-

2291 1461 2489 1514 strant,
2522 1455 2615 1509 sed
2652 1468 2911 1509 recusans
2933 1455 3078 1509 vasis
3107 1455 3181 1508 uti
3215 1453 3540 1508 divinis.lsti
3573 1457 3876 1509 succedens

2291 1545 2434 1601 [ilius
2460 1547 2576 1614 ejus
2605 1547 2656 1600 in
2694 1562 2878 1617 regno,
2929 1564 3033 1603 non
3077 1548 3124 1601 ei
3177 1547 3443 1602 successit
3487 1557 3542 1601 et
3569 1547 3874 1601 secundum

2289 1639 2451 1694 istum
2488 1640 2776 1706 honorem,
2807 1640 2901 1694 sed
2931 1641 3196 1695 innovans
3231 1649 3550 1710 potestatem
3587 1640 3739 1709 regni
3765 1640 3874 1702 sui,

2289 1731 2498 1802 profert
2529 1748 2654 1788 vasa
2675 1733 3059 1796 sacerdotalia,
3083 1741 3138 1788 et
3168 1733 3303 1787 bibit
3353 1733 3405 1785 in
3445 1733 3595 1803 ipsis.
3635 1733 3699 1786 Et
3742 1732 3877 1802 quia

602 1833 872 1877 mortuus.
905 1823 1100 1892 Utique
1130 1831 1184 1876 et
1230 1821 1318 1875 alii
1368 1829 1493 1874 ante
1538 1819 1758 1890 Moysen
1787 1837 1801 1886 ;
1837 1820 1930 1875 sed
1960 1832 2181 1890 propter
2214 1817 2255 1871 Β
2283 1826 2396 1894 ipse
2423 1835 2475 1879 et
2506 1827 2588 1880 sui
2619 1826 2759 1880 male
2787 1828 3152 1881 extenderunt
3187 1843 3379 1881 manus
3416 1843 3542 1882 suas
3580 1827 3646 1879 ad
3702 1842 3879 1891 vasa,

599 1921 913 1981 adventum,
942 1918 1063 1986 quis
1088 1917 1238 1984 dicit,
1272 1915 1362 1969 Dei
1398 1915 1553 1980 dixit,
1597 1915 1724 1985 quia
1754 1915 1798 1968 si
1831 1915 1953 1984 quis
1989 1932 2187 1986 appro-

602 2012 951 2081 pinquaverit
979 2011 1262 2066 morietur.
1305 2011 1494 2064 Nonne
1550 2011 1722 2078 magis
1751 2011 1973 2065 deberet
2004 2012 2186 2065 vivere

600 2105 693 2174 qui
730 2105 1126 2174 appropinquat
1159 2105 1408 2158 adventui
1459 2104 1551 2158 Dei
1589 2103 1613 2157 ‘I
1646 2105 1750 2158 Sed
1807 2113 2015 2159 terrere
2072 2105 2186 2160 vult

595 2196 853 2264 populum
913 2197 1216 2259 audacem;
1261 2197 1400 2250 unde
1446 2205 1498 2250 et
1553 2195 1691 2250 tuba:
1751 2207 1940 2251 sonant
1987 2212 2184 2251 caneno

599 2287 754 2340 tium.
805 2285 942 2352 Quid
1007 2286 1152 2340 enim
1209 2303 1460 2358 magnum
1524 2298 1606 2343 est
1665 2289 1774 2343 Deo
1830 2301 2183 2359 operamenta

598 2391 788 2432 creare
822 2379 888 2431 ad
920 2378 1227 2433 istiusmodi
1271 2379 1677 2446 necessitatem,
1715 2389 1806 2434 aut
1853 2381 1975 2435 sine
2034 2382 2178 2436 tubis

597 2485 789 2525 sonum
815 2472 973 2524 talem
1007 2471 1295 2526 emittere?
1331 2470 1444 2525 Non
1476 2471 1543 2526 ab
1576 2486 1634 2526 re
1681 2481 1862 2526 autem
1916 2478 1998 2545 est
2030 2488 2181 2542 qua:-

599 2565 722 2617 dam
759 2579 822 2618 ex
854 2563 1074 2618 Daniele
1099 2579 1394 2635 apponere,
1424 2566 1516 2618 sed
1550 2574 1606 2618 et
1637 2566 2176 2634 opportunissimum.

597 2657 733 2725 Quia
767 2661 912 2714 enim
943 2659 1184 2714 diximus
1226 2658 1352 2728 quia
1389 2672 1496 2710 non
1529 2667 1651 2711 erat
1701 2658 2039 2726 impossibile
2070 2660 2178 2714 Deo

596 2750 756 2806 tubas
784 2767 992 2814 creare,
1017 2761 1110 2805 aut
1135 2751 1252 2806 sine
1278 2749 1420 2805 tubis
1437 2765 1626 2805 sonum
1661 2750 1838 2804 audiri
1868 2772 1879 2805 :
1917 2751 2176 2818 scriptum

593 2844 737 2914 apud
773 2845 1049 2899 Danielem
1083 2853 1189 2909 est,
1229 2844 1378 2912 quia,
1406 2843 1599 2897 Manus
1632 2845 1868 2912 ingressa
1906 2843 2019 2897 sola
2045 2845 2175 2897 scri-

594 2937 746 2990 bebat
773 2937 826 2988 in
863 2936 1056 3004 pariete
1079 2937 1147 2991 δι.
1187 2936 1290 2989 Ista
1322 2951 1512 2989 manus
1541 2935 1685 2991 Deus
1713 2945 1815 3000 est,
1856 2945 1950 2989 aut
1998 2935 2176 3006 angeli

594 3027 786 3082 incisio
812 3028 929 3081 est?
983 3027 1090 3081 Sed
1140 3028 1265 3094 quia
1319 3027 1540 3081 deberet
1597 3027 1769 3080 videri
1808 3042 1911 3082 non
1961 3037 2173 3092 tenens,

595 3121 734 3176 forte
788 3131 965 3177 autem
1012 3134 1112 3174 nec
1139 3129 1502 3173 atramentum
1548 3119 1812 3186 bajnlans,
1847 3136 2022 3189 neque
2067 3121 2174 3176 alio

2288 1916 2412 1985 quia
2444 1917 2586 1970 enim
2621 1919 2873 1971 manibus
2907 1918 3202 1987 tetigerunt
3235 1933 3297 1972 ea
3325 1933 3444 1987 quae
3491 1918 3572 1972 eis
3600 1933 3706 1973 non
3739 1933 3884 1972 con-

2288 2008 2596 2077 tingebant;
2635 2023 2832 2064 manus
2883 2025 2980 2078 pro
3036 2026 3200 2064 manu
3247 2013 3434 2065 exiens
3473 2013 3882 2082 scripsitjuxta

2284 2099 2582 2164 lucernam,
2613 2109 2670 2154 ut
2693 2101 2784 2171 qui
2823 2101 3054 2156 aderant
3087 2103 3338 2157 homines
3360 2104 3601 2158 viderent
3640 2115 3882 2160 senten—

2286 2191 2436 2244 tiam.
2467 2192 2596 2258 Qua:
2627 2207 2758 2261 ergo
2789 2203 2872 2247 est
2902 2207 3094 2247 manus
3121 2194 3246 2247 illa?
3276 2193 3390 2249 Non
3425 2211 3649 2265 corpus,
3688 2213 3886 2266 neque

2281 2296 2344 2335 ex
2379 2297 2604 2351 corpore
2643 2284 2860 2349 incisio,
2906 2285 3000 2339 sed
3041 2285 3327 2340 efﬁcientia
3371 2288 3436 2342 ad
3471 2289 3740 2343 visionem
3778 2306 3882 2347 ve-

2283 2374 2460 2438 niens,
2489 2385 2548 2428 ut
2576 2387 2961 2446 agnosceretur
2989 2379 3258 2432 sententia
3309 2379 3640 2438 invisibibis.
3685 2382 3882 2437 Suﬁ‘e-

2281 2477 2428 2520 cerat
2454 2478 2633 2522 autem
2675 2477 2728 2523 et
2760 2484 2949 2524 manus
2972 2472 3260 2526 ostendere
3295 2474 3570 2540 virtutem,
3601 2483 3656 2528 et
3687 2475 3882 2530 inter-

2283 2560 2483 2628 pretari
2516 2561 2902 2626 obscuritates,
2950 2563 3163 2617 solvere
3196 2564 3588 2630 dubitationes,
3626 2569 3727 2622 sed
3764 2585 3878 2624 non

2281 2661 2363 2705 est
2408 2668 2608 2722 egenus
2670 2653 2841 2710 dives.
2896 2655 3204 2710 Invenimus
3253 2657 3396 2710 enim
3454 2660 3506 2712 in
3559 2659 3876 2730 Scripturis

2279 2754 2334 2798 et
2367 2743 2505 2799 forte
2531 2744 2723 2808 multa,
2763 2761 2884 2815 qua:
2916 2761 2972 2800 ut
2998 2747 3328 2815 quaestiones
3361 2758 3518 2804 motae
3551 2762 3711 2819 sunt,
3749 2769 3880 2824 pos-

2278 2847 2402 2890 sunt
2433 2837 2589 2892 nobis
2612 2839 2677 2892 ad
2698 2837 3020 2892 solutionem
3047 2841 3324 2910 prodesse.
3355 2842 3618 2901 Novimus
3642 2849 3804 2902 enim
3823 2861 3876 2904 et

2278 2927 2344 2981 de
2379 2927 2620 2995 Daniele,
2665 2930 2790 2999 quia
2831 2931 2963 2984 vidit
2999 2931 3157 2986 sedes
3203 2934 3427 3002 positas,
3467 2947 3521 2992 et
3564 2938 3871 2995 Vetustum

2277 3018 2486 3073 dierum
2525 3021 2870 3088 insidentem,
2913 3024 3063 3094 cujus
3101 3027 3207 3081 albi
3247 3038 3404 3083 erant
3435 3030 3640 3099 capilli,
3691 3044 3754 3086 et
3787 3050 3875 3088 ve-

2277 3112 2534 3168 stimenta
2563 3115 2788 3170 candida
2821 3117 2888 3170 ⁸³.
2932 3118 2998 3171 Et
3025 3131 3173 3174 certe
3222 3130 3276 3174 et
3329 3123 3433 3177 hoc
3490 3126 3876 3196 accipiebatur

591 3205 774 3284 aliquo
826 3221 1174 3283 aperamento
1204 3212 1396 3275 abusa,
1451 3222 1536 3264 aut
1598 3211 1710 3279 ipsa
1769 3227 1896 3276 usa,
1936 3213 2166 3266 addatur
2201 3183 2244 3239 ϐ
2279 3215 2501 3273 propter
2557 3211 2973 3274 contumaciam,
3020 3223 3113 3266 aut
3167 3223 3388 3283 propter
3449 3183 3870 3290 negligentiam.

591 3315 648 3362 et
683 3321 879 3371 canna,
916 3315 972 3358 et
1012 3311 1378 3358 atramentum
1405 3312 1669 3358 creatum.
1709 3305 1814 3358 Aut
1838 3306 1882 3360 si
1916 3306 2016 3360 hoc
2051 3306 2173 3374 quis

594 3397 823 3453 voluerit
857 3397 1122 3467 accipere,
1154 3394 1373 3465 scripsit
1404 3411 1620 3461 manus,
1662 3406 1716 3451 et
1761 3398 1887 3450 dum
1921 3397 2174 3466 scripsis-

591 3505 696 3563 set,
727 3494 972 3550 recessit.
1017 3491 1157 3559 Quid
1203 3506 1397 3546 manus
1455 3492 1554 3547 ista
1583 3492 1820 3556 dicebat,
1867 3493 2024 3562 cujus
2077 3493 2168 3547 Dei

589 3588 704 3642 sola
741 3602 955 3649 manus,
1001 3595 1054 3640 et
1101 3583 1192 3639 ubi
1225 3595 1312 3638 est
1357 3583 1566 3638 totum?
1609 3593 1702 3637 aut
1742 3583 1942 3654 angeli,
1993 3596 2045 3639 et
2078 3584 2166 3639 ubi

587 3688 672 3734 est
706 3679 923 3733 totum?
963 3676 1156 3731 incisio
1205 3687 1326 3730 erat
1377 3676 1674 3746 passibilis.
1711 3676 1854 3746 Ergo
1901 3692 2007 3745 quo
2064 3677 2166 3732 ista

590 3773 784 3828 incisio
808 3771 932 3827 est?
965 3770 1103 3837 Quid
1139 3786 1270 3841 ergo
1305 3781 1391 3825 est
1425 3771 1694 3825 sententia
1730 3771 1884 3824 visa?
1926 3771 1994 3826 Ut
2019 3773 2166 3826 enim

588 3866 756 3920 sciret
789 3881 882 3918 rex
910 3863 1002 3933 qui
1037 3879 1203 3919 ausus
1230 3871 1339 3926 est,
1378 3863 1496 3916 ideo
1549 3879 1744 3916 manus
1783 3863 1848 3916 ad
1891 3863 2165 3918 lucernam

585 3945 854 4025 indigens,
879 3971 999 4024 qua:
1035 3971 1132 4010 nec
1159 3955 1328 4009 oculis
1355 3955 1465 4010 visa
1496 3966 1642 4008 sunt.
1679 3955 1743 4008 Et
1773 3967 1921 4011 certe
1951 3967 2007 4009 tit
2031 3957 2166 4011 scri-

581 4050 678 4105 bat
699 4049 842 4119 quis,
873 4049 1026 4102 valde
1058 4049 1286 4102 intentio
1325 4050 1634 4104 necessaria
1667 4059 1771 4118 est,
1791 4060 1845 4104 et
1865 4050 2164 4105 videntium

593 4142 900 4204 oculorum,
929 4151 983 4194 et
1023 4151 1180 4195 acute
1213 4142 1531 4196 videntium:
1562 4140 1715 4197 Nunc
1761 4153 1936 4197 autem
1976 4144 2165 4198 scribit

581 4233 702 4289 sine
735 4233 930 4300 oculis,
958 4233 1076 4288 sine
1110 4241 1347 4298 tenente,
1393 4232 1507 4287 sive
1533 4248 1652 4287 cum
1692 4243 2023 4299 atramento,
2048 4237 2163 4291 sive

580 4327 698 4381 sine
721 4334 1047 4392 atramento,
1068 4325 1180 4380 sive
1202 4326 1320 4379 sine
1343 4325 1464 4378 aliis
1485 4326 1871 4394 aperamentis,
1901 4326 2014 4381 sive
2038 4341 2160 4381 cum

579 4417 720 4481 aliis,
743 4418 1033 4473 admiratio
1050 4427 1132 4472 est
1155 4435 1170 4484 ;
1196 4417 1288 4488 qui
1322 4417 1474 4470 valde
1497 4430 1688 4471 carnes
1709 4419 1955 4486 sunt,qui
1973 4433 2161 4488 corpo-

580 4510 752 4579 rales,
787 4512 879 4580 qui
935 4510 1119 4564 volunt
1166 4509 1274 4564 Deo
1326 4522 1525 4578 corpus
1575 4509 1728 4573 dare,
1791 4509 2155 4576 respondeant
2187 4547 2232 4602 Β

578 4604 757 4668 nobis,
807 4603 896 4657 illa
941 4617 1132 4656 manus
1159 4616 1360 4671 corpus
1393 4610 1510 4656 erat
1561 4608 1655 4652 aut
1685 4614 1788 4653 non
1825 4601 2066 4670 corpus?
2094 4600 2153 4656 Si

576 4711 810 4765 corpus;
846 4695 964 4749 sine
1005 4693 1245 4747 humeris
1273 4708 1376 4746 non
1411 4703 1716 4757 moveatur,
1753 4691 1868 4744 sine
1893 4700 2006 4744 toto
2038 4708 2158 4746 cor-

573 4802 708 4856 pore
740 4803 845 4842 non
887 4788 958 4841 sit
991 4801 1202 4840 manus.
1235 4785 1292 4839 Si
1324 4794 1504 4839 autem
1537 4792 1764 4854 apparet
1814 4799 2005 4838 manus
2033 4823 2047 4847 ,
2100 4793 2155 4840 et

573 4878 763 4933 scribit
796 4893 1009 4943 manus,
1043 4885 1100 4931 et
1126 4876 1330 4930 recedit
1378 4892 1606 4940 manus;
1661 4888 1990 4946 agnoscatur
2035 4892 2154 4946 qua:

571 4980 657 5024 est
697 4979 889 5024 natura
940 4969 1165 5024 visionis
1215 4969 1514 5039 praesentis.
1549 4967 1921 5037 lmportumnn
1966 4978 2150 5022 autem

571 5075 678 5115 non
705 5069 788 5115 est
815 5059 1130 5130 adjungere,
1164 5074 1260 5113 cur
1291 5067 1347 5112 et
1386 5072 1597 5112 manus.
1649 5056 1706 5112 Si
1744 5058 1890 5111 enim
1914 5057 2028 5126 jam
2072 5056 2152 5110 di-

568 5139 714 5207 ctum
739 5161 844 5217 est,
871 5153 994 5222 quia
1011 5153 1299 5222 oportebat
1327 5152 1654 5206 sententiam
1687 5150 1876 5214 scribi,
1897 5151 1988 5204 sed
2012 5147 2152 5204 forte

570 5244 692 5300 ideo
715 5257 810 5314 per
833 5258 1072 5309 manum,
1104 5243 1232 5314 quia
1257 5252 1312 5296 et
1333 5251 1482 5312 pater
1500 5241 1660 5311 hujus
1693 5241 1835 5308 regis
1860 5240 2150 5293 adversum

569 5353 728 5409 quem
763 5337 866 5391 ista
913 5338 1182 5394 sententia
1219 5336 1420 5404 scripta
1451 5345 1566 5397 est,
1603 5333 1673 5387 ob
1716 5333 1898 5403 populi
1953 5333 2148 5387 delicta

567 5433 744 5501 potuit
773 5440 828 5486 et
856 5428 1110 5502 populum
1161 5441 1347 5484 tenere
1375 5438 1430 5482 et
1482 5427 1761 5494 templum.
1797 5425 1863 5478 Et
1892 5425 2146 5494 populum

563 5520 784 5592 quidem
817 5520 1045 5575 adduxit
1092 5521 1388 5590 captivum.
1444 5518 1750 5572 Condicens
1793 5525 1972 5569 autem
2019 5515 2143 5585 quia

2276 3297 2356 3350 Ad
2410 3301 2822 3356 ostentationem
2877 3305 3073 3373 quippe
3118 3306 3242 3373 quia
3295 3323 3491 3378 corpus
3539 3323 3626 3367 est
3681 3313 3871 3382 Deus;

2275 3394 2540 3446 sententia
2580 3402 2759 3448 autem
2806 3395 3059 3450 virtutem
3095 3413 3405 3454 sermonum
3442 3404 3699 3471 exhibet,
3744 3411 3872 3477 quia

2276 3484 2511 3538 maxime
2541 3486 2736 3541 exhinc
2775 3481 3130 3558 incorporalis
3167 3494 3468 3548 ostenditur
3506 3496 3679 3553 Deus.
3740 3501 3875 3566 Quis

2273 3579 2416 3632 enim
2451 3579 2661 3648 ignorat
2694 3596 2906 3636 omnem
2945 3584 3034 3652 qui
3077 3585 3250 3642 oculis
3301 3587 3490 3654 utitur,
3525 3592 3657 3659 quia
3711 3595 3878 3648 oculo

2272 3675 2537 3744 contingit
2588 3691 2650 3728 ea
2699 3675 2882 3730 videre
2936 3691 3054 3744 qua:
3109 3679 3344 3733 adsunt?
3394 3697 3512 3750 qua:
3571 3693 3770 3740 autem
3819 3688 3872 3739 ia

2271 3769 2564 3821 crastinum
2597 3777 2690 3821 aut
2731 3779 2852 3838 post
2886 3784 3106 3835 parvam
3157 3773 3365 3840 horam,
3407 3784 3500 3828 aut
3560 3789 3693 3845 post
3755 3796 3871 3834 ωο-

2270 3870 2510 3914 mentum
2546 3860 2696 3926 iient,
2748 3879 2852 3918 non
2912 3865 3058 3922 videt
3109 3867 3340 3922 oculus:
3380 3868 3615 3925 Danielis
3679 3885 3872 3931 autem

2267 3953 2424 4018 visio,
2466 3956 2676 4010 initium
2705 3957 2921 4026 quidem
2958 3959 3118 4014 habet
3143 3975 3173 4014 a
3214 3960 3317 4022 lea,
3348 3972 3468 4030 post
3498 3962 3640 4017 leam
3681 3979 3876 4023 autem

2268 4044 2566 4102 introducit
2622 4065 2849 4116 ursum,
2934 4054 3153 4107 tertium
3211 4054 3410 4109 animal
3473 4065 3528 4109 ut
3588 4063 3877 4126 pardum.

2265 4150 2515 4207 quartum
2543 4141 2648 4196 tale
2679 4142 2831 4209 cujus
2867 4154 3057 4197 natura
3099 4145 3238 4212 apud
3279 4161 3379 4200 nos
3417 4161 3518 4201 non
3556 4147 3882 4208 invenitur.

2263 4227 2613 4302 lnterrogabo
2647 4234 2912 4288 volentem
2939 4237 3288 4301 contendere,
3340 4237 3422 4293 lea
3466 4253 3702 4309 regnum
3743 4257 3838 4301 est
3861 4248 3886 4300 1'

2265 4322 2321 4377 Si
2348 4325 2491 4377 enim
2535 4327 2676 4394 quod
2702 4326 2834 4381 vidit
2865 4328 3052 4383 Daniel
3078 4340 3196 4384 erat
3223 4331 3451 4398 visibile,
3499 4331 3644 4388 learn
3677 4350 3889 4394 autem

2263 4415 2433 4479 vidit;
2466 4433 2569 4472 non
2613 4419 2746 4473 vidit
2774 4435 3018 4490 regnum,
3049 4426 3142 4476 sed
3170 4423 3331 4476 leam.
3366 4423 3443 4479 Ne
3474 4424 3644 4496 igitur
3684 4445 3893 4484 remo-

2263 4522 2484 4564 veamus
2535 4509 2763 4573 dictum,
2822 4512 3159 4581 Scripturam
3223 4515 3526 4571 videamus.
3585 4519 3651 4573 Si
3715 4526 3896 4580 enim

2262 4597 2375 4668 ipse
2430 4597 2617 4654 Daniel
2686 4600 3096 4671 interpretans,
3167 4615 3260 4658 aut
3314 4607 3749 4678 interpretatam
3819 4621 3898 4671 ab

2261 4689 2453 4759 angelo
2503 4691 2764 4747 visionem
2793 4695 2963 4759 audit,
3032 4697 3157 4765 quia
3203 4698 3446 4767 primum
3489 4716 3736 4772 regnum
3799 4720 3904 4765 est

2259 4781 2658 4848 Chaldaeorum,
2717 4783 2946 4841 intueris
2986 4788 3111 4857 quia
3149 4790 3292 4858 quod
3341 4791 3514 4846 visum
3569 4805 3710 4860 est,
3799 4800 3902 4855 lea

2257 4881 2412 4938 erat;
2446 4873 2587 4941 quod
2619 4883 2799 4930 autem
2831 4877 3239 4948 interpretatur,
3273 4897 3518 4952 regnum.
3566 4887 3688 4941 Aut
3719 4893 3912 4948 dicat

2259 4962 2349 5031 qui
2379 4963 2632 5030 voluerit,
2659 4978 2818 5036 putas
2848 4968 2958 5023 fera
2988 4970 3166 5040 aliqua
3205 4983 3356 5038 erat,
3393 4984 3446 5030 et
3485 4976 3722 5034 vivebat
3757 5001 3782 5049 ;
3847 4999 3915 5042 et.

2263 5055 2387 5131 talis
2415 5057 2624 5126 qualem
2659 5060 2790 5113 vidit
2836 5061 3069 5117 Daniel?
3127 5064 3184 5119 Si
3221 5074 3399 5120 autem
3436 5067 3684 5140 insignia
3740 5081 3918 5135 vidit

2263 5150 2447 5218 regni,
2517 5151 3018 5222 interpretationem
3071 5166 3251 5212 autem
3303 5161 3542 5230 agnovit,
3603 5166 3917 5230 visiones

2259 5253 2546 5308 corporeas
2575 5241 2753 5298 facere
2784 5262 2888 5299 non
2919 5247 3197 5304 debemus.
3240 5249 3410 5305 Ursus
3448 5260 3636 5305 autem
3689 5271 3922 5330 appa.

2259 5332 2412 5384 rebat
2435 5336 2705 5390 secundus
2737 5347 2851 5406 post
2879 5338 3038 5405 leam,
3065 5351 3119 5394 et
3155 5341 3259 5394 tria
3288 5340 3458 5396 latera
3482 5357 3652 5400 erant
3683 5349 3768 5404 in
3799 5373 3926 5415 ore

2257 5419 2391 5487 ejus.
2433 5420 2598 5478 Putas
2635 5425 2759 5495 quia
2802 5437 2856 5482 et
2901 5427 3069 5482 latera
3113 5430 3232 5486 viva
3273 5441 3446 5497 erant,
3483 5442 3540 5488 et
3580 5439 3772 5495 unde
3845 5464 3926 5502 ea

2256 5515 2450 5582 accipit
2495 5518 2698 5572 ursus?
2753 5518 2917 5576 Putas
2961 5521 3180 5594 aliquod
3247 5524 3449 5579 animal
3519 5541 3936 5604 expugnans

636 5660 682 5690 ⁷⁸
709 5659 862 5713 Deut.
906 5674 999 5722 vn,
1030 5657 1080 5711 5.
1161 5655 1206 5686 ⁸⁸
1238 5655 1408 5709 Exod.
1450 5671 1564 5719 xu,
1597 5653 1682 5708 1‘2.
1757 5652 1799 5684 ⁸¹
1836 5651 1966 5710 Dan.
1994 5666 2044 5718 V,
2073 5651 2126 5721 5,

2277 5652 2374 5710 lsa.
2403 5671 2513 5723 xxv,
2545 5656 2628 5713 15.
2718 5658 2762 5691 ⁸³
2791 5660 2922 5714 Dan.
2957 5675 3051 5728 vn,
3083 5660 3136 5717 9.

630 5796 748 5868 (78)
784 5798 1152 5853 :iiubitionem.
1177 5795 1228 5851 Id
1253 5807 1357 5864 est,
1392 5795 1663 5852 ambitum.
