4100 6456
283 357 417 432 uss

1060 353 1148 408 DE
1186 353 1274 410 EO
1312 351 1498 420 QUOD
1530 350 1711 408 DEUS
1748 351 1978 407 PATER
2017 349 2519 407 INCORPORAIJS
2557 352 2707 408 EST.

3400 356 3533 411 H66

276 475 424 545 quod
458 473 513 528 in
538 471 933 530 consuetudine
971 479 1056 526 est
1097 470 1238 540 apud
1277 483 1409 534 nos;
1444 476 1537 522 aut
1570 469 1858 538 signiﬁcat,
1887 475 1934 531 Α
1965 465 2146 521 futura
2177 476 2363 530 erant;
2417 465 2542 535 quia
2583 479 2704 535 qua:
2758 465 2945 534 incipit
2992 466 3192 531 videre,
3241 482 3345 522 non
3395 471 3540 525 videt

276 563 400 638 qtiia
439 581 536 637 per
575 567 678 621 tria
729 565 904 620 latera
990 571 1100 618 tres
1159 561 1409 630 regiones
1461 560 1677 616 habebit
1731 559 1861 615 illud

277 663 572 716 secundum
625 672 871 730 regnum.
925 656 1145 713 Tertius
1195 664 1374 711 autem
1405 655 1606 723 pardus
1643 654 1858 724 quidem

276 761 396 809 erat
422 762 684 822 quantum
737 751 805 806 ad
830 750 1116 816 visionem,
1167 756 1403 818 quatuor
1447 756 1627 800 autem
1681 745 1858 814 capita

278 845 534 900 habebat.
595 844 802 913 Siquis
861 851 1037 897 autem
1089 853 1330 896 vestrum
1377 841 1513 894 vidit
1556 840 1610 894 in
1666 849 1858 894 natura

278 947 514 1007 quatuor
563 935 739 1005 capita
801 933 1024 1003 pardum
1085 931 1398 998 habentem,
1445 933 1516 986 sit
1566 929 1777 986 visibile
1802 940 1858 985 et

278 1029 478 1084 animal
500 1029 660 1083 istud.
709 1027 765 1080 Si
807 1035 986 1079 autem
1018 1035 1269 1080 naturam
1302 1024 1587 1091 convertit,
1617 1021 1856 1079 forman-

281 1132 368 1177 tur
385 1131 560 1177 autem
587 1134 751 1190 regna
776 1133 872 1185 per
898 1117 1204 1173 istiusmodi
1235 1117 1497 1182 visiones,
1528 1116 1596 1170 ad
1628 1130 1855 1185 corpora

281 1226 384 1265 non
416 1209 820 1279 compellamus.
873 1208 1067 1274 Quarti
1098 1217 1280 1262 autem
1319 1206 1568 1262 animalis
1600 1207 1652 1261 in
1680 1215 1853 1262 totum

280 1319 377 1358 nec
416 1304 663 1374 [iguratio
700 1314 783 1359 est
830 1305 1030 1373 posita,
1090 1317 1158 1357 eo
1218 1301 1360 1372 quod
1409 1301 1751 1356 immutatum
1801 1310 1856 1358 et

277 1410 472 1450 novum
499 1411 532 1449 a
561 1396 772 1450 caeteris
805 1395 1110 1458 videbatur,
1137 1403 1194 1449 ut
1226 1409 1294 1449 ne
1319 1395 1533 1463 quidem
1560 1395 1854 1452 similitudo

276 1488 330 1543 in
357 1503 422 1545 eo
451 1486 676 1557 alicujus
701 1488 949 1543 animalis
979 1487 1284 1543 inveniatur
1313 1505 1326 1541 :
1353 1488 1466 1542 haec
1492 1487 1622 1541 vidit
1643 1487 1848 1542 Daniel.

276 1578 347 1633 Et
397 1588 524 1633 ante
581 1579 695 1634 hac
726 1594 740 1632 :
774 1576 920 1643 Vidi,
966 1577 1162 1646 inquit,
1223 1588 1458 1646 quatuor
1513 1586 1691 1631 ventos
1737 1575 1853 1630 caeli

274 1668 604 1723 imminentes
628 1669 684 1723 in
710 1669 846 1721 mari
876 1683 1066 1737 magno
1121 1667 1188 1722 ⁸⁸.
1237 1666 1400 1723 Putas
1439 1677 1494 1724 et
1539 1669 1682 1723 venti
1719 1668 1849 1722 visi-

274 1761 412 1817 biles
458 1761 646 1816 fuere?
678 1761 918 1827 Quatuor
959 1768 1139 1815 autem
1193 1759 1351 1815 simul
1400 1759 1765 1814 immittuntur
1794 1760 1848 1814 in

1970 573 2090 628 quae
2124 559 2393 621 videntur,
2445 557 2539 611 sed
2587 557 2732 611 videt
2776 573 2894 626 qua:
2937 574 3043 613 non
3091 559 3358 614 videntur.
3415 560 3540 616 Iden

1961 658 2146 704 autem
2210 660 2264 703 et
2308 649 2645 717 nuncupatio
2699 661 2816 702 erat
2866 651 3250 720 prophetatum
3301 652 3423 718 ista,
3483 665 3542 708 ut

1959 742 2268 796 dicerentur
2305 743 2397 811 qui
2432 742 2616 796 vident
2647 759 2660 794 :
2693 741 2819 810 quia
2859 744 3002 795 enim
3043 753 3096 796 et
3126 742 3261 812 apud
3299 759 3395 800 nos
3419 747 3541 814 qui-

1959 833 2082 888 dam
2113 833 2329 901 vident,
2380 834 2601 903 quidam
2639 848 2743 888 non
2774 833 2976 899 vident,
3008 843 3063 888 et
3095 836 3162 888 ad
3192 851 3367 892 caecos
3393 852 3544 893 como-

1958 926 2168 996 paratio
2195 935 2278 981 est
2304 940 2492 981 eorum
2516 924 2608 996 qui
2637 925 2842 988 vident,
2874 936 2928 980 et
2951 927 3240 984 diversitas
3263 939 3318 983 et
3339 931 3539 985 discre-

1958 1019 2034 1073 tio
2053 1026 2155 1074 est.
2194 1017 2392 1074 Sumus
2425 1030 2603 1075 autem
2647 1028 2909 1090 quantum
2937 1020 3002 1073 ad
3049 1020 3538 1076 considerationem

1958 1111 2224 1166 visionum
2275 1126 2381 1167 non
2431 1112 2695 1168 videntes.
2758 1112 2955 1168 Vident
3008 1121 3186 1166 autem
3237 1114 3533 1182 propheta:.

1957 1218 2076 1273 quae
2118 1218 2216 1258 nos
2262 1218 2368 1258 non
2425 1202 2693 1258 videmus.
2749 1204 2828 1257 Ex
2897 1204 3008 1272 ipsa
3062 1218 3190 1272 ergo
3246 1202 3536 1259 eiﬁcientia

1955 1305 2284 1366 acceperunt
2323 1305 2380 1350 et
2421 1296 2872 1364 nuncupationem
2915 1297 3006 1364 qui
3055 1296 3384 1350 vocabantur
3408 1312 3535 1366 pro-

1953 1389 2129 1458 phetae
2175 1389 2474 1443 secundum
2543 1397 2786 1444 veterem
2848 1403 3066 1454 vocem,
3123 1405 3244 1443 cum
3303 1389 3538 1444 maxime

1953 1489 2280 1550 exceperunt
2331 1479 2414 1535 his
2456 1480 2547 1551 qui
2590 1480 2792 1536 vident.
2845 1480 2996 1535 Unde
3041 1490 3095 1535 et
3132 1483 3310 1537 multae
3343 1483 3534 1538 inscri-

1951 1573 2161 1642 ptiones
2196 1571 2330 1627 tales
2376 1571 2743 1636 inveniuntur,
2796 1572 2920 1627 dum
2975 1574 3150 1626 dicit:
3197 1573 3337 1627 Visio
3375 1592 3532 1645 quant

1951 1667 2078 1720 uidit
2133 1665 2310 1720 Isaias
2373 1666 2620 1719 adversus
2679 1664 3016 1735 Egyptum:
3059 1663 3199 1718 Visio
3255 1666 3534 1726 adversum

1951 1758 2300 1829 Babyloniam
2342 1759 2412 1812 ⁸⁸.
2445 1758 2581 1824 Quia
2626 1758 2790 1828 igitur
2827 1761 3100 1823 videbant,
3151 1769 3208 1814 ut
3257 1761 3533 1824 videbant,

275 1851 430 1904 mari.
471 1851 538 1905 Et
580 1865 732 1906 mare
769 1850 924 1915 vidit,
964 1849 1054 1905 ubi
1097 1864 1264 1920 agens
1290 1863 1527 1919 przesens
1555 1865 1724 1917 mare,
1761 1858 1854 1905 aut
1880 1844 1929 1904 Β
1957 1851 2214 1906 videbant
2252 1861 2433 1906 autem
2467 1859 2660 1906 nonut
2690 1851 2958 1906 homines.
3010 1850 3138 1918 Quae
3196 1867 3323 1922 ergo
3363 1854 3534 1909 oculis

275 1957 380 1997 non
409 1956 647 2012 praesens
675 1943 982 2012 conspexit.
1040 1939 1108 1993 Et
1139 1952 1384 2012 quatuor,
1432 1940 1628 2010 inquit,
1669 1956 1853 1994 ascen-

273 2036 462 2089 debant
493 2035 618 2104 [erce
656 2035 718 2089 de
763 2035 902 2087 mari
931 2033 976 2066 ⁸⁵
1008 2053 1021 2087 :
1055 2034 1138 2088 lea
1178 2049 1244 2087 ex
1288 2033 1445 2100 mari,
1475 2043 1530 2087 et
1579 2049 1740 2088 ursus
1783 2047 1850 2087 ex

278 2127 436 2192 mari,
468 2136 522 2180 et
545 2127 743 2196 pardus
765 2141 832 2180 ex
859 2125 1016 2180 mari.
1047 2125 1273 2179 Intueris
1291 2124 1415 2194 quia
1433 2125 1850 2197 ipsa'Scriptura

277 2233 372 2285 per
416 2232 478 2272 ea
512 2232 632 2287 quae
663 2217 877 2272 videtur
928 2217 1134 2287 ligare,
1194 2232 1292 2286 per
1339 2216 1527 2272 eadem
1573 2226 1628 2273 et
1667 2217 1846 2272 solvit.

280 2307 422 2364 Mare
461 2310 513 2365 in
548 2309 652 2364 illis
683 2325 788 2364 non
821 2309 1125 2375 eratlocis,
1174 2309 1263 2364 ubi
1295 2319 1414 2365 erat
1461 2309 1669 2366 Daniel.
1715 2310 1850 2367 Puta

274 2403 400 2471 quia
436 2409 555 2456 erat
601 2402 704 2467 lea,
746 2410 801 2456 et
825 2416 983 2456 ursus
1024 2410 1080 2457 et
1123 2401 1325 2469 pardus
1353 2409 1408 2457 et
1460 2417 1657 2456 novum
1715 2403 1844 2458 illud

273 2494 474 2549 animal
506 2513 520 2550 :
549 2510 616 2550 ex
647 2495 784 2550 mari
807 2493 1080 2565 quomodo
1104 2494 1450 2549 ascendunt?
1485 2494 1640 2550 Venti
1671 2506 1848 2548 autem

274 2587 546 2657 quomodo
601 2588 890 2643 videntur?
957 2588 1093 2644 Puta
1159 2589 1282 2657 quia
1359 2587 1472 2642 visa
1536 2596 1665 2641 sunt
1723 2586 1847 2643 ista.

272 2680 534 2736 Ascendit
560 2680 644 2736 lea
669 2697 736 2736 ex
765 2682 923 2749 tnari,
961 2683 1232 2752 quomodo
1257 2696 1480 2750 regnum
1509 2680 1564 2735 in
1595 2690 1759 2736 terra.
1791 2681 1850 2735 Si

272 2784 450 2826 autem
475 2788 698 2842 regnum
725 2773 776 2827 in
807 2783 952 2828 terra
989 2783 1092 2838 est,
1129 2788 1232 2827 non
1276 2782 1358 2827 est
1395 2772 1507 2841 jam
1553 2773 1635 2826 lea
1665 2794 1675 2826 :
1707 2772 1856 2840 quod

271 2863 416 2916 enim
444 2863 614 2916 visum
638 2870 721 2916 est
753 2861 895 2916 aliud
925 2871 1067 2927 erat,
1117 2863 1260 2931 quod
1298 2870 1476 2914 autem
1532 2860 1851 2930 interpreta-

275 2963 384 3008 tum
429 2955 594 3011 aliud.
649 2953 756 3008 Sed
809 2964 934 3024 puta
999 2954 1128 3024 quia
1176 2953 1432 3008 transfert
1469 2963 1525 3008 et
1583 2953 1720 3008 leam
1781 2954 1849 3008 ad

272 3059 496 3116 regnum
527 3063 541 3100 :
574 3046 962 3116 interpretatur
1003 3048 1146 3100 enim
1183 3044 1407 3114 angelus
1432 3044 1480 3099 ei
1508 3045 1597 3115 qui
1642 3045 1851 3100 viderat

271 3149 325 3196 et
360 3141 596 3210 reliquas
625 3140 767 3195 feras
791 3139 1209 3209 unumquodque
1236 3139 1290 3193 in
1318 3154 1414 3193 sua
1437 3139 1844 3196 constitutione.

275 3229 334 3287 Si
361 3232 464 3285 ista
501 3232 643 3285 enim
675 3246 792 3300 qua:
823 3233 962 3299 apud
1006 3245 1102 3284 nos
1141 3240 1266 3285 sunt
1297 3239 1353 3285 et
1382 3231 1610 3285 visibilia
1639 3231 1844 3286 haben-

278 3331 388 3386 tur,
434 3321 820 3376 transferamus
851 3322 918 3375 ad
964 3321 1276 3387 invisibilia,
1330 3331 1384 3378 et
1430 3323 1674 3379 dicamus
1719 3324 1846 3393 quia

275 3430 380 3468 non
429 3415 667 3478 aderant,
717 3414 809 3469 sed
846 3416 958 3470 visa
1010 3425 1169 3482 sunt;
1199 3425 1255 3470 et
1292 3417 1429 3471 visio
1461 3425 1584 3482 est,
1627 3427 1683 3472 et
1739 3433 1844 3472 non

275 3517 480 3559 naturae
511 3505 808 3574 progenies.
851 3505 1218 3562 Transeamus
1250 3507 1314 3562 ad
1351 3507 1540 3572 Deum,
1571 3508 1660 3562 ubi
1692 3509 1848 3564 sedes

270 3605 398 3652 sunt
449 3597 669 3665 positae;
729 3606 784 3652 et
846 3599 955 3669 jam
1023 3613 1128 3653 non
1188 3598 1431 3654 dicamus
1494 3599 1650 3655 sedes
1701 3599 1846 3654 aliud

272 3686 500 3758 aliquid,
551 3691 643 3745 sed
684 3692 828 3760 ipsas
866 3693 1022 3747 sedes
1055 3701 1148 3748 :et
1174 3705 1277 3746 non
1308 3691 1418 3762 jam
1448 3691 1691 3748 dicamus
1720 3692 1845 3762 quia

273 3781 424 3835 visus
450 3791 530 3835 est
554 3781 643 3850 qui
677 3797 780 3836 non
804 3792 885 3838 est
915 3784 1164 3849 visibilis,
1193 3785 1286 3840 sed
1311 3785 1443 3840 visio
1463 3794 1564 3839 est.
1597 3783 1844 3840 .ludicem

274 3871 613 3928 introducere
632 3873 828 3927 audeat
843 3873 933 3944 qui
955 3875 1082 3942 vult,
1110 3875 1188 3930 sic
1205 3875 1448 3930 concedit
1476 3876 1522 3929 ei
1546 3875 1843 3946 Scriptura.

275 3965 582 4020 Meminisse
632 3975 808 4019 autem
863 3976 1072 4036 oportet
1114 3967 1238 4036 quia
1293 3968 1657 4038 suggessimus
1703 3969 1846 4037 quod

273 4058 514 4126 suggerit
549 4065 603 4111 et
636 4067 850 4121 natura,
895 4059 1020 4127 quia
1066 4058 1205 4114 oculi
1259 4057 1438 4114 futura
1487 4076 1593 4113 non
1639 4059 1843 4115 vident.

273 4145 459 4214 Neque
516 4156 637 4217 post
695 4148 972 4218 quodlibet
1051 4161 1384 4206 momentum
1461 4150 1542 4204 lea
1609 4151 1844 4220 primum

277 4253 497 4307 regnum
533 4249 658 4296 tunc
695 4242 794 4296 sub
840 4241 1060 4298 Daniele
1110 4253 1246 4311 erat,
1275 4258 1538 4313 ursusque
1580 4242 1695 4310 ejus
1718 4257 1845 4299 suc-

274 4335 441 4388 cessit
490 4348 654 4403 regno
691 4336 932 4403 :pardus
968 4336 1188 4390 tertium
1235 4351 1478 4406 regnum.
1534 4336 1647 4391 Non
1699 4339 1844 4393 enim

274 4439 599 4494 unoquoque
641 4425 859 4480 animali
899 4441 1144 4495 regnum,
1201 4429 1296 4481 sed
1341 4443 1674 4498 unaquaque
1728 4431 1843 4485 fera

1954 1941 2232 1996 hominum
2268 1956 2372 1996 non
2402 1941 2676 2006 videntur,
2711 1956 2818 1996 non
2849 1952 2976 1995 sunt
3013 1944 3338 2012 corporalia.
3387 1942 3536 1998 Vidit

1953 2032 2141 2087 Daniel
2173 2050 2187 2087 :
2216 2033 2344 2103 quid
2369 2032 2540 2086 vidit?
2562 2035 2684 2103 quia
2717 2037 2862 2087 sedes
2885 2047 3004 2087 sunt
3025 2035 3230 2100 positae.
3268 2032 3533 2100 Quando?

1955 2121 2012 2177 Si
2055 2123 2200 2176 enim
2245 2121 2510 2193 judicium
2557 2124 2732 2190 vidit,
2773 2133 2900 2178 tunc
2943 2125 3128 2194 utique
3179 2141 3300 2180 cum
3352 2125 3535 2196 quarti

1954 2215 2104 2284 regni
2165 2215 2514 2286 interemptio
2561 2215 2742 2270 futura
2789 2226 2899 2272 est.
2949 2217 3144 2272 Iterum
3189 2228 3366 2273 tamen
3409 2233 3532 2273 cum

1952 2306 2070 2362 haec
2118 2307 2354 2371 videret,
2412 2322 2519 2362 non
2566 2307 2768 2363 ﬂebant
2808 2324 2872 2363 ea
2925 2324 3046 2378 qum
3112 2309 3350 2365 videbat.
3425 2309 3536 2365 Cur

1952 2408 2132 2454 autem
2173 2410 2226 2455 et
2257 2400 2416 2455 sedes
2451 2399 2616 2464 videt,
2649 2401 2923 2454 Iudicium
2967 2402 3125 2464 sedit,
3156 2400 3290 2454 visio
3316 2399 3382 2454 ad
3417 2398 3533 2454 eiii-

1952 2491 2208 2546 cientiam
2235 2492 2378 2546 facta
2416 2501 2500 2548 est
2531 2493 2629 2547 rei.
2686 2491 2820 2558 Quia
2853 2493 2996 2547 enim
3021 2493 3161 2562 apud
3193 2508 3290 2547 nos
3323 2491 3533 2561 judices

1953 2585 2006 2637 in
2038 2583 2166 2638 sede
2187 2585 2438 2639 sedentes
2471 2584 2716 2640 subditos
2745 2584 2846 2639 sibi
2873 2583 3145 2652 judicant,
3184 2584 3336 2651 dicit,
3369 2583 3532 2638 Sedes

1952 2685 2071 2730 sunt
2104 2677 2311 2746 positw.
2349 2678 2415 2732 Et
2467 2689 2616 2733 certe
2661 2677 2707 2732 si
2762 2677 2883 2733 talis
2929 2688 3075 2734 esset
3114 2679 3255 2733 Deus
3309 2687 3528 2743 natura,

1953 2785 2060 2823 non
2095 2769 2282 2824 debuit
2313 2770 2520 2834 dicere,
2571 2770 2758 2840 positae
2801 2778 2926 2825 sunt
2969 2771 3148 2838 sedes,
3197 2771 3314 2836 sed,
3351 2780 3528 2826 erant.

1953 2859 2009 2914 Si
2032 2870 2214 2914 autem
2233 2862 2419 2931 posita:
2447 2873 2573 2916 sunt
2593 2877 2715 2932 qua:
2739 2877 2844 2917 non
2869 2872 3018 2917 erant
3047 2874 3206 2916 antea
3232 2863 3528 2926 collocatae,

1952 2959 2006 3006 et
2038 2953 2178 3006 sedit
2209 2953 2300 3021 qui
2334 2963 2462 3008 ante
2498 2968 2603 3008 non
2636 2953 2892 3020 sedebat;
2915 2970 3044 3026 ergo
3068 2969 3166 3010 nec
3193 2963 3322 3008 tunc
3345 2954 3534 3024 posita:

1951 3052 2099 3110 sunt,
2127 3059 2227 3100 nec
2257 3054 2384 3100 tunc
2409 3049 2550 3102 sedit
2572 3064 2585 3101 :
2606 3049 2701 3104 sed
2727 3049 2963 3103 ostendit
2980 3063 3076 3117 per
3095 3064 3158 3102 ea
3179 3062 3297 3117 qua:
3316 3047 3532 3117 cognita

1954 3145 2078 3190 sunt
2135 3135 2290 3192 nobis
2355 3138 2518 3192 verba
2571 3139 2916 3195 eﬂicientiam
2968 3139 3063 3194 Dei
3128 3140 3196 3193 ad
3247 3139 3530 3208 judicium.

1954 3229 2191 3298 Denique
2217 3241 2273 3285 et
2304 3232 2588 3301 descripsit
2623 3233 2731 3287 illic
2762 3233 2913 3287 albos
2956 3233 3200 3300 capillos,
3245 3232 3530 3287 candidam

1950 3330 2177 3388 vestem,
2218 3322 2395 3390 ignem
2441 3333 2570 3378 ante
2599 3323 2859 3393 judicem,
2918 3331 2975 3378 et
3021 3322 3242 3376 ﬂuvium
3287 3323 3543 3393 igneum.~

1953 3415 2094 3470 Dicit
2113 3416 2255 3470 enim
2280 3417 2406 3487 quia
2442 3416 2694 3473 Vetustas
2721 3419 2926 3472 dierum
2956 3419 3112 3472 sedit.
3145 3417 3254 3473 Cur
3279 3429 3522 3473 vetustus

1951 3507 2200 3560 dierum?
2249 3507 2316 3562 Et
2362 3517 2509 3563 certe
2539 3523 2608 3564 ne
2635 3509 2852 3578 quidem
2887 3509 3001 3564 dies
3033 3525 3168 3574 opus
3197 3520 3327 3564 sunt
3363 3510 3474 3564 Deo
3511 3529 3524 3564 :

1949 3597 2040 3653 sed
2071 3600 2196 3668 quia
2240 3600 2563 3656 resurrectio
2594 3600 2757 3656 ﬂebat
2791 3601 2845 3656 in
2875 3602 3021 3656 exitu
3057 3611 3274 3656 aetatum
3309 3618 3528 3672 regum,

1951 3691 2178 3744 multum
2217 3701 2426 3761 tempus
2457 3694 2824 3748 necessarium
2855 3693 3178 3749 habebatur.
3224 3694 3356 3760 Quia
3383 3696 3529 3749 enim

1949 3799 2044 3852 per
2073 3784 2268 3839 multos
2303 3786 2419 3840 dies
2462 3785 2850 3854 expediebatur
2895 3787 3061 3851 istud,
3091 3785 3373 3842 Vetustum
3415 3787 3531 3841 die-

1949 3889 2068 3929 rum
2103 3877 2352 3930 nominat
2383 3875 2646 3945 judicem.
2689 3876 2752 3929 Et
2780 3877 2906 3946 quia
2944 3879 3201 3933 mundum
3233 3886 3350 3933 erat
3381 3877 3531 3946 judic

1948 3969 2089 4024 cium
2153 3977 2209 4023 et
2260 3969 2610 4038 purissimum
2644 4010 2660 4035 ,
2719 3980 2773 4024 et
2832 3969 3156 4039 inﬂexibile;
3192 3972 3300 4027 albi
3351 3972 3528 4042 capilli

1948 4063 2134 4117 mundi
2153 4063 2369 4130 judicis,
2406 4071 2462 4117 et
2491 4062 2721 4117 candida
2756 4063 2874 4134 ejus
2907 4065 3224 4120 vestimenta
3257 4074 3310 4120 et
3335 4066 3531 4120 imum-

1946 4153 2124 4207 culata
2159 4152 2414 4207 dicuntur
2446 4168 2458 4204 :
2493 4153 2614 4208 ideo
2639 4162 2696 4207 et
2727 4153 2905 4224 capilli
2933 4153 3078 4220 albi,
3119 4155 3234 4210 sive
3283 4163 3526 4209 vetusta-

1950 4252 2055 4296 tem
2101 4243 2484 4298 aununtiantes
2537 4253 2596 4299 et
2635 4244 2774 4314 ipsi,
2820 4245 2936 4300 sive
2983 4246 3169 4315 judicii
3212 4248 3525 4315 puritatem.

1947 4333 2060 4403 Ego
2081 4343 2260 4388 autem
2292 4345 2347 4390 et
2379 4337 2694 4407 contingere
2731 4337 3039 4392 istiusmodi
3080 4337 3318 4390 habitum
3358 4336 3525 4406 perti-

1948 4439 2149 4480 mesco.
2203 4425 2259 4478 Si
2320 4437 2500 4481 autem
2549 4444 2656 4483 non
2714 4437 2834 4482 erat
2880 4428 3022 4496 quod
3062 4427 3350 4492 diceretur,
3381 4429 3526 4496 quod

275 4531 497 4586 regnum
532 4525 616 4570 est
665 4517 869 4572 habens
910 4518 1106 4572 multos
1148 4533 1320 4588 reges.
1376 4519 1515 4590 Ergo
1559 4535 1727 4590 usque
1777 4522 1844 4576 ad
1878 4550 1920 4604 ο
1948 4524 2131 4585 posset
2155 4518 2407 4572 omnibus
2435 4518 2604 4572 videri
2637 4518 2892 4572 recedere
2933 4516 3001 4570 ab
3027 4517 3326 4571 istiusmodi
3362 4532 3526 4572 BellSll

270 4619 528 4674 quartum
553 4622 775 4676 regnum
817 4608 968 4662 multi
1003 4623 1174 4678 reges.
1211 4607 1340 4664 Post
1381 4620 1630 4678 quartum
1663 4621 1840 4664 autem

271 4713 497 4767 regnum
545 4697 804 4766 judicium
856 4700 1138 4753 adversum
1202 4711 1452 4770 quatuor,
1518 4709 1572 4756 et
1615 4711 1844 4770 quatuor

270 4804 380 4846 non
415 4789 698 4845 adversum
734 4790 987 4859 primum.
1026 4789 1210 4844 Daniel
1241 4801 1419 4846 autem
1459 4801 1514 4845 et
1555 4793 1750 4860 primo,
1790 4803 1845 4848 et

269 4880 529 4944 secundo,
581 4889 635 4934 et
680 4881 861 4947 tertio,
896 4890 950 4935 et
989 4889 1184 4950 quarto
1219 4896 1384 4950 regno
1415 4881 1678 4950 judicium
1718 4896 1840 4954 post

272 4972 624 5028 novissimum
648 4982 934 5042 quartum,
965 4973 1016 5026 in
1054 4988 1160 5028 uno
1195 4984 1466 5028 momento
1497 4974 1653 5028 vidit.
1693 4973 1840 5030 Nun-

270 5064 401 5134 quid
440 5073 662 5133 possunt
689 5065 914 5119 adunari
939 5080 999 5118 ea
1031 5081 1149 5134 quze
1180 5065 1338 5120 hodie
1369 5063 1508 5121 facta
1537 5075 1681 5134 sunt,
1714 5083 1836 5122 cum

268 5157 356 5211 his
377 5171 495 5225 quae
530 5157 767 5211 crastino
804 5156 952 5221 ﬂent,
1000 5167 1055 5212 et
1099 5160 1259 5213 tertio
1297 5167 1352 5212 et
1390 5169 1586 5229 quarto
1615 5160 1736 5226 die,
1783 5168 1842 5215 ut

268 5246 590 5301 videantur?
623 5245 678 5301 Si
707 5247 871 5317 igitur
891 5262 954 5301 ea
981 5263 1099 5316 quae
1125 5249 1176 5301 in
1210 5259 1438 5318 quatuor
1467 5249 1660 5304 diebus
1683 5250 1836 5317 liunt,

266 5340 338 5393 ad
377 5351 542 5392 unum
586 5342 916 5392 momentum
947 5341 1238 5394 convenire
1268 5356 1372 5395 non
1403 5349 1626 5410 possunt
1661 5356 1676 5393 :
1707 5355 1842 5410 quo-

266 5433 432 5487 modo
454 5447 516 5486 ea
543 5447 660 5502 qua:
691 5432 746 5486 in
778 5442 1011 5501 quatuor
1041 5433 1218 5502 regnis
1256 5433 1392 5486 facta
1430 5441 1575 5500 sunt,
1616 5443 1670 5488 et
1709 5433 1840 5488 ﬂent

265 5526 324 5580 in
357 5525 519 5578 tantis
559 5524 771 5579 saeculis
817 5532 872 5578 et
909 5525 1266 5593 temporibus,
1321 5525 1372 5578 in
1414 5540 1521 5581 uno
1565 5535 1840 5581 momento

265 5614 443 5670 oculis
498 5615 662 5669 videri
719 5616 1054 5684 potuerunt?
1107 5614 1246 5684 Ergo
1297 5632 1416 5685 qua:
1456 5618 1587 5673 vidit
1640 5617 1834 5672 Daniel

339 5821 384 5851 "
429 5821 562 5878 Dan.
609 5839 700 5887 \‘tl,
741 5823 795 5876 2.
871 5823 913 5854 ⁸⁸
947 5821 1074 5878 ibid.
1150 5822 1195 5855 '°
1235 5823 1336 5877 lsa.
1379 5840 1487 5894 xix,
1529 5835 1585 5907 1;
1634 5840 1756 5892 xm,
1805 5823 1854 5876 l.

1951 4617 2207 4662 tacerem.
2247 4605 2352 4662 Sed
2399 4609 2636 4672 timidos,
2666 4608 2858 4676 inquit,
2893 4607 3070 4662 facitis
3097 4608 3233 4663 ﬁlios
3267 4608 3427 4662 Israel
3454 4608 3523 4662 '7.

1947 4697 2062 4752 Cur
2086 4707 2264 4751 autem
2294 4707 2347 4752 et
2372 4695 2568 4751 ﬂuvius
2606 4696 2715 4751 illic
2758 4698 2945 4767 igneus
2985 4697 3194 4761 currit,
3231 4698 3359 4752 dicit
3397 4700 3523 4768 quia

1942 4789 2234 4845 interfecta
2269 4799 2352 4845 est
2379 4789 2575 4854 bestia,
2615 4797 2669 4843 et
2698 4804 2892 4858 corpus
2926 4788 3041 4856 ejus
3073 4789 3256 4844 datum
3295 4799 3380 4844 est
3415 4790 3522 4860 igni

1949 4883 2014 4936 ad
2042 4883 2401 4937 exurendum.
2435 4879 2550 4950 Qua
2591 4881 2734 4936 enim
2770 4882 3036 4936 sententia
3073 4882 3298 4937 bestiam
3339 4883 3524 4936 mitte-

1947 4976 2038 5028 bat
2087 4975 2141 5028 in
2181 4973 2382 5042 ignem,
2420 4974 2572 5043 prius
2608 4975 2930 5044 prmparavit
2979 4983 3382 5044 operamentum
3427 4990 3524 5044 per

1945 5067 2089 5134 quod
2125 5067 2364 5118 futurum
2395 5075 2513 5120 erat
2547 5065 2833 5134 judicium.
2891 5067 2966 5122 De
3008 5067 3093 5120 his
3133 5066 3296 5136 igitur
3319 5081 3438 5134 quae
3466 5067 3521 5122 in

1946 5157 2166 5212 Daniele
2203 5167 2330 5211 sunt
2363 5159 2535 5227 posita
2563 5199 2579 5224 ,
2621 5174 2687 5213 ex
2735 5159 2924 5214 bestiis
2976 5160 3082 5214 illis
3139 5171 3358 5214 manent
3401 5175 3522 5230 quae

1947 5249 2078 5302 visa:
2123 5258 2248 5301 sunt
2300 5248 2464 5314 lene,
2513 5265 2623 5305 non
2677 5261 2854 5305 autem
2900 5267 3018 5321 qua:
3063 5251 3524 5305 annuntiabantur

1947 5354 2112 5409 regna
2141 5380 2158 5405 ,
2189 5352 2243 5394 et
2272 5356 2337 5394 ex
2376 5343 2706 5411 temporibus
2735 5357 2856 5412 qua:
2889 5343 3089 5397 habent
3128 5343 3301 5412 spatia
3342 5359 3521 5397 saecu-

1947 5432 2146 5499 lorum,
2181 5448 2302 5502 qum
2334 5433 2620 5502 conjuncta
2661 5447 2787 5489 sunt
2832 5451 2926 5506 per
2973 5435 3232 5490 visionem
3265 5435 3328 5489 ad
3356 5450 3520 5488 unum

1947 5537 2298 5592 momentum,
2333 5535 2388 5581 et
2412 5542 2479 5581 ex
2520 5542 2586 5583 eo
2621 5528 2762 5598 quod
2811 5529 3070 5599 judicium
3121 5544 3226 5585 non
3274 5538 3399 5581 tunc
3437 5537 3520 5580 est

1944 5617 2167 5686 factum,
2198 5621 2414 5689 quando
2443 5631 2498 5676 et
2524 5623 2696 5678 visum
2741 5632 2857 5692 est;
2904 5638 3008 5680 non
3040 5622 3209 5679 solum
3243 5620 3308 5674 ad
3337 5620 3518 5690 suspi.

1933 5821 1974 5856 ⁸⁷
2033 5823 2205 5880 Levii.
2261 5841 2352 5884 xv,
2403 5825 2494 5878 5|.
