4100 6456
570 388 700 443 1107

1233 378 1506 437 EUSEBII
1544 376 2019 434 CESARIENSIS
2058 374 2204 429 OPP.
2248 373 2423 427 PARS
2458 371 2547 428 IV.
2588 403 2657 413 —
2694 367 3111 429 DOGMATICA.

3676 369 3823 424 “68

571 509 791 565 calidum
829 505 999 565 Deum
1029 520 1223 573 corpus
1267 517 1388 555 esse
1435 516 1541 554 non
1578 498 1759 552 debuit
1795 513 1899 551 non
1935 497 2133 557 sinere,
2166 500 2210 557 Α
2240 496 2408 548 ntedio
2439 511 2642 561 campo,
2689 504 2733 547 et
2769 495 2999 547 surrexit
3026 509 3168 547 meus
3194 494 3528 562 manipulus,
3562 502 3608 547 et
3648 504 3823 544 rectus

568 602 655 664 sed
691 603 871 665 Botius
913 602 976 654 ad
1013 596 1437 652 satisfactiOuem
1487 591 1696 655 venire,
1727 591 1850 657 quia
1892 588 2140 656 incorpo-

569 669 706 756 ralis.
728 708 810 752 est
838 695 999 749 Dens.
1052 691 1145 745 Est
1193 699 1370 741 autem
1422 684 1649 739 rationis
1691 692 1747 736 et
1800 682 1885 737 his
1940 678 2138 735 similia

567 793 787 847 addere.
830 788 945 857 Ipsa
996 786 1139 838 enim
1174 781 1311 835 visio
1345 776 1578 832 Danielis
1623 790 1745 845 qua:
1791 789 1887 844 per
1938 772 2141 827 bestias

569 884 704 938 facta
738 889 840 943 est,
883 892 1031 932 soror
1080 883 1161 930 est
1203 873 1318 941 ejus
1342 886 1505 940 quam
1542 868 1681 922 vidit
1718 881 1816 936 per
1850 864 2138 934 imaginem

569 971 1086 1031 Nabuchodonosor,
1126 976 1180 1020 et
1226 964 1469 1018 salvatnr
1510 976 1631 1014 cunt
1672 958 1986 1027 paenitentia
2026 954 2139 1025 (79)

568 1071 965 1135 comparantur,
997 1068 1050 1114 et
1082 1073 1113 1111 e
1140 1064 1328 1111 contra
1366 1060 1642 1123 ponuntur
1666 1064 1728 1103 ea
1762 1062 1881 1119 qua:
1921 1046 1973 1099 in
2009 1047 2141 1098 inta-

568 1158 690 1229 gine
709 1155 821 1209 visa
846 1163 989 1217 sunt,
1022 1160 1076 1204 ct
1097 1165 1158 1204 ea
1178 1163 1298 1217 qua:
1319 1161 1415 1216 per
1438 1144 1699 1199 visionem
1720 1142 1877 1196 istam
1904 1139 2139 1193 ferarum

568 1258 782 1305 ostensa
843 1251 1158 1299 noscuntur.
1207 1240 1451 1306 Quatuor
1502 1236 1647 1290 enim
1697 1242 1857 1289 erant
1913 1241 1968 1285 et
2021 1230 2143 1285 istic

568 1343 695 1399 fera:
719 1342 930 1395 diversa
966 1344 1155 1391 natura
1185 1350 1201 1400 ;
1248 1341 1482 1402 quatuor
1519 1339 1697 1383 autem
1729 1336 1785 1382 et
1817 1326 1925 1381 illic
1972 1332 2143 1379 mate-

568 1436 664 1490 riae
691 1437 1022 1488 concurrunt
1057 1427 1122 1480 ad
1165 1422 1613 1492 compositionem
1658 1419 1817 1473 unius
1863 1416 2140 1486 imaginis,

567 1538 622 1582 et
660 1525 792 1581 nihil
822 1538 919 1576 nos
948 1519 1196 1590 prohibet
1227 1531 1391 1569 unum
1418 1516 1483 1567 ad
1512 1528 1679 1568 unum
1710 1513 2044 1579 interrogare
2086 1516 2141 1561 et

567 1620 771 1674 videre.
801 1616 906 1670 Lea
933 1627 1161 1683 regnans
1200 1610 1429 1664 habetur
1465 1606 1517 1660 in
1548 1605 1675 1659 feris
1703 1621 1717 1657 :
1743 1618 1931 1656 aurum
1961 1612 2140 1653 autem

569 1710 879 1781 praecedens
926 1708 975 1759 in
1018 1701 1317 1758 istiusmodi
1364 1698 1606 1755 materiis
1637 1715 1649 1750 :
1678 1696 1838 1764 fulget
1888 1694 2053 1755 enim,
2087 1698 2143 1744 et

570 1809 707 1861 sicut
736 1802 873 1871 ignis
920 1815 970 1852 in
1014 1807 1208 1862 nocte,
1252 1795 1323 1847 ita
1368 1806 1559 1845 aurum
1608 1790 1750 1844 inter
1788 1796 1978 1841 cartera
2024 1798 2144 1853 quas

570 1895 930 1968 possidentur.
981 1888 1327 1957 Accipiamus
1369 1884 1532 1952 igitur
1562 1881 1630 1935 ab
1662 1879 1893 1948 imagine
1925 1877 2143 1947 quidem

570 1997 726 2057 caput
775 1998 1033 2048 aureum;
1088 1995 1115 2034 a
1158 1979 1365 2033 visione
1418 1986 1598 2029 autem
1644 1974 1803 2027 istam
1855 1971 2017 2026 leam.
2078 1968 2146 2023 Et

568 2080 711 2134 forte
734 2078 853 2133 ideo
883 2085 1115 2143 utraque
1148 2071 1376 2126 femineo
1423 2066 1659 2130 nomine,
1709 2065 1834 2135 quia
1872 2072 1927 2117 et
1958 2077 2144 2131 regna.

574 2168 702 2225 Inde
754 2168 1084 2223 acciniamus
1134 2170 1453 2233 argenteum
1508 2168 1720 2228 pectus,
1770 2164 1827 2211 et
1872 2154 2143 2209 brachia:

573 2270 692 2331 post
730 2272 943 2319 aurum,
967 2261 1252 2323 argentum
1277 2292 1293 2316 ,
1331 2257 1457 2319 post
1483 2247 1646 2309 leam.
1670 2260 1855 2300 ursum
1891 2260 1905 2297 :
1943 2253 1997 2298 et
2023 2242 2145 2305 tria,

573 2351 684 2406 illic
723 2355 1096 2409 aeratnentum,
1141 2341 1264 2396 istic
1312 2337 1583 2409 pardum;
1632 2334 1954 2390 subducitur
2004 2332 2145 2386 enim

572 2443 865 2500 secundum
900 2436 1276 2510 paenitentiam
1314 2430 1428 2503 (80)
1469 2428 1823 2499 comparatio.
1876 2427 2002 2481 Inde
2036 2430 2145 2494 jam

576 2535 893 2606 permistum
943 2533 1143 2586 ferrum
1189 2541 1312 2582 cum
1355 2533 1535 2589 testa;
1596 2522 1723 2577 istic
1774 2520 1946 2575 bestia
1996 2519 2150 2587 cujus

574 2630 805 2697 figuram
857 2634 1081 2695 propter
1119 2619 1435 2673 varietatem
1485 2631 1591 2671 non
1645 2612 2028 2668 manifestavit.
2086 2611 2151 2665 Et

575 2720 686 2775 illic
726 2718 863 2787 lapis
886 2713 1205 2771 comminuit
1245 2710 1575 2779 imaginem;
1608 2707 1728 2761 istic
1753 2705 1918 2774 judex
1945 2703 2152 2773 judicat

577 2811 801 2866 bestias.
848 2808 905 2862 Si
950 2806 1070 2876 quis
1120 2805 1286 2875 igitur
1336 2800 1711 2855 contentiosus
1753 2796 1987 2851 voluerit
2037 2796 2151 2849 haec

577 2901 804 2957 visibilia
835 2914 985 2964 esse,
1023 2897 1167 2951 dicat
1200 2893 1355 2948 nobis
1383 2901 1560 2945 utrum
1603 2896 1767 2959 caput
1803 2896 1885 2943 est
1926 2901 2149 2941 aureum

578 2995 662 3048 lea
702 3010 716 3046 :
752 3001 979 3057 utraque
1028 2989 1172 3040 enim
1228 2985 1295 3039 ad
1356 2985 1458 3038 hoc
1504 2982 1678 3050 ipsum
1709 2987 2060 3043 concurrunt,
2096 2988 2153 3032 et

580 3092 809 3150 utraque
853 3077 953 3132 sibi
995 3091 1100 3129 non
1153 3073 1375 3138 similia,
1427 3085 1601 3140 neque
1634 3072 1725 3140 qui
1773 3070 2148 3123 annuntiatur.

2241 587 2402 647 stetit,
2437 595 2483 638 et
2514 585 2741 639 conuersi
2775 584 3031 652 manipuli
3070 585 3219 638 uestri
3254 584 3604 637 adoraveruut
3644 598 3823 634 meum

2240 676 2569 744 manipulum
2614 676 2681 731 ⁸⁸.
2721 676 2785 728 Et
2819 676 3207 743 interpretatur
3237 682 3391 743 pater
3411 715 3427 739 ,
3452 681 3505 728 et
3530 672 3823 742 suspican-

2245 779 2331 823 tur
2375 768 2593 831 fratres,
2643 768 2770 837 quia
2827 766 3050 835 incipiet
3114 781 3344 837 regnare
3408 780 3573 835 super
3622 764 3825 819 fratres

2243 878 2389 918 suos.
2416 861 2481 915 Et
2510 877 2651 915 nunc
2677 860 2896 929 quidem
2937 858 3192 929 manipuli
3221 874 3236 913 :
3269 860 3464 912 iterum
3489 866 3666 911 autem
3697 858 3825 925 ipse

2242 954 2408 1009 solem
2440 964 2493 1007 et
2534 952 2715 1006 lunam
2755 950 2902 1005 videt
2939 959 2995 1005 et
3034 950 3278 1004 undecim
3313 948 3513 1005 stellas.
3548 947 3737 1002 Dili'ert
3765 948 3825 1001 in

2242 1047 2408 1118 gloria
2441 1045 2616 1111 stella,
2662 1042 2968 1112 manipulus
3016 1057 3122 1096 non
3172 1040 3371 1095 ditl‘ert.
3436 1039 3542 1095 Sed
3593 1048 3829 1110 apparet

2243 1140 2367 1208 quia
2404 1137 2556 1192 stella
2598 1136 2872 1207 manipulo
2917 1136 2985 1189 ad
3021 1135 3162 1202 quod
3203 1143 3426 1204 accepta
3461 1141 3566 1199 est,
3596 1149 3701 1187 non
3735 1144 3827 1188 est

2243 1233 2453 1288 melior.
2488 1230 2624 1287 Cum
2662 1231 2807 1285 enim
2870 1238 3024 1299 pater
3058 1229 3269 1298 positus
3310 1235 3393 1282 est
3429 1224 3627 1281 inloco
3663 1225 3830 1291 solis,

2242 1335 2417 1381 mater
2455 1332 2631 1379 autem
2679 1324 2733 1377 in
2786 1322 2905 1377 loco
2954 1321 3129 1381 lunae,
3191 1320 3384 1373 fratres
3424 1330 3829 1388 consequenter

2242 1416 2612 1472 eﬂiciebantnr
2635 1416 2689 1470 in
2719 1415 2837 1470 loco
2864 1414 3140 1469 stellarum
3176 1430 3189 1465 :
3221 1411 3359 1466 forte
3382 1426 3559 1467 autem
3592 1429 3688 1467 nec
3710 1412 3826 1465 ista

2243 1510 2567 1580 simpliciter
2626 1508 2887 1563 debemus
2942 1506 3181 1560 transire
3226 1523 3240 1559 :
3282 1507 3375 1559 sed
3420 1505 3547 1575 quia
3607 1505 3832 1559 occasio

2245 1601 2583 1656 adorationis
2611 1600 2749 1653 facta
2773 1609 2858 1653 est
2885 1598 3151 1653 fructuum
3189 1597 3540 1661 abundantia,
3567 1597 3688 1650 ideo
3718 1612 3832 1650 non

2246 1694 2313 1748 ab
2347 1695 2450 1747 alia
2478 1691 2766 1746 occasione
2814 1690 2951 1744 vidit
2985 1691 3274 1743 adorantes
3314 1703 3373 1743 se
3416 1687 3636 1750 fratres,
3660 1703 3833 1755 quam

2248 1804 2276 1840 a
2318 1785 2606 1856 manipulis
2641 1784 2925 1838 messium.
2995 1781 3051 1835 Si
3098 1780 3220 1849 quis
3275 1791 3453 1835 autem
3493 1780 3724 1834 voluerit
3777 1788 3837 1835 et

2250 1881 2453 1944 stellas,
2484 1888 2541 1932 et
2565 1878 2771 1941 lunam,
2809 1884 2861 1930 el
2891 1875 3061 1928 solem
3097 1874 3396 1943 requirere,
3430 1876 3494 1928 ad
3523 1874 3679 1927 istum
3704 1889 3835 1927 ser-

2251 1987 2463 2026 monem
2499 1969 2734 2023 inveniet
2770 1982 3121 2022 concurrere.
3164 1966 3295 2033 Quis
3337 1965 3482 2019 enim
3518 1966 3727 2035 ignorat
3765 1978 3835 2018 ex

2248 2065 2498 2120 omnibus
2523 2062 2690 2133 Moysi
2726 2075 2912 2115 vocem
2935 2103 2948 2125 ,
2977 2059 3100 2129 quia
3129 2075 3196 2113 ex
3225 2058 3467 2128 frugibus
3492 2074 3627 2128 quos
3659 2059 3835 2112 nutrit

2249 2159 2329 2211 sol
2370 2166 2423 2211 et
2456 2155 2580 2209 luna
2606 2197 2621 2219 ,
2662 2153 2805 2208 facta
2835 2155 3048 2208 occasio
3091 2162 3173 2207 est
3206 2153 3469 2206 visionis?
3523 2153 3662 2221 Ergo
3698 2151 3837 2220 quia

2251 2251 2519 2304 fructuum
2553 2258 2674 2303 erat
2697 2249 2937 2312 occasio,
2961 2262 3058 2317 per
3079 2261 3140 2301 ea
3168 2261 3287 2315 qua:
3316 2245 3497 2316 fruges
3524 2247 3834 2312 emitriunt,

2252 2342 2395 2396 facta
2422 2351 2505 2396 est
2532 2352 2586 2395 et
2613 2340 2753 2395 visio
2785 2340 3002 2408 duplex.
3034 2337 3360 2409 Putas-ergo
3387 2340 3510 2409 quia
3536 2338 3732 2409 aliquis
3764 2354 3838 2394 ex

2254 2436 2337 2489 bis
2358 2435 2451 2505 qui
2477 2435 2693 2498 adsunt,
2728 2433 3016 2503 invigilans
3044 2444 3099 2487 et
3128 2433 3361 2495 sobrius,
3399 2434 3652 2504 cogitavit
3679 2438 3832 2502 apud

2252 2544 2312 2581 se
2343 2537 2401 2581 ut
2435 2527 2669 2591 sobrius,
2703 2526 2831 2595 quia
2862 2527 2980 2581 istm
3012 2525 3251 2580 visiones
3282 2540 3378 2594 per
3401 2526 3665 2581 insomnia
3691 2534 3825 2579 sunt

2256 2620 2427 2683 factae,
2472 2627 2526 2673 et
2574 2620 2710 2675 forte
2757 2618 3123 2688 suspicabitur
3155 2620 3263 2673 vim
3306 2620 3485 2674 facere
3521 2635 3617 2673 nos
3664 2628 3718 2673 et
3747 2618 3839 2674 bis

2252 2711 2550 2766 visionibus
2588 2726 2709 2781 qua:
2758 2726 2855 2779 per
2900 2711 3168 2765 insomnia
3214 2711 3369 2765 facta:
3419 2722 3737 2775 noscuntur,
3778 2721 3838 2766 et

2254 2804 2321 2857 ad
2352 2802 2675 2858 solutionem
2698 2816 2791 2856 eas
2813 2800 3079 2871 accipere,
3102 2818 3221 2872 qua:
3254 2803 3506 2857 videntur
3532 2817 3627 2872 per
3650 2802 3841 2858 oculos

2224 2942 2225 2945 η
2254 2894 2383 2947 visa:
2416 2892 2485 2947 ab
2509 2890 2934 2962 invigilantibus.
2977 2892 3032 2947 Si
3059 2894 3205 2947 enim
3237 2893 3307 2947 ita
3349 2903 3515 2957 esset,
3553 2895 3838 2963 subripere

2255 2983 2531 3047 deberem,
2581 2989 2635 3035 et
2676 2980 2780 3035 hoc
2829 2981 3004 3051 ipsum
3060 2982 3292 3037 suadere
3333 2994 3384 3037 et
3425 2983 3611 3037 ludere
3647 2998 3660 3032 :
3694 2982 3838 3039 forte

2258 3084 2434 3128 autem
2463 3083 2517 3127 et
2544 3073 2589 3127 si
2628 3075 2936 3139 tacuissem,
2965 3074 3090 3143 quia
3124 3088 3222 3142 per
3251 3074 3512 3129 insomnia
3544 3074 3718 3129 factus
3748 3085 3836 3130 est

578 3172 716 3243 Quid
746 3172 889 3226 enim
916 3170 981 3222 ad
1017 3168 1155 3222 leam
1187 3165 1418 3220 aurutn‘l
1451 3163 1591 3231 Quid
1622 3174 1804 3218 autem
1831 3174 2065 3232 utraque
2085 3162 2152 3217 ad
2182 3204 2225 3264 ϐ
2260 3165 2391 3219 mihi
2418 3180 2621 3230 sermo,
2655 3164 2869 3219 viderer
2901 3165 2983 3219 his
3022 3166 3111 3235 qui
3147 3166 3325 3220 adhuc
3364 3168 3723 3233 somniantur,
3768 3178 3825 3222 et

581 3261 843 3335 regnum?
868 3274 922 3315 et
949 3260 1022 3313 ita
1059 3274 1123 3313 ea
1154 3273 1273 3326 qua:
1302 3256 1683 3325 insequuntur,
1704 3270 1822 3325 quae
1849 3264 1903 3309 et
1924 3255 1993 3309 ab
2022 3256 2155 3308 ima-

579 3357 705 3428 gine
736 3354 1106 3424 proferuntur,
1135 3362 1188 3404 et
1216 3364 1334 3419 quae
1363 3364 1392 3401 a
1427 3348 1614 3402 bestiis
1660 3348 2060 3401 discernuntur.
2093 3348 2157 3401 Et

580 3450 691 3505 illic
728 3448 864 3517 lapis
891 3447 1011 3500 sine
1039 3445 1306 3507 manibus,
1341 3452 1400 3495 ut
1436 3456 1538 3495 non
1578 3440 1809 3495 hominis
1864 3440 1937 3494 sit
1982 3454 2154 3508 opus;

584 3543 704 3598 istic
749 3541 932 3612 iudex.
983 3539 1048 3591 Et
1091 3538 1197 3592 illic
1220 3537 1344 3606 quia
1388 3532 1628 3589 materia:
1679 3541 1871 3599 erant,
1924 3533 2151 3587 commiv

584 3644 854 3697 uuuntur;
892 3633 1011 3686 istic
1047 3629 1172 3700 quia
1218 3628 1386 3683 bestia
1431 3635 1565 3690 erat,
1604 3626 1656 3679 in
1690 3625 1865 3695 ignem
1899 3625 2154 3681 mittitur.

584 3724 661 3780 Ita
691 3724 952 3779 habemus
981 3734 1034 3777 et
1062 3722 1361 3776 Pharaonis
1391 3719 1570 3786 spicas
1594 3758 1610 3783 ,
1648 3727 1702 3771 et
1733 3718 1897 3771 boves
1929 3726 2158 3786 septem,

585 3824 641 3869 et
672 3815 897 3885 pingues
936 3824 989 3866 et
1029 3811 1368 3866 macilentas.
1404 3808 1471 3862 Et
1513 3818 1774 3879 quantum
1805 3811 1871 3864 ad
1908 3818 2157 3864 naturam

584 3916 833 3975 spectat,
883 3906 1050 3960 boves
1100 3904 1314 3974 quidem
1358 3903 1537 3971 spicas
1590 3903 1948 3967 manducant,
1999 3902 2163 3972 spica:

584 4009 765 4053 autem
796 4015 824 4051 a
868 3998 1037 4051 bubus
1084 3997 1465 4050 comeduntur.
1516 3993 1667 4061 Quod
1722 4004 1900 4049 autem
1954 3995 2164 4067 signifi-

585 4099 744 4144 catur
795 4099 849 4142 et
897 4089 963 4142 ab
1018 4089 1101 4141 his
1130 4088 1219 4156 qui
1257 4087 1671 4150 tnanducantur,
1728 4097 1783 4141 ct
1835 4089 1902 4140 ab
1950 4088 2038 4142 bis
2070 4088 2163 4157 qui

587 4181 948 4244 manducant,
1008 4180 1177 4248 ipsam
1230 4179 1583 4247 eamdemque
1636 4179 1834 4232 habent
1879 4179 2161 4234 virtutem.

585 4274 666 4327 Ad
693 4271 834 4343 quod
860 4272 1000 4326 enim
1041 4270 1215 4325 fuerat
1254 4280 1533 4339 acceptum
1580 4285 1684 4326 non
1733 4271 2016 4339 dissentit,
2067 4272 2160 4326 sed

587 4379 640 4424 et
668 4365 977 4423 necessaria
1002 4364 1140 4419 visio
1164 4372 1268 4418 est.
1302 4361 1440 4429 Quia
1477 4364 1619 4417 enim
1640 4363 1709 4417 de
1738 4364 1915 4428 annis,
1941 4374 1995 4418 et
2025 4364 2167 4417 nati—

591 4461 782 4527 vitate,
811 4468 867 4514 et
899 4456 1167 4512 fructibus
1194 4464 1333 4519 erat,
1371 4456 1534 4525 spicae
1578 4466 1761 4509 autem
1805 4456 1998 4509 borum
2044 4464 2167 4511 sunt

2262 3256 2564 3310 inauditum
2616 3255 2829 3310 edicere
2864 3257 2992 3325 quid
3038 3266 3095 3311 et
3138 3256 3418 3311 exhibere.
3475 3256 3611 3320 Quia
3658 3268 3832 3312 autem

2262 3349 2510 3404 veritatis
2534 3358 2616 3403 est
2650 3348 2824 3415 locus,
2884 3357 2938 3403 et
2987 3365 3091 3403 non
3143 3365 3242 3404 nos
3294 3351 3555 3405 seducere
3603 3360 3832 3419 oportet,

2262 3460 2439 3515 neque
2494 3443 2732 3499 suasioni
2792 3453 3038 3514 captare,
3103 3445 3340 3499 sciamus
3385 3446 3508 3514 quia
3564 3446 3679 3499 haec
3719 3459 3839 3514 qute

2263 3536 2405 3592 dicta
2433 3546 2558 3589 sunt
2584 3536 2763 3590 omnia
2794 3551 2889 3606 per
2926 3535 3193 3590 insomnia
3219 3537 3336 3589 visa
3374 3546 3532 3590 sunt:
3566 3535 3839 3604 siquidem

2262 3639 2317 3684 et
2355 3627 2855 3683 Nabuchodonosor
2900 3628 3166 3681 somnium
3210 3629 3364 3695 vidit,
3410 3639 3465 3682 et
3490 3627 3667 3681 Daniel
3704 3627 3840 3683 illud

2263 3722 2407 3790 quod
2453 3720 2685 3774 diximus
2724 3734 2821 3788 per
2877 3720 3145 3773 somnium
3197 3721 3355 3782 vidit,
3403 3731 3455 3774 et
3501 3719 3752 3784 Pharao,
3791 3729 3839 3774 et

2273 3813 2472 3883 Joseph
2500 3828 2595 3883 per
2621 3811 2893 3867 insomnia
2920 3812 3227 3867 habuerunt
3257 3813 3391 3868 istas
3420 3814 3680 3867 visiones.
3703 3811 3836 3869 Nihil

2264 3921 2394 3976 ergo
2430 3906 2625 3959 mirum
2682 3904 2726 3959 si
2778 3913 2832 3958 et
2882 3905 3041 3959 nobis
3090 3920 3184 3974 per
3229 3906 3496 3961 insomnia
3548 3915 3836 3977 appareant

2265 4000 2387 4068 qua‘a
2422 3998 2695 4051 videntur.
2746 3997 2865 4051 Alia
2897 3998 3041 4052 enim
3085 3999 3150 4053 de
3179 3998 3299 4053 aliis
3344 3998 3659 4068 frequenter
3700 3999 3836 4053 vide-

2265 4106 2407 4156 mus,
2437 4098 2527 4143 aut
2574 4098 2947 4158 tempestatem
2976 4089 3165 4154 maris,
3197 4099 3289 4143 aut
3318 4090 3679 4161 nosmetipsos
3709 4090 3837 4143 trahi

2266 4199 2295 4237 a
2328 4181 2527 4247 fluviis,
2555 4190 2646 4235 aut
2670 4191 2850 4251 prata,
2888 4190 2981 4236 aut
3012 4181 3253 4246 fruetus;
3300 4192 3393 4237 aut
3433 4184 3558 4252 quia
3591 4186 3658 4239 de
3696 4162 3844 4238 tectis

2268 4275 2577 4343 dejicimur,
2606 4284 2702 4329 aut
2729 4275 2855 4344 quia
2887 4274 3169 4328 thesauros
3203 4272 3535 4340 invenimus,
3588 4286 3682 4330 aut
3722 4276 3840 4345 quia

2267 4366 2547 4421 amisimus
2565 4366 2791 4436 aliquid,
2815 4374 2906 4418 aut
2937 4367 3061 4436 quia
3088 4367 3474 4435 subingressus
3500 4377 3585 4421 est
3606 4369 3845 4437 quidam,

2269 4467 2361 4510 aut
2392 4458 2519 4527 quia
2564 4457 2705 4513 alius
2739 4460 2925 4522 exivit,
2965 4468 3058 4511 aut
3100 4459 3226 4528 quia
3277 4459 3491 4513 locutus
3540 4470 3623 4513 est
3670 4460 3850 4513 nescio

591 4550 912 4619 genitrices;
962 4562 1057 4617 per
1099 4546 1275 4614 spicas
1317 4547 1533 4612 quidem
1585 4545 1709 4597 anni
1754 4546 2161 4601 annuntiantur.
2197 4562 2243 4618 ι)
2271 4550 2413 4619 quis,
2451 4560 2543 4603 aut
2588 4550 2713 4619 quia
2746 4550 2897 4604 dedit
2943 4550 3159 4618 aliquis.
3215 4549 3384 4603 Erant
3435 4559 3617 4604 autem
3663 4564 3853 4604 omnes

591 4644 723 4709 Quia
760 4651 936 4694 autem
964 4655 1059 4708 per
1088 4652 1251 4708 opera
1280 4639 1440 4691 boum
1467 4648 1765 4691 nascuntur
1791 4637 1974 4705 spicae,
2002 4636 2165 4692 boves

589 4750 823 4805 quorum
845 4732 1089 4802 operatio
1112 4730 1299 4801 fruges
1328 4739 1475 4797 sunt,
1512 4738 1566 4783 et
1595 4730 1760 4799 spicm
1787 4729 1945 4784 boum
1974 4731 2166 4784 nativi-

593 4839 767 4894 tates;
827 4835 1046 4894 accepta
1102 4823 1319 4894 quidem
1369 4832 1495 4877 sunt
1542 4824 1726 4889 varie,
1778 4825 2169 4877 annuntiarunt

592 4931 773 4975 autem
812 4917 1027 4972 cll'ectn.
1077 4916 1243 4969 Putas
1277 4931 1407 4985 ergo
1461 4916 1671 4969 fructus
1719 4916 1873 4970 bovis
1923 4924 2039 4981 est,
2076 4924 2171 4970 aut

592 5012 756 5082 spica:
805 5009 1013 5062 annus?
1048 5006 1152 5061 Sed
1186 5009 1288 5060 alia
1334 5007 1549 5076 quidem
1588 5016 1712 5061 sunt
1746 5022 1864 5078 qua:
1897 5007 2169 5071 videntur,

597 5103 702 5157 alia
741 5110 920 5155 autem
952 5114 1071 5168 qua:
1098 5097 1515 5152 annuntiantur.
1543 5094 1744 5161 Josep'n
1778 5104 1960 5148 autem
1997 5095 2171 5147 inani-

596 5192 751 5263 pnlos
794 5191 925 5246 vidit
961 5209 976 5245 :
1013 5205 1193 5244 nonne
1246 5188 1506 5242 deberent
1548 5197 1604 5240 et
1663 5187 1785 5240 istic
1824 5186 1952 5239 anni
2014 5187 2173 5240 esse?

599 5287 707 5339 Sed
738 5285 813 5339 ait
847 5302 861 5337 :
894 5281 1184 5339 Samniavit
1221 5292 1396 5331 autem
1423 5278 1681 5331 somnium
1707 5274 1923 5344 Ioseph,
1950 5286 1996 5329 et
2031 5285 2173 5329 retu-

598 5377 661 5431 lit
688 5378 939 5447 fratribus
977 5374 1109 5439 suis,
1154 5383 1203 5426 et
1228 5370 1363 5423 dixit
1390 5370 1464 5423 eis
1512 5382 1530 5419 :
1552 5368 1739 5421 Audite
1771 5370 2033 5422 somnium
2076 5368 2173 5421 hoc

600 5468 738 5538 quod
771 5466 1048 5521 somniavi.
1094 5461 1360 5516 Putabam
1395 5476 1487 5512 nos
1524 5458 1744 5526 alligare
1781 5458 2075 5525 manipulos
2120 5458 2173 5509 in

672 5587 717 5619 ⁸⁸
742 5586 875 5641 Gen.
911 5598 1117 5643 vxxvn,
1149 5581 1199 5633 5.
1277 5579 1321 5609 ⁸⁹
1354 5578 1452 5631 lsa.
1482 5594 1631 5639 XXIX,
1668 5578 1719 5628 8.

674 5707 787 5777 (79)
817 5706 948 5760 Cum
984 5703 1305 5777 pauitantia.
1330 5700 1609 5777 interpres
1642 5699 1851 5777 videtur
1888 5698 2174 5767 μετάνοιαν

605 5770 960 5846 paenitentiam
985 5773 1177 5846 legisse
1203 5770 1565 5846 probationi:
1593 5770 1977 5846 cogitationem.

682 5848 792 5918 (80)
826 5838 1215 5900 Paenitentiam.
1253 5841 1347 5895 llic
1379 5855 1591 5910 quoque
1627 5838 1861 5893 διάνοιαν
1906 5840 2177 5908 cogitatio-

2273 4642 2389 4695 istm
2423 4642 2767 4704 ambitiones,
2819 4642 2963 4697 sicut
2996 4642 3126 4696 dicit
3174 4640 3340 4694 Isaias
3375 4657 3389 4694 :
3421 4640 3572 4696 Sicut
3603 4643 3694 4711 qui
3724 4643 3853 4695 vidit

2273 4735 2604 4803 semetipsum
2646 4734 3052 4788 manducantem
3076 4752 3167 4802 per
3188 4752 3426 4788 somnum
3450 4746 3539 4787 aut
3572 4734 3851 4798 bibentem,

2274 4825 2526 4893 euigilans
2561 4836 2734 4877 autem
2779 4826 2953 4879 adhuc
2996 4827 3157 4879 esurit
3186 4836 3276 4878 aut
3309 4827 3420 4878 sitit
3454 4826 3520 4878 ⁸⁸.
3562 4826 3692 4879 Cum
3732 4840 3859 4878 ma-

2280 4914 2425 4969 xime
2458 4916 2556 4970 visi
2591 4932 2777 4972 sumus
2805 4917 3107 4972 exsolvisse
3136 4926 3188 4971 et
3221 4918 3320 4972 ista
3344 4959 3357 4981 ,
3391 4929 3444 4970 et
3485 4916 3861 4986 unusquisque

2252 5010 2614 5062 audientium
2636 5010 2749 5079 jam
2788 5026 2940 5066 suam
2975 5012 3241 5067 refecerat
3285 5022 3521 5065 mentem
3544 5051 3560 5075 ,
3600 5021 3859 5080 tanquam

2285 5099 2555 5155 solutione
2586 5101 2806 5157 inventa
2835 5103 3270 5158 etsollicitudine
3299 5103 3505 5167 soluta;
3530 5102 3707 5156 subito
3735 5117 3864 5170 quae

2284 5200 2479 5259 putatm
2508 5204 2634 5249 sunt
2658 5196 2895 5251 visiones
2928 5196 3157 5250 somniis
3189 5194 3456 5259 revelatzc,
3483 5194 3677 5269 iterum
3701 5194 3868 5248 nobis

2282 5285 2727 5341 constrinxerunt
2796 5287 3011 5342 vincula
3069 5289 3473 5357 quaestionum,
3546 5295 3601 5340 et
3647 5295 3871 5355 tempus

2283 5375 3075 5442 apprehendittaciturnitatis.
3126 5378 3288 5433 Forte
3332 5394 3436 5432 non
3485 5378 3870 5448 importunum

2288 5473 2498 5535 tempus
2534 5484 2707 5538 neque
2740 5469 2929 5524 inutile
2958 5479 3063 5525 est.
3108 5469 3162 5524 Si
3195 5469 3337 5523 enim
3384 5481 3438 5523 et
3465 5469 3684 5538 quidam
3716 5483 3874 5537 pra:-

2285 5718 2400 5824 iriem
2438 5703 2616 5827 potidus
2646 5718 2806 5770 quam
2851 5704 3140 5772 μετάνοιαν
3174 5701 3527 5772 ιεωηίιεηιὶαηι
3573 5698 3876 5766 legendum

2308 5788 2450 5827 uisse
2483 5789 2533 5827 vn
2575 5784 2713 5827 etur.

2308 5788 2450 5827 UISSe
2483 5784 2713 5829 Videtur.
