4098 6398
289 324 426 380 “($9

1626 319 1694 376 IN
1737 320 1994 378 MATTH.
2031 323 2099 389 Χ,
2134 323 2221 379 54.

3413 320 3547 374 “70

287 441 521 495 sontium
546 455 650 505 est,
683 443 773 512 qui
817 443 1009 498 horum
1040 443 1320 497 scientiam
1354 455 1450 510 per
1474 448 1688 495 noctem
1727 442 1871 496 acci-
1897 451 1943 506 Α
1974 445 2087 502 sive
2129 447 2271 500 enim
2303 448 2426 516 quis
2471 447 2693 516 cogitat.
2727 445 2840 498 sive
2864 443 2986 512 quis
3021 443 3258 496 intentus
3291 452 3393 506 est,
3432 442 3547 496 sive

287 548 414 602 pere
451 534 671 604 incipiet
699 545 938 592 tractans
966 547 1020 592 et
1066 534 1437 607 repercutiens
1484 534 1783 597 insomnia,
1813 544 1867 588 et

288 640 357 680 ne
403 627 622 696 quidem
665 627 769 698 ipsi
820 643 1014 685 somno
1053 628 1378 690 concedens,
1429 625 1568 680 forte
1620 633 1868 680 scrutans

289 735 384 788 per
410 731 620 776 noctem
649 737 771 776 cum
799 722 932 788 otio,
963 730 1018 776 et
1045 735 1075 773 a
1107 719 1310 773 lumine
1339 729 1604 773 nocturno
1629 717 1868 782 fulgores

287 811 584 880 accipiens,
633 821 838 882 qua-ret
881 811 1220 866 vinculorum
1267 810 1462 864 horum
1523 810 1863 866 solutiones:

288 913 344 958 et
374 905 420 959 si
465 905 677 974 quidem
713 905 980 960 invenerit
1011 904 1254 959 lucratus
1291 913 1408 969 est,
1458 911 1514 957 et
1552 917 1766 956 sursum
1813 909 1868 957 et

287 999 542 1052 deorsum
577 1007 917 1062 convertens,
953 1007 1011 1051 et
1046 1011 1296 1065 quaerens
1335 1005 1390 1050 et
1443 994 1712 1060 volutans,
1745 1010 1868 1064 per-

285 1089 432 1145 sistit
477 1091 529 1144 in
571 1090 804 1152 incerto,
853 1088 1140 1144 sollicitior
1187 1087 1332 1142 venit
1377 1087 1444 1142 ad
1500 1087 1864 1142 inventionem

289 1181 599 1237 solutionis.
656 1181 782 1236 Scio
830 1189 1011 1236 autem
1051 1179 1177 1250 quia
1233 1178 1605 1248 unusquisque
1648 1177 1738 1247 qui
1781 1176 1866 1231 hic

287 1272 517 1340 assistit,
551 1273 743 1328 exiens
774 1272 842 1327 de
874 1271 959 1326 his
985 1271 1201 1341 quidem
1229 1271 1335 1325 erit
1365 1269 1652 1334 sollicitus,
1677 1283 1864 1322 curam

285 1365 492 1419 ventris
535 1380 638 1420 non
669 1364 873 1420 faciens
909 1377 925 1418 :
963 1364 1102 1419 forte
1146 1373 1327 1419 autem
1371 1363 1592 1432 quidam
1633 1370 1688 1416 et
1727 1360 1866 1415 indi-

284 1468 563 1529 gnantur,
617 1460 741 1526 quia
799 1458 1182 1529 protendimus
1239 1471 1590 1520 sermonem;
1648 1455 1862 1525 plurimi

284 1552 429 1606 enim
462 1551 868 1607 obdormientes
912 1564 966 1607 et
1009 1553 1061 1608 in
1116 1551 1257 1608 facie
1296 1549 1483 1606 volunt
1525 1564 1593 1604 ex
1637 1548 1863 1603 aliorum

287 1642 560 1698 laboribus
585 1651 641 1698 et
667 1644 954 1700 sudoribus
977 1645 1094 1698 sine
1125 1644 1311 1698 labore
1335 1652 1523 1712 parata
1550 1641 1859 1709 suscipere;

287 1736 331 1790 si
356 1743 536 1790 autem
563 1742 616 1790 et
641 1737 998 1806 susceperint,
1029 1736 1120 1805 qui
1166 1744 1347 1790 autem
1381 1733 1720 1790 adinveniant
1757 1748 1863 1788 non

1971 541 2091 607 quis
2123 540 2466 595 commodum
2502 538 2731 607 accepit,
2762 537 2876 593 sive
2909 534 3030 605 quis
3054 533 3322 590 convertit
3348 548 3547 604 oppro—

1970 629 2168 695 brium,
2201 630 2433 699 gaudeo.
2473 625 2530 682 Si
2575 637 2756 682 autem
2784 625 3061 696 negligant
3089 625 3181 694 qui
3213 623 3458 692 audiunt,
3490 631 3547 680 et

1969 722 2316 779 dissimulant
2347 721 2438 792 qui
2473 722 2758 785 docentur,
2788 734 2950 790 quam
2989 718 3250 772 rationem
3276 717 3428 771 dabit
3453 718 3542 786 qui

1969 815 2293 871 constitutus
2326 823 2412 869 est
2447 815 2726 883 magister,
2773 819 2829 866 et
2875 824 2980 864 non
3010 809 3359 878 quaestiosum
3393 809 3542 871 dicit,

1967 907 2063 962 sed
2089 920 2210 976 qua:
2250 904 2488 974 impertit
2515 903 2662 975 gregi
2699 901 2947 956 Domini?
2970 899 3304 970 lmprccatur
3327 898 3543 968 quidem

1969 998 2037 1053 ab
2062 1013 2126 1053 eo
2151 1011 2341 1053 omnes
2365 997 2626 1052 sollicitos
2653 1009 2795 1058 esse,
2833 1003 2887 1048 et
2911 993 3164 1057 scrutari,
3193 1001 3247 1046 et
3277 1007 3541 1061 quaerere,

1967 1100 2023 1148 et
2053 1098 2258 1154 tenere,
2304 1097 2360 1143 et
2401 1089 2628 1151 discere,
2677 1096 2731 1141 et
2766 1085 3116 1142 fructiﬁcare.
3148 1084 3205 1137 Si
3257 1092 3438 1137 autem
3491 1090 3547 1136 et

1967 1182 2184 1254 quidam
2227 1181 2526 1252 negligunt,
2553 1179 2752 1249 quibus
2779 1192 2876 1231 nec
2913 1175 3208 1230 convenire
3237 1172 3545 1229 sollicitudo

1967 1284 2073 1342 est,
2109 1275 2242 1330 nihil
2285 1274 2388 1328 hoc
2422 1273 2488 1326 ad
2520 1287 2604 1326 me
2636 1290 2649 1322 τ
2682 1281 2735 1325 et
2773 1280 2920 1323 certe
2948 1267 3015 1322 ad
3046 1282 3162 1332 me;
3203 1266 3372 1336 tangit
3399 1263 3542 1320 enim

1967 1382 2055 1422 me
2083 1375 2138 1422 et
2155 1366 2490 1432 ‘contristat;
2526 1374 2704 1418 tamen
2740 1363 2856 1416 sive
2891 1360 3080 1431 paucis
3111 1358 3345 1414 eﬁicitur
3366 1371 3545 1412 sermo

1966 1461 2083 1517 sive
2111 1458 2320 1524 multis,
2348 1457 2464 1512 sive
2489 1455 2820 1526 negligentes
2860 1461 2987 1508 sunt
3025 1451 3140 1508 sive
3161 1450 3403 1514 solliciti,
3437 1464 3542 1503 non

1967 1551 2136 1607 debeo
2163 1559 2382 1620 propter
2410 1546 2790 1618 negligentiam
2835 1555 2890 1600 et
2928 1546 3044 1610 ipse
3081 1544 3358 1614 negligens
3395 1542 3545 1597 inve-

1967 1644 2092 1700 niri.
2142 1642 2308 1698 Forte
2360 1650 2541 1695 autem
2592 1638 2809 1708 quidam
2849 1646 2902 1693 et
2956 1637 3282 1692 contendent
3344 1648 3540 1703 expro—

1968 1738 2105 1793 brati
2151 1757 2163 1791 :
2207 1744 2263 1789 et
2321 1734 2368 1789 si
2421 1745 2527 1786 non
2580 1738 2802 1800 propter
2867 1743 3108 1783 amorem
3175 1725 3434 1781 doctrinae
3488 1732 3544 1777 et

286 1827 558 1883 laborant.
608 1826 664 1882 Si
702 1838 884 1882 autem
918 1838 972 1882 et
1017 1828 1374 1897 suscipientes
1421 1826 1714 1881 servabunt
1766 1825 1858 1895 qui
1891 1821 1935 1880 Β
1963 1825 2433 1892 studium,saltem
2453 1830 2671 1892 propter
2699 1820 2947 1876 ruborem
2966 1829 3021 1874 et
3040 1815 3410 1887 opprobrium,
3430 1823 3542 1874 etc.

287 1932 390 1971 non
438 1917 786 1984 sudaverunt,
837 1919 970 1974 nihil
1024 1929 1201 1974 autem
1249 1919 1440 1973 horum
1488 1915 1853 1986 requirentes;

287 2062 3536 2089 ΜΨ

1252 2235 1814 2353 EUSEBII
1900 2237 2065 2349 PA
2088 2235 2587 2348 MPHlLI

1027 2479 1170 2568 DE
1246 2477 1402 2571 EO
1477 2477 1810 2584 QUOD
1888 2479 2093 2566 AIT
2167 2475 2808 2570 DOMINUS:

1271 2629 1415 2691 Non
1454 2630 1594 2690 veni
1631 2647 1848 2707 pacem
1890 2628 2138 2689 mittere
2182 2629 2249 2687 in
2292 2639 2546 2692 terram.

1599 2754 1830 2814 LIBER
1874 2754 2201 2815 SEXTUS.

347 3058 413 3113 Et
441 3073 669 3130 sponsos
695 3058 783 3128 qui
817 3074 957 3114 nunc
997 3057 1088 3112 ﬁlii
1117 3058 1408 3127 habentur,
1435 3069 1721 3127 parentum
1759 3057 1858 3114 de-
1887 3069 1932 3130 ς
1966 3058 2192 3130 ﬁgurant
2243 3057 2440 3112 debent
2496 3057 2816 3112 assumere?
2863 3057 3105 3111 Sustinet
3152 3069 3283 3110 sane
3314 3070 3542 3126 sponsus

277 3150 534 3204 siderium
581 3149 762 3215 trahit,
822 3160 875 3204 et
927 3156 1220 3221 praperant
1257 3151 1321 3204 ad
1354 3152 1624 3222 genitores
1651 3166 1861 3206 annun-

281 3243 414 3295 tiare
437 3257 645 3311 sponsa:
674 3241 1008 3297 houesmtem
1037 3253 1092 3296 et
1118 3244 1404 3314 colloquia.
1450 3245 1650 3314 quique
1677 3254 1731 3300 et
1757 3261 1858 3314 pa-

280 3333 526 3389 rentibus
553 3332 867 3388 manifestus
891 3343 974 3387 est
997 3349 1111 3389 mos
1145 3333 1290 3402 ejus,
1318 3347 1371 3388 et
1403 3335 1636 3400 habitus,
1657 3348 1712 3391 et
1738 3334 1861 3390 aﬁ‘e-

279 3433 415 3478 ctus.
450 3423 732 3479 Festinant
781 3435 961 3478 autem
1010 3423 1202 3477 iterum
1240 3433 1294 3478 et
1328 3425 1394 3478 ad
1445 3441 1718 3494 sponsam,
1748 3441 1857 3481 me-

280 3532 460 3571 mores
511 3515 651 3569 iilins
689 3518 757 3571 ab
800 3517 954 3571 initio
985 3518 1248 3579 mandati,
1294 3519 1384 3586 qui
1421 3517 1495 3570 ait
1528 3534 1541 3569 :
1583 3516 1857 3589 Relinquat

277 3610 429 3663 homo
469 3620 670 3674 patrem
705 3619 754 3664 et
800 3621 1039 3674 matrem,
1081 3619 1129 3662 et
1166 3609 1513 3678 conjungetur
1546 3611 1779 3675 mulieri,
1809 3621 1857 3666 et

276 3714 425 3756 erunt
452 3703 604 3755 ambo
641 3703 694 3756 in
725 3719 883 3755 carne
917 3720 1021 3757 una
1061 3704 1130 3758 ’°.
1155 3701 1430 3757 Laztanlur
1465 3712 1646 3758 autem
1669 3713 1724 3758 et
1761 3717 1858 3776 pa-

277 3801 461 3846 rentes
509 3791 754 3846 videntes
816 3792 957 3849 ﬁlios
994 3801 1195 3863 patres.
1254 3791 1318 3847 Et
1359 3794 1560 3850 scimus
1599 3810 1855 3862 sponsum

278 3896 463 3937 verum
503 3883 753 3939 Ecclesia:
771 3883 1077 3939 Domiuutn.
1113 3885 1216 3940 Sed
1249 3887 1372 3956 quia
1405 3886 1582 3942 lumen
1617 3886 1743 3942 illud
1769 3904 1861 3943 ve-

279 3990 397 4029 rum
435 3974 720 4030 luminaria
754 3976 906 4042 facit,
954 3987 1008 4032 et
1060 3981 1313 4048 magister
1343 3979 1457 4049 ipse
1485 3980 1630 4035 solus
1663 3981 1715 4036 in
1750 3981 1856 4037 Ec-

274 4066 439 4122 clesia
475 4068 650 4136 posuit
679 4079 733 4124 et
768 4070 1073 4138 magistros.
1108 4081 1157 4125 et
1187 4080 1374 4140 pastor
1413 4071 1526 4142 ipse
1558 4073 1731 4129 bonus
1755 4090 1857 4144 pa-

273 4167 451 4213 stores
477 4159 779 4223 constituit,
809 4176 1038 4231 sponsus
1085 4163 1302 4230 quidem
1341 4162 1452 4230 ipse
1485 4177 1642 4217 verus
1659 4173 1764 4228 est,
1799 4173 1857 4218 ut

273 4258 358 4305 est
390 4266 639 4319 sponsus.
663 4249 796 4318 Quia
829 4261 1004 4306 autem
1043 4253 1370 4324 mysrerialis
1409 4265 1511 4320 est,
1565 4255 1855 4326 mysteria-

274 4340 400 4396 litas
431 4341 531 4396 ista
559 4358 663 4396 non
713 4343 1012 4398 maculatur
1051 4360 1267 4414 sponsa,
1297 4345 1341 4399 si
1370 4354 1422 4400 et
1462 4361 1648 4402 servos
1678 4347 1730 4401 in
1759 4346 1856 4404 ho-

1961 3157 2165 3222 quanla
2195 3150 2262 3205 ad
2285 3135 2680 3206 correctionem
2712 3157 2838 3204 sunt
2873 3149 3177 3204 necessaria
3209 3159 3264 3205 et
3289 3159 3538 3205 ornatum

1959 3258 2190 3313 sponsae,
2247 3243 2452 3314 patitur
2491 3251 2546 3297 et
2591 3242 2804 3298 labores
2852 3251 2906 3297 et
2937 3241 3146 3312 vigilias
3189 3250 3245 3296 et
3279 3241 3541 3295 adiuven-

1959 3336 2137 3392 tiones
2162 3352 2176 3390 :
2202 3335 2390 3404 vigilat
2411 3335 2552 3390 enim
2584 3345 2643 3388 ut
2683 3335 2960 3390 reﬁciatur
2993 3348 3212 3403 sponsa,
3251 3341 3305 3388 et
3333 3331 3544 3387 laborat

1959 3437 2018 3482 ut
2056 3431 2373 3492 adornetur,
2399 3436 2452 3481 et
2481 3426 2685 3481 invenit
2724 3437 2779 3480 ut
2804 3434 3078 3494 pascatur.
3113 3422 3282 3478 Natus
3309 3423 3453 3476 enim
3477 3421 3543 3476 ilo

1959 3520 2063 3576 lius
2122 3519 2350 3577 eﬁicitur
2394 3536 2602 3590 sponsze
2644 3530 2884 3575 ornatus.
2919 3517 3057 3586 Quid
3107 3529 3284 3572 autem
3316 3517 3435 3572 dico
3475 3515 3544 3573 de

1959 3613 2098 3669 Filio
2137 3613 2228 3682 qui
2259 3613 2324 3668 de
2357 3614 2495 3669 ccelo
2525 3611 2825 3678 descendit,
2855 3621 2913 3665 ut
2945 3609 3212 3680 captivam
3243 3608 3343 3664 sibi
3393 3608 3542 3664 acci-

1959 3715 2112 3777 peret
2131 3720 2407 3775 Sponsam,
2435 3703 2578 3757 illam
2601 3719 2720 3774 qua:
2746 3713 2871 3757 ante
2889 3711 3005 3756 erat
3030 3701 3266 3764 sordida,
3291 3717 3410 3771 quae
3427 3699 3544 3755 fue-

1958 3807 2041 3852 rat
2072 3795 2355 3859 foruicata,
2381 3810 2500 3864 qua:
2535 3810 2722 3851 comas
2773 3795 3005 3849 habebat
3034 3796 3293 3865 impuras,
3338 3808 3458 3864 qua:
3488 3802 3543 3848 et

1959 3890 2027 3944 ab
2062 3890 2204 3944 intus
2236 3899 2290 3945 et
2323 3905 2352 3942 a
2391 3887 2521 3944 foris
2569 3903 2673 3943 non
2711 3897 2828 3943 erat
2867 3889 3028 3953 bona,
3067 3887 3118 3942 in
3154 3902 3315 3957 quam
3357 3885 3542 3940 illuse-

1959 3993 2086 4038 runt
2141 3983 2433 4048 darmones,
2480 3997 2600 4052 qua:
2628 3981 2934 4037 fmdabatur
2966 3981 3017 4035 in
3065 3977 3359 4042 montibus,
3423 3993 3542 4047 qua)

1960 4076 2100 4130 nuda
2128 4078 2399 4142 currebat,
2430 4091 2550 4146 qua:
2578 4076 2836 4130 lectiones
2865 4071 3250 4128 daunoniorum
3284 4069 3542 4136 habebat,

1959 4183 2078 4237 qua:
2103 4168 2276 4236 turpia
2298 4167 2574 4235 cantabat,
2617 4168 2794 4238 turpia
2815 4165 3050 4232 ludebat,
3072 4165 3248 4234 turpia
3289 4165 3547 4236 loqueba-

1961 4265 2048 4310 tur
2080 4272 2094 4310 :
2127 4272 2245 4328 qua:
2271 4273 2338 4312 ne
2372 4257 2588 4328 quidem
2631 4256 2684 4310 in
2723 4257 2916 4312 itinere
2940 4256 3245 4312 hominibus
3276 4256 3543 4311 concede-

1956 4347 2070 4413 bat,
2109 4364 2229 4418 ane
2261 4349 2510 4418 portabat
2539 4350 2760 4421 lapides,
2788 4360 2840 4405 et
2872 4348 3241 4405 fornicabatur
3273 4349 3340 4402 ad
3374 4348 3540 4418 ligna,

275 4453 407 4493 nore
441 4437 700 4508 suscipiat
727 4438 929 4507 sponsi.
960 4438 1188 4508 Dicebat
1231 4440 1373 4493 enim
1406 4453 1637 4508 sponsus
1670 4437 1853 4494 Domi-
1886 4418 1934 4477 ί)
1960 4455 2082 4510 qua:
2127 4441 2385 4514 fumigata
2427 4453 2565 4508 erat,
2591 4418 2730 4514 quae
2787 4442 3065 4498 redolebat
3101 4441 3288 4496 nidore
3329 4439 3541 4506 fmtido,

276 4544 400 4594 nus,
444 4539 503 4583 ut
538 4530 805 4586 audistis:
850 4531 954 4598 Qui
995 4549 1081 4587 vos
1124 4533 1360 4599 suscipit,
1410 4549 1491 4587 me
1541 4533 1758 4603 suscipit
1787 4533 1855 4586 ".

275 4621 514 4692 Apparet
544 4633 722 4678 autem
778 4633 1037 4694 quantum
1087 4624 1413 4693 sponsalitas
1444 4625 1557 4695 ipsa
1596 4625 1856 4690 emineat,

275 4715 344 4770 ab
369 4729 431 4768 ea
467 4730 585 4785 qua:
613 4715 666 4769 in
695 4717 892 4771 mundo
927 4725 1010 4772 est
1031 4717 1366 4787 periculosa;
1400 4734 1502 4772 non
1529 4718 1672 4774 enim
1698 4718 1857 4774 istinc

275 4805 472 4861 mulier
526 4804 746 4874 adjuvat
776 4808 974 4874 virum,
1004 4812 1098 4864 sed
1137 4825 1368 4880 sponsus
1401 4825 1656 4880 sponsam
1695 4828 1708 4866 :
1751 4826 1856 4866 non

272 4915 466 4968 sponsa
501 4901 670 4955 servit
694 4900 831 4967 viro,
863 4902 955 4956 sed
990 4917 1222 4971 sponsus
1265 4903 1429 4957 servit
1457 4912 1509 4957 et
1541 4903 1706 4958 dicit:
1742 4903 1853 4975 Ego

277 4991 504 5045 libenter
533 5005 630 5060 pro
663 4991 858 5046 animis
878 4992 1070 5047 vestris
1091 4993 1375 5062 erogabor,
1396 5003 1450 5047 et
1479 4996 1852 5064 memetipsum

283 5081 510 5135 tradam.
543 5083 608 5136 Et
637 5085 829 5140 horum
856 5084 979 5154 quis
1007 5095 1090 5139 est
1131 5085 1360 5156 dignus?
1390 5086 1445 5140 Si
1475 5086 1618 5140 enim
1646 5086 1734 5142 ille
1759 5090 1849 5158 qni

280 5190 407 5230 vere
459 5185 542 5229 est
593 5191 823 5245 sponsus
857 5176 1113 5233 Dominus
1169 5188 1225 5232 et
1276 5177 1417 5233 Deus
1464 5178 1556 5232 Dei
1590 5193 1694 5234 non
1746 5181 1855 5235 nati

280 5266 590 5337 uuigenitus
609 5266 798 5330 Filius,
825 5269 912 5336 qui
945 5269 998 5324 in
1035 5269 1202 5340 ﬁgura
1241 5270 1333 5325 Dei
1353 5270 1703 5336 constitutus,
1729 5289 1854 5342 pro-

277 5371 400 5430 pter
425 5361 747 5415 charitatem
783 5374 1008 5428 sponsae,
1058 5363 1284 5417 formam
1328 5366 1468 5418 servi
1495 5366 1702 5435 accepit
1740 5383 1752 5417 :
1811 5365 1855 5418 si

279 5450 538 5506 Dominus
591 5452 643 5506 in
689 5455 853 5524 ﬁgura
877 5454 1017 5508 servi
1057 5466 1276 5524 propter
1308 5456 1654 5512 dilectionem
1687 5473 1854 5527 spon-

279 5557 390 5606 sae;
454 5542 544 5610 qui
599 5553 790 5596 natura
877 5543 1018 5597 servi
1081 5553 1241 5610 sunt,
1304 5546 1429 5614 quid
1491 5558 1644 5616 putas
1695 5562 1854 5616 quam

347 5637 393 5668 “
429 5637 564 5692 Gen.
606 5655 665 5704 ιι,
692 5637 780 5692 24.
856 5639 899 5670 ⁹¹
933 5638 1118 5693 Matth.
1154 5654 1206 5702 x,
1248 5639 1334 5694 40.

352 5757 462 5826 (81)
486 5760 785 5827 Snsripitis.
810 5757 990 5818 Forte,
1010 5757 1294 5825 sttscipienr

1961 4547 2079 4602 qua:
2101 4533 2230 4603 quid
2268 4551 2372 4590 non
2405 4535 2532 4590 mali
2571 4535 2844 4591 habebat?
2871 4534 2968 4590 Cui
2999 4535 3144 4590 enim
3175 4542 3231 4589 et
3257 4532 3363 4589 alio
3385 4531 3546 4588 dece-

1959 4625 2052 4682 bat
2096 4626 2253 4682 talem
2291 4627 2391 4682 sibi
2421 4627 2621 4698 eligere
2665 4643 2941 4698 sponsam,
2986 4642 3146 4696 quam
3181 4625 3254 4682 illi
3285 4626 3376 4696 qui
3423 4635 3545 4681 erat

1961 4716 2271 4774 misericors
2304 4718 2577 4790 sponsus?
2616 4718 2748 4772 nihil
2781 4719 2926 4775 enim
2957 4718 3192 4774 habebat
3218 4717 3540 4772 hortamenti

1960 4810 2026 4865 ad
2065 4811 2410 4866 dilectionem
2446 4825 2564 4879 qua:
2597 4820 2874 4880 assumpta
2912 4820 3015 4867 est.
3071 4810 3206 4877 Quia
3245 4823 3374 4879 ergo
3412 4807 3542 4862 nihil

1961 4913 2080 4955 erat
2112 4903 2180 4956 ab
2212 4903 2310 4957 ista
2347 4901 2838 4967 adhortantentum,
2887 4902 3008 4957 ideo
3057 4901 3196 4956 facta
3236 4910 3320 4956 est
3371 4899 3540 4970 gratia

1961 4992 2076 5062 ejus
2106 4994 2195 5064 qui
2228 4997 2439 5061 accepit
2477 4995 2635 5050 talem
2667 5013 2680 5048 :
2713 5010 2810 5064 pro
2850 4994 2974 5050 odio
3002 4994 3144 5048 enim
3180 5009 3286 5062 quo
3309 5000 3427 5047 erat
3465 4990 3542 5045 di-

1959 5101 2086 5156 gna,
2124 5085 2308 5140 dilexit
2336 5102 2487 5150 eam;
2521 5103 2617 5157 pro
2659 5101 2818 5155 paena
2854 5086 3156 5150 honoravit,
3200 5099 3296 5155 pro
3325 5083 3541 5139 mortali

1963 5185 2205 5232 mortuus
2228 5188 2332 5242 est,
2367 5194 2462 5248 pro
2495 5178 2849 5233 condemnata
2891 5176 3281 5233 condemnatus
3306 5182 3408 5238 est,
3444 5187 3544 5243 pro

1961 5269 2214 5340 injuriosa
2237 5271 2351 5342 ipse
2385 5287 2574 5342 passus
2611 5272 2861 5340 injuriam
2888 5280 2943 5326 et
2979 5270 3251 5338 accipiens
3281 5266 3544 5337 sputami-

1961 5378 2030 5415 na
2061 5364 2111 5417 in
2145 5374 2386 5419 sanctam
2417 5365 2630 5431 faciem,
2679 5377 2736 5421 ct
2767 5374 2892 5420 ante
2925 5363 3228 5434 sputantina
3255 5378 3372 5418 eam
3413 5372 3540 5414 sus-

1959 5453 2139 5522 cipitis
2157 5455 2290 5524 (8|).
2317 5455 2420 5512 Ista
2449 5457 2590 5512 enim
2618 5472 2836 5526 sponsa,
2871 5456 3063 5510 ancilla
3093 5471 3159 5510 ex
3183 5454 3356 5510 servis
3397 5461 3538 5511 erat.

1960 5565 1987 5600 a
2015 5560 2164 5618 patro
2204 5568 2312 5607 non
2361 5551 2520 5617 bono,
2558 5562 2610 5606 et
2645 5560 2815 5606 matre
2849 5566 2967 5621 quae
3010 5559 3307 5614 erraverat,
3352 5554 3542 5602 contu-
