4098 6398
771 306 903 367 1171

1439 307 1712 364 EUSEBll
1751 309 2237 368 CESABIENSIS
2275 307 2425 366 ΟΡΡ.
2470 309 2648 366 PARS
2691 308 2775 364 ιν.
2815 338 2885 352 -—-
2921 301 3339 366 DOGSIATICA.
3781 314 3846 371 liii

769 441 892 479 max
932 442 960 478 a
1012 425 1446 487 contumacibus,
1503 427 1556 480 in
1611 425 1779 480 multo
1829 435 2070 496 tempore
2118 425 2340 495 capillos
2370 430 2416 487 Α
2445 427 2498 482 ἰη
2563 436 2702 480 terra
2735 441 2763 478 a
2793 421 3132 478 mortalibus.
3159 417 3298 486 Quia
3320 428 3446 485 ergo
3470 427 3564 470 non
3583 427 3646 472 est
3661 420 3787 479 idonei
3805 449 3848 485 ltu-

773 517 980 570 habens
1001 516 1244 584 captivos
1294 523 1346 568 et
1391 529 1618 583 ungues,
1648 525 1703 569 et
1738 517 1788 568 in
1828 518 2076 570 omnibus
2107 515 2342 571 sordida.

771 606 840 660 Et
866 606 1006 675 quod
1041 615 1127 660 est
1170 605 1422 660 maxima:
1451 607 1844 669 admirationis,
1872 606 1958 662 ille
1979 619 2099 660 erat
2133 616 2350 662 sanctus

770 698 826 752 in
859 695 1063 750 sanctis
1080 696 1352 759 habitans,
1377 697 1572 752 sedens
1597 697 1662 751 ad
1682 697 1955 752 dexteram
1977 696 2172 762 Patris,
2197 713 2353 750 mun-

772 790 873 841 dus
909 804 938 840 a
963 788 1162 842 mundo
1198 787 1516 856 procedens,
1550 788 1728 844 lumen
1765 805 1978 854 verum,
2006 790 2086 844 sol
2098 790 2348 859 jnstitim;

772 880 860 934 ille
893 880 982 948 qui
1014 880 1080 934 ab
1111 879 1318 948 angelis
1348 881 1690 944 adorabatur,
1721 895 1911 949 passus
1941 890 2023 935 est
2054 891 2111 934 ut
2141 881 2206 934 ab
2249 880 2350 935 ho-

776 971 1010 1026 minibus
1065 971 1399 1025 illuderetur.
1453 971 1519 1025 Et
1549 985 1648 1040 ego
1702 972 1913 1041 quidem
1956 972 2123 1026 miror
2170 985 2270 1026 nos
2299 980 2355 1025 et

773 1079 1053 1131 sponsam,
1090 1064 1215 1133 quia
1243 1079 1349 1118 non
1379 1065 1688 1133 stupuimus
1716 1065 1857 1119 illius
1883 1065 1974 1135 qui
2003 1065 2356 1133 advenitgra-

777 1156 929 1220 tiam,
961 1165 1014 1210 et
1043 1155 1186 1209 illius
1217 1155 1309 1226 qui
1339 1156 1485 1210 misit
1514 1156 1735 1222 donum,
1775 1165 1829 1210 et
1857 1171 1963 1210 non
1999 1156 2203 1220 statim,
2248 1170 2354 1209 non

777 1245 984 1299 insania
1025 1247 1278 1315 quadam,
1317 1247 1411 1302 sed
1445 1247 1694 1316 religiosa
1741 1256 1918 1301 mente
1943 1255 1997 1301 et
2031 1248 2237 1300 tervido
2261 1247 2356 1301 de-

776 1339 976 1392 siderio
1000 1338 1236 1408 Spoliatl,
1257 1353 1453 1408 corpus
1479 1348 1533 1394 et
1559 1339 1816 1403 animam,
1853 1348 1912 1392 ut
1941 1338 2014 1392 ita
2050 1337 2248 1404 dicam,
2272 1353 2358 1393 re-

779 1429 1066 1484 tribuimus
1119 1431 1227 1485 Deo
1275 1447 1373 1502 pro
1414 1433 1667 1488 omnibus
1709 1447 1830 1502 quae
1881 1432 2039 1488 nobis
2083 1433 2354 1487 retribuit.

778 1519 916 1585 Quid
946 1531 1126 1576 autem
1157 1532 1212 1576 et
1255 1523 1303 1577 ei
1344 1538 1634 1592 possumus
1676 1523 2014 1578 retribuere?
2069 1522 2358 1577 Moriemur

779 1629 877 1680 pro
920 1615 1053 1683 ipso,
1087 1616 1180 1670 sed
1211 1616 1328 1686 ipse
1354 1617 1557 1684 primus
1583 1631 1683 1686 pro
1707 1617 1859 1672 nobis
1893 1624 2140 1671 mortuus
2164 1624 2262 1669 est.
2293 1615 2358 1669 Et

780 1721 880 1762 nos
928 1707 1145 1776 quidem
1202 1708 1245 1762 si
1278 1709 1594 1774 moriamur,
1656 1707 1982 1762 naturaliter
2033 1706 2356 1774 suscipimus

2454 529 2568 574 stra
2621 528 2807 572 natura
2860 515 3040 570 verbis
3080 512 3285 567 assumi
3328 510 3393 564 ad
3439 517 3617 564 tantum
3648 510 3716 567 Dei
3748 517 3848 576 Filiam

2452 613 2644 677 Deum,
2673 611 2762 679 qui
2793 619 2852 664 ut
2876 624 2980 662 non
3004 605 3178 661 solum
3198 601 3379 658 verbis
3401 600 3639 666 edoceret,
3664 605 3732 658 sed
3746 619 3848 679 etate.

2453 703 2604 758 ribus
2637 702 2977 764 informaret,
3006 699 3153 752 venit
3183 694 3436 756 visibilis,
3472 701 3588 748 utet
3606 697 3703 749 dum
3726 701 3847 760 videtur

2451 794 2762 849 ostenderet
2789 788 3211 846 invisibilem.Et
3236 787 3367 840 mihi
3392 784 3591 854 quidem
3617 786 3848 855 lpSOSlllCSlii

2455 887 2740 943 sermonis.
2783 885 2916 939 Cum
2945 883 3091 937 enim
3125 881 3330 934 lavaret
3363 878 3602 932 Dominus
3628 881 3750 946 pedes
3769 898 3848 937 seni

2456 995 2598 1046 rum,
2629 978 2885 1048 magister
2910 975 3317 1045 discipulorum,
3352 979 3406 1026 et
3434 983 3691 1027 excusante
3712 975 3848 1030 Petrodi

2454 1072 2612 1128 cebat
2655 1070 2895 1126 formans
2923 1084 3018 1124 eos
3047 1075 3101 1123 et
3136 1067 3321 1122 dicens
3353 1085 3366 1118 :
3401 1063 3526 1119 Haec
3564 1081 3640 1134 ego
3677 1066 3759 1119 ideo
3785 1069 3848 1136 (an:

2456 1170 2514 1215 ut
2543 1172 2590 1216 et
2623 1176 2710 1215 vos
2731 1159 3053 1214 edoceamini
3086 1158 3300 1211 invicem
3339 1155 3515 1209 eadem
3557 1154 3699 1222 facere
3717 1157 3763 1210 ’³.
3790 1159 3848 1210 Sin

2457 1252 2622 1322 igitur
2653 1253 2704 1306 in
2733 1250 2824 1305 illo
2865 1259 2989 1304 actu
3036 1248 3240 1302 dictum
3289 1256 3374 1301 est
3414 1244 3552 1315 quod
3583 1247 3848 1302 mandaturus

2458 1346 2583 1415 quia
2615 1345 2736 1400 ideo
2768 1343 2900 1398 facit
2937 1350 2995 1396 nt
3016 1341 3330 1397 ostenderet
3361 1347 3557 1404 totum;
3599 1339 3660 1390 ita
3692 1341 3778 1392 audi
3811 1343 3848 1407 qui

2457 1438 2856 1493 venitformare
2886 1435 2952 1489 ad
2979 1434 3236 1489 deitatem
3273 1431 3536 1486 homines.
3563 1429 3848 1484 Miseraliilesu

2459 1538 2565 1580 tem
2599 1535 2724 1580 sunt
2744 1525 2834 1594 qui
2869 1539 2975 1578 non
3005 1522 3298 1592 inspiciunt
3317 1539 3331 1586 ;
3350 1519 3493 1574 beati
3521 1534 3638 1574 vero
3659 1521 3847 1573 oculieoia

2463 1619 2553 1686 qui
2581 1618 2787 1672 vident.
2830 1618 3053 1671 Videtur
3076 1616 3220 1672 enim
3245 1625 3298 1670 et
3333 1629 3479 1669 nunc
3511 1613 3733 1669 Dominus
3757 1617 3848 1682 tsiqi

2458 1715 2601 1767 enim
2629 1712 2791 1766 habet
2815 1711 3002 1767 oculos
3031 1710 3216 1764 videt:
3249 1723 3522 1778 nunquam
3567 1707 3694 1760 enim
3714 1707 3777 1758 ille
3794 1708 3848 1760 dist

780 1808 1038 1864 mortem;
1068 1799 1156 1853 ille
1195 1808 1373 1854 autem
1402 1807 1591 1855 contra
1625 1809 1872 1853 naturam
1917 1798 2130 1868 patiens
2161 1797 2259 1852 fuit
2287 1798 2353 1850 ad
2388 1788 2431 1845 Β
2460 1808 2556 1870 (ιίι,
2583 1806 2721 1860 sicut
2743 1805 2856 1874 ipse
2885 1803 3012 1858 dicit
3044 1819 3056 1854 ε
3093 1801 3226 1856 Ecce
3269 1817 3362 1868 ego
3391 1800 3647 1852 vobiscum
3677 1815 3777 1862 ειιηι,
3803 1815 3848 1867 ιη

781 1899 1034 1946 mortem.
1071 1890 1136 1943 Et
1176 1905 1274 1946 nos
1309 1889 1524 1959 quidem
1553 1889 1596 1944 si
1637 1888 1902 1944 fuerimus
1933 1887 2154 1952 mortui,
2179 1886 2356 1940 lucra-

780 1983 960 2036 bimur
993 1982 1351 2050 nosmetipsos
1389 2000 1402 2036 :
1442 1981 1529 2035 ille
1557 1991 1736 2036 autem
1777 1990 2022 2037 mortuus
2046 1987 2130 2035 est
2154 1996 2256 2035 non
2291 1979 2358 2033 ad

782 2072 1067 2127 utilitatem
1100 2072 1397 2141 propriam,
1426 2071 1521 2125 sed
1552 2080 1610 2125 ut
1645 2085 1743 2126 nos
1791 2069 2113 2124 lucraretur.
2146 2069 2213 2123 Et
2262 2083 2358 2123 nos

783 2165 1045 2219 morimur
1071 2169 1136 2218 ad
1167 2179 1318 2234 spem
1353 2163 1477 2217 vitze
1511 2181 1525 2217 :
1563 2163 1653 2218 ille
1687 2171 1866 2217 autem
1895 2162 2004 2217 vita
2044 2170 2126 2215 est
2151 2159 2357 2214 vivens.

785 2257 849 2310 Et
874 2271 972 2310 nos
992 2256 1043 2309 in
1070 2256 1329 2327 martyrio
1351 2255 1610 2326 patimur,
1644 2264 1705 2309 ut
1727 2270 1830 2309 non
1858 2269 1979 2308 cum
2008 2253 2208 2307 mundo
2228 2267 2362 2307 con-

782 2349 1120 2415 demnemur,
1151 2349 1419 2417 fugientes
1456 2363 1552 2418 per
1591 2357 1818 2402 mortem
1856 2347 2182 2416 gehennam,
2213 2353 2266 2400 et
2307 2344 2361 2399 in

784 2441 1094 2495 haereditate
1127 2440 1455 2510 accipientes
1486 2454 1650 2510 regna
1673 2439 1956 2494 calorum.
1991 2436 2099 2492 Nos
2127 2437 2195 2491 ad
2224 2450 2364 2490 mer-

782 2531 1001 2596 cedem;
1033 2531 1120 2584 ille
1155 2539 1374 2599 propter
1404 2530 1749 2585 charitatem.
1784 2529 1842 2584 Si
1872 2532 1996 2599 quis
2025 2539 2204 2583 autem
2237 2544 2364 2583 con-

781 2623 903 2678 silio
933 2621 1161 2676 assentit
1191 2637 1332 2688 meo,
1381 2622 1450 2676 sit
1484 2621 1696 2690 quidem
1730 2635 1935 2676 merces
1984 2622 2052 2677 ab
2087 2621 2224 2690 ipso,
2258 2636 2363 2674 non

782 2717 854 2770 sit
901 2724 1080 2770 autem
1145 2713 1298 2768 nobis
1354 2729 1544 2768 cursus
1592 2714 1658 2768 ad
1692 2717 2042 2768 mercedem:
2083 2729 2187 2768 non
2221 2714 2364 2792 enim

784 2809 908 2878 quia
929 2809 1193 2876 promittit
1226 2807 1345 2861 ideo
1379 2807 1539 2861 debet
1565 2816 1619 2861 et
1641 2806 1810 2876 diligi,
1845 2806 1938 2860 sed
1971 2806 2096 2876 quia
2123 2807 2245 2861 talis
2267 2807 2366 2860 ha-

786 2899 968 2962 betur,
993 2907 1047 2952 et
1083 2897 1205 2952 talis
1225 2907 1308 2951 est
1337 2896 1507 2952 Filius
1537 2912 1676 2951 :non
1699 2897 1897 2967 quippe
1926 2897 2186 2967 diligatur
2213 2900 2280 2953 ob
2303 2912 2366 2953 ea

785 3005 907 3056 quae
935 2991 1120 3052 donat,
1155 2991 1247 3044 sed
1278 2999 1495 3059 propter
1548 2999 1799 3042 naturam
1825 2990 1908 3043 sui
1953 2998 2006 3042 et
2039 2998 2162 3042 ante
2194 2989 2368 3043 dona-

789 3084 983 3136 tiones.
1023 3081 1301 3149 Siquidem
1337 3091 1390 3135 et
1424 3082 1526 3136 hoc
1553 3081 1734 3134 lumen
1779 3080 2060 3144 sensibile,
2091 3097 2196 3134 non
2244 3081 2366 3149 quia

789 3171 961 3240 pascit
988 3171 1173 3227 oculos
1204 3183 1437 3238 amatur,
1465 3172 1556 3228 sed
1589 3172 1714 3242 quia
1728 3171 2090 3226 clarissimum
2123 3172 2365 3227 habetur.

786 3263 1188 3336 Nonnunquam
1222 3263 1367 3318 enim
1391 3273 1446 3316 et
1481 3263 1658 3317 fontes
1689 3261 1940 3316 videntes
1979 3263 2292 3331 perspicuos
2318 3270 2372 3317 et

789 3374 975 3424 puros,
1028 3367 1083 3411 et
1139 3358 1184 3411 si
1228 3373 1332 3411 non
1386 3355 1624 3410 admittit
1666 3364 1881 3423 tempus
1922 3355 2159 3419 bibendi,
2195 3365 2370 3408 tamen

793 3451 1055 3504 miramur
1081 3448 1560 3518 pulchritudinem,
1581 3448 1743 3502 etiam
1768 3463 1872 3500 non
1906 3447 2230 3501 adveniente
2249 3462 2369 3501 usu.

794 3543 859 3596 lit
910 3545 978 3596 ad
1036 3542 1233 3597 calum
1291 3541 1646 3611 respicientes
1682 3541 2036 3604 delectamur,
2095 3557 2200 3595 non
2239 3543 2366 3610 quia

794 3633 1200 3688 manducamus.
1233 3629 1288 3684 Si
1317 3631 1482 3699 igitur
1512 3646 1675 3699 opera
1710 3630 1827 3699 ejus
1854 3632 1926 3684 ita
1965 3641 2090 3685 sunt
2128 3632 2287 3696 bona,
2319 3640 2373 3684 et

794 3733 922 3779 ante
945 3731 1159 3793 gustum
1193 3732 1247 3777 et
1275 3737 1457 3776 escam
1509 3723 1782 3777 delectant
1827 3739 1951 3777 cum
2004 3724 2274 3787 videntur,
2320 3733 2376 3776 et

794 3813 1106 3870 coaﬂectari
1133 3813 1371 3876 faciunt;
1408 3815 1522 3882 ipse
1545 3814 1636 3882 qni
1667 3829 1790 3868 vere
1814 3830 1977 3883 supra
2001 3830 2216 3868 onmem
2252 3815 2372 3884 pul-

797 3908 1158 3961 chritudinem
1221 3907 1472 3968 habetur,
1523 3917 1578 3959 et
1606 3921 1734 3960 vere
1786 3915 1868 3959 est
1922 3909 2116 3971 bonus,
2155 3923 2259 3962 non
2307 3922 2371 3962 ex

797 4001 1045 4056 mercede
1067 4002 1261 4055 habeat
1289 4000 1649 4060 dilectionem,
1680 4003 1771 4056 sed
1791 4017 1855 4055 ex
1889 4011 2081 4054 natura
2113 4016 2372 4057 amorem.

798 4090 910 4158 Ego
946 4105 1077 4144 sane
1118 4105 1502 4160 nonnunquam
1538 4092 1588 4144 in
1625 4093 1864 4162 cogitatu
1902 4093 2005 4147 isto
2028 4092 2251 4155 adveni;
2283 4105 2376 4144 ve-

801 4182 912 4237 nite
965 4192 1019 4236 et
1050 4197 1144 4236 vos
1198 4183 1265 4236 ad
1307 4182 1667 4250 suspicionem
1704 4183 1897 4237 bonam
1935 4199 1949 4237 :
1989 4199 2127 4251 saepe
2154 4184 2296 4237 enim
2346 4198 2374 4236 a

799 4275 1002 4329 sanctis
1030 4274 1336 4345 Evangeliis
1387 4283 1440 4340 et
1477 4290 1602 4329 vere
1650 4275 1847 4330 divinis
1887 4278 1953 4332 de
1987 4277 2210 4331 Domino
2249 4275 2374 4331 Jesu

799 4368 1042 4426 audiens.
1077 4365 1317 4420 auditum
1339 4366 1406 4418 ad
1442 4365 1615 4419 visum
1642 4367 1882 4420 converti
1917 4387 1929 4421 :
1957 4369 2204 4422 videbam
2231 4368 2375 4423 enim

800 4458 1208 4512 admirationem
1261 4473 1450 4511 novam
1505 4457 1620 4521 Dei,
1671 4457 1864 4511 Filium
1918 4459 2086 4513 Deum
2134 4460 2188 4513 in
2235 4469 2374 4515 terra

797 4565 992 4619 corpus
1024 4549 1311 4604 habentem
1350 4567 1364 4602 :
1397 4557 1451 4603 et
1487 4558 1686 4618 putans
1711 4551 1900 4604 adesse
1922 4551 2284 4620 spectaculum
2303 4566 2370 4606 ex

799 4641 1091 4711 Scripturis
1123 4656 1257 4710 pene
1297 4650 1351 4695 et
1380 4649 1629 4709 porrecta
1680 4657 1840 4695 manu
1879 4641 2210 4711 apprehendi
2248 4641 2370 4696 liui-

797 4733 972 4788 briam
1004 4733 1304 4788 vestimenti
1333 4733 1466 4804 ejus,
1510 4749 1576 4787 ne
1602 4733 1739 4788 forte
1773 4742 1881 4803 et_a
1909 4736 2147 4804 peccatis
2178 4735 2375 4791 libera-

800 4842 910 4881 rer.
961 4825 1078 4881 Non
1125 4825 1289 4894 igitur
1333 4825 1643 4881 fraudemus
1701 4827 2060 4893 nosmetipsos
2097 4841 2126 4880 a
2168 4827 2376 4883 visione

803 4919 894 4973 Dei
927 4918 1210 4990 unigeniti,
1242 4919 1328 4984 qui
1363 4934 1458 4989 pro
1491 4919 1645 4972 nobis
1673 4918 1740 4971 ad
1770 4934 1868 4974 nos
1898 4919 2047 4972 venit
2076 4936 2090 4972 :
2120 4934 2243 4972 nam
2272 4920 2378 4974 etsi

802 5012 854 5064 in
884 5025 1109 5079 corpore
1135 5011 1374 5072 advenit,
1406 5018 1585 5065 tamen
1619 5026 1721 5064 non
1753 5010 1911 5063 latuit
1938 5011 2078 5066 Deus
2101 5013 2241 5065 nube
2271 5012 2380 5066 cir-

801 5103 1179 5157 cnmamictus.
1209 5101 1264 5156 Si
1289 5102 1433 5156 enim
1462 5112 1517 5155 et
1552 5102 1694 5172 apud
1736 5117 1836 5156 nos
1861 5102 2056 5156 anima:
2089 5113 2261 5157 status
2286 5104 2380 5158 da-

802 5205 891 5249 tur
910 5195 978 5249 ad
1003 5197 1175 5251 visum
1201 5213 1296 5265 per
1339 5196 1548 5261 oculos,
1581 5209 1677 5266 per
1711 5195 1931 5257 faciem,
1968 5210 2064 5265 per
2100 5196 2375 5262 maxillas;

799 5281 1015 5350 qualem
1049 5293 1201 5350 putas
1229 5299 1350 5339 esse
1388 5284 1539 5338 illam.
1569 5284 1784 5350 faciem,
1815 5285 2026 5354 qualem
2070 5285 2212 5340 illam
2242 5287 2377 5341 divi-

800 5388 926 5427 nam
967 5376 1432 5443 constitutionem,
1476 5377 1626 5432 illum
1658 5377 2008 5445 tranquillum
2044 5379 2280 5445 oculum,
2314 5379 2375 5433 il-

799 5465 908 5521 lam
958 5468 1240 5522 honestam
1281 5470 1520 5536 linguam
1555 5481 1610 5528 et
1639 5473 1880 5527 motum?
1907 5471 2085 5526 Unum
2122 5481 2204 5525 est
2233 5473 2375 5538 quod

801 5561 1015 5618 confert
1045 5560 1161 5630 ejus
1194 5563 1475 5631 adventus,
1527 5577 1587 5621 ut
1632 5565 1959 5636 suscipiatur
1993 5566 2113 5621 talis
2145 5565 2365 5620 habitus

875 5747 918 5777 ⁹²
952 5743 1102 5801 Joan.
1147 5761 1262 5812 xm,
1305 5747 1386 5802 l5.
1464 5749 1506 5781 '3
1543 5747 1733 5804 Matth.
1770 5765 1961 5818 “Vtri,
1995 5749 2084 5804 20.

2177 5748 2220 5779 ’³
2248 5745 2437 5804 Matth.
2465 5763 2580 5812 viti,
2611 5745 2698 5801 ‘22.

2461 1897 2530 1950 ad
2557 1896 3050 1949 consummationem
3078 1891 3257 1946 amuli
3281 1891 3348 1943 ⁸³.
3375 1889 3541 1943 Adest
3571 1889 3780 1943 Dominus
3802 1889 3848 1940 sil

2462 1993 2556 2046 bes
2582 1990 2786 2053 oculos,
2813 1998 2865 2042 et
2893 1996 3182 2055 antequam
3219 1982 3408 2036 audias
3437 1981 3606 2034 vides.
3630 1978 3680 2032 Si
3703 1989 3848 2030 autem

2462 2082 2610 2135 vides
2637 2095 2667 2134 a
2697 2079 3012 2147 ‘temetipso,
3065 2089 3282 2130 movere
3304 2089 3424 2127 cum
3457 2086 3526 2125 eo
3567 2069 3651 2139 qui
3683 2068 3847 2123 ostendit

2462 2170 2688 2225 videbis.
2722 2167 2778 2224 Si
2813 2177 2992 2222 autem
3019 2176 3074 2221 et
3105 2179 3226 2219 cum
3258 2173 3540 2217 ostensum
3575 2159 3661 2214 tibi
3695 2157 3848 2211 {uerita

2463 2262 2635 2327 vides,
2700 2261 2996 2315 lamentare
3046 2257 3344 2312 cmeitatent
3394 2262 3546 2306 tuam
3598 2247 3847 2304 debebisii

2463 2353 2606 2407 enim
2635 2365 2741 2405 non
2768 2357 2944 2420 potest
2965 2346 3152 2404 oculus
3189 2347 3306 2399 sine
3338 2343 3548 2397 lumine
3576 2341 3750 2400 videre.
3772 2342 3814 2391 iu
3840 2350 3848 2387 ε

2464 2453 2644 2515 potest
2675 2457 2774 2498 nec
2829 2456 2982 2495 mens
3011 2439 3128 2494 sine
3177 2439 3284 2492 Deo
3313 2437 3498 2489 vivere
3523 2451 3539 2487 :
3577 2433 3774 2486 celerius
3801 2430 3847 2495 qui;

2466 2535 2768 2592 salvabitur
2799 2533 2967 2604 piscis
2997 2531 3113 2585 sine
3139 2543 3298 2598 aqua,
3329 2541 3496 2595 quam
3535 2525 3704 2578 anima
3727 2519 3848 2574 sinet:

2466 2636 2568 2681 sto.
2589 2624 2726 2692 Quid
2757 2638 2886 2692 ergo
2907 2623 2930 2675 τ
2957 2619 3094 2674 Num
3122 2634 3226 2673 non
3276 2617 3468 2671 vivunt
3490 2615 3729 2686 gentiles,
3752 2623 3786 2664 et
3803 2608 3848 2662 ira

2467 2729 2519 2773 et
2546 2716 2824 2772 hieretici?
2852 2715 3125 2778 Permitte,
3153 2711 3348 2782 inquit,
3399 2716 3648 2761 mortuos
3676 2705 3847 2770 sepetinr

2467 2822 2699 2864 mortuos
2725 2811 2794 2860 ".
2828 2807 2985 2861 Venit
3018 2806 3155 2860 Deus
3179 2809 3481 2872 apportans
3525 2797 3805 2852 IlOlIlinlbﬂS,
3833 2805 3847 2853 ξι

2470 2901 2646 2957 nullus
2675 2901 2954 2956 hominum
2987 2897 3208 2951 adduxit
3235 2912 3248 2947 :
3280 2909 3383 2949 non
3425 2891 3584 2946 enim
3633 2896 3848 2942 eratsc’rm

2471 3010 2664 3066 magna
2696 2997 2919 3056 donare,
2951 2991 3043 3045 sed
3075 3001 3352 3044 servorum
3402 2994 3537 3040 erat
3569 2981 3733 3052 Regis
3757 2978 3848 3030 sese:

2473 3087 2840 3142 annuntiare:
2873 3083 3074 3138 donare
3103 3088 3284 3134 autem
3323 3077 3502 3148 ipsius
3553 3084 3676 3130 erat
3703 3067 3847 3139 ch‘sji

2472 3185 2526 3231 et
2554 3188 2920 3244 prmcursores
2946 3172 3196 3226 dicebant
3226 3187 3238 3222 ε
3271 3169 3501 3222 Veniet.
3526 3165 3648 3235 ipse
3674 3153 3848 3223 anteme

2471 3267 2736 3337 quebatur
2793 3263 3086 3318 adveniens
3146 3261 3410 3316 donavit:
3478 3273 3586 3327 per
3656 3253 3847 3321 Moysen

2471 3359 2594 3412 data
2618 3367 2699 3413 est
2729 3360 2836 3421 lex,
2867 3354 2960 3409 sed
3003 3353 3136 3408 nihil
3182 3352 3381 3407 factum
3422 3361 3561 3415 est;
3599 3346 3760 3418 gratia
3781 3351 3848 3394 anu

2473 3451 2672 3506 veritas
2697 3465 2800 3504 non
2828 3449 2948 3502 data
2981 3455 3085 3510 est,
3109 3445 3200 3500 sed
3229 3444 3366 3497 facta
3391 3449 3509 3506 est,
3543 3448 3603 3494 et
3632 3434 3838 3492 correxit.

2473 3545 2616 3599 enim
2652 3541 2842 3595 mulier
2873 3540 2959 3594 illa
2986 3553 3105 3607 qnze
3146 3535 3346 3590 fontem
3405 3529 3708 3602 sanguinis
3750 3532 3848 3580 cont!

2475 3647 2648 3690 turam
2670 3634 2925 3696 habebat,
2945 3630 3165 3701 fatigata
3189 3639 3274 3683 est
3306 3625 3568 3680 medelas
3593 3621 3833 3678 hominum

2476 3740 2640 3787 nens;
2676 3723 2878 3794 profuit
2908 3731 3091 3776 autem
3124 3719 3174 3773 ei
3202 3715 3356 3780 nihil,
3385 3714 3494 3770 sed
3549 3704 3847 3768 tantummod:

2475 3827 2788 3870 sumebatur
2815 3825 2867 3867 et
2892 3826 3121 3882 corpore
3160 3819 3215 3866 et
3243 3805 3617 3862 facultatibus
3648 3823 3660 3856 :
3689 3803 3754 3854 ita
3769 3812 3848 3852 sect

2477 3909 2705 3962 formam
2747 3907 2905 3962 istam
2937 3905 3170 3959 humana
3201 3909 3393 3955 natura
3427 3895 3724 3964 accipiens
3747 3885 3848 3943 medi

2475 3999 2752 4070 prophetis
2777 4010 2831 4052 et
2849 3995 3218 4051 sacerdotibus
3243 4000 3296 4046 et
3335 4005 3364 4045 a
3397 3988 3534 4058 lege
3574 3989 3713 4056 ipsa,
3747 3996 3848 4035 nom

2476 4103 2630 4156 rata;
2664 4092 2757 4146 sed
2809 4091 2855 4144 is
2878 4089 2969 4159 qui
3003 4087 3117 4142 sine
3145 4085 3260 4154 lege
3294 4092 3417 4138 erat
3449 4081 3848 4149 subingrcssuSt

2477 4183 2778 4239 abundaret
2812 4187 3114 4250 peccatum.
3149 4175 3282 4241 Quia
3335 4173 3519 4244 igitur
3557 4186 3671 4224 non
3709 4176 3810 4221 erat
3832 4165 3848 4212 il

2478 4275 2746 4343 corrigere
2781 4270 3055 4325 hominum
3111 4265 3388 4335 passiones
3419 4271 3487 4317 et
3519 4262 3684 4321 vitia,
3715 4258 3847 4311 Deus:

2479 4367 2690 4420 intirme
2720 4367 2817 4418 hoc
2853 4363 3024 4431 ipsum
3051 4358 3194 4427 quod
3218 4357 3328 4426 jam
3352 4364 3489 4408 erat
3512 4364 3835 4409 emortuum.

2407 4487 2454 4546 υ
2481 4458 2727 4526 ingressa
2771 4463 2856 4509 est
2889 4453 3016 4515 vita,
3057 4459 3115 4503 ut
3157 4446 3452 4518 praesentia
3516 4444 3746 4499 virtutis
3780 4451 3848 4502 reti

2483 4560 2632 4604 retur
2665 4549 2815 4602 virus
2850 4543 3143 4614 serpentis,
3190 4543 3320 4610 Quis
3349 4557 3470 4595 non
3508 4537 3763 4594 movebit
3790 4535 3840 4583 ad

2483 4643 2619 4695 rinm
2653 4638 2892 4694 Christi?
2917 4636 3196 4705 Siquidem
3232 4634 3443 4688 Christi
3496 4630 3700 4685 Pater.
3726 4625 3795 4679 llli
3821 4639 3847 4672 ei

2481 4745 2566 4788 cet
2591 4732 2711 4786 talis
2735 4743 2787 4784 et
2816 4741 2964 4784 tanta
2990 4727 3206 4796 largitio
3237 4746 3250 4782 ς
3277 4725 3460 4779 Nemo
3509 4725 3690 4784 enim,
3716 4717 3842 4786 inqui

2483 4827 2655 4881 renire
2681 4825 2749 4877 ad
2782 4815 2882 4887 me,
2909 4822 3010 4875 nisi
3054 4820 3212 4873 Pater
3238 4835 3378 4871 meus
3432 4815 3748 4869 attraxerit
3772 4821 3848 4860 ean

2484 4920 2539 4972 in
2569 4917 2710 4971 culis
2739 4917 2807 4967 ³⁸.
2834 4913 3089 4983 Nonquia
3111 4912 3214 4965 vim
3249 4910 3378 4964 facit
3405 4911 3605 4975 Deus,
3647 4907 3744 4963 sed
3773 4903 3847 4971 qui.

2484 5010 2728 5064 homines
2764 5005 3038 5068 mortales,
3075 5019 3172 5073 pro
3219 5003 3424 5072 quibus
3485 5011 3743 5055 mortem
3785 4996 3842 5044 im

2482 5103 2736 5174 gustavit.
2778 5099 2952 5154 Nolite
2985 5100 3035 5152 in
3070 5111 3291 5152 vacuum
3331 5097 3606 5165 gratiam
3645 5104 3848 5162 ponere,

2479 5209 2669 5249 somno
2695 5189 3044 5262 Evangelium
3076 5206 3090 5241 :
3126 5188 3219 5242 sed
3243 5185 3612 5256 evigilanles
3633 5189 3847 5249 comptu:

2481 5285 2680 5340 factum
2714 5292 2816 5348 est,
2877 5282 3005 5351 quid
3042 5289 3227 5333 natum
3279 5286 3384 5339 est,
3433 5279 3599 5346 quid
3637 5277 3848 5331 denatat

2479 5376 2673 5432 Filium
2710 5390 2864 5431 suum
2899 5372 3086 5426 tnisit:
3128 5371 3218 5439 qni
3269 5383 3370 5421 non
3409 5367 3638 5422 obedit
3675 5365 3748 5428 ei,
3780 5359 3848 5413 hal

2482 5469 2646 5524 cium.
2668 5467 2830 5531 Misit,
2861 5466 3100 5534 inquam,
3127 5461 3317 5515 Filium
3335 5475 3526 5513 suum
3559 5459 3740 5520 Deus,
3762 5457 3848 5526 jusf

2483 5563 2713 5630 iniquos,
2741 5575 2861 5615 eum
2903 5560 2990 5626 qni
3040 5557 3156 5611 sine
3203 5563 3438 5624 peccato
3476 5548 3568 5606 ad
3607 5558 3848 5622 ρυρειιιοι

2780 5745 2821 5776 ³³⁵
2847 5742 3004 5800 Joan.
3037 5756 3111 5808 Vl,
3148 5739 3233 5795 ιι.
