4098 6398
325 338 463 395 “73

15 425 155 480 manu

16 507 155 613 “im
320 507 446 601 eum
475 541 565 613 qui
595 540 662 596 ad
689 540 974 597 dexteram
1000 507 1200 595 Patris'
1214 539 1280 593 ad
1305 552 1400 594 eos
1429 535 1518 606 qui
1550 535 1601 589 in
1630 507 1772 590 terra
1808 533 1894 604 ja-

320 602 547 700 cebant,
576 634 773 690 Filium
804 633 873 690 ad
926 647 1137 697 servos,
1155 630 1393 701 iudicem
1424 602 1890 684 condemnandum

18 696 163 796 vi?“
323 742 420 795 pro
472 696 557 782 his
594 727 687 796 qui
729 734 887 781 erant
929 696 1292 780 condemnati.
1320 721 1453 789 Quis
1482 735 1589 776 non
1637 720 1893 775 accenda-

15 791 169 861 ’ίῆὼβ
324 791 446 874 tur?
484 791 627 887 Quis
661 834 766 875 non
797 818 1047 884 stupeat?
1071 816 1202 884 Quis
1232 830 1338 869 non
1369 829 1401 870 e
1441 813 1652 869 ﬂamma
1676 814 1774 868 ista
1809 814 1889 867 vi-

31 886 172 955 m"
326 925 484 965 scera
510 886 771 967 accendat
814 909 948 964 sua?
979 908 1037 965 Si
1065 924 1170 963 non
1200 923 1388 964 sumus
1420 905 1635 977 lapidei,
1687 916 1745 960 et
1768 916 1892 959 ante

30 992 168 1038 dm
324 1015 607 1056 sermones
645 1018 749 1056 non
794 1009 1037 1067 movent,
1067 999 1271 1055 deﬂere
1316 1013 1414 1053 nos
1436 998 1709 1062 convenit,
1761 996 1891 1067 quia

16 1078 177 1147 dum.“
324 1082 574 1159 putantes
618 1106 719 1145 nos
757 1091 962 1156 vivere,
1007 1090 1203 1146 mortui
1247 1104 1453 1146 sumus.
1493 1088 1695 1157 Quibus
1736 1087 1891 1144 Jesus

30 1172 179 1239 ιεάιεῐετ
323 1197 430 1237 non
454 1182 627 1251 placet
658 1183 821 1247 Deus,
854 1182 951 1238 hos
985 1194 1143 1251 putas
1163 1184 1291 1253 quid
1345 1182 1669 1238 delectabit?
1703 1181 1759 1236 Si
1790 1198 1888 1236 au-

15 1265 183 1336 ‘Sii'iﬂ
321 1282 430 1329 tem
460 1275 805 1344 pulchritudo
838 1276 891 1329 in
925 1290 1091 1330 carne
1123 1287 1389 1342 emortua,
1421 1285 1477 1332 et
1526 1278 1731 1347 lapides
1773 1291 1891 1345 pre-

16 1360 187 1420 ειιοιειςιι
322 1366 469 1431 tiosi,
496 1376 552 1420 et
596 1366 897 1438 margaritae
926 1367 1170 1433 claritas,
1201 1378 1381 1424 movet
1422 1367 1756 1423 alacritatem
1795 1369 1891 1423 bo-

15 1453 189 1512 Ioniattk
322 1457 513 1524 minis;
542 1472 664 1513 cum
698 1461 836 1514 Deus
864 1459 1033 1516 Filius
1070 1460 1232 1517 fuerit
1264 1462 1436 1526 visus,
1468 1476 1496 1514 a
1526 1476 1633 1530 quo
1663 1470 1719 1515 et
1749 1462 1886 1515 bona

29 1547 189 1617 psthac
322 1550 423 1604 ista
455 1560 580 1603 sunt
605 1548 769 1614 facta,
805 1554 1073 1620 quomodo
1093 1569 1199 1609 non
1228 1566 1352 1608 vere
1390 1553 1569 1608 veniet
1601 1553 1780 1622 passio
1799 1552 1886 1606 illa

15 1643 193 1703 Latmia
326 1638 378 1690 in
430 1639 668 1704 homine,
699 1639 767 1695 de
802 1656 906 1710 qua
955 1642 1157 1698 dictum
1192 1653 1312 1699 est:
1361 1642 1561 1714 Diliges
1610 1643 1888 1697 Dominum

17 1751 191 1813 mm;
323 1727 490 1782 Deum
537 1738 681 1783 tuum
732 1747 796 1785 ea:
834 1733 975 1786 omni
1003 1736 1180 1788 anima
1209 1744 1319 1801 tua,
1353 1747 1399 1790 et
1440 1752 1505 1790 ea:
1528 1737 1670 1790 omni
1702 1737 1888 1791 virtute

15 1795 199 1908 τροιηδίειι
319 1831 433 1885 tua,
468 1830 519 1876 et
538 1839 603 1877 ea:
629 1825 770 1877 omni
790 1825 1019 1893 potentia
1043 1837 1156 1886 tua.
1176 1837 1223 1881 et
1255 1838 1422 1882 mente
1444 1838 1491 1883 et
1518 1844 1673 1882 sensu
1701 1829 1886 1883 tuo“?
1920 1795 1961 1854 Β

21 1925 201 1984 istiisti!
317 1912 625 1980 Apparente
655 1913 798 1969 enim
851 1913 1078 1969 Domino
1129 1913 1279 1983 Jesu,
1334 1932 1441 1973 non
1494 1917 1884 1988 derelinquitur

17 2013 202 2082 “unm
317 2014 443 2069 pars
471 2001 650 2073 aliqua
676 2004 980 2060 dilectionis
1004 2005 1120 2071 ulli,
1160 2008 1285 2076 quia
1326 2022 1431 2062 nou
1472 2008 1729 2065 dividitur
1753 2010 1884 2065 cha-

15 2108 205 2179 mmw‘.
319 2090 451 2146 ritas
478 2092 545 2152 ad
576 2092 739 2148 Deum
770 2104 824 2147 et
857 2095 922 2148 ad
975 2095 1244 2161 homines,
1276 2106 1332 2153 et
1359 2099 1702 2157 ademortua
1765 2115 1884 2170 qute

16 2204 199 2271 θειωῂ
316 2181 373 2237 in
405 2189 549 2236 terra
588 2194 714 2237 sunt
753 2185 887 2240 :sed
918 2185 1058 2240 sicut
1088 2196 1373 2257 antequam
1411 2199 1669 2260 appareat
1693 2192 1795 2257 sol,
1828 2203 1884 2250 et

19 2260 211 2365 ζωή
318 2271 560 2328 lucernis
602 2273 853 2341 fruimur,
893 2286 946 2332 et
983 2278 1168 2333 stellas
1200 2282 1455 2350 patimur,
1486 2293 1539 2337 et
1576 2282 1699 2337 luna
1734 2283 1882 2340 dele-

16 2386 212 2460 ielumim‘r
314 2372 560 2460 vlamur;
592 2382 712 2423 cum
756 2379 937 2425 autem
974 2371 1054 2426 sol
1089 2370 1249 2426 fuerit
1288 2374 1459 2438 visus,
1494 2375 1737 2445 quaedam
1763 2377 1884 2447 qui-

59 2484 217 2549 “me”;
315 2454 438 2509 dem
475 2472 578 2512 non
622 2469 832 2527 parent,
881 2461 1125 2529 quaedam
1167 2472 1345 2517 autem
1398 2473 1453 2518 et
1518 2465 1880 2535 occultantur,

15 2518 223 2640 2:22;;
311 2561 506 2603 omnes
533 2558 713 2602 autem
742 2560 1066 2606 convertunt
1096 2552 1264 2609 facies
1305 2570 1434 2610 suas
1463 2555 1529 2611 ad
1575 2556 1775 2627 solem;
1828 2569 1883 2615 et

15 2605 226 2745 ’³ξὶᾚῖζῄ
311 2652 436 2694 cum
459 2639 626 2696 multa
644 2641 754 2697 sint
781 2643 943 2711 bona,
970 2645 1154 2702 omnia
1182 2646 1327 2701 enim
1368 2647 1508 2705 bona
1537 2649 1731 2707 valde:
1758 2605 1880 2707 cum

309 2740 493 2785 autem
524 2735 899 2802 apparueritis
925 2751 1021 2806 per
1038 2752 1197 2808 quem
1223 2737 1324 2794 ista
1354 2737 1518 2805 bona,
1547 2744 1720 2811 bona;
1748 2745 1881 2799 nihil

15 2790 233 2911 3&3;
309 2835 501 2878 eorum
536 2826 677 2895 quod
725 2790 945 2883 bonum,
975 2790 1072 2884 es:
1097 2830 1209 2902 jam
1243 2831 1513 2888 videbitur
1551 2790 1771 2891 bonurn.
1823 2837 1880 2895 Si

15 2880 238 3015 ea“:
308 2914 436 2983 quis
463 2880 600 2970 νίάῖι
632 2915 859 2989 θωῧίεῐη
904 2922 1076 2987 avdit,
1097 2880 1157 2977 ,εἰ
1198 2924 1321 2993 quis
1351 2940 1457 2981 non
1485 2925 1698 2983 videtur
1723 2936 1778 2984 et
1825 2939 1884 2985 ut

58 2984 239 3109 ringi;
307 3005 513 3076 videat,
568 3016 623 3064 et
675 3011 978 3067 consentiat
1015 3014 1099 3069 bis
1148 3030 1269 3085 quae
1321 3016 1615 3072 dicuntur;
1668 3033 1882 3076 amores

15 3068 239 3213 owing:
308 3095 454 3153 enim
490 3098 648 3153 clara:
664 3101 1047 3170 pulchritudini
1081 3106 1719 3178 contendunt;quantum
1737 3111 1879 3165 enim
1909 3154 1954 3213 Ω

15 3177 100 3213 om]
314 3186 513 3213 LM”...
543 3199 617 3213 μ.
654 3194 791 3213 ----,ι
830 3192 1063 3213 ausa-rd
1119 3204 1158 3213 ._
1214 3205 1256 3213 ,Α
1296 3208 1331 3213 ν-
1713 3209 1722 3213 -
1786 3203 1799 3213 .

15 3162 240 3273 Meﬁtis,
311 3186 516 3242 bonum
539 3199 623 3244 est
650 3194 792 3260 quod
824 3192 1086 3264 diligitur,
1119 3204 1266 3252 tanta
1282 3208 1337 3253 et
1366 3162 1617 3273 men'sura
1646 3209 1729 3256 est
1752 3203 1881 3256 cha-

130 3248 137 3258 ο
311 3235 516 3242 ""“'"‘
542 3235 623 3244 *ν’
652 3235 792 3260 ’ν’νπ
825 3235 915 3247 νη·-
960 3235 1086 3263 una,
1121 3235 1337 3253 «una».
1366 3235 1616 3254 ...ωωυηι
1646 3235 1729 3256 σοι,
1752 3235 1881 3256 um-

314 3276 515 3334 ritatis.
568 3278 623 3334 Si
676 3282 818 3338 enim
852 3235 991 3340 oczli
1032 3285 1233 3343 fuerint
1283 3296 1335 3343 in
1369 3289 1511 3346 facie
1559 3267 1704 3356 boni,
1733 3302 1881 3349 tanta

15 3348 121 3417 mai“
137 3342 242 3455 if;
314 3370 485 3426 motio
508 3371 759 3442 efﬁcitur,
776 3386 1033 3445 quantum
1056 3387 1107 3433 et
1126 3378 1267 3433 oculi
1292 3379 1492 3435 fuerint
1514 3382 1644 3436 moti
1666 3398 1678 3434 :
1699 3384 1746 3437 ei
1768 3383 1881 3455 (82)

200 3441 206 3451 ,
744 3428 759 3442 ν
786 3428 809 3445 ’I
1064 3428 1106 3433 ντ
1132 3428 1267 3433 -τ-νυ
1294 3428 1492 3435 ·---·---
1515 3428 1879 3455 --·ν-·’ν·ιν-1

15 3428 243 3559 ῖπξωίπξζῗ
313 3473 495 3519 autem
529 3467 672 3521 aliud
714 3469 915 3538 aliquid
947 3470 999 3525 in
1044 3472 1238 3539 oculis,
1280 3473 1583 3541 duplicatur
1609 3491 1761 3531 amor
1791 3495 1805 3532 :
1836 3479 1879 3532 si

16 3524 243 3626 itacui“:
311 3566 423 3611 tota
449 3556 613 3613 facies
652 3524 819 3615 fuerit
837 3560 1000 3626 bona,
1026 3563 1189 3617 totius
1205 3524 1384 3618 vultu;
1405 3563 1643 3619 cbaritas
1661 3582 1880 3623 mensu-

16 3646 122 3703 ιιιιεω
310 3657 462 3702 ratur
493 3667 508 3702 :
545 3650 793 3705 siautem
818 3660 874 3707 et
896 3652 999 3705 alia
1022 3653 1262 3707 membra
1299 3652 1501 3709 fuerint
1530 3657 1689 3724 bona,
1727 3658 1881 3712 addi-

552 3701 583 3702 ,
824 3701 871 3707 ρ
898 3701 998 3705 ην
1024 3701 1262 3707 --.ω-η
1300 3701 1501 3709 -_--.-.-
1530 3701 1689 3724 ηπ,
1727 3701 1848 3712 .......

28 3701 248 3804 est
313 3744 366 3787 ta
383 3736 803 3804 pulchritudine,
835 3740 1109 3795 crescitet
1137 3741 1481 3797 desiderium.
1506 3742 1666 3801 Jesus
1702 3757 1879 3804 autem

15 3798 249 3899 mihi“?
314 3834 462 3878 totus
511 3836 595 3881 est
621 3828 817 3892 bonus,
862 3839 916 3883 et
965 3845 1092 3886 vere
1122 3832 1315 3899 bonus,
1351 3833 1477 3888 boni
1517 3836 1633 3891 enin

314 3834 462 3878 totus
511 3836 595 3881 est
621 3828 817 3892 bonus,
862 3839 916 3883 et
965 3845 1092 3886 vere
1122 3832 1315 3899 bonus,
1351 3833 1477 3888 boni
1517 3836 1660 3891 enim
1704 3835 1881 3893 Patris

15 3893 249 3993 ancill“?!
310 3914 598 3983 progenies
627 3926 712 3971 est
745 3916 920 3983 bona;
977 3919 1130 3986 cujus
1175 3893 1631 3991 pulchritudinem

310 3914 598 3983 progenies
627 3926 712 3971 est
745 3916 920 3983 bona;
977 3919 1130 3986 cujus
1175 3893 1631 3991 pulchritudinem
1680 3925 1880 3982 clamat

15 3986 251 4083 ,νηιωηκίξ
312 4002 511 4057 εωιιιηι
549 4020 644 4075 per
667 4020 819 4061 suam
841 3986 1260 4078 speciositatem.
1308 4009 1473 4069 Istum
1514 4015 1633 4070 coll:

312 4002 511 4057 cmlum
549 4020 644 4075 per
667 4020 819 4061 suam
841 3986 1260 4078 speciositatem.
1308 4009 1473 4069 Istum
1514 4015 1785 4071 collaudat
1829 4030 1880 4073 et

18 4080 110 4178 mg
132 4080 254 4178 ,ιπβῆ
312 4091 445 4147 solis
467 4094 738 4162 splendor,
766 4095 925 4151 istum
981 4099 1235 4168 praedicat
1278 4100 1406 4157 luna
1433 4113 1490 4157 et
1514 4104 1799 4174 incipiens,
1826 4119 1881 4162 et

15 4172 92 4276 [Ege
111 4172 255 4276 επιιᾷ
307 4186 491 4257 plena,
520 4197 574 4243 et
595 4188 870 4245 deficiens.
892 4190 1180 4248 Stellarum
1209 4204 1387 4250 autem
1413 4197 1562 4252 chori
1593 4172 1752 4255 istum
1785 4216 1875 4256 co.

138 4270 251 4363 igitﬁi‘
308 4288 529 4347 ronant,
585 4280 679 4336 sed
715 4297 819 4336 non
862 4297 1026 4352 opera
1082 4285 1135 4338 in
1165 4283 1347 4351 istum,
1384 4295 1478 4341 aut
1507 4288 1575 4343 ab
1621 4290 1879 4359 Operibus

16 4366 253 4463 lagonae!"
305 4370 477 4441 gloria
499 4371 635 4442 ejus,
662 4372 756 4427 sed
792 4386 856 4428 ex
901 4374 985 4428 sui
1026 4383 1235 4431 natura.
1267 4375 1417 4433 Mare
1439 4378 1601 4435 istum
1628 4380 1877 4439 fluctibus

15 4454 142 4565 aiam
154 4454 261 4565 ent:
304 4462 548 4533 praefert,
575 4472 715 4519 terra
734 4479 855 4519 eum
879 4464 1143 4523 fructibus
1158 4479 1385 4525 coronat
1416 4479 1471 4527 et
1492 4470 1734 4539 floribus,
1756 4476 1881 4530 cho-
1911 4496 1956 4552 ι)

62 4546 198 4646 νέμω
218 4546 261 4599 i'
304 4571 399 4612 ros
420 4566 599 4612 autem
617 4558 665 4613 ei
691 4567 746 4612 et
761 4559 1014 4614 animalia
1031 4560 1155 4616 dum
1181 4564 1471 4631 exsultant,
1500 4565 1725 4622 faciunt.
1744 4566 1876 4622 Cum

34 4612 261 4755 933;“
301 4657 487 4704 autem
539 4651 694 4707 audis
741 4654 867 4723 quia
900 4653 1236 4724 glorificatur
1271 4612 1471 4712 Filius,
1498 4658 1566 4713 ab
1604 4659 1877 4726 omnibus,

19 4739 257 4833 :m‘chnsm
298 4742 413 4798 ηοιί
440 4743 681 4799 οωῖνίεοί
702 4743 876 4807 Patris
891 4760 1049 4814 quem
1074 4746 1341 4817 glorificat
1367 4748 1558 4805 Filius.
1581 4748 1686 4804 Sed
1712 4752 1777 4806 de
1796 4752 1876 4806 in-

290 4834 596 4891 enarrabili
622 4845 676 4890 et
698 4852 803 4893 non
836 4848 961 4892 nata
993 4848 1183 4894 natura
1205 4839 1384 4895 Patris
1421 4842 1472 4895 in
1501 4844 1760 4898 memoria
1789 4860 1880 4899 ve-

24 4899 81 5014 i}:
95 4899 261 5014 arti
289 4929 422 4982 nire
440 4928 600 4982 timor
632 4936 736 4983 est.
767 4928 902 4996 Quia
925 4945 1057 5000 ergo
1084 4930 1172 4985 ille
1206 4931 1527 4988 timorabilis
1548 4941 1631 4988 est
1662 4944 1880 5005 propter

194 4983 214 4991 τ
777 4983 813 4996 -
936 4983 947 4985 -
989 4983 1045 5000 υέ
1088 4983 1095 4984 κ
1152 4983 1164 4985 -
1255 4983 1277 4984 η
1313 4983 1522 4988 μνη-η
1555 4983 1629 4988 ---
1662 4983 1870 5005 ται----

15 4983 262 5118 ¹¹ξξιῗῌυρη¹
293 5018 601 5074 bonitatem
621 5030 675 5074 et
698 5022 1197 5091 supereminentem
1235 5022 1642 5118 benignitatem.
1672 5036 1725 5080 et
1753 5028 1876 5097 quia

42 5082 51 5093 .
190 5077 221 5091 μ
766 5077 781 5091 .
1284 5077 1291 5078 7
1363 5077 1391 5093 υ
1548 5077 1552 5078 ν
1630 5077 1642 5086 ⁷
1680 5077 1721 5080 Ἠ
1760 5077 1876 5097 1w

18 5077 266 5211 “nisi”;
299 5125 409 5166 nos
428 5125 533 5165 non
559 5126 841 5180 possumus
855 5117 920 5170 ad
937 5116 1084 5170 illum
1110 5129 1209 5172 nec
1223 5100 1412 5171 mente.
1427 5117 1692 5186 respicere
1711 5133 1727 5181 ;
1746 5119 1881 5174 ima-

15 5194 67 5239 πθ
91 5178 270 5311 ἓιζῖιαέ
297 5203 483 5275 ginem
511 5199 627 5269 ejus
649 5205 1051 5262 considerantes
1085 5207 1348 5262 miramur
1386 5208 1710 5264 indicibilem
1729 5209 1875 5265 illam

16 5286 88 5311 -MI
176 5299 181 5303 ο
262 5302 271 5311 λ
340 5297 350 5306 -
394 5302 551 5311 ._-_,u
592 5292 631 5311 ἢ
671 5294 756 5311 Lor
857 5306 868 5311 _
891 5296 904 5309 ο
928 5298 942 5311 ι
1273 5301 1286 5311 .
1379 5302 1391 5311 .
1669 5301 1680 5311 .

16 5268 145 5336 acuum

16 5358 153 5431 sed“

298 5484 419 5550 ipse
461 5498 474 5532 :
509 5477 565 5534 Si
601 5480 718 5547 quis
773 5497 851 5535 me
904 5482 1066 5548 videt,
1116 5484 1247 5537 videt
1290 5496 1336 5538 et
1386 5484 1596 5541 Patrem
1634 5487 1678 5519 ⁸⁷
1716 5505 1731 5543 :
1780 5486 1873 5555 qui

15 5592 21 5627 :
374 5590 422 5620 ”
451 5590 603 5646 Dettt.
624 5607 699 5654 vt,
731 5592 784 5645 5.
859 5593 903 5625 ’⁷
944 5591 1098 5650 Joan.
1130 5612 1236 5662 xiv,
1262 5597 1313 5653 9.

15 5692 36 5715 ._
234 5686 271 5715 ,σι

15 5692 77 5823 '{ue
107 5690 271 5810 “se”
377 5751 493 5819 (se)
523 5750 610 5809 Ei.
640 5754 822 5820 Forte,
859 5759 923 5813 si.

16 5975 54 6021 ,ι’
78 5936 134 5998 ιι.

1658 320 1735 378 IN
1767 318 2029 376 HATTH.
2071 318 2141 386 Χ,
2178 319 2269 375 δι.

322 457 560 510 dientem
615 449 681 504 ad
739 454 1115 512 contumaces,
1169 445 1467 519 gloriosum
1520 441 1585 497 ad
1617 440 1901 513 ignobiles,
1930 442 1975 498 Α
2003 438 2147 493 enim
2187 436 2474 507 imaginem
2506 438 2683 504 videt;
2728 453 2824 508 per
2854 438 3172 505 imaginem,
3222 437 3571 513 principalem

3434 318 3575 405 ms

2000 528 2263 598 agnoscit.
2291 526 2464 583 Filius
2500 527 2663 598 igitur
2697 528 2762 581 ad
2797 544 2896 583 nos
2927 528 3093 593 venit,
3122 542 3228 581 non
3263 537 3442 582 tamen
3474 543 3573 583 nos

2001 619 2069 674 ad
2113 620 2325 689 ipsum;
2367 618 2448 674 vel
2484 634 2625 673 nunc
2667 630 2846 673 autem
2890 635 2987 675 nos
3019 619 3095 674 ad'
3134 619 3309 690 ipsum
3348 619 3521 677 simus
3552 635 3573 675 ε

2002 709 2142 765 Dens
2169 720 2357 775 vocat;
2385 719 2437 766 et
2468 711 2554 765 his
2583 711 2672 779 qui
2705 727 2809 765 non
2845 711 3158 775 adveniunt,
3188 710 3382 766 stttlicit
3411 726 3573 782 paena

1999 801 2120 871 quia
2155 817 2259 856 non
2283 802 2556 856 obediuut.
2586 802 2754 857 Vocat
2781 803 2945 857 Dens.
2968 802 3049 856 A‘d
3077 803 3230 872 (ιιιωῖ
3258 804 3335 856 Ad
3364 818 3426 858 ea
3451 817 3573 873 quae

1999 894 2188 947 decent
2224 893 2410 948 Deum.
2459 893 2523 948 Et
2560 905 2707 948 certe
2752 893 3025 948 Abraham
3057 895 3272 948 vocavit
3311 893 3471 959 Deus,
3517 905 3574 949 ct

2000 984 2256 1053 prmcepit
2288 984 2619 1055 unigenitum
2669 984 2859 1039 Filium
2906 1001 3061 1039 suum
3101 984 3300 1041 oti‘erre
3338 986 3463 1042 sibi.
3506 985 3572 1040 Et

2000 1080 2211 1132 videtur
2243 1077 2605 1146 perniciosum
2663 1079 2764 1133 hoc
2799 1094 2945 1145 esse,
2997 1080 3134 1133 forte
3167 1079 3300 1145 tibi,
3348 1096 3456 1135 non
3489 1089 3570 1134 ta-

1998 1181 2118 1220 men
2158 1164 2420 1231 Abrahze;
2457 1165 2726 1220 Abraham
2757 1167 2900 1220 enim
2952 1167 3159 1222 lucrum
3194 1168 3346 1223 duxit
3374 1192 3387 1225 :
3418 1169 3571 1223 vide-

1997 1258 2195 1312 bantur
2253 1256 2397 1313 enim
2444 1255 2648 1327 iurgari
2702 1259 2910 1312 viscera
2957 1267 3013 1313 et
3065 1257 3413 1328 religiositas.
3459 1257 3566 1314 Sed

1995 1348 2171 1401 adhuc
2218 1347 2355 1415 apud
2390 1361 2487 1401 nos
2514 1347 2720 1416 jnrgari
2757 1356 3017 1415 possunt;
3068 1347 3340 1403 Abraham
3386 1357 3563 1404 autem

1997 1452 2063 1490 ne
2092 1436 2310 1505 quidem
2346 1434 2610 1491 dubitatio
2660 1435 2788 1498 fuit,
2836 1452 2935 1491 nec
2981 1437 3269 1504 cogitatus,
3303 1454 3403 1494 nec
3435 1438 3568 1495 dila-

1998 1527 2114 1582 tio:
2148 1527 2242 1582 sed
2297 1527 2581 1581 laetabatur
2625 1526 2941 1593 Abraham,
2986 1529 3112 1597 quia
3159 1530 3403 1585 victurus
3449 1539 3569 1585 erat

1996 1619 2137 1673 filius
2164 1618 2280 1687 ejus
2315 1618 2529 1674 oblatus
2559 1636 2572 1672 :
2605 1633 2757 1673 amor
2794 1629 2877 1673 est
2918 1620 3060 1673 enim
3114 1620 3466 1690 religiositas,
3510 1622 3564 1676 in

1994 1726 2101 1781 qua
2144 1722 2199 1767 et
2232 1711 2473 1767 charitas
2504 1721 2873 1776 mensuratur,
2902 1720 2959 1766 et
2998 1710 3225 1768 affectus
3271 1713 3565 1783 impletur:

1989 1804 2033 1858 si
2084 1804 2227 1859 enim
2280 1802 2523 1858 charitas
2574 1818 2678 1857 non
2719 1802 2883 1858 fuerit
2934 1803 3143 1870 otiosa,
3187 1805 3369 1858 omnia
3408 1813 3569 1860 erunt

1988 1897 2203 1952 etiamsi
2239 1896 2586 1953 coat'lectatus
2619 1895 2818 1963 fueris;
2872 1906 3093 1966 propter
3140 1897 3387 1953 timorem
3419 1899 3565 1953 enim

1989 1989 2034 2044 si
2081 1989 2373 2055 obedieris,
2408 1990 2684 2060 perfectus
2729 2005 2832 2046 non
2879 1988 3022 2054 eris;
3073 1999 3293 2059 propter
3339 1992 3567 2045 commi-

1989 2080 2263 2136 nationem
2315 2093 2496 2137 autem
2544 2084 2827 2153 gehennaa,
2860 2083 2985 2137 mali
3018 2084 3159 2139 servi
3208 2082 3405 2137 malum
3436 2097 3565 2152 pro-

1989 2172 2222 2241 positum
2273 2172 2499 2229 habebis
2541 2191 2556 2228 :
2609 2170 3051 2245 propter'autem
3095 2190 3256 2247 regna
3303 2175 3565 2236 caelorum

1989 2269 2241 2326 voluntas
2287 2280 2373 2327 est
2424 2273 2768 2328 mercenarii.
2823 2273 2956 2341 Quae
3006 2286 3187 2333 autem
3231 2276 3428 2331 decora
3482 2285 3567 2332 est

1988 2361 2117 2417 via?
2150 2372 2368 2432 stupere
2422 2364 2660 2431 bonum,
2712 2366 2900 2420 mirari
2962 2365 3320 2434 immensum,
3379 2383 3567 2425 amare

1992 2455 2180 2513 Deum.
2215 2455 2270 2511 Si
2311 2457 2456 2511 enim
2500 2458 2629 2522 scis,
2659 2474 2762 2512 non
2798 2472 2949 2530 potes
2986 2477 3090 2516 non
3119 2461 3372 2530 diligere;
3405 2461 3450 2516 si
3480 2463 3565 2517 vi-

1989 2548 2152 2615 disti,
2195 2564 2300 2603 non
2351 2560 2503 2619 potes
2548 2566 2654 2604 non
2712 2552 3047 2609 coail’ectari.
3111 2552 3258 2608 Nihil
3305 2554 3451 2609 enim
3495 2568 3565 2609 ex

1987 2641 2240 2695 omnibus
2281 2656 2399 2709 quae
2444 2650 2601 2706 sunt,
2660 2657 2835 2712 neque
2885 2645 3065 2700 omnia
3115 2645 3307 2713 simul,
3353 2653 3563 2701 tantum

1988 2730 2242 2794 illiciunt,
2272 2742 2535 2802 quantum
2568 2733 2802 2790 delectat
2832 2752 2973 2792 unus
3005 2738 3247 2793 omnium
3280 2738 3562 2793 Dominus.

1988 2823 2064 2878 Ita
2104 2824 2260 2879 illicit
2298 2834 2352 2880 et
2397 2824 2557 2881 Pater
2594 2827 2637 2880 si
2676 2824 2843 2883 fuerit
2871 2828 3058 2885 visus:
3094 2838 3302 2885 tantum
3335 2831 3479 2886 enim
3515 2832 3563 2887 si

1988 2915 2334 2987 apparuerit,
2386 2917 2520 2972 nihil
2569 2916 2681 2985 jam
2733 2921 2856 2991 quis
2923 2920 3233 2977 sustinebit.
3284 2922 3565 2977 Videbitur

1990 3015 2169 3063 autem
2198 3008 2265 3062 ab
2294 3007 2377 3063 his
2407 3008 2497 3078 qui
2537 3011 2736 3066 mundo
2771 3021 2894 3067 sunt
2923 3013 3115 3077 corde;
3151 3013 3197 3069 si
3227 3013 3370 3068 enim
3402 3029 3560 3068 mun-

1988 3094 2114 3149 dum
2161 3095 2324 3150 fuerit
2364 3111 2479 3164 cor,
2521 3097 2738 3170 effulget
2770 3100 2894 3156 inde
2943 3102 3161 3168 lumen,
3205 3111 3259 3157 et
3292 3103 3563 3160 videbitur

1986 3187 2127 3256 quod
2158 3185 2398 3258 effulget,
2425 3198 2481 3244 et
2511 3190 2697 3244 statim
2731 3203 3021 3263 martyres,
3052 3193 3414 3263 confessores,
3443 3211 3563 3251 san-

1986 3279 2339 3347 etimonium,
2389 3280 2708 3350 virginitas.
2763 3291 2955 3337 natura
3009 3293 3262 3349 mortua,
3308 3287 3553 3344 membra

1983 3367 2243 3424 crucifixa
2287 3386 2301 3424 :
2338 3370 2661 3426 desiderium
2725 3373 2869 3428 enim
2911 3372 3081 3429 fervet
3140 3376 3192 3430 in
3242 3377 3467 3444 animis,
3507 3388 3566 3434 et

1984 3461 2331 3533 conjungitur
2382 3463 2449 3517 ad
2497 3463 2861 3519 desideratum
2913 3484 2928 3523 :
2971 3482 3094 3522 cum
3150 3470 3294 3524 enim
3353 3471 3563 3526 adunao

1986 3554 2125 3609 verit
2177 3555 2304 3625 quis
2356 3557 2621 3611 bonorum
2671 3568 3002 3626 conventus,
3050 3561 3172 3615 caeli
3227 3563 3557 3631 magnitudi-

1986 3662 2134 3712 nem,
2175 3658 2228 3701 et
2255 3662 2317 3702 ea
2350 3664 2469 3718 qua:
2501 3648 2553 3704 in
2589 3649 2707 3719 ipso
2747 3659 2873 3704 sunt
2905 3661 2984 3707 est
3025 3652 3390 3723 pulchritudo,
3431 3655 3561 3711 solis

1984 3738 2293 3808 praedictam
2326 3740 2651 3806 claritatem,
2677 3749 2732 3796 et
2762 3741 2988 3798 aliorum
3018 3745 3259 3799 omnium
3294 3760 3415 3816 quae
3447 3748 3559 3804 illic

1983 3842 2110 3885 sunt
2142 3831 2319 3898 bona;
2354 3847 2453 3887 nec
2493 3848 2596 3887 non
2625 3843 2679 3888 et
2713 3849 2774 3888 ea
2806 3850 2928 3905 qua:
2958 3835 3011 3890 in
3049 3845 3191 3891 terra
3227 3840 3556 3909 germinant,

1983 3921 2197 3988 florent,
2238 3925 2636 3994 expanduntnr,
2670 3928 2988 3996 procedunt,
3033 3941 3369 3999 nascuntur;
3413 3944 3467 3988 et
3492 3949 3557 3989 ea

1984 4030 2102 4083 quae
2141 4017 2194 4069 in
2236 4030 2359 4070 aere
2396 4017 2597 4080 volant,
2639 4030 2694 4073 et
2730 4019 2780 4073 in
2815 4020 2970 4089 aquis
3012 4030 3236 4077 natant:
3270 4039 3392 4079 cum
3441 4027 3558 4082 haec

1982 4107 2160 4161 omnia
2193 4108 2509 4162 adunaverit
2537 4119 2593 4161 ut
2636 4125 2967 4178 componens
3007 4112 3059 4167 in
3097 4129 3292 4179 unum,
3338 4132 3405 4171 ne
3437 4121 3558 4188 qui-

1983 4198 2105 4253 dem
2152 4209 2302 4267 gutta
2356 4206 2416 4252 ut
2466 4200 2533 4254 ad
2574 4199 2715 4254 illam
2765 4202 3218 4271 pulchritudinem
3264 4218 3455 4275 erunt,
3499 4222 3560 4265 ut

1983 4288 2305 4344 desiderium
2336 4300 2557 4361 stupore
2590 4293 2761 4362 magis
2789 4294 2879 4361 sit,
2918 4306 2975 4350 et
3005 4296 3268 4365 charitas,
3298 4308 3355 4354 et
3389 4300 3558 4355 admi—

1981 4380 2142 4446 ratio,
2188 4392 2246 4435 ut
2298 4382 2417 4437 talis
2456 4381 2569 4453 jam
2618 4383 2780 4441 homo
2824 4387 3097 4444 desideret
3130 4405 3558 4461 novamquam-

1983 4470 2105 4525 dam
2153 4472 2595 4528 constitutionem
2638 4475 2720 4530 sui
2754 4475 3078 4532 invisibilem
3116 4478 3231 4534 fieri
3270 4496 3286 4534 :
3330 4480 3555 4538 allectus

1984 4561 2129 4615 enim
2169 4562 2236 4615 ad
2290 4562 2617 4619 invisibilem
2653 4564 2944 4619 invisibilis
2982 4566 3233 4636 habetur,
3274 4580 3330 4625 et
3362 4572 3556 4628 solitu-

1985 4654 2163 4707 dinem
2208 4657 2420 4723 quterit.
2460 4656 2560 4723 Qui
2603 4665 2782 4712 autem
2812 4658 2881 4713 ad
2913 4659 3072 4715 istam
3115 4663 3553 4721 constitutionem

1984 4746 2304 4812 occurrerit,
2336 4749 2508 4803 nescit
2537 4749 2660 4819 quia
2704 4759 2758 4803 et
2795 4750 2992 4806 coelum
3017 4761 3070 4808 et
3107 4762 3301 4809 terrarr.
3327 4771 3434 4811 non
3477 4757 3557 4813 vi-

1986 4838 2105 4903 det,
2146 4855 2249 4894 nce
2282 4841 2432 4894 novit
2472 4840 2522 4895 in
2553 4856 2658 4910 quo
2684 4842 2735 4896 in
2782 4852 2924 4899 terra
2954 4856 3032 4900 est
3073 4850 3231 4903 loco:
3266 4852 3431 4907 maris
3461 4867 3556 4907 au-

1986 4940 2093 4985 tem
2139 4946 2207 4985 ne
2246 4933 2457 5001 quidem
2502 4949 2710 4989 memor
2757 4947 2876 5004 est,
2923 4948 2977 4993 et
3014 4938 3232 4996 ﬂumina
3278 4945 3553 5013 despicit:

1987 5023 2152 5078 solem
2187 5040 2291 5078 non
2328 5026 2506 5094 videt,
2549 5027 2729 5082 lunam
2766 5046 2869 5085 non
2903 5034 3229 5097 considerat,
3275 5038 3551 5092 stellarum

1985 5131 2193 5169 memor
2230 5132 2334 5172 non
2377 5127 2490 5185 est;
2526 5121 2751 5191 despicit
2785 5133 2964 5179 autem
2991 5136 3047 5181 et
3080 5128 3392 5197 angelorum
3424 5134 3552 5187 ch0-

1982 5223 2111 5263 ros:
2146 5225 2283 5265 unus
2324 5211 2467 5265 enim
2503 5212 2592 5267 ille
2636 5230 2742 5268 non
2792 5217 3051 5284 permittit
3085 5219 3250 5275 dividi
3292 5222 3552 5279 visionem

298 5297 558 5348 virtutem
591 5292 1025 5355 Patriszetideo.
1052 5313 1171 5353 eum
1195 5301 1286 5370 qtti
1325 5302 1391 5354 ad
1432 5315 1530 5355 nos
1561 5301 1704 5355 venit
1748 5316 1879 5357 con-
1980 5302 2046 5356 ad
2080 5302 2267 5360 multa.
2307 5302 2408 5371 Qui
2455 5304 2597 5358 enim
2632 5306 2684 5360 in
2736 5307 2827 5362 tali
2875 5310 3262 5368 constitutione
3300 5314 3550 5378 habetur,

240 5386 605 5406 Auum“
691 5398 732 5406 ,,
784 5388 796 5406 ,
854 5388 879 5406 ι
922 5391 973 5406 ..
1148 5394 1169 5406 .
1272 5404 1279 5406 _
1449 5391 1508 5406 η.
1548 5393 1581 5406 ._
1712 5395 1723 5406 .
1862 5403 1871 5406 _
2109 5390 2142 5406 ..
2254 5393 2267 5406 .
2366 5404 2373 5406 Α
2650 5397 2664 5406 .
2725 5398 2737 5406 .
3073 5404 3081 5406 ς

211 5396 271 5479 βξ
297 5386 642 5451 sideremus,
684 5398 738 5441 et
784 5388 1098 5445 habebimus
1146 5394 1399 5448 fructum.
1449 5391 1590 5449 Dicit
1637 5395 1781 5449 enim
1823 5403 1878 5449 et
1977 5390 2151 5447 nescit
2178 5393 2301 5463 quia
2325 5404 2380 5449 et
2401 5410 2617 5451 carnem
2650 5397 2831 5467 habet,
2858 5410 2913 5455 et
2943 5404 3084 5471 quod
3119 5413 3203 5459 est
3235 5408 3549 5469 maximum,

1978 5500 2075 5540 nec
2108 5486 2299 5542 animae
2328 5503 2438 5545 sua:
2479 5504 2685 5546 memor
2716 5501 2800 5547 est
2841 5509 2855 5548 :
2892 5501 3036 5550 totus
3080 5496 3221 5552 enim
3260 5505 3550 5554 evacuatus
