4100 6456
1231 321 1500 381 ιῖυεειςιι
1541 312 2026 376 CESARIENSIS
2066 315 2119 369 Ol

2259 309 2438 366 PARS
2476 306 2566 366 IV.
2605 337 2674 349 —-
2713 300 3134 364 DOGMATICA.

550 459 604 513 in
643 447 791 510 iilitm
845 460 929 507 est
975 463 1134 519 quem
1172 447 1475 508 desiderat,
1518 451 1571 498 et
1606 441 1858 497 universa
1904 438 1952 494 ei
1994 445 2121 490 sunt
2150 439 2196 496 Α
2225 441 2328 487 tur.
2362 433 2501 487 Vere
2536 432 2693 484 beata
2730 437 2784 482 et
2819 426 3000 488 Petra,
3033 424 3086 477 in
3123 437 3228 493 qua
3273 435 3465 475 sumus
3503 427 3559 473 et
3599 417 3804 487 positu:

547 555 822 610 emortua,
851 553 905 599 et
944 543 1020 597 illi
1050 540 1183 594 vivit
1215 537 1335 592 soli.
1370 535 1438 590 Et
1468 531 1571 590 hoc
1600 543 1686 588 est
1733 530 1863 587 illud
1913 529 2124 598 insigne

545 640 689 712 quod
723 639 797 693 ait
844 634 1132 708 Apostolus
1171 651 1183 688 :
1242 630 1364 684 Vivo
1407 645 1538 699 ego,
1579 627 1697 697 jam
1742 641 1846 679 non
1893 638 2005 692 ego,
2034 623 2123 675 sed

545 733 668 788 vivit
707 732 764 785 in
799 747 881 784 me
927 726 1168 783 Christus
1190 725 1254 777 ’⁸.
1289 721 1571 777 Desiderio
1600 718 1744 772 enim
1789 726 1930 771 totus
1961 716 2116 768 devo-

547 835 696 881 ratus
738 833 795 878 et
834 837 866 876 a
899 820 1192 889 semetipso
1225 805 1540 878 discedens,
1586 811 1730 866 illius
1765 818 1944 864 autem
1992 803 2126 863 affe-

546 927 695 983 ctus;
738 915 876 970 bona
910 912 1126 982 quidem
1168 918 1347 962 morte
1381 915 1466 960 est
1500 912 1766 968 mortuus,
1797 902 1995 956 bonam
2028 915 2126 954 au-

547 1021 654 1063 tem
684 1011 848 1061 vitam
882 1002 1234 1060 commutavit
1262 1009 1320 1052 ut
1343 1000 1490 1054 dicat
1521 1016 1534 1052 :
1577 995 1701 1052 Vivo
1726 996 1840 1065 jam
1875 1010 1979 1049 non
2006 1011 2120 1065 ego.

547 1101 605 1155 Si
630 1101 752 1170 quis
779 1096 1051 1152 unanimis
1076 1106 1124 1148 et
1162 1093 1332 1158 ipsius
1369 1092 1564 1160 lingua:
1591 1103 1674 1145 est
1711 1088 1903 1153 Paulo,
1944 1089 2124 1144 audiet

543 1187 769 1242 Paulum
803 1186 1072 1240 dicentem
1103 1200 1116 1236 :
1157 1180 1305 1244 Vivo,
1327 1180 1443 1250 jam
1471 1196 1575 1232 non
1603 1195 1714 1248 ego.
1737 1177 1845 1234 Sed
1873 1193 1994 1248 qua:
2031 1186 2122 1232 tua

543 1293 628 1336 est
661 1281 790 1344 vita,
818 1294 850 1332 ο
879 1277 1086 1332 Paule?
1117 1274 1223 1330 Sed
1259 1275 1399 1336 vivit,
1434 1272 1626 1341 inQuit,
1661 1273 1714 1325 in
1745 1288 1824 1325 me
1857 1270 2118 1325 Christus.

545 1374 600 1428 in
627 1390 732 1443 quo
759 1373 891 1426 vivit
919 1368 1194 1432 Christus,
1222 1367 1497 1421 Christum
1536 1366 1756 1419 indutus
1784 1373 1866 1419 est
1892 1383 1905 1419 :
1937 1363 2122 1418 istius-

545 1465 685 1520 modi
732 1465 894 1518 bomo
923 1465 1013 1533 qui
1047 1462 1268 1516 Christo
1300 1458 1525 1513 indutus
1555 1467 1662 1521 est,
1705 1473 1809 1511 non
1849 1457 2118 1521 tunicam,

541 1557 637 1611 sed
680 1555 817 1610 sicut
852 1555 1053 1609 ferrum
1083 1554 1206 1621 igne
1249 1563 1392 1608 totus
1440 1568 1536 1621 per
1581 1561 1751 1604 totum
1801 1549 2119 1614 incanduit,

545 1656 689 1701 totus
728 1659 824 1716 per
861 1655 1031 1698 totum
1073 1643 1412 1696 illmninatus
1444 1651 1548 1707 est,
1581 1640 1757 1696 nullas
1800 1639 1847 1694 ei
1883 1637 1996 1707 jam
2033 1655 2117 1693 re-

544 1741 703 1793 lictus
741 1749 825 1792 est
876 1751 982 1791 non
1024 1745 1234 1799 tnotus,
1287 1750 1390 1788 non
1441 1732 1674 1788 aﬂ'ectio.
1725 1731 1830 1787 Sed
1881 1745 1977 1784 nos
2026 1730 2114 1798 qui

2228 525 2371 580 benti
2408 532 2464 578 et
2495 523 2662 577 maris
2699 519 2891 574 ﬂuctus
2929 517 3018 586 qui
3055 515 3281 586 vestigia
3311 513 3523 568 Domini
3563 508 3796 566 osculati

2223 627 2383 674 sunt:
2427 624 2481 672 et
2519 616 2696 686 pisces
2737 611 2828 682 qui
2883 618 3156 680 praecepto
3199 606 3378 661 educti
3416 613 3567 659 sunt.
3596 603 3798 656 Beatus

2225 721 2281 766 et
2319 708 2407 764 ille
2444 707 2610 779 piscis
2635 705 2724 775 qui
2763 704 2908 760 dedit
2941 717 3039 770 pro
3077 699 3307 754 Domino
3350 711 3593 752 censum.
3639 695 3807 749 Beata

2227 811 2283 856 et
2323 810 2464 854 terra
2519 808 2572 852 et
2622 812 2772 852 mare
2815 815 2830 851 :
2875 804 3104 864 utraque
3154 792 3297 846 enim
3349 804 3541 859 passus
3588 786 3806 842 Domini

2225 902 2598 961 susceperunt.
2640 889 2836 944 Beatus
2879 896 2934 942 et
2976 885 3272 941 Zacchams
3309 883 3400 954 qui
3441 880 3680 937 cucurrit
3734 881 3808 933 ad

2226 987 2410 1050 ticum,
2437 993 2492 1040 et
2528 992 2753 1038 vocatus
2780 982 2845 1035 ad
2875 981 3094 1034 domum
3134 985 3241 1032 est.
3273 975 3342 1030 Et
3383 971 3658 1045 peccatrix
3706 967 3806 1026 illa

2225 1078 2442 1144 mulier,
2486 1092 2605 1146 quae
2647 1076 2788 1130 bona
2833 1070 3240 1143 importunitate
3285 1069 3526 1138 ingressa
3575 1074 3653 1121 est
3706 1079 3804 1120 re-

2223 1170 2636 1226 cumbentibus:
2677 1165 3044 1222 contaminata
3078 1163 3221 1218 enim
3254 1161 3520 1224 introivit,
3556 1167 3609 1214 et
3644 1173 3803 1212 mun-

2223 1265 2346 1320 data
2387 1261 2571 1318 exivit.
2603 1260 2744 1330 Ergo
2772 1272 2960 1313 omnes
3001 1255 3139 1311 beati
3183 1269 3248 1308 ex
3291 1253 3526 1308 adventu
3568 1249 3803 1315 Christi,

2221 1368 2278 1412 et
2323 1355 2518 1412 mortui
2567 1354 2657 1424 qui
2696 1353 2804 1422 jam
2851 1367 2958 1405 non
2998 1348 3227 1411 mortui,
3267 1355 3320 1401 et
3361 1344 3494 1400 caeci
3530 1343 3639 1414 jam
3686 1355 3802 1396 non

2221 1451 2371 1513 caeci,
2401 1459 2456 1502 et
2490 1445 2663 1502 claudi
2713 1445 2994 1504 salientes,
3020 1450 3074 1496 et
3103 1439 3236 1494 mttti
3274 1438 3580 1501 laudantes,
3618 1443 3672 1489 et
3705 1433 3803 1487 ille

2221 1544 2312 1614 qui
2340 1542 2558 1597 sedebat
2597 1539 2662 1594 ad
2695 1540 2882 1609 pedes.
2924 1535 3014 1605 qui
3046 1544 3172 1587 ante
3212 1547 3241 1585 a
3286 1528 3498 1600 legione
3536 1524 3805 1594 impulsus

2221 1635 2493 1690 currebat.
2542 1630 2690 1686 Beati
2731 1629 2821 1700 qui
2866 1628 2919 1682 in
2958 1624 3161 1692 nuptiis
3202 1623 3456 1677 biberunt
3501 1619 3681 1673 vinum
3727 1630 3798 1670 es

2222 1736 2510 1799 prtecepto.
2539 1723 2677 1791 Quid
2710 1724 2856 1793 {ergo
2894 1733 3082 1775 omnes
3124 1716 3266 1772 beati
3289 1753 3306 1776 ,
3350 1721 3444 1766 aut
3483 1709 3700 1780 quidam
3743 1716 3802 1761 et

541 1830 738 1886 Christi
778 1845 995 1887 sensum
1049 1827 1334 1891 habemus,
1383 1841 1485 1880 non
1520 1823 1724 1894 pigebit
1769 1837 1868 1877 nos
1913 1821 2114 1883 dicere,
2149 1800 2190 1859 Β
2220 1819 2591 1876 miserabiles?
2634 1815 2803 1873 Judas
2854 1812 2995 1868 enim
3051 1808 3143 1880 qui
3197 1809 3403 1860 utinam
3461 1811 3623 1858 natus
3684 1813 3802 1852 non

543 1925 667 1992 quia
699 1922 820 1976 talis
851 1922 1010 1975 homo
1043 1918 1292 1973 Christus
1319 1925 1402 1971 est
1435 1918 1628 1970 factus.
1655 1912 2114 1981 Quemadmodum

542 2027 743 2078 autem,
773 2012 914 2066 sicut
943 2011 1146 2065 dictum
1186 2019 1289 2073 est,
1324 2008 1586 2063 miscetur
1629 2004 1853 2060 allectus
1899 2003 2117 2058 deside-

543 2107 715 2170 ranti,
759 2113 812 2159 et
861 2103 1051 2158 oculus
1101 2101 1284 2155 lumen
1337 2099 1641 2166 suscipiens
1683 2097 1912 2151 edicitur
1959 2094 2115 2148 lumi-

542 2214 710 2254 uosus
740 2220 751 2252 :
783 2205 836 2252 et
869 2196 1104 2258 ferrum;
1153 2193 1352 2262 smpius
1399 2191 1544 2246 enim
1582 2199 1901 2259 repetuntur
1942 2190 2111 2250 bona;

540 2300 665 2344 ante
715 2289 892 2358 ignem
941 2275 1171 2356 quidem.
1207 2284 1406 2338 ferrum
1456 2290 1604 2346 erat,
1650 2282 1703 2335 in
1761 2281 1882 2350 igne
1936 2291 2112 2333 autem

541 2383 679 2448 ignis
709 2380 880 2451 magis
908 2395 1068 2448 quant
1101 2377 1302 2430 ferrum
1333 2385 1417 2429 est
1449 2373 1644 2427 factus.
1669 2373 1866 2426 Audite
1907 2371 2114 2424 deside-

537 2475 775 2529 rantium
812 2471 971 2525 verba
1007 2484 1072 2523 ne
1102 2468 1244 2522 forte
1283 2476 1336 2521 et
1367 2481 1461 2520 vos
1496 2464 1820 2518 moveamini
1863 2464 1928 2515 ad
1969 2461 2114 2515 desi-

539 2568 774 2622 derium.
807 2564 945 2618 Dicit
976 2563 1078 2617 iste
1124 2561 1310 2614 ebrius
1355 2574 1460 2612 non
1499 2558 1645 2622 vino,
1676 2555 1768 2610 sed
1806 2570 1966 2624 quem
2001 2554 2116 2607 ine-

542 2658 739 2712 briavit
781 2655 1027 2711 Christus
1067 2653 1376 2707 desiderio:
1410 2649 1544 2704 Mihi
1589 2661 1766 2703 autem
1817 2648 1952 2701 absit
1998 2645 2114 2716 glo-

537 2752 666 2806 riari
698 2749 800 2804 nisi
831 2748 887 2801 in
927 2763 1079 2801 cruce
1117 2745 1313 2799 Christi
1335 2745 1378 2776 ”
1409 2763 1421 2797 :
1460 2744 1512 2797 in
1547 2742 1743 2812 quibus
1776 2739 1851 2794 illi
1884 2739 2113 2794 confun-

537 2843 757 2904 duntur,
799 2841 888 2894 alii
922 2839 1265 2908 gloriantur:
1299 2838 1389 2906 qui
1425 2835 1569 2890 enim
1608 2835 1793 2889 ebrius
1819 2841 1900 2888 est
1942 2831 2116 2886 nescit

536 2931 781 2995 irrideri,
817 2931 908 2984 sed
959 2930 1149 2985 irridet
1184 2929 1505 2994 irridentes,
1551 2937 1640 2982 est
1681 2927 1823 2982 enim
1881 2936 2023 2981 totus
2061 2924 2112 2978 in

535 3025 682 3078 vino.
725 3027 783 3079 Si
815 3039 946 3093 ergo
992 3023 1081 3092 qui
1125 3023 1180 3076 iu
1212 3022 1339 3075 vino
1369 3030 1452 3076 est
1485 3035 1591 3074 non
1629 3019 1920 3083 irridetur;
1954 3027 2113 3088 putas

535 3117 627 3186 qui
659 3117 711 3170 in
747 3116 964 3171 Christo
1001 3123 1085 3169 est
1113 3114 1213 3168 scit
1238 3113 1365 3182 quid
1396 3120 1479 3166 est
1518 3110 1803 3166 confusio?
1835 3126 1939 3164 non
1968 3109 2109 3163 enim
2139 3147 2181 3203 ο

536 3207 613 3263 ita
648 3208 818 3277 tangit
845 3208 1028 3261 vinum
1065 3205 1360 3268 hominem,
1391 3213 1654 3272 quantum
1689 3202 1861 3271 tangit
1893 3201 2107 3254 virtus:

535 3315 712 3370 neque
752 3301 822 3353 ita
861 3299 1029 3369 tangit
1079 3297 1219 3368 ignis
1273 3309 1335 3348 ea
1382 3311 1502 3364 qua:
1543 3294 1595 3348 in
1647 3296 1821 3364 ipsum
1867 3306 2116 3348 incurre-

534 3393 677 3458 rint,
717 3402 976 3461 quantum
1022 3390 1292 3444 illuminat
1327 3385 1494 3442 Filius
1531 3403 1626 3441 eos
1677 3386 1768 3455 qui
1812 3401 1871 3440 se
1916 3385 2118 3440 fuerint

537 3481 730 3537 induti.
760 3481 893 3548 Quis
932 3491 1088 3550 putas
1119 3479 1285 3534 habet
1329 3477 1605 3532 Chrismm
1638 3479 1728 3547 qui
1767 3479 2113 3547 praadicatur,

540 3582 600 3624 nt
629 3583 817 3626 noscat
856 3588 918 3627 ea
964 3587 1083 3641 quae
1119 3571 1406 3632 dicuntur?
1433 3586 1555 3625 cum
1601 3570 1746 3624 enim
1797 3588 1904 3626 non
1954 3572 2118 3626 fuerit

542 3663 872 3717 conscientia
905 3663 1048 3718 intus
1079 3677 1198 3731 quas
1227 3661 1471 3717 sermoni
1510 3670 1763 3724 testetur.
1795 3664 1968 3716 otiosa
1998 3664 2117 3734 ejus

539 3755 629 3823 qui
674 3755 916 3825 loquitur
963 3755 1127 3810 verba
1182 3755 1546 3820 habebuntur,
1591 3766 1649 3810 et
1690 3755 1975 3820 eﬂicietur,
2024 3757 2115 3825 qui

539 3845 796 3916 loquitur,
828 3847 1088 3902 barbarus
1118 3848 1185 3902 iis
1216 3849 1308 3917 qui
1354 3862 1458 3900 non
1493 3847 1737 3902 audiunt.
1769 3847 1900 3902 Cum
1935 3858 2115 3903 autem

542 3938 875 4008 praeveniens
913 3939 1092 3991 anima
1127 3938 1490 3992 recondiderit
1521 3939 1648 4002 sibi,
1683 3948 1748 4006 et.
1770 3938 1918 3992 ﬁnita
1958 3940 2120 3994 fuerit

542 4030 841 4095 desiderio;
877 4029 1021 4084 forte
1047 4041 1103 4084 et
1143 4031 1398 4085 irascitur
1433 4030 1500 4084 ad
1537 4032 1828 4095 dicentem,
1856 4033 1982 4100 quia
2013 4048 2117 4088 non

545 4129 692 4175 tanta
723 4122 1112 4190 interpretatur
1146 4131 1345 4192 quanta
1380 4123 1551 4190 ipsam
1585 4133 1822 4178 movent.
1853 4123 1956 4178 Sed
1990 4140 2119 4178 con-

550 4211 730 4265 cedite
777 4211 1088 4280 quicunque
1135 4212 1204 4264 ita
1268 4212 1666 4282 pr0posuistis;
1728 4213 2119 4283 ininterpreta-

540 4305 664 4359 bilis
707 4301 852 4358 enim
901 4313 985 4358 est
1015 4305 1104 4374 qui
1149 4303 1510 4359 desideratur.
1561 4305 1673 4376 Ego
1726 4319 1860 4360 sane
1907 4305 2118 4360 beatam

542 4399 661 4452 dico
691 4396 874 4461 illaut,
920 4413 1038 4466 qua:
1073 4397 1232 4466 digna
1274 4395 1516 4464 judicata
1568 4407 1653 4452 est
1687 4396 1853 4449 Deum
1904 4406 2121 4465 portare

2217 1913 2398 1970 esset!
2452 1921 2612 1983 putas
2671 1908 2798 1978 quia
2861 1905 2999 1975 apud
3055 1900 3405 1970 semetipsum
3459 1910 3566 1950 non
3617 1891 3798 1948 dixit:

2219 2008 2435 2064 Utinam
2485 2018 2588 2058 non
2625 2000 2899 2062 venisset,
2956 2004 3015 2050 ut
3055 2008 3157 2064 ego
3207 2007 3312 2046 non
3363 1983 3797 2042 condemnarer!

2215 2097 2379 2152 Putas
2421 2103 2477 2150 et
2529 2093 2696 2150 Judaei
2760 2091 2804 2144 si
2854 2088 3151 2144 voluissent
3214 2082 3442 2138 fuissent
3510 2077 3690 2139 beati,
3741 2087 3800 2130 et

2214 2187 2420 2259 primi?
2468 2184 2607 2252 Quid
2657 2182 2827 2253 ergo?
2871 2179 3010 2247 Quia
3059 2177 3351 2230 noluerunt
3391 2171 3560 2226 τιυάεεὶ
3599 2189 3614 2225 :
3649 2166 3800 2221 Num

2214 2277 2559 2334 incredulitas
2605 2291 2786 2330 eorum
2849 2272 3007 2341 ﬁdem
3057 2267 3153 2323 Dei
3215 2265 3532 2322 ettacuabit?
3573 2263 3707 2315 absit
3748 2263 3796 2316 ³.

2214 2374 2312 2440 Qui
2345 2371 2487 2427 enim
2521 2369 2670 2423 venit
2705 2367 2771 2422 ad
2810 2363 3110 2420 faciendum
3153 2361 3310 2424 bene,
3339 2355 3489 2412 venit
3521 2353 3789 2423 siquidem

2214 2473 2269 2520 et
2307 2464 2487 2518 lumen
2524 2461 2716 2524 oritur,
2757 2472 2864 2512 non
2913 2465 2972 2510 ut
3015 2454 3326 2517 occidamus
3372 2449 3604 2519 aliquem
3642 2463 3656 2498 :
3699 2444 3800 2499 ille

2213 2556 2357 2610 enim
2407 2553 2577 2607 malus
2621 2560 2736 2617 est,
2791 2549 2885 2618 qui
2933 2547 3078 2602 bono
3134 2545 3301 2599 utitur
3348 2540 3511 2596 male.
3555 2537 3686 2593 Nam
3741 2546 3798 2592 et

2214 2653 2418 2706 ferrum
2464 2649 2648 2705 datum
2696 2656 2781 2702 est
2822 2646 2887 2700 ad
2931 2644 3157 2700 culturae
3216 2641 3479 2697 medelam
3519 2656 3532 2691 :
3580 2637 3624 2690 si
3667 2636 3795 2705 quis

2214 2755 2393 2798 autem
2426 2741 2570 2796 ferro
2605 2756 2732 2794 usus
2763 2738 3045 2803 occiderit,
3082 2753 3184 2790 non
3228 2744 3311 2789 est
3348 2732 3652 2802 culpandus
3696 2730 3791 2800 qui

2215 2835 2458 2892 donavit.
2498 2833 2778 2904 Siquidem
2809 2840 2865 2887 et
2898 2830 3036 2900 ignis
3069 2831 3135 2883 ad
3164 2842 3344 2892 curas,
3376 2825 3445 2879 ad
3476 2821 3790 2886 luminaria,

2213 2932 2280 2987 ad
2311 2929 2663 2984 excoctiones
2693 2927 2848 2980 datus
2882 2931 2965 2978 est
2999 2923 3153 2978 nobis
3190 2941 3204 2976 :
3249 2921 3292 2975 si
3339 2919 3462 2991 quis
3507 2927 3688 2971 autem
3729 2927 3798 2966 eo

2213 3027 2280 3080 ad
2325 3021 2710 3080 incendendam
2756 3016 2988 3086 proximi
3033 3016 3250 3070 domum
3297 3012 3460 3067 fuerit
3505 3024 3674 3074 usus,
3709 3005 3798 3061 ille

2215 3114 2388 3169 malus
2424 3121 2507 3166 est
2536 3111 2625 3180 qui
2671 3109 2841 3163 utitur
2883 3107 3043 3163 male.
3085 3106 3272 3176 Neque
3315 3119 3453 3174 aqua
3491 3101 3635 3158 mala
3672 3101 3798 3171 quia

2217 3204 2583 3276 prazforantur
2613 3203 2832 3274 quidam
2861 3219 2875 3255 :
2907 3202 2951 3256 si
2988 3200 3135 3255 enim
3170 3200 3340 3270 ipsam
3387 3213 3510 3267 qua:
3540 3198 3607 3249 ad
3645 3207 3795 3248 usum

2217 3297 2506 3368 plmimum
2548 3307 2601 3350 et
2633 3297 2699 3349 ad
2737 3293 3089 3350 refectionem
3127 3293 3251 3346 data
3281 3300 3396 3355 est,
3444 3291 3642 3344 bonam
3681 3285 3797 3354 qui-

2217 3391 2361 3456 dem,
2400 3389 2541 3444 male
2585 3391 2652 3443 ad
2699 3386 3138 3443 interficiendum
3190 3392 3439 3448 utuntur,
3477 3381 3577 3450 ipsi
3622 3378 3798 3449 potius

2216 3481 2506 3552 perniciosi
2540 3489 2698 3544 sunt,
2734 3495 2894 3550 quam
2941 3477 3240 3547 opificium.
3282 3476 3352 3531 Et
3391 3475 3527 3544 lapis
3559 3473 3624 3526 ad
3664 3486 3801 3525 cou-

2218 3573 2567 3628 structionem
2586 3582 2667 3627 est
2691 3574 2862 3637 datus,
2901 3569 3033 3626 Cain
3053 3581 3232 3624 autem
3269 3583 3333 3624 eo
3366 3568 3433 3622 ad
3468 3563 3797 3620 interfectio-

2219 3682 2339 3721 nem
2363 3665 2549 3720 fratris
2573 3672 2656 3718 est
2677 3680 2835 3719 usus:
2861 3672 3066 3717 tantum
3087 3663 3229 3717 enim
3249 3660 3372 3715 mali
3396 3669 3520 3715 sunt
3547 3655 3636 3724 qui
3669 3662 3805 3709 sunt

2223 3755 2373 3821 mali,
2402 3755 2528 3824 quia
2571 3754 2774 3808 bonum
2805 3753 2878 3807 ad
2911 3752 3109 3806 malum
3141 3758 3486 3805 convertunt.
3511 3744 3671 3801 Jcsus
3701 3758 3798 3812 pas

2217 3857 2338 3914 est,
2380 3858 2434 3901 et
2471 3847 2619 3902 venit
2665 3844 2954 3916 paciﬁcare
3013 3859 3132 3913 qua:
3182 3844 3232 3896 in
3282 3840 3418 3909 coelo
3479 3845 3607 3891 sunt
3648 3845 3706 3888 et
3753 3835 3804 3889 iu

2221 3947 2390 3994 terra.
2423 3940 2479 3994 Si
2508 3940 2625 3994 hate
2662 3953 2792 3992 vera
2823 3947 2970 4003 sunt,
3009 3936 3149 3990 sicut
3174 3949 3336 3998 vera;
3367 3931 3495 4002 quid
3539 3927 3800 3982 faciemus

2221 4030 2306 4084 his
2337 4046 2457 4100 qute
2505 4031 2644 4085 lecta
2676 4039 2803 4085 sunt
2837 4028 3031 4085 hodie?
3067 4027 3201 4081 Dicit
3232 4027 3375 4081 enim
3408 4025 3524 4093 ipse
3555 4020 3798 4076 Salvator

2223 4123 2278 4177 in
2320 4123 2649 4193 Evangelia:
2692 4121 2875 4176 Nolite
2908 4130 3093 4188 putare
3138 4119 3261 4188 quia
3304 4117 3416 4170 veni
3467 4117 3674 4168 mittere
3709 4126 3801 4175 pa-

2225 4230 2337 4266 cem.
2384 4215 2439 4268 in
2479 4225 2676 4268 terram
2704 4214 2745 4272 ³.
2796 4211 3050 4281 Nunquid
3107 4211 3192 4262 nix
3243 4208 3545 4261 calefacere
3591 4211 3804 4273 potest,

2225 4315 2317 4360 aut
2362 4306 2502 4377 ignis
2549 4306 2676 4361 dare
2714 4303 3012 4380 frigorem?
3053 4301 3301 4369 Nunquid
3336 4315 3437 4370 pax
3479 4305 3658 4365 potest
3702 4307 3808 4347 non

2231 4400 2443 4456 mittere
2508 4400 2740 4470 pacem?
2793 4401 3074 4466 Quomodo
3129 4411 3258 4469 ergo
3314 4395 3427 4461 ipse
3472 4407 3572 4461 pax
3631 4387 3807 4442 dicit:

540 4492 594 4546 in
642 4499 822 4546 utero.
867 4490 980 4559 Ego
1031 4499 1085 4544 et
1130 4489 1452 4560 prmsepium
1506 4488 1635 4544 illud
1682 4489 1876 4558 diligo,
1919 4488 1972 4540 in
2015 4502 2122 4556 quo
2152 4486 2198 4541 D
2229 4491 2413 4547 Nolite
2451 4503 2638 4562 putare
2671 4493 2796 4562 quia
2844 4493 2960 4546 veni
3005 4506 3184 4560 pacem
3230 4487 3438 4542 mittere
3469 4483 3522 4535 in
3571 4479 3810 4533 terram?

539 4583 666 4638 vita:
697 4582 928 4652 positum
960 4592 1043 4637 est
1075 4582 1429 4637 medicamen.
1457 4580 1523 4634 Et
1553 4594 1740 4648 magos
1779 4581 1969 4634 beatos
2001 4579 2122 4633 dico

537 4675 609 4731 ob
646 4675 1074 4730 immutationem
1121 4675 1278 4731 artis.
1324 4675 1492 4730 Beata
1520 4683 1575 4728 et
1622 4671 1880 4735 Rachael,
1911 4682 1965 4724 et
2007 4671 2120 4741 jam

535 4780 644 4823 non
700 4768 914 4837 ploret,
961 4767 1086 4837 quia
1143 4765 1260 4836 ejus
1311 4765 1406 4820 filii
1456 4775 1725 4834 martyres
1793 4763 2126 4817 exstiterunt

537 4859 763 4916 Christi.
813 4857 1030 4914 Simeon
1079 4869 1260 4914 autem
1307 4857 1398 4913 ille
1444 4865 1499 4910 et
1541 4857 1699 4910 Anna
1746 4855 1866 4910 ideo
1914 4852 2120 4923 gratias

544 4952 799 5020 agebant,
828 4953 953 5022 quia
999 4952 1144 5020 digni
1174 4949 1402 5020 iudicati
1448 4958 1572 5004 sunt
1608 4948 1793 5003 videre
1836 4961 1995 5014 quem
2025 4944 2120 5000 de—

541 5044 856 5099 siderabant
920 5044 1075 5098 multi
1140 5044 1401 5114 quidem,
1460 5044 1711 5097 viderunt
1771 5050 1953 5096 autem
2013 5053 2119 5093 non

539 5150 750 5190 omnes.
777 5135 1014 5193 Joannes
1055 5146 1236 5190 autem
1269 5136 1356 5190 ille
1391 5136 1482 5206 qui
1517 5136 1570 5190 in
1614 5144 1832 5205 pectore
1871 5133 2122 5187 recubuit

557 5226 796 5292 Domini,
823 5229 947 5284 inde
979 5211 1239 5284 hauriens
1267 5229 1426 5284 nobis
1455 5228 1728 5298 loquitur:
1764 5225 1831 5280 In
1861 5225 2123 5295 principio

535 5327 651 5374 erat
713 5319 941 5375 Verbum
994 5323 1032 5376 ⁸.
1096 5319 1289 5377 Petrus
1338 5336 1467 5376 vero
1509 5321 1599 5390 qui
1649 5335 1678 5373 a
1730 5316 1891 5373 Patre
1931 5319 2123 5387 dignus

534 5403 807 5477 indicatus
867 5409 1252 5464 revelationem
1324 5409 1591 5478 accipere,
1641 5416 1695 5461 et
1751 5406 1935 5459 videre
1999 5419 2120 5458 eum

537 5514 695 5568 quem
744 5518 848 5554 non
885 5501 1128 5561 videbat,
1179 5510 1232 5554 et
1266 5515 1489 5554 noscere
1517 5515 1638 5554 eum
1673 5497 1764 5566 qui
1811 5497 2124 5553 nccttltaba-

607 5615 653 5647 ³⁸
692 5614 814 5670 Cal.
845 5632 902 5678 ll,
934 5615 1024 5669 ΞΟ.
1101 5613 1147 5647 ⁹⁹
1179 5613 1303 5669 Gai.
1333 5631 1407 5682 Vl,
1441 5615 1527 5668 Η.

540 5698 620 5750 m,
652 5683 736 5738 Π.
819 5689 836 5718 ⁸
870 5687 1058 5741 Matth.
1088 5702 1177 5747 xv,
1203 5684 1295 5739 26.

607 5799 723 5867 (85)
764 5799 885 5868 Ms.,
919 5801 1222 5857 dissenserit
1262 5802 1381 5856 sibi.

1605 5615 1620 5646 ί
1661 5612 1818 5670 Joan.
1850 5629 1886 5676 ι,
1924 5612 1972 5668 ι.

2052 5616 2071 5644 ³
2110 5614 2262 5670 Rom.
2293 5631 2374 5683 ut,
2399 5616 2452 5674 5.

2221 4585 2290 4641 de
2319 4601 2426 4656 qua
2467 4601 2598 4640 sane
2645 4587 2846 4641 dictum
2879 4594 2994 4649 est,
3034 4593 3089 4638 et
3117 4583 3182 4637 de
3215 4595 3344 4650 quo,
3377 4577 3500 4646 quia
3543 4573 3678 4628 venit
3713 4586 3807 4639 pa-

2221 4676 2440 4745 ciﬁeare
2477 4692 2596 4746 qua:
2625 4677 2678 4729 in
2715 4674 2842 4729 cmlo
2877 4683 2997 4729 sunt
3036 4682 3084 4728 et
3116 4672 3171 4725 in
3203 4681 3346 4724 terra
3370 4668 3412 4721 ⁸.
3445 4663 3724 4735 Siquidem
3754 4670 3808 4714 et

2221 4766 2347 4822 alibi
2385 4766 2514 4822 dicit
2541 4765 2890 4835 Evangelium
2921 4782 2936 4820 :
2986 4763 3158 4828 Venit,
3188 4778 3290 4816 non
3319 4760 3396 4814 uti
3420 4758 3625 4829 judicet
3654 4769 3807 4808 mun-

2221 4858 2383 4924 dum,
2426 4858 2518 4912 sed
2561 4867 2615 4911 ut
2663 4858 2890 4912 mundus
2933 4855 3110 4910 salvus
3150 4855 3244 4924 fiat
3291 4869 3386 4922 per
3430 4852 3594 4914 ipsum
3617 4848 3659 4900 ⁵.
3697 4844 3806 4910 Qui

2221 4950 2396 5006 credit
2424 4949 2666 5006 salvatur
2692 4967 2706 5004 :
2737 4951 2825 5020 qui
2852 4959 3031 5006 autem
3060 4963 3166 5002 non
3196 4945 3370 5001 credit
3398 4942 3668 5014 judicatus
3693 4945 3807 4992 est.

2225 5043 2291 5098 Et
2334 5045 2571 5100 iterum:
2617 5041 2739 5098 Non
2776 5045 2890 5098 veni
2930 5044 3029 5097 nisi
3077 5041 3148 5094 ad
3182 5054 3299 5093 oves
3349 5037 3582 5106 perditas
3619 5033 3809 5084 domus

2233 5134 2399 5189 Israel
2439 5136 2460 5168 ⁸
2489 5159 2499 5192 :
2533 5146 2585 5191 et
2629 5147 2779 5192 certe
2821 5136 2988 5204 magis
3026 5132 3325 5204 perierunt.
3363 5127 3502 5194 Quid
3540 5139 3668 5194 ergo
3702 5122 3808 5175 ista

2230 5230 2508 5283 contraria
2552 5228 2723 5283 sunt?
2773 5227 2909 5281 Num
2957 5235 3016 5280 ut
3069 5223 3402 5285 dividantur,
3447 5217 3648 5272 veritas
3696 5227 3807 5267 non

2230 5321 2532 5375 consentiet
2598 5320 2736 5375 sibi?
2784 5319 2840 5373 Si
2897 5317 3062 5389 igitur
3112 5316 3315 5371 veritas
3365 5309 3677 5368 discesserit
3724 5307 3809 5361 si-

2231 5411 2282 5466 bi
2313 5411 2451 5482 (33),
2491 5413 2678 5480 perdet
2701 5423 2756 5468 et
2791 5423 3076 5476 naturam;
3111 5408 3376 5465 mendacii
3424 5407 3567 5461 enim
3607 5412 3807 5457 natura

2232 5502 2284 5556 in
2316 5503 2653 5559 dissensione
2680 5513 2784 5566 est,
2814 5511 3058 5558 veritatis
3086 5510 3270 5556 autem
3301 5508 3490 5553 natura
3517 5492 3812 5550 consensio

2531 5619 2551 5649 ³
2591 5617 2779 5672 Matth.
2813 5633 2864 5684 ς,
2890 5617 2976 5672 ⁸54.
3058 5616 3077 5646 ⁵
3116 5615 3321 5672 Coloss.
3351 5629 3388 5676 ι,
3420 5611 3510 5665 20.
3585 5610 3606 5640 '
3642 5607 3806 5664 Joan.
