4100 6456
377 300 510 354 ΗΠ

1720 301 1787 356 IN
1829 301 2089 357 MATTH.
2135 302 2199 368 Χ,
2237 305 2325 360 54.

3477 313 3613 368 H78

373 424 474 470 est.
506 412 786 481 Quomodo
814 427 944 482 ergo
976 414 1077 468 ista
1111 414 1213 469 sibi
1243 415 1623 472 consentient?
1654 417 1809 472 .lesus
1850 433 1948 486 pax
1979 425 2026 480 Α
2055 419 2106 472 in
2159 421 2297 474 rosis
2333 419 2561 475 habetur
2612 421 2932 487 diversitas,
2976 422 3030 476 in
3083 421 3263 478 colore
3309 423 3512 479 scilicet
3556 432 3616 483 et

375 515 479 572 est,
509 515 564 562 et
603 505 716 567 ipse
755 505 884 560 dicit
923 521 938 560 :
979 504 1158 560 Nolite
1213 519 1398 576 putare
1437 511 1563 578 quia
1615 526 1794 579 pacem
1835 511 1945 564 ueni

376 601 577 653 mittere
620 599 672 651 in
715 607 927 652 terram.
962 596 1168 651 Dictum
1219 609 1395 653 autem
1441 601 1506 654 de
1528 615 1593 655 eo
1636 611 1756 655 est-:
1794 598 1944 654 Venit

376 691 653 761 paciﬁcate
693 706 754 744 ea
801 706 918 760 qua:
969 692 1023 744 in
1078 693 1216 746 caelis
1251 704 1367 746 sunt
1406 704 1453 746 et
1498 695 1553 747 in
1605 703 1764 749 terra.
1798 693 1943 760 Quo-

377 785 537 839 modo
567 798 698 853 ergo
729 798 834 837 non
863 784 1008 836 venit
1043 798 1230 851 pacem
1264 785 1316 838 in
1355 795 1550 839 terram
1593 785 1822 848 mittere,
1855 785 1943 852 qui

376 874 500 929 ideo
540 874 706 941 venit,
732 882 792 927 ut
827 883 880 927 et
911 887 972 925 ea
1013 887 1134 941 qua:
1185 873 1238 927 in
1285 873 1439 928 oculis
1467 883 1519 927 et
1551 873 1604 928 in
1641 884 1778 927 terra
1825 883 1948 928 sunt

377 965 702 1036 paciﬁcaret,
731 974 785 1019 et
815 964 880 1018 ad
910 979 1038 1019 oves
1079 965 1316 1033 perditas
1349 967 1538 1019 domus
1568 963 1736 1020 Israel
1773 966 1939 1031 venit,

375 1066 432 1110 et
464 1058 688 1111 inventae
725 1065 851 1109 sunt
900 1057 1223 1124 pereuntes?
1272 1055 1385 1110 Non
1433 1066 1518 1110 est
1566 1057 1761 1111 missus
1795 1057 1942 1126 judi-

376 1162 520 1213 care,
565 1157 619 1202 et
665 1147 940 1202 invenitur
979 1147 1360 1202 condemnare.
1409 1146 1465 1201 Si
1507 1148 1630 1216 quis
1673 1147 1947 1202 desiderat

376 1253 438 1294 ea
476 1252 597 1307 qua:
647 1249 774 1294 sunt
817 1239 1031 1293 Domini
1081 1239 1332 1301 edoceri,
1370 1238 1622 1307 projiciat
1665 1239 1844 1292 omnia
1877 1253 1943 1292 ex

373 1333 537 1387 corde
571 1347 691 1396 suo,
718 1339 774 1388 et
803 1332 1004 1386 nmndo
1043 1331 1200 1386 oculo
1232 1333 1425 1386 mentis
1459 1333 1719 1386 intendat.
1748 1332 1946 1401 Propo-

373 1424 536 1480 situm
568 1424 784 1493 quidem
816 1424 907 1479 Dei
931 1425 1021 1494 qui
1068 1424 1214 1477 misit
1244 1423 1434 1477 Filium
1471 1440 1626 1478 suum
1659 1424 1766 1478 tale
1796 1434 1944 1489 erat,

374 1525 437 1570 ut
483 1514 823 1570 salvarentur
867 1515 1130 1570 homines.
1152 1513 1466 1569 Obedieutia
1513 1526 1692 1570 autem
1714 1515 1830 1584 ejus
1853 1517 1942 1586 qui

376 1607 580 1661 missus
617 1615 700 1660 est
742 1621 839 1671 ea,
882 1617 940 1660 ut
973 1621 1073 1675 pax
1104 1616 1250 1661 esset
1294 1607 1348 1660 in
1397 1606 1549 1662 ctelis
1589 1616 1643 1662 et
1679 1608 1732 1660 in
1777 1617 1942 1662 terra.

379 1697 534 1754 Unde
563 1712 694 1768 ergo
724 1712 828 1751 non
865 1697 1002 1766 pax?
1029 1699 1108 1751 Ab
1143 1696 1452 1751 inﬁrmitate
1491 1696 1686 1766 quippe
1733 1711 1941 1763 eorum,

2047 512 2252 566 odore:
2295 520 2351 565 et
2394 511 2446 565 in
2484 510 2748 566 fructibus
2789 519 2876 566 est
2909 511 3163 578 varietas,
3207 521 3262 566 et
3294 513 3615 583 magnitudi-

2047 601 2152 668 nis,
2178 610 2232 656 et
2270 601 2488 666 coloris,
2519 609 2574 656 et
2621 611 2832 672 gustus,
2873 612 2930 657 et
2958 612 3172 657 tactus:
3211 610 3268 657 et
3312 603 3496 656 vinum
3544 619 3612 659 ex

2045 696 2154 747 vite
2185 701 2266 747 est
2308 707 2486 758 omne,
2525 693 2620 747 sed
2655 701 2842 761 gustus
2868 693 3067 747 diversi
3100 710 3114 746 :
3150 702 3204 747 et
3235 693 3366 750 olea:
3403 695 3609 750 l‘ructus

2044 783 2411 838 variﬁcantur.
2441 783 2547 839 Sed
2571 784 2761 838 horum
2779 783 3016 838 omnium
3044 784 3294 852 varietas,
3323 794 3376 838 et
3407 787 3614 838 anima-

2044 874 2196 941 lium,
2223 884 2275 928 et
2299 890 2482 930 eorum
2509 875 2597 946 qui
2628 891 2695 929 ex
2727 875 2838 944 ipsa
2864 885 2989 928 sunt
3018 877 3233 944 specie:
3266 892 3435 944 equus
3464 877 3608 932 enim

2044 982 2184 1036 equo
2217 966 2471 1039 velocior.
2509 975 2564 1021 et
2598 983 2702 1021 non
2743 975 2972 1029 tantum,
3015 974 3274 1034 quantum
3312 967 3471 1022 homo
3515 967 3613 1023 ho-

2047 1060 2174 1113 mini
2213 1081 2223 1114 :
2259 1059 2434 1113 nullus
2480 1059 2621 1113 enim
2669 1073 2842 1130 equus
2891 1059 3064 1112 currit
3117 1068 3415 1114 retrorsum
3458 1076 3472 1114 :
3513 1061 3614 1114 ho-

2046 1152 2218 1205 mines
2258 1161 2433 1207 autem
2466 1151 2682 1220 quidam
2711 1159 2840 1206 sunt
2879 1150 3140 1219 religiosi,
3173 1152 3390 1219 quidam
3435 1151 3612 1207 sacri-

2044 1244 2169 1314 legi,
2202 1243 2290 1297 alii
2327 1243 2525 1312 pudici,
2556 1244 2644 1296 alii
2674 1243 2964 1308 luxuriosi,
2994 1243 3086 1298 alii
3116 1244 3374 1312 diripiunt
3404 1244 3607 1314 aliena,

2043 1336 2131 1389 alii
2177 1344 2434 1404 spargunt
2481 1349 2610 1396 sua,
2660 1333 2750 1388 alii
2795 1343 3111 1403 stuprantur
3147 1347 3252 1386 non
3306 1348 3437 1388 suas
3489 1349 3611 1388 mu—

2042 1427 2224 1493 lieres,
2252 1428 2339 1482 alii
2383 1442 2448 1481 ne
2491 1427 2704 1495 quidem
2755 1441 2881 1479 suas
2915 1425 3256 1494 contingunt.
3309 1423 3426 1478 Non
3463 1425 3608 1478 enim

2045 1529 2190 1574 tanta
2231 1520 2521 1574 diversitas
2566 1527 2650 1571 est
2683 1529 2856 1581 terrm,
2899 1526 3096 1585 quanta
3135 1518 3368 1571 varietas
3407 1517 3612 1570 anima-

2046 1627 2161 1664 rum
2191 1630 2204 1666 :
2239 1610 2325 1665 ille
2357 1611 2500 1664 enim
2534 1619 2738 1680 martyr
2768 1611 2998 1675 exsistit,
3039 1611 3175 1664 alius
3223 1609 3606 1678 persequitur;

2045 1713 2098 1754 et
2137 1713 2325 1755 natura
2372 1701 2584 1770 quidem
2637 1700 2752 1770 ipsa
2799 1709 2914 1764 est,
2965 1700 3215 1754 voluntas
3271 1707 3448 1752 autem
3513 1697 3611 1752 ad-

372 1790 464 1860 qui
513 1805 618 1844 non
667 1798 955 1859 potuerunt
1001 1789 1279 1857 suscipere
1340 1787 1679 1858 splendorem
1729 1787 1945 1842 luminis
1977 1779 2016 1833 Β
2049 1809 2202 1849 versa
2239 1793 2370 1864 (84).
2416 1791 2543 1848 Inde
2575 1802 2658 1847 est
2697 1802 2754 1845 ut
2799 1793 2885 1847 ille
2934 1792 3150 1859 quidem
3199 1792 3264 1846 ad
3316 1790 3610 1845 Ecclesiam

372 1882 510 1935 veri.
542 1880 660 1948 Ipse
705 1881 848 1937 enim
885 1893 1074 1948 pacem
1123 1879 1375 1948 praedicat
1399 1917 1413 1942 ,
1457 1889 1512 1932 et
1545 1878 1662 1932 ideo
1695 1879 1943 1932 hortatur

373 1973 476 2027 hoc
523 1971 723 2026 Paulus
769 1970 1060 2039 apostolus,
1099 1981 1153 2024 et
1198 1970 1364 2024 dicit:
1399 1969 1519 2039 Ipse
1550 1978 1623 2023 est
1665 1970 1800 2022 enim
1838 1984 1945 2038 pax

375 2075 554 2119 nostra
580 2066 620 2116 ⁷.
661 2065 860 2118 Eorum
893 2063 1099 2118 scilicet
1126 2063 1216 2132 qui
1263 2063 1493 2117 credunt
1524 2071 1579 2116 et
1621 2061 1942 2131 suscipiunt,

375 2171 476 2224 pax
523 2165 630 2212 est.
673 2155 951 2221 Quomodo
986 2169 1116 2224 ergo
1163 2169 1266 2206 non
1313 2167 1497 2222 parem
1542 2153 1706 2206 mittit
1741 2154 1793 2206 in
1839 2163 1945 2207 ter-

375 2245 677 2300 ram?Filia
707 2247 956 2310 credidit,
986 2256 1149 2316 pater
1168 2245 1476 2300 incredulus
1504 2246 1780 2299 remansit.
1810 2245 1941 2311 Quae

371 2339 773 2392 communicatio
807 2348 882 2392 est
925 2339 1069 2406 ﬁdeli
1099 2338 1168 2390 ad
1211 2336 1474 2405 inﬁdelem
1498 2337 1553 2390 "?
1609 2341 1757 2406 pacis
1799 2339 1941 2391 enim

370 2430 680 2498 pnedicatio
709 2429 1024 2483 divisionem
1055 2438 1328 2497 operatur.
1361 2423 1528 2482 Filius
1556 2427 1754 2490 ﬁdelis,
1787 2438 1943 2496 pater

373 2521 681 2576 incredulus
720 2540 733 2575 :
763 2535 829 2576 ex
870 2521 1195 2575 necessitate
1232 2519 1296 2573 lis
1330 2529 1448 2583 est;
1490 2528 1546 2572 et
1591 2534 1710 2588 quae
1744 2520 1942 2588 praedi-

371 2623 529 2668 catur
555 2630 679 2684 pax,
711 2623 926 2684 Operata
959 2623 1043 2668 est
1069 2613 1406 2675 divisionem,
1430 2623 1485 2667 et
1509 2614 1702 2668 bonam
1725 2613 1944 2667 divisio-

373 2720 528 2772 nem;
570 2706 622 2759 in
655 2719 784 2774 pace
811 2715 990 2760 autem
1030 2705 1219 2760 salvati
1264 2720 1468 2758 Sumus.
1507 2702 1576 2759 Ut
1604 2719 1710 2759 non
1759 2717 1938 2760 autem

369 2809 471 2864 ego
498 2794 641 2850 illius
670 2796 1022 2864 interpreter;
1056 2795 1187 2849 nihil
1219 2795 1362 2849 enim
1394 2804 1476 2850 est
1504 2795 1646 2865 quod
1676 2811 1786 2850 non
1822 2795 1940 2864 eius

370 2885 660 2941 debeamus
687 2886 914 2941 audire:
945 2887 1058 2954 ipse
1103 2885 1233 2938 dicit
1261 2903 1273 2939 :
1319 2881 1401 2939 Ne
1435 2887 1626 2954 putetis
1668 2887 1795 2957 quia
1825 2885 1938 2940 veni

368 2994 547 3047 pacem
600 2979 806 3034 mittere
855 2979 909 3032 in
959 2987 1173 3032 terram.
1222 2976 1289 3031 Et
1339 2978 1516 3033 adhuc
1568 2978 1937 3033 vehementius

367 3069 517 3123 addit
541 3087 553 3121 :
583 3066 706 3122 Non
734 3070 844 3122 ueni
868 3084 1045 3136 pacem
1069 3070 1292 3134 mittere,
1315 3070 1406 3121 sed
1430 3067 1662 3137 gladium
1682 3068 1720 3121 ’.
1746 3068 1936 3134 Quem-

2047 1894 2228 1939 currat
2262 1886 2555 1950 manicans,
2602 1885 2740 1938 alios
2786 1885 2850 1936 ad
2903 1883 3109 1952 lapides
3150 1881 3386 1936 oll‘endat
3422 1880 3614 1936 exsur-

2047 1991 2177 2046 gens
2215 1976 2280 2030 ad
2325 1975 2522 2028 lumen.
2565 1973 2689 2028 Inde
2727 1983 2810 2028 est
2858 1985 2914 2026 ut
2963 1973 3049 2026 ille
3098 1975 3307 2027 lauetur
3345 1974 3486 2043 quod
3529 1981 3614 2027 est

2048 2067 2296 2134 pudicus,
2325 2063 2462 2118 alius
2513 2063 2742 2133 gaudeat
2786 2063 2927 2131 quod
2965 2063 3016 2115 in
3063 2061 3372 2116 libidinibus
3403 2061 3613 2116 voluta-

2047 2167 2152 2212 tur.
2193 2156 2319 2210 lnde
2347 2166 2430 2209 est
2466 2165 2523 2208 ut
2557 2152 2643 2207 ille
2686 2153 2737 2206 in
2781 2153 2894 2206 loro
2925 2153 3121 2206 vendat
3159 2164 3214 2206 et
3249 2152 3610 2218 distrahatur,

2045 2250 2182 2303 alius
2220 2250 2286 2303 ad
2334 2247 2624 2302 Ecclesiam
2674 2245 2896 2300 veniens
2945 2246 3288 2314 semetipsum
3348 2246 3610 2300 lucretur.

2044 2342 2172 2398 Inde
2200 2351 2282 2396 est
2313 2351 2371 2394 ut
2404 2340 2490 2395 ille
2519 2339 2690 2394 aliena
2721 2339 2881 2404 colat,
2928 2339 3063 2393 alius
3105 2338 3206 2393 sibi
3240 2348 3443 2406 parcat.
3473 2338 3603 2391 Inde

2045 2442 2132 2488 est
2163 2443 2222 2487 ut
2259 2432 2348 2486 ille
2396 2430 2599 2499 lapides
2644 2428 2896 2491 azdilicet,
2927 2428 3062 2482 alius
3093 2428 3316 2481 virtutes
3352 2439 3613 2495 superpo-

2045 2531 2156 2576 nat.
2185 2520 2312 2575 lude
2346 2529 2427 2575 est
2465 2528 2521 2574 ut
2549 2521 2636 2574 ille
2671 2534 2866 2588 corpus
2900 2518 3162 2589 delergat,
3200 2517 3337 2571 alius
3373 2517 3608 2570 animam

2045 2613 2252 2682 perdat.
2283 2612 2382 2667 Ista
2410 2624 2495 2667 est
2529 2628 2632 2666 non
2668 2628 2792 2682 pax,
2837 2612 2932 2667 sed
2974 2611 3277 2676 dissensio;
3313 2609 3438 2680 quia
3475 2608 3614 2663 alius

2044 2701 2202 2756 aliter
2234 2702 2419 2766 sentit,
2461 2709 2515 2756 et
2553 2701 2696 2756 alius
2730 2700 2888 2755 aliter
2937 2701 3099 2770 sapit.
3141 2701 3250 2756 Nec
3299 2701 3442 2756 enim
3486 2714 3612 2754 cum

2041 2805 2216 2848 ortum
2247 2793 2351 2848 hoc
2389 2792 2643 2848 sensibile
2682 2792 2845 2847 fuerit
2877 2793 3084 2858 lumen,
3127 2807 3316 2848 omnes
3365 2791 3618 2847 similiter

2041 2885 2358 2955 suscipiunt.
2390 2885 2494 2939 Sed
2538 2884 2613 2938 illi
2647 2883 2862 2952 quidem
2903 2884 2996 2954 qui
3037 2899 3198 2940 sanos
3233 2883 3437 2938 habent
3483 2897 3613 2938 ocu-

2042 2976 2141 3041 los,
2178 2985 2235 3031 et
2277 2984 2598 3040 occurrunt,
2647 2984 2704 3030 et
2750 2978 3068 3040 attendunt,
3111 2983 3164 3028 et
3199 2974 3488 3028 fruuntur:
3519 2973 3611 3045 qui

2042 3078 2218 3124 autem
2270 3067 2611 3122 inlirmantur
2653 3067 2848 3135 oculis,
2881 3068 3161 3138 corrigunt
3195 3081 3276 3132 se,
3323 3075 3376 3122 et
3408 3065 3611 3129 vitant,

369 3161 654 3214 admodum
683 3175 789 3214 non
834 3133 1044 3228 pacem,
1085 3169 1141 3214 et
1169 3133 1620 3228 quemadmodum
1668 3133 2098 3228 gladium?cet
2139 3159 2371 3231 fugiunt.
2418 3159 2549 3213 Nam
2597 3169 2654 3213 et
2709 3133 3010 3214 latronibus
3033 3133 3344 3214 vonerosum
3394 3166 3478 3213 est
3525 3157 3613 3211 lu-

383 3245 510 3302 Vent
571 3250 705 3302 enim
781 3249 1012 3302 incidere
1083 3249 1343 3302 hominem
1429 3251 1676 3304 adversus
1737 3259 1939 3318 patrem

367 3349 522 3387 suum
549 3334 632 3388 ‘°:
679 3333 883 3403 accipio
917 3333 1061 3388 enim
1126 3333 1291 3387 tilium
1342 3333 1491 3404 ejus,
1535 3345 1589 3388 et
1635 3350 1742 3388 non
1793 3334 1938 3388 dele-

365 3435 550 3480 ctatur
577 3433 747 3496 pater.
784 3427 1018 3480 Adverte
1047 3435 1223 3480 autem
1251 3437 1304 3480 et
1335 3425 1567 3496 ipsorum
1597 3423 1937 3480 efﬁcientiam

363 3531 714 3580 sermonum;
743 3517 868 3586 quia
909 3517 1052 3571 enim
1102 3519 1240 3571 dixit
1281 3516 1515 3587 gladium
1558 3516 1814 3580 incidere,
1844 3518 1939 3570 ad-

365 3608 476 3662 dit:
500 3605 676 3660 Nalite
707 3618 890 3676 putare
916 3609 1038 3676 quia
1072 3609 1186 3662 ueni
1211 3624 1389 3678 pacem
1419 3607 1620 3661 mittere
1645 3608 1695 3660 in
1720 3617 1934 3660 terram.

365 3700 484 3753 Non
520 3700 749 3768 suscipit
783 3712 951 3754 terra.
995 3699 1111 3754 Non
1163 3701 1281 3755 veni
1318 3715 1504 3770 pacem
1542 3700 1756 3753 mittere
1786 3717 1798 3752 :
1839 3698 1940 3752 ite-

372 3809 490 3847 rum
526 3793 646 3846 audi
681 3794 732 3847 in
765 3804 962 3846 terram
991 3811 1004 3848 :
1034 3792 1145 3862 Ego
1173 3793 1339 3859 enim,
1367 3793 1558 3862 inquit,
1591 3807 1775 3862 pacem
1807 3807 1938 3860 pra:-

366 3888 507 3947 dico,
539 3886 630 3938 sed
681 3895 821 3938 terra
856 3900 958 3938 non
1000 3885 1246 3954 suscipit.
1288 3883 1401 3939 Non
1447 3900 1575 3955 ergo
1621 3884 1937 3939 seminantis

363 3978 698 4046 propositmn
727 3993 741 4029 :
773 3975 890 4045 ipse
917 3977 1062 4030 enim
1093 3976 1354 4030 sustinuit
1387 3988 1444 4030 ut
1473 3976 1715 4031 lacerent
1747 3991 1930 4038 uvam,

360 4069 607 4125 fecerunt
649 4079 831 4123 autem
864 4071 1065 4139 spinas.
1114 4068 1293 4138 Neque
1329 4070 1374 4124 is
1411 4070 1463 4123 in
1501 4085 1663 4124 causa
1699 4078 1805 4135 est,
1840 4069 1928 4137 qui

356 4160 630 4217 benelecit
661 4162 831 4215 vinea:
859 4179 872 4216 :
919 4160 1041 4215 Veni
1073 4161 1237 4227 enim,
1271 4161 1465 4230 inquit,
1511 4161 1737 4214 incidere
1768 4161 1938 4214 homi-

361 4269 480 4307 nem
520 4254 769 4308 adversus
803 4266 1004 4321 patrem
1033 4269 1216 4318 suum,
1258 4263 1306 4307 et
1343 4269 1530 4306 nurum
1561 4255 1808 4309 adversus
1852 4270 1937 4306 so-

359 4363 507 4400 crum
546 4363 720 4400 suam.
775 4345 865 4400 Isti
916 4361 1194 4401 sermones
1236 4347 1396 4400 rebus
1443 4347 1572 4414 ipsis
1626 4346 1928 4402 lirn'tantur.

2044 3269 2187 3315 men,
2235 3262 2291 3308 et
2321 3250 2530 3306 furibus
2579 3267 2687 3307 non
2723 3252 2999 3316 dilectum,
3047 3258 3102 3304 et
3153 3249 3417 3304 adulteris
3460 3248 3612 3303 odio-

2042 3361 2183 3398 sum.
2211 3343 2448 3413 Denique
2474 3351 2530 3397 et
2568 3357 2632 3396 ea
2661 3356 2782 3411 qua:
2826 3348 3016 3410 repunt
3047 3338 3284 3409 fugiunt;
3313 3347 3492 3393 ortum
3527 3348 3614 3393 est

2039 3435 2186 3491 enim
2229 3435 2442 3499 lumen;
2483 3442 2540 3489 et
2579 3435 2671 3504 qui
2715 3442 2840 3487 sunt
2884 3431 3020 3486 ebrii
3052 3446 3159 3485 non
3204 3430 3432 3485 libenter
3470 3448 3610 3484 acet-

2039 3525 2212 3595 piunt,
2237 3523 2365 3594 quia
2403 3531 2557 3590 urget
2580 3537 2673 3576 eos
2703 3522 2880 3576 lumen
2903 3535 3213 3590 exsurgere.
3245 3519 3383 3574 Sunt
3407 3533 3538 3574 sane
3559 3529 3614 3574 et

2039 3614 2282 3685 quaedam
2322 3613 2574 3669 animalia
2611 3611 3014 3681 versipellioues
3041 3619 3096 3666 et
3126 3609 3339 3674 bellum,
3371 3618 3426 3663 et
3459 3624 3610 3679 qum-

2040 3720 2252 3775 cunque
2287 3705 2441 3760 istius
2471 3703 2687 3770 generis
2729 3703 3015 3764 habentur,
3054 3715 3173 3769 qua:
3208 3699 3258 3754 in
3295 3707 3462 3754 totum
3504 3713 3610 3752 nou

2038 3799 2312 3853 sustinent
2362 3796 2582 3852 luminis
2617 3795 2818 3850 radios.
2861 3793 2998 3846 Sunt
3039 3801 3217 3847 autem
3253 3801 3307 3846 et
3334 3789 3610 3845 hominum

2039 3889 2191 3944 multi
2228 3889 2656 3958 versipelliones,
2686 3898 2740 3940 et
2763 3885 3232 3956 versipelliouihus
3263 3883 3496 3952 pejores,
3532 3882 3611 3937 vi-

2038 3996 2180 4052 pera:
2206 3981 2379 4050 magis
2399 3996 2559 4052 quam
2591 3980 2864 4043 homines,
2892 3977 3088 4042 amari,
3106 3976 3296 4040 invidi,
3330 3973 3607 4040 malitiosi,

2037 4089 2174 4143 quos
2204 4086 2394 4126 omnes
2431 4072 2579 4138 fugat
2609 4071 2788 4124 lumen
2817 4083 2937 4122 cum
2974 4067 3134 4121 luerit
3176 4078 3377 4122 ortmn.
3407 4066 3606 4122 lterum

2037 4177 2219 4219 autem
2253 4178 2435 4216 sermo
2476 4163 2709 4216 recurrit
2737 4161 2800 4212 ad
2829 4162 3002 4230 ipsum
3029 4169 3330 4221 certamen,
3357 4157 3442 4212 his
3491 4173 3609 4225 qua:

2039 4258 2153 4312 heri
2189 4268 2316 4311 sunt
2353 4256 2518 4309 dicta.
2556 4255 2753 4308 Iterum
2790 4253 2931 4306 enim
2962 4250 3271 4320 propositus
3294 4258 3378 4301 est
3429 4247 3610 4302 Domi-

2039 4367 2140 4406 nus
2168 4349 2351 4410 Jesus,
2382 4357 2436 4402 et
2465 4345 2740 4416 proposita
2772 4353 2896 4398 sunt
2933 4342 3035 4395 alia
3077 4339 3265 4394 multa.
3299 4338 3462 4393 Pater
3494 4337 3605 4390 liti--

361 4437 558 4504 Quanti
582 4439 722 4492 enim
747 4455 811 4492 ex
833 4439 914 4492 his
930 4440 1020 4506 qui
1042 4440 1126 4492 hic
1151 4454 1290 4491 nunc
1322 4447 1702 4502 convenerunt,
1736 4437 1932 4493 habent
1962 4467 2008 4522 υ
2039 4460 2194 4515 gans,
2226 4450 2403 4496 mater
2450 4437 2849 4497 contradicens.
2877 4448 3033 4489 soror
3073 4434 3383 4501 itlcrcpaIIS.
3437 4430 3608 4484 frater

361 4544 549 4583 eorum
615 4545 734 4600 qua:
793 4531 1044 4584 dicuntur
1102 4529 1588 4600 experimentum?
1637 4530 1733 4584 Est
1784 4532 1928 4584 enim

361 4627 517 4689 pater
552 4618 835 4690 increpans
870 4619 1011 4674 ﬁlios
1044 4620 1114 4674 ob
1156 4620 1552 4685 credulitatem,
1578 4627 1633 4674 et
1679 4620 1772 4674 lilii
1816 4635 1931 4675 mo-

357 4721 551 4766 nentes
589 4721 770 4780 patres
813 4713 878 4767 ad
930 4712 1121 4775 Iidem,
1165 4720 1220 4764 et
1260 4711 1383 4764 tiliae
1415 4711 1671 4766 docentes
1704 4722 1924 4768 matres.

358 4805 417 4859 Si
451 4806 596 4859 enim
639 4815 694 4861 et
731 4821 798 4859 ex
849 4807 961 4874 ipsa
997 4811 1185 4858 natura
1215 4818 1425 4868 omnes,
1469 4803 1562 4858 sed
1605 4819 1706 4857 non
1739 4819 1802 4858 ex
1835 4820 1927 4860 eo-

357 4899 480 4954 dem
531 4901 828 4970 proposito.
894 4899 1132 4967 Denique
1177 4905 1231 4952 et
1269 4913 1334 4952 ex
1386 4896 1768 4966 conSpersione
1821 4914 1925 4953 una

355 4986 615 5058 pollinis,
662 4986 906 5058 quaedam
947 4987 1162 5056 quidem
1227 5001 1348 5054 qua:
1401 4987 1453 5040 in
1501 4986 1763 5042 fermento
1802 4999 1927 5043 sunt

357 5080 744 5145 dissolvuntur,
782 5080 1023 5148 quaedam
1068 5087 1246 5132 autem
1277 5093 1394 5147 quae
1430 5079 1755 5134 fermentata
1799 5089 1927 5134 sunt

357 5171 698 5225 continentur
736 5187 749 5223 :
784 5181 838 5225 et
871 5185 1061 5224 carnes
1106 5170 1264 5224 aliter
1301 5179 1549 5224 tenentur
1594 5186 1713 5240 quae
1757 5172 1921 5226 salem

357 5263 590 5327 habent,
633 5263 788 5315 aliter
833 5276 950 5330 qua:
979 5261 1094 5314 sine
1144 5260 1254 5316 sale
1300 5271 1737 5329 corrumpuntur.
1787 5262 1920 5316 Nam

353 5354 456 5408 etsi
477 5354 588 5423 ipsa
619 5363 807 5406 natura
833 5353 902 5406 sit
923 5353 1126 5418 carnis,
1155 5367 1258 5405 non
1287 5361 1462 5406 tamen
1487 5353 1596 5421 ipsa
1622 5355 1919 5421 permistio.

355 5445 512 5499 Aliud
544 5446 726 5498 vinum
763 5453 845 5498 est
878 5443 993 5498 sine
1027 5460 1182 5514 aqua,
1212 5453 1265 5498 et
1307 5444 1448 5497 aliud
1487 5461 1610 5498 cum
1664 5460 1823 5513 aqua.
1860 5445 1923 5499 Et

356 5538 641 5610 ligulorum
677 5539 742 5592 ad
792 5539 1168 5607 permistiones
1231 5539 1516 5594 diversitas
1566 5540 1792 5593 habetur
1822 5557 1836 5596 :
1870 5553 1924 5596 et

430 5657 450 5680 "
493 5655 691 5724 Ephus.
718 5671 779 5719 ll,
812 5654 898 5707 14.
974 5654 995 5685 ⁸
1033 5652 1051 5705 l
1082 5654 1206 5708 Cor.
1238 5671 1308 5721 vt,
1342 5657 1423 5710 lii.

436 5749 546 5821 (ει)
585 5749 836 5806 Adversa.
871 5750 950 5803 An
979 5750 1176 5816 diuersa
1203 5750 1226 5801 Ρ

1503 5659 1520 5688 ⁹
1563 5657 1749 5714 Matth.
1782 5676 1833 5724 κ,
1867 5660 1952 5713 55.

2036 4537 2396 4608 exprobrans,
2416 4532 2557 4588 servi
2576 4536 2946 4598 exsurgentes,
2965 4523 3174 4580 ancillae
3194 4531 3605 4595 exaggerantes.

2039 4628 2422 4698 Unusquisque
2466 4624 2608 4679 enim
2639 4637 2791 4677 suam
2828 4618 3159 4673 voluntatem
3197 4626 3322 4671 ante
3375 4616 3604 4672 salutem

2035 4718 2268 4774 ﬁliorum
2306 4727 2646 4786 praeponens,
2711 4709 2881 4764 trahit
2940 4709 3006 4762 ad
3063 4723 3219 4762 suum
3269 4705 3602 4777 pr0posilutn

2034 4812 2292 4882 ignorans
2320 4806 2708 4879 proditionem.
2741 4802 3050 4858 Certamina
3101 4816 3232 4871 ergo
3261 4816 3358 4869 pro
3387 4799 3604 4856 Christo

2035 4904 2189 4957 nobis
2220 4908 2351 4956 sunt
2384 4917 2399 4955 :
2431 4896 2679 4954 Christus
2713 4903 2918 4949 tantum
2949 4895 3156 4946 lucrum
3183 4901 3305 4946 est:
3337 4890 3426 4944 ille
3456 4892 3600 4944 enim

2030 4996 2177 5048 venit
2204 4992 2271 5046 ad
2297 4989 2613 5053 Ecclesiam,
2640 4987 2779 5041 alius
2833 4985 3089 5040 distrahit
3135 4994 3190 5037 et
3235 4983 3367 5038 emit
3402 4982 3602 5037 oblitus

2032 5084 2234 5139 Christi
2272 5098 2287 5136 :
2321 5083 2413 5136 ille
2435 5082 2584 5136 audit
2615 5080 2888 5136 Christum
2916 5093 3012 5146 per
3045 5076 3333 5146 Evangelia
3372 5076 3600 5144 loquen-

2033 5187 2162 5244 tem,
2189 5176 2326 5230 alius
2363 5185 2417 5228 et
2445 5174 2858 5242 adestpedibus,
2893 5182 2948 5227 et
2973 5180 3149 5226 mente
3181 5169 3329 5224 foras
3355 5179 3598 5240 vagatur.

2030 5268 2122 5322 llle
2153 5268 2292 5333 patri
2328 5267 2492 5321 donat
2524 5267 2877 5335 perditionem
2905 5280 3077 5325 suam,
3105 5263 3241 5316 alios
3278 5262 3435 5316 matri
3465 5277 3598 5315 con-

2031 5361 2198 5414 sentit
2230 5369 2287 5413 ut
2319 5375 2422 5412 non
2466 5357 2574 5412 Deo
2603 5358 2744 5426 quod
2771 5357 3024 5412 convenit
3053 5356 3322 5411 restituat.
3354 5356 3435 5411 Ad
3463 5353 3599 5407 mul-

2033 5462 2114 5506 tos
2152 5452 2320 5520 igitur
2344 5449 2593 5504 convenit
2619 5448 2850 5520 jurgari,
2891 5458 2949 5503 ut
2981 5449 3162 5504 multa:
3187 5447 3598 5504 eilicianturco-

2034 5559 2200 5598 route.
2237 5543 2319 5596 Ad
2349 5542 2617 5599 diabolum
2662 5544 2857 5614 quippe
2905 5549 2958 5598 et
2988 5541 3187 5598 milites
3241 5539 3394 5608 ejus:
3446 5536 3595 5592 multi

2033 5661 2074 5692 ιο
2110 5660 2238 5717 ibid.
2272 5661 2376 5731 δε,
