4100 6456
539 347 676 403 ΗἹ9

1201 334 1474 393 EUSEBII
1511 331 1992 390 CJESARIENSIS'
2023 329 2172 386 OPP.
2215 325 2394 382 PARS
2433 323 2523 378 IV.
2561 353 2630 364 --
2669 319 3068 378 DOGMATICA

3635 319 3762 374 H80

539 475 718 516 ament
747 467 874 513 sunt
901 466 958 510 et
993 454 1101 508 isti.
1129 451 1358 522 Urgetur
1381 466 1512 504 sane
1541 461 1596 504 et
1619 459 1793 518 pater,
1827 457 1880 503 et
1909 456 2101 510 mater,
2132 453 2179 509 Α
2207 442 2284 497 dit
2309 459 2322 496 :
2361 449 2607 494 mortuus
2635 439 2782 493 enim
2811 447 2917 491 est.
2939 435 3114 490 Timet
3143 445 3322 490 autem
3343 450 3412 491 ne
3431 437 3556 506 quis
3579 437 3764 492 malam

540 563 594 608 et
613 551 832 614 fratres,
855 559 910 602 et
941 545 1174 616 cognati,
1201 554 1255 597 et
1281 543 1461 606 amici,
1491 551 1546 596 et
1577 542 1742 606 servi,
1775 551 1828 595 et
1865 537 2103 606 ancillae;

541 661 608 700 ex
645 645 829 698 multis
856 641 998 694 enim
1025 636 1242 691 tristitia
1263 645 1366 700 est,
1410 635 1532 688 ideo
1563 644 1620 688 ut
1643 644 1701 688 et
1725 643 1870 688 tanta
1903 632 2104 687 habea-

543 749 631 792 tur
667 735 872 800 laetitia,
921 741 975 788 ct
1023 732 1292 786 addantur
1342 729 1562 797 nuptiae,
1619 737 1676 782 et
1719 727 2108 796 promissiones

543 845 703 899 opum
736 827 1010 890 mortales,
1037 823 1132 879 sed
1156 835 1254 876 nec
1277 833 1504 876 mortuae
1534 840 1547 876 :
1595 835 1715 890 quae
1774 821 1916 874 enim
1963 836 2108 874 nun-

545 935 704 989 quam
739 919 1010 980 vixerunt,
1048 929 1115 968 ne
1144 915 1364 983 quidem
1415 923 1626 966 mortua
1676 921 1962 977 vocentur,
2011 911 2107 966 sed

546 1012 647 1065 alia
677 1011 841 1079 pejori
876 1009 1290 1076 nuncupatione.
1324 1009 1427 1062 Sed
1450 1009 1502 1060 in
1529 1008 1608 1060 Itis
1633 1006 1895 1072 euntibus,
1935 1006 2110 1074 inquit

543 1101 854 1172 Apostolus,
900 1101 1312 1166 super-vincimus
1363 1109 1574 1167 propter
1603 1114 1718 1151 eum
1755 1097 1844 1164 qui
1891 1113 1983 1149 nos
2017 1111 2110 1149 su-

547 1192 830 1263 perdifexit
865 1193 928 1248 ¹¹.
953 1192 1088 1246 Etsi
1138 1191 1258 1260 quis
1290 1189 1527 1260 Apostoli
1573 1189 1814 1243 imitator
1841 1197 1922 1242 est
1951 1203 1967 1252 ;
2019 1189 2109 1257 qui

547 1286 692 1339 enim
725 1284 962 1336 imitatur
997 1297 1144 1346 eum,
1189 1281 1428 1334 imitatur
1465 1280 1740 1334 Christum
1772 1297 1786 1346 ;
1823 1279 2016 1334 transit
2045 1277 2113 1334 ab

549 1375 852 1429 imitatione
913 1374 978 1428 ad
1036 1371 1406 1443 principalem.
1459 1371 1750 1439 Jurgentur
1816 1371 1996 1426 omnia
2055 1380 2114 1427 ut

549 1485 910 1534 coronemur;
949 1469 999 1520 in
1033 1467 1280 1520 omnibus
1315 1465 1384 1518 sit
1420 1465 1655 1534 jurgium
1701 1467 1766 1517 ad
1815 1464 2114 1534 pulchritu-

549 1563 750 1628 dinem,
785 1563 848 1614 ad
880 1561 1272 1631 possessiones,
1302 1559 1367 1611 ad
1395 1559 1634 1624 divitias,
1689 1558 1754 1610 ad
1811 1567 2070 1627 cognatos
2094 1597 2112 1624 ,

550 1654 616 1707 ad
651 1663 882 1722 patrem,
914 1654 978 1706 ad
1015 1653 1350 1714 matrem,ad
1379 1654 1570 1704 fratres
1593 1691 1606 1713 ,
1643 1651 1708 1702 ad
1755 1665 1943 1704 servos
1981 1667 1996 1716 ;
2060 1657 2116 1705 et

553 1747 712 1800 vicini
743 1747 1145 1814 impugnatores
1181 1745 1486 1798 exsistant:
1524 1743 1719 1797 sufficit
1743 1743 1887 1797 enim
1935 1744 2118 1800 chari-

553 1849 636 1893 tas
683 1839 842 1892 unius
889 1847 946 1890 ut
995 1837 1424 1905 saperetomnia.
1459 1835 1568 1903 Ego
1595 1845 1772 1890 autem
1809 1845 1864 1889 et
1895 1835 2108 1889 misera-

552 1928 686 1983 biles
708 1935 854 1996 puto,
885 1927 974 1994 qui
1007 1941 1110 1979 non
1141 1935 1266 1978 sunt
1319 1927 1527 1996 experti
1580 1926 1880 1980 istiusmodi
1933 1927 2119 1980 turbe-

555 2021 632 2075 las
664 2031 880 2090 propter
915 2019 1198 2074 Dominum
1227 2019 1431 2072 Jesum.
1461 2017 1570 2073 Illis
1613 2025 1793 2072 autem
1829 2027 2118 2085 congratu-

553 2111 636 2166 ior
668 2113 756 2180 qui
789 2112 984 2166 habent
1009 2111 1062 2164 in
1108 2121 1286 2164 mente
1337 2121 1390 2162 et
1422 2109 1758 2163 conscientia
1783 2124 1879 2161 sua
1909 2108 2114 2164 dicere.

555 2203 696 2258 Ecce
729 2203 1009 2256 Dominum
1049 2204 1124 2256 tui
1161 2213 1381 2270 propter
1421 2200 1532 2272 (85)
1567 2201 1818 2256 inimicus
1855 2211 1937 2256 est
1989 2201 2120 2260 mihi

557 2302 709 2362 pater
735 2307 906 2360 meus,
933 2294 1290 2364 expugnatrix
1309 2303 1500 2357 mater,
1533 2292 1702 2348 frater
1733 2293 1958 2357 insistit,
1977 2293 2121 2348 servi

556 2387 923 2448 contristant,
991 2385 1201 2440 ancilla:
1233 2385 1546 2454 jurgantur,
1601 2394 1657 2438 et
1715 2385 1893 2439 nullus
1929 2385 2121 2439 borum

562 2481 694 2535 mihi
731 2487 789 2534 ut
816 2479 1064 2533 inimicus
1096 2487 1178 2532 est
1210 2485 1428 2546 propter
1455 2487 1600 2530 tuam
1627 2476 1997 2530 dilectionem.
2036 2473 2125 2529 Si-

561 2573 778 2644 quidem
810 2581 864 2628 et
891 2573 944 2626 in
979 2571 1134 2626 bellis
1169 2571 1368 2625 milites
1395 2579 1628 2638 quantas
1659 2569 1842 2638 plagas
1871 2569 1940 2623 ob
1969 2583 2120 2622 amo-

561 2679 676 2719 rem
709 2663 850 2731 regis
883 2663 1189 2732 accipiunt?
1215 2676 1598 2730 nonnunquam
1633 2662 1776 2714 enim
1803 2672 1858 2715 et
1889 2659 2124 2731 gauden-

559 2765 640 2812 tes
669 2755 957 2812 ostendunt
995 2765 1052 2810 et
1102 2755 1420 2825 sanguinum
1461 2753 1672 2816 fluxus,
1730 2763 1786 2809 et
1847 2753 2124 2823 plagarum

559 2849 862 2913 cicatrices,
892 2863 991 2918 per
1014 2863 1133 2916 quae
1155 2847 1520 2914 experimenta
1551 2845 1758 2914 fulgent
1791 2859 2004 2898 amores
2029 2845 2121 2912 qui

561 2941 626 2996 ad
663 2955 840 3009 regem
865 2949 988 2992 sunt
1012 2937 1204 2990 habiti.
1229 2937 1295 2990 Et
1322 2947 1470 2990 certe
1493 2945 1702 3004 qumrat
1733 2937 2123 3004 unusquisque,

559 3041 615 3087 et
645 3033 824 3102 pigeat
861 3044 1324 3099 unumquemque,
1362 3038 1422 3082 ut
1453 3029 1592 3082 alius
1625 3038 1882 3098 acceptus
1905 3029 1998 3084 sit.
2033 3026 2126 3082 llle

2208 533 2374 588 vitam
2399 533 2550 586 vivat
2575 549 2592 586 :
2619 530 2817 586 mortui
2845 529 2988 583 enim
3017 543 3226 582 sumus.
3259 526 3396 582 Nam
3425 537 3480 582 et
3509 529 3600 598 qui
3631 543 3770 582 tuor-

2209 626 2315 680 tuis
2339 625 2564 693 sepultis
2585 636 2799 677 mensas
2827 629 3104 691 apponunt
3135 630 3189 674 et
3220 635 3399 682 escas,
3429 620 3680 676 delirant.
3711 619 3768 676 Si

2207 715 2372 786 igitur
2397 728 2616 768 mensas
2644 726 2915 783 apponere
2941 711 3170 766 mortuis
3217 711 3634 766 delirameutum
3665 723 3768 779 est,

2208 813 2264 860 et
2285 804 2600 859 comminari
2621 803 2846 858 mortuis
2869 802 3050 858 irrisio
3071 813 3156 858 est
3181 821 3196 860 :
3225 813 3281 858 et
3307 812 3457 858 certe
3487 803 3774 860 adveniant

2209 903 2259 948 et
2293 894 2472 957 mium,
2503 903 2772 948 acuantur
2805 893 2990 962 gladii,
3013 903 3068 948 et
3103 896 3400 960 exercitus,
3427 903 3484 947 et
3533 893 3694 964 leges,
3719 904 3778 949 et

2211 985 2520 1038 civitatibus
2553 993 2814 1054 appareat
2848 983 2975 1038 Jesu
3005 983 3209 1038 Christi
3260 985 3472 1040 Domini
3505 985 3692 1049 virtus,
3719 996 3778 1040 et

2211 1093 2366 1132 amor
2416 1086 2472 1131 et
2521 1079 2758 1132 flamma.
2806 1077 3004 1132 Audite
3060 1077 3224 1147 igitur
3274 1077 3368 1146 qui
3405 1077 3618 1132 Domini
3646 1075 3778 1133 Jesu

2211 1169 2500 1240 participes
2529 1169 2908 1238 mysteriOrt-tm
2935 1179 3066 1223 estts
3099 1170 3314 1223 :audite
3335 1169 3628 1236 Christum,
3657 1171 3778 1225 cul-

2213 1271 2360 1316 tores
2383 1260 2518 1328 ejus.
2545 1263 2683 1326 Quid
2709 1262 2840 1316 dicit
2879 1261 3056 1315 lumen
3105 1263 3330 1315 verum?
3354 1261 3484 1330 quid
3540 1261 3782 1332 loquitur

2216 1353 2341 1408 via?
2370 1355 2500 1424 quid
2527 1354 2902 1423 clamatjauua
2927 1354 2951 1407 ?
2979 1355 3106 1422 quid
3131 1353 3460 1408 vociferatur
3497 1354 3646 1407 vita?
3675 1355 3782 1419 Qui

2214 1447 2408 1516 diligit,
2441 1447 2635 1516 inquit,
2663 1457 2860 1511 patrem
2889 1455 2980 1498 aut
3010 1456 3228 1499 matrem
3255 1461 3413 1514 super
3441 1462 3540 1509 me,
3579 1461 3680 1498 non
3701 1454 3782 1500 est

2215 1553 2296 1591 me
2322 1539 2508 1608 dignus
2533 1537 2597 1590 “.
2629 1538 2694 1591 Et
2729 1553 2834 1592 non
2861 1535 3054 1592 sufﬁcit
3075 1537 3201 1590 hoc.
3227 1537 3422 1590 lterum
3453 1537 3594 1590 enim
3617 1536 3782 1590 dicit:

2219 1629 2287 1684 Et
2311 1633 2403 1700 qui
2426 1647 2528 1684 non
2569 1631 2755 1698 accipit
2789 1646 2998 1684 crucem
3019 1645 3192 1694 suam,
3231 1639 3278 1682 et
3299 1629 3530 1696 sequitur
3550 1643 3648 1694 me,
3675 1645 3786 1682 non

2217 1733 2290 1776 est
2325 1739 2406 1775 me
2439 1724 2628 1792 dignus
2661 1721 2728 1774 ‘3.
2761 1723 2863 1776 Ista
2891 1732 2977 1776 est
3009 1725 3215 1775 vocatio
3259 1735 3447 1774 eorum
3505 1721 3598 1790 qui
3643 1720 3789 1774 mili-

2151 1795 2193 1850 Β
2225 1823 2340 1868 tare
2379 1816 2692 1868 desiderant
2729 1813 2972 1869 Christo.
3009 1813 3064 1866 Si
3097 1814 3218 1882 quis
3259 1814 3424 1882 igitur
3451 1821 3671 1882 paratus
3701 1823 3792 1866 est

2221 1903 2485 1971 crttcitlgi,
2515 1903 2732 1958 veniat:
2772 1904 2816 1958 si
2841 1904 2962 1972 quis
2989 1903 3170 1957 alacer
3208 1913 3294 1956 est
3339 1903 3406 1956 ad
3435 1911 3686 1966 mortem,
3741 1903 3790 1957 si

2221 1995 2341 2062 quis
2371 2005 2546 2064 potest
2569 1995 2636 2048 ad
2665 1995 2922 2065 gladium,
2951 1995 2996 2048 si
3031 1995 3153 2064 quis
3183 1995 3250 2048 ad
3283 1993 3572 2058 flatnmam,
3599 1993 3644 2047 si
3663 1993 3794 2062 quis

2223 2088 2290 2142 ad
2319 2089 2516 2156 ignem,
2545 2089 2590 2142 si
2623 2089 2744 2157 quis
2787 2089 2853 2142 ad
2885 2089 3178 2151 exercitus,
3204 2087 3252 2140 si
3277 2087 3404 2154 quis
3429 2086 3496 2138 ad
3534 2084 3792 2153 concupio

2223 2181 2482 2246 scentias,
2515 2181 2560 2234 si
2595 2181 2716 2250 quis
2743 2181 2808 2232 ad
2861 2179 3136 2244 libidines,
3185 2180 3228 2233 si
3259 2181 3382 2249 quis
3425 2177 3492 2232 ad
3537 2179 3698 2243 iram,
3745 2176 3795 2232 si

2223 2272 2347 2340 quis
2370 2273 2435 2324 ad
2461 2272 2908 2342 indignationem,
2939 2271 2984 2326 si
3019 2273 3142 2341 quis
3165 2271 3230 2324 ad
3261 2285 3392 2340 Opes
3437 2280 3494 2324 et
3531 2270 3754 2324 divitias
3775 2307 3794 2334 ,

2227 2371 2282 2415 et
2313 2363 2701 2430 possessiones,
2741 2373 2796 2418 et
2827 2363 3076 2424 nidificia,
3121 2372 3174 2416 et
3198 2373 3554 2426 mercaturas,
3615 2369 3670 2414 et
3721 2359 3794 2414 ad

2235 2453 2569 2521 principatus
2599 2463 2650 2507 et
2679 2463 2997 2522 potestates,
3037 2454 3103 2506 ad
3134 2453 3376 2507 visibiles
3409 2463 3464 2506 et
3495 2450 3798 2506 invisibiles

2223 2545 2496 2606 inimicos,
2525 2545 2592 2598 ad
2621 2547 2844 2614 Spiritus
2885 2560 3146 2613 nequam,
3173 2545 3240 2598 ad
3279 2557 3522 2608 carnem,
3555 2546 3620 2597 ad
3643 2545 3794 2611 cogi-

2227 2641 2398 2688 tatum
2434 2635 2650 2698 animat,
2681 2636 2748 2688 ad
2777 2643 3074 2688 nocturnas
3107 2633 3458 2697 ambitiones,
3497 2634 3566 2686 ad
3611 2645 3795 2688 motu:

2227 2726 2576 2792 meridianos,
2610 2726 2678 2780 ad
2725 2725 3030 2794 juventutis
3059 2725 3350 2792 fervorem,
3389 2725 3456 2778 ad
3487 2724 3750 2792 impetum
3773 2765 3794 2790 ,

2231 2818 2298 2872 ad
2323 2816 2518 2871 famem
2557 2825 2608 2872 et
2637 2819 2811 2882 sitim,
2844 2817 2910 2872 ad
2945 2819 3218 2882 homines,
3251 2817 3317 2871 ad
3341 2817 3636 2886 languores
3661 2849 3680 2882 ,-
3726 2814 3796 2869 ad

2227 2911 2614 2973 sanitates,.ad
2639 2909 2873 2964 divitias.
2909 2909 3011 2964 Per
3039 2909 3152 2964 haec
3171 2908 3314 2964 enim
3344 2909 3528 2962 omnia
3557 2909 3793 2962 vincitur

2231 3000 2558 3056 desiderium
2589 3019 2604 3056 :
2648 3003 2820 3072 magis
2845 3010 3023 3056 autem
3053 3001 3384 3056 desiderium
3417 3017 3593 3071 neque
3625 3001 3792 3056 vinci-

559 3123 778 3193 quidem
803 3123 876 3176 ita
925 3123 1225 3190 proposuit,
1277 3120 1416 3174 alios
1445 3119 1602 3174 aliter
1655 3119 1838 3174 alacer
1887 3118 2008 3173 fuit.
2055 3117 2126 3173 Ut
2153 3139 2194 3196 ο
2231 3127 2338 3184 tur,
2371 3129 2543 3184 neque
2583 3113 2908 3178 deﬂectitur,
2951 3114 3044 3168 sed
3075 3127 3172 3184 per
3209 3114 3314 3168 ista
3367 3113 3550 3167 omnia
3583 3113 3789 3178 vincit,

561 3214 900 3269 dinumerem
933 3210 1166 3280 singula,
1201 3209 1328 3278 quid
1377 3211 1523 3263 enim
1575 3217 1630 3263 et
1663 3209 1837 3263 habeo
1872 3210 2124 3263 dinume-

561 3321 686 3360 rare
713 3315 935 3374 propter
968 3305 1136 3358 eum?
1167 3303 1300 3370 Quis
1353 3303 1496 3356 enim
1547 3317 1631 3356 me
1665 3317 1888 3356 exosum
1940 3299 2128 3354 habuit

561 3409 784 3470 propter
807 3396 1119 3452 Christum?
1146 3395 1276 3460 Quis
1309 3411 1394 3448 me
1423 3393 1710 3460 castigavit
1737 3401 1956 3462 propter
1981 3390 2129 3444 eum?

561 3494 694 3559 Quis
728 3507 815 3546 me
845 3502 1000 3560 pater
1055 3487 1356 3543 abdicavit?
1381 3487 1511 3553 Qure
1543 3495 1716 3540 mater
1767 3485 1993 3538 adversa
2041 3494 2128 3534 me

561 3585 693 3642 est?
729 3585 860 3652 Quis
903 3582 1073 3637 frater
1106 3581 1394 3634 adversum
1429 3591 1513 3631 me
1552 3573 1906 3628 exsurrexit?
1951 3572 1994 3628 Ο
2022 3571 2124 3625 mi-

558 3677 866 3735 erabilitas
895 3689 1080 3728 eorum
1114 3672 1206 3740 qui
1237 3687 1341 3725 non
1371 3669 1570 3722 habent
1599 3667 1733 3720 ista!
1767 3666 1917 3719 Alius
1947 3672 2127 3718 autem

561 3771 712 3824 dives
741 3775 794 3824 et
822 3766 1027 3838 spissus
1061 3761 1354 3831 inopibus,
1391 3760 1546 3814 laetus
1581 3767 1664 3813 est
1694 3766 1894 3819 mente,
1935 3755 2060 3824 quia
2095 3769 2126 3807 a

561 3861 874 3917 civitatibu$
899 3867 953 3910 et
985 3855 1292 3910 nationibus
1329 3853 1672 3912 decantatur,
1705 3849 1829 3917 quia
1857 3847 2126 3900 theatrum

561 3961 646 4007 est
676 3951 852 4004 factus
869 3957 924 4001 et
953 3947 1161 4015 angelis
1184 3955 1238 3998 et
1275 3943 1601 3997 hominibus.
1629 3940 1850 4006 Dignus-
1867 3938 2012 3991 enim
2045 3947 2128 3991 est

561 4045 651 4114 qui
677 4043 1032 4104 desideratur,
1067 4049 1122 4093 et
1154 4037 1278 4106 quia
1336 4036 1644 4102 inerepatur
1671 4040 1725 4086 et
1761 4031 1962 4096 oditur,
2002 4029 2126 4097 quia

559 4135 766 4192 inimici
793 4133 1025 4189 hominis
1051 4128 1332 4184 domestici
1382 4125 1518 4193 ejus,
1541 4133 1596 4178 et
1619 4123 1744 4192 quia
1779 4121 2020 4176 abscisus
2045 4129 2130 4176 est

560 4229 628 4283 ab
658 4243 722 4283 eo
745 4235 920 4297 pater,
951 4234 1007 4279 et
1039 4240 1143 4278 non
1167 4222 1444 4276 consentit
1478 4228 1670 4282 mater,
1699 4217 1826 4286 quia
1879 4216 2128 4270 noctibus

557 4329 918 4391 expugnatur,
953 4326 1006 4372 et
1031 4331 1125 4386 per
1148 4315 1262 4369 dies
1309 4321 1626 4372 coronatur.
1660 4312 1790 4368 mihi
1813 4321 1867 4366 et
1893 4311 2025 4366 meis
2046 4309 2128 4363 vi-

547 4413 801 4474 sceribus
856 4420 910 4464 et
962 4409 1102 4462 ossis
1133 4406 1268 4461 bella
1320 4419 1438 4473 qum
1475 4419 1572 4472 pro
1603 4403 1822 4459 Christo
1862 4410 2006 4458 sunt.
2061 4401 2128 4455 Et

2227 3215 2283 3260 et
2308 3207 2500 3258 iterum
2527 3203 2814 3256 abundans
2843 3204 2894 3256 in
2921 3203 3303 3272 praedicatione
3343 3213 3448 3257 est.
3496 3201 3616 3257 Non
3645 3203 3785 3256 enim

2231 3305 2371 3350 tacet
2399 3295 2657 3358 Verbum,
2693 3293 2926 3348 Verbum
2949 3295 3124 3359 Dens;
3155 3309 3259 3349 non
3297 3305 3474 3348 tamen
3527 3309 3633 3348 vox
3665 3294 3793 3350 Ver-

2229 3389 2378 3454 bum,
2407 3388 2534 3456 quia
2573 3403 2672 3442 nec
2701 3385 2939 3442 Joannes
2967 3389 3058 3457 qui
3097 3397 3320 3441 vocatus
3369 3397 3454 3442 est
3511 3403 3636 3454 vox,
3695 3403 3792 3442 vox

2227 3490 2370 3544 erat,
2407 3481 2499 3534 sed
2533 3479 2789 3534 Joannes.
2831 3479 2970 3547 Quid
3000 3493 3178 3533 autem
3213 3482 3342 3534 dicit
3370 3483 3460 3550 qui
3499 3483 3641 3534 venit
3687 3481 3793 3533 sai-

2227 3588 2356 3628 vare
2377 3574 2399 3628 ?
2431 3575 2533 3638 Qui
2555 3574 2744 3627 invenit
2769 3573 2998 3626 animum
3021 3589 3190 3636 suam,
3209 3574 3390 3641 perdet
3419 3589 3530 3627 eam
3551 3571 3608 3628 ιδ.
3625 3571 3789 3628 Forte

2229 3667 2514 3722 obscurum
2549 3667 2643 3720 tibi
2675 3666 2890 3721 videtur
2924 3665 3074 3735 quod
3103 3666 3304 3719 dictum
3331 3677 3414 3720 est
3445 3683 3460 3719 :
3493 3667 3616 3736 quia
3645 3665 3794 3719 enim

2231 3775 2335 3813 non
2369 3760 2535 3813 habes
2561 3769 2981 3824 sacramentum,
3015 3773 3186 3828 neque
3209 3773 3396 3812 omnes
3429 3759 3610 3813 omnia
3643 3758 3796 3812 intel-

2233 3851 2476 3922 ligimus,
2513 3867 2690 3921 neque
2717 3867 2906 3906 omnes
2937 3852 3004 3906 ab
3037 3851 3286 3906 omnibus
3319 3865 3624 3916 movemur,
3677 3852 3796 3906 ideo

2227 3954 2383 4012 putas
2397 3947 2622 3998 obscura
2643 3943 2768 4008 :Qui
2781 3944 2969 3998 inuenit
2987 3945 3216 3997 animam
3233 3961 3400 4010 suam,
3420 3945 3597 4014 perdet
3615 3945 3792 4009 eam",

2229 4036 2332 4090 hoc
2358 4045 2462 4098 est,
2499 4037 2726 4107 quivult
2766 4037 3010 4091 invenire
3061 4039 3266 4106 perdet.
3319 4039 3644 4104 Quomodo?
3673 4037 3794 4103 Qua

2229 4127 2466 4184 inventio
2481 4139 2584 4196 est,
2609 4145 2664 4183 et
2685 4144 2802 4199 quia
2829 4129 3089 4184 amissio?
3119 4130 3192 4182 De
3213 4133 3326 4198 ipsa
3353 4130 3652 4199 eademque
3681 4129 3794 4182 ani-

2230 4237 2314 4275 ma
2351 4223 2441 4290 qui
2471 4224 2790 4294 martyrium
2823 4225 3046 4292 patitur,
3108 4223 3248 4276 tollit
3305 4222 3639 4286 lmininibus,
3693 4223 3800 4276 Deo

2227 4326 2408 4369 autem
2443 4315 2666 4367 invenit.
2701 4315 2806 4379 Qui
2846 4315 3130 4382 perdiderit
3157 4315 3386 4366 animant
3418 4329 3568 4366 suam
3591 4325 3804 4382 prapter

2231 4423 2335 4472 me,
2391 4408 2616 4461 inveniet
2663 4423 2780 4460 eam
2808 4408 2872 4461 ".
2934 4408 3386 4476 lnterpretatione
3447 4422 3552 4461 non
3597 4407 3804 4476 indiget

559 4503 703 4556 unde
737 4501 866 4555 mihi
903 4501 1003 4554 hoc
1029 4515 1190 4568 supra
1219 4497 1536 4566 dignitatem
1575 4505 1656 4550 cst
1713 4509 1909 4558 meam,
1955 4503 2014 4548 ut
2043 4493 2124 4548 vel
2159 4473 2204 4527 D
2235 4515 2453 4565 sermo;
2483 4500 2572 4568 qui
2597 4499 2868 4555 desiderat
2895 4499 3006 4567 jam
3039 4473 3263 4553 audivit,
3305 4498 3416 4567 Ego
3441 4507 3622 4552 autem
3649 4473 3806 4552 ροξη-

562 4594 815 4665 injuriam
847 4608 944 4663 pro
979 4591 1199 4646 Christo
1231 4588 1526 4644 sustineant
1553 4588 1576 4641 ?
1622 4587 1782 4641 Cruci
1817 4595 1998 4640 autem
2029 4586 2122 4657 figi

558 4697 616 4741 et
641 4687 858 4741 inverso
887 4685 1082 4752 capite,
1099 4681 1244 4737 Petri
1266 4681 1434 4749 magis
1461 4691 1544 4735 est
1569 4697 1730 4749 quam
1762 4679 1988 4734 aliorum
2031 4679 2128 4734 hoc

559 4779 790 4834 minum.
829 4777 1099 4831 Ebrietate
1126 4790 1261 4846 opus
1285 4783 1368 4829 est
1392 4784 1444 4828 et
1467 4775 1700 4835 fervore,
1732 4771 1993 4826 ebrietate
2021 4789 2126 4827 non

561 4887 593 4927 a
621 4872 764 4936 vino,
792 4871 884 4924 sed
919 4885 980 4925 ea
1009 4883 1126 4938 qua:
1153 4867 1220 4922 ob
1236 4881 1471 4920 amorem
1494 4875 1578 4919 est
1599 4864 1819 4920 Christi.
1845 4863 1946 4930 Qui
1979 4865 2124 4919 enim

561 4975 766 5026 amant,
791 4961 921 5017 nihil
942 4962 1124 5016 vident
1153 4960 1255 5014 nisi
1272 4975 1394 5014 eum
1427 4972 1587 5027 quem
1608 4958 1853 5026 diligunt.
1874 4955 2132 5011 Nesciunt

561 5056 690 5126 quia
719 5063 801 5109 est
828 5055 965 5109 alius
1001 5055 1053 5108 in
1085 5055 1278 5108 territo:
1315 5051 1403 5105 ub‘i
1433 5051 1576 5104 enim
1627 5049 1915 5103 thesaurus
1967 5047 2132 5102 fuerit

564 5146 782 5211 mentis,
819 5145 930 5199 illic
961 5155 1015 5199 et
1045 5145 1224 5197 anima
1257 5143 1522 5208 habetur;
1556 5140 1658 5194 alia
1707 5147 1884 5192 autem
1923 5147 2132 5193 mortua

563 5247 686 5291 sunt
701 5237 769 5291 ei.
791 5235 846 5290 Si
878 5237 1140 5306 inerepas,
1161 5251 1338 5290 nonne
1353 5234 1576 5304 eumqui
1602 5232 1780 5286 audit?
1800 5233 1856 5287 Si
1877 5233 2124 5302 castigas,

561 5343 741 5384 nonne
757 5343 876 5383 eum
905 5331 994 5399 qui
1023 5331 1217 5386 sentit?
1233 5328 1542 5398 QuiChristi
1561 5329 1703 5384 enim
1722 5339 1868 5392 sunt,
1885 5329 2126 5384 crucifixi

563 5419 848 5476 habentur.
885 5420 1024 5485 Quid
1053 5422 1167 5476 sine
1194 5437 1355 5477 causa
1389 5419 1639 5476 laboras?
1678 5429 1923 5474 mortuus
1950 5419 1992 5473 si
2021 5431 2129 5475 tor-

565 5523 793 5584 queatur
821 5529 926 5568 nou
959 5515 1144 5580 sentit,
1181 5513 1344 5566 etiam
1394 5512 1438 5566 si
1491 5513 1857 5581 increpaveris
1892 5527 1997 5564 non
2023 5527 2120 5562 au-

639 5607 679 5640 "
706 5607 860 5665 Rom.
893 5623 1012 5674 vut,
1038 5609 1126 5663 37.
1207 5607 1461 5661 “Matth.
1512 5623 1565 5674 κ,
1626 5609 1711 5664 57.
1792 5608 1836 5638 ¹³
1869 5607 1997 5661 ibid.
2027 5608 2114 5662 58.

2193 5609 2235 5640 ”
2267 5611 2393 5664 ibid.
2431 5611 2518 5664 5').

2233 4593 2412 4662 patior
2445 4601 2642 4647 ucstra;
2678 4602 2907 4656 naturai,
2943 4593 3035 4662 qui
3068 4593 3138 4645 ita
3177 4605 3363 4646 sumus
3394 4591 3574 4660 egeni,
3607 4601 3802 4645 utnon

2235 4685 2507 4753 possimus
2535 4685 2767 4740 invicem
2806 4693 2996 4740 nostro
3027 4685 3212 4739 debito
3238 4687 3370 4738 dare
3407 4685 3630 4753 aliquid.
3661 4685 3804 4751 Quid

2236 4785 2414 4830 autem
2473 4785 2529 4830 et
2577 4791 2860 4846 possumus
2905 4775 3201 4831 retribuere
3246 4765 3465 4830 Christo
3519 4775 3800 4829 Domino?

2235 4868 2482 4921 Animam
2507 4883 2670 4936 quam
2709 4867 2934 4932 creavit,
2971 4881 3165 4936 corpus
3191 4867 3334 4935 quod
3390 4867 3662 4937 ﬁguravit,
3695 4883 3804 4936 pu-

2239 4961 2474 5015 dicitiam
2513 4975 2608 5028 per
2637 4976 2800 5030 qualn
2847 4961 3165 5015 beneficium
3216 4959 3423 5026 tsibuit,
3480 4961 3808 5031 martyrium

2239 5067 2336 5122 per
2363 5055 2503 5122 quod
2527 5053 2851 5118 sanctificat,
2889 5053 3156 5120 justitiam
3205 5067 3299 5121 per
3348 5067 3512 5122 quam
3549 5053 3808 5108 honorat.

2236 5147 2364 5214 Quae
2391 5149 2634 5202 videmur
2655 5149 2704 5202 ei
2728 5149 2973 5212 reddere,
3003 5149 3172 5217 magis
3191 5149 3506 5216 accipimus.
3537 5149 3812 5203 Adveuiat

2237 5240 2396 5310 igitur
2419 5240 2632 5295 flanuna
2649 5245 2714 5294 ad
2741 5241 3022 5303 medullas,
3047 5247 3290 5310 penetret
3307 5241 3444 5310 ignis
3469 5243 3537 5294 ad
3565 5243 3811 5306 viscera,

2233 5341 2286 5383 et
2311 5331 2636 5384 accendatur
2653 5333 2830 5384 anima
2853 5331 2917 5384 ad
2939 5331 3276 5400 martyrium,
3294 5330 3358 5382 ad
3377 5329 3816 5397 confessionem,

2237 5422 2302 5475 ad
2329 5423 2665 5491 pudicitiam,
2700 5427 2766 5477 ad
2791 5423 3081 5490 justitiam,
3126 5421 3192 5474 ad
3225 5421 3680 5484 misericordiam,
3729 5423 3807 5478 ad

2233 5515 2434 5585 jejunia
2467 5533 2482 5582 ;
2526 5527 2583 5570 ut
2613 5527 2666 5570 et
2699 5517 2942 5570 diabolus
2967 5525 3267 5584 superetur,
3297 5522 3350 5567 et
3397 5512 3668 5569 danuones
3700 5516 3806 5568 de-

2617 5611 2659 5641 ”
2691 5611 2818 5665 ibid.

637 5701 750 5771 (85)
780 5701 915 5774 Ecce
947 5702 1226 5774 Dominum
1255 5703 1331 5756 tui
1364 5713 1591 5772 promer,
1627 5713 1730 5760 etc.
1769 5699 1989 5759 Videtur
2025 5703 2161 5758 verti
2197 5703 2446 5762 debuisse
2499 5703 2659 5772 Ecce,
2707 5704 2948 5772 Domine,
2979 5715 3185 5774 propter
3243 5713 3310 5770 te,
3345 5713 3474 5768 etc.,
3527 5701 3670 5770 quod
3715 5710 3808 5755 est

564 5773 748 5828 Grece
775 5773 800 5826 ἶ
819 5789 858 5828 ιε
867 5789 934 5825 κα
963 5773 1076 5827 σοῦ.
