4100 6456
336 287 464 343 H81

333 413 638 470 struantur,
679 414 734 461 et
774 406 938 462 homo
962 423 1062 479 pro
1094 410 1312 466 Christo
1343 410 1622 478 salvetur;
1660 423 1716 468 et
1764 429 1906 468 sem-

333 515 434 566 per
457 501 666 570 gratias
694 510 820 572 agat
853 501 964 557 Deo
994 503 1138 558 Patri
1175 520 1270 576 per
1297 505 1640 575 unigenitum
1686 506 1802 575 ejus
1822 506 1914 578 Fi-

333 587 487 657 lium,
517 604 612 661 per
639 605 799 661 quem
827 600 911 648 est
940 593 989 649 ei
1013 593 1205 664 gloria,
1230 595 1421 662 honor,
1455 597 1758 668 imperium,
1789 615 1907 654 ma-

1672 293 1740 349 lN
1775 294 2032 351 MATTH.
2078 298 2142 364 Χ,
2181 301 2273 354 27.

3448 311 3582 364 MSS

2031 419 2214 488 festas,
2243 435 2362 475 cum
2397 420 2597 492 Spiritu
2626 433 2833 489 sancto,
2863 433 2919 480 et
2954 441 3121 492 nunc,
3154 436 3209 484 et
3241 442 3477 499 semper,
3532 441 3583 485 et

2020 526 2117 582 per
2147 514 2326 567 omnia
2355 514 2552 569 saecula
2579 516 2920 573 saeculorum.
2943 519 3138 574 Amen.

333 731 3578 759 mm

1311 897 1865 1014 EUSEBII
1946 901 2623 1017 PAMPHILI

885 1139 1035 1227 DE
1108 1135 1688 1229 MANDATO
1767 1136 2270 1260 DOMINI,
2348 1139 2680 1245 QUOD
2755 1143 3034 1232 AIT:

1080 1324 1264 1398 Quod
1306 1325 1446 1386 dico
1492 1325 1667 1388 vobis
1710 1325 1776 1385 in
1812 1343 1999 1400 aure,
2043 1344 2238 1404 supra
2281 1338 2442 1390 tecta
2477 1332 2854 1409 praedicata,

1632 1488 1864 1550 LIBER
1907 1489 2318 1554 SEPTIMUS.

416 1813 589 1869 Verba
621 1813 734 1868 haec
763 1827 885 1884 quae
915 1812 1053 1868 lecta
1079 1822 1230 1877 sunt,
1269 1813 1482 1867 Domini
1510 1823 1778 1885 martyres
1799 1829 1925 1880 pro-
1959 1817 2000 1876 Β
2035 1817 2149 1886 ipse
2184 1820 2400 1887 quidem
2432 1831 2736 1889 opportune
2767 1832 2926 1888 tacet,
2951 1824 3226 1893 discipulis
3250 1836 3426 1881 autem
3450 1827 3594 1899 loqui

346 1910 620 1965 duxerunt
653 1909 720 1962 ad
759 1909 1066 1978 passionem
1098 1927 1113 1974 ;
1177 1923 1276 1979 per
1319 1910 1415 1964 hos
1464 1909 1606 1964 enim
1640 1923 1920 1965 sermones

346 2002 618 2058 ﬂammam
657 2002 710 2056 in
751 2017 942 2056 eorum
999 2001 1315 2072 praecordiis
1367 2003 1755 2056 accenderunt.
1819 2001 1921 2055 Per

355 2095 516 2149 istam
540 2095 838 2149 doctrinam
862 2095 1038 2148 erexit
1095 2109 1208 2158 eos,
1241 2104 1298 2148 ut
1344 2104 1753 2150 contemnerent
1788 2109 1925 2164 pne-

356 2186 550 2251 sentia,
583 2195 964 2255 empectarent
995 2195 1172 2240 autem
1193 2185 1393 2239 futura.
1416 2185 1520 2240 Per
1559 2187 1714 2241 istam
1746 2187 1926 2242 erudi-

351 2279 551 2333 tionem
577 2280 808 2347 armavit
837 2294 931 2334 eos
957 2279 1023 2332 ad
1051 2287 1302 2334 mortem.
1329 2278 1510 2334 Utitur
1534 2289 1716 2334 autem
1743 2291 1797 2334 et
1820 2280 1925 2334 hoc

357 2371 549 2425 ordine
577 2369 1089 2425 servansollicium:
1124 2369 1378 2438 przeeedit
1403 2379 1580 2422 autem
1619 2370 1922 2437 passionem

351 2474 653 2535 martyrum
692 2463 993 2518 constantia
1021 2478 1035 2516 :
1066 2463 1156 2531 qui
1196 2461 1339 2516 enim
1368 2476 1473 2515 non
1517 2463 1795 2530 prmdieat,
1824 2476 1926 2517 nec

351 2557 666 2622 tenebitur;
703 2556 792 2626 qui
823 2573 928 2609 non
954 2572 1079 2610 cum
1116 2555 1306 2609 ﬁducia
1341 2554 1500 2610 fuerit
1547 2556 1778 2619 locutus,
1825 2569 1926 2609 nec
1958 2625 1965 2633 pl

352 2650 612 2712 tristabit,
639 2650 732 2704 sed
768 2648 1021 2716 praecedit
1047 2647 1362 2702 constantia
1407 2648 1736 2716 passionem.
1789 2645 1924 2700 Cum

348 2740 496 2795 enim
523 2740 702 2793 anima
734 2739 800 2792 de
825 2738 1060 2792 adventu
1120 2736 1214 2791 Dei
1270 2747 1355 2791 sat
1407 2737 1697 2801 habuerit,
1750 2735 1927 2790 aderit

349 2833 496 2888 enim
529 2831 672 2886 Deus
696 2831 747 2884 in
773 2831 976 2896 anima,
999 2845 1120 2899 quas
1170 2829 1297 2883 dtttn
1325 2829 1503 2896 capiet
1553 2829 1762 2892 omnia,
1819 2843 1924 2882 non

347 2932 531 2993 potest
561 2923 892 2977 desiderium
919 2930 1098 2978 tacere
1131 2937 1309 2988 suum,
1341 2921 1433 2976 sed
1464 2922 1626 2976 sentit
1650 2921 1796 2991 quod
1825 2921 1924 2973 ha-

347 3017 459 3080 bet,
490 3017 747 3086 quodque
803 3030 910 3068 non
944 3013 1127 3075 habet,
1176 3013 1266 3083 qui
1311 3027 1432 3067 sese
1471 3012 1868 3066 iraudaverunt
1896 3025 1925 3063 a

354 3111 517 3165 bono.
543 3108 635 3162 Ille
668 3117 850 3161 autem
876 3106 966 3175 qui
992 3114 1203 3159 amator
1235 3104 1324 3160 Dei
1349 3114 1432 3159 est
1479 3107 1824 3167 constitutus,
1874 3109 1928 3157 et

353 3198 751 3254 humanitatem
786 3204 988 3258 servat,
1021 3195 1200 3248 statim
1227 3205 1445 3264 propter
1489 3194 1656 3247 Deum
1707 3192 1925 3262 quidem

351 3290 591 3352 laetatur,
614 3297 840 3357 propter
865 3287 1248 3340 humanitatem
1277 3294 1456 3339 autem
1486 3299 1589 3338 non
1616 3293 1760 3337 tacet
1791 3300 1805 3337 :
1833 3283 1929 3338 ho-

351 3384 526 3438 mines
561 3391 743 3436 autem
764 3379 1080 3434 beneﬁcium
1107 3394 1212 3433 non
1239 3378 1495 3442 ferentes,
1523 3378 1771 3447 ignorant
1802 3378 1928 3446 quis

352 3477 623 3530 inhabitat
672 3475 726 3526 in
774 3473 1049 3540 loquente,
1113 3485 1218 3525 non
1253 3470 1438 3524 ferunt
1485 3485 1616 3524 sane
1661 3485 1764 3523 nec
1790 3485 1924 3525 con-

349 3568 630 3623 stantiam.
660 3566 769 3620 Sed
794 3565 933 3618 sicut
961 3561 1130 3616 Judazi
1160 3562 1433 3632 Stephano
1459 3563 1633 3630 primo
1661 3563 1803 3616 inter
1827 3561 1926 3616 ho-

353 3662 530 3714 mines
554 3669 796 3727 martyre
824 3655 1022 3709 Christi
1056 3655 1308 3723 loquente
1333 3655 1723 3708 obslruxertmt
1760 3668 1922 3708 aures

355 3766 508 3815 suas,
533 3765 600 3803 ne
632 3749 1006 3816 ingrederetur
1037 3746 1214 3810 Deus;
1269 3746 1341 3799 ita
1370 3756 1425 3800 et
1459 3745 1705 3800 nonnulli
1747 3745 1924 3800 homi-

356 3859 488 3898 num
516 3861 529 3896 :
559 3843 687 3912 quia
712 3841 857 3896 enim
883 3841 1188 3894 constantia
1251 3839 1526 3894 antecedit
1575 3839 1880 3909 passionem
1912 3879 1927 3906 ,

356 3936 501 3991 unde
531 3936 758 3990 deberet
785 3933 946 3988 istinc
971 3941 1028 3986 et
1067 3933 1256 4002 incipit
1309 3934 1586 3997 Dominus,
1611 3932 1703 3998 qui
1735 3933 1935 4002 produ-

355 4031 433 4084 cit
464 4039 736 4099 martyres
760 4028 825 4079 ad
858 4028 1181 4095 passionem.
1231 4025 1370 4080 Dicit
1399 4026 1542 4078 enim
1570 4043 1583 4078 :
1611 4024 1764 4091 Quod
1813 4026 1930 4078 dico

359 4123 503 4177 vobis
525 4123 577 4174 in
609 4120 860 4180 tenebris,
895 4121 950 4172 in
987 4119 1184 4172 lumine
1212 4118 1372 4170 dicite
1395 4157 1410 4180 ,
1447 4127 1492 4168 et
1539 4118 1677 4186 quod
1721 4119 1774 4169 in
1806 4132 1934 4170 aure

359 4215 612 4276 audistis,
639 4215 695 4266 in
731 4215 877 4266 tectis
904 4214 1186 4281 prtcdieute
1221 4213 1282 4267 ’⁸.
1337 4214 1610 4266 Assumite
1639 4254 1654 4278 ,
1715 4212 1889 4281 inquit
1915 4251 1931 4278 ,

357 4307 746 4370 constantiam,
770 4314 964 4358 exeant
985 4304 1148 4358 verba
1174 4316 1354 4357 vestra
1383 4319 1551 4371 usque
1581 4304 1646 4357 ad
1671 4305 1932 4359 terminos

357 4408 558 4453 terra:
596 4412 664 4452 ne
702 4397 924 4451 taceatis
956 4397 1006 4450 id
1038 4398 1103 4451 de
1133 4411 1238 4465 quo
1270 4396 1366 4465 ipsi
1390 4395 1527 4450 certi
1553 4397 1684 4452 estis
1713 4395 1926 4451 eﬁ'ecti:

2025 1923 2088 1963 ea
2119 1910 2444 1965 etclamare
2471 1912 2763 1981 praecepit;
2796 1929 2902 1967 non
2958 1915 3153 1970 timens
3205 1917 3438 1986 quippe;
3497 1921 3596 1976 hoc

2025 1999 2174 2054 enim
2213 2001 2576 2072 ignorantium
2612 2005 2890 2058 hominum
2927 2014 3007 2059 est
3036 2007 3354 2076 dignitatem
3383 2011 3592 2066 Domini

2023 2091 2147 2148 Jesu
2172 2132 2189 2158 ,
2231 2093 2326 2148 sed
2353 2096 2691 2164 dispensans,
2714 2106 2772 2150 ut
2799 2097 2913 2164 ipse
2943 2099 3155 2166 quidem
3188 2109 3364 2155 taceat
3393 2103 3444 2156 in
3465 2113 3598 2158 tem-

2026 2201 2180 2256 pore,
2218 2186 2472 2256 loquatur
2503 2198 2683 2242 autem
2713 2189 2764 2242 in
2792 2198 3054 2258 tempore.
3093 2189 3280 2259 Neque
3304 2193 3449 2247 enim
3503 2209 3598 2263 per

2025 2276 2204 2331 omnia
2233 2281 2399 2330 tacuit
2432 2277 2692 2332 Dominus
2718 2295 2732 2342 ;
2769 2295 2834 2333 ne
2859 2269 3178 2348 putarentur
3205 2282 3376 2336 aliena
3409 2283 3589 2354 aliqua

2036 2383 2068 2422 a
2092 2383 2152 2422 se
2183 2367 2392 2423 discere
2424 2369 2670 2439 discipuli
2700 2386 2715 2434 ;
2750 2385 2923 2439 neque
2970 2387 3188 2442 semper
3230 2374 3440 2431 loculus
3486 2387 3592 2445 est,

2024 2473 2094 2513 ne
2120 2468 2400 2528 putaretur
2431 2461 2571 2530 quod
2616 2461 2684 2516 de
2737 2477 2795 2516 se
2842 2463 2956 2532 ipse
2983 2473 3228 2518 testatur.
3281 2465 3418 2533 Quid
3451 2469 3597 2526 enim

2030 2558 2153 2606 erat
2183 2566 2403 2607 necesse
2431 2563 2483 2607 et
2511 2551 2720 2606 Joanne
2750 2570 3086 2623 prtecursore
3111 2557 3134 2610 ‘t
3177 2557 3290 2628 Ego
3317 2599 3332 2626 ,
3382 2559 3554 2629 inquit
3579 2601 3596 2625 ,

2027 2659 2128 2696 non
2159 2644 2223 2696 ab
2256 2643 2463 2698 homine
2501 2646 2703 2712 accipio
2755 2648 3115 2701 testimonium
3145 2666 3340 2714 meum,
3371 2655 3459 2704 sed
3497 2653 3599 2707 Ita-

2027 2737 2116 2790 beo
2139 2737 2492 2791 testimonium
2515 2739 2687 2807 majus
2713 2757 2743 2792 a
2761 2739 2970 2794 Joanne
3000 2742 3062 2796 ιδ.
3083 2740 3198 2796 Non
3229 2746 3369 2797 enim
3394 2757 3596 2813 quaero,

2026 2830 2220 2898 inquit,
2251 2829 2703 2897 quemadmodum
2737 2847 2836 2900 ego
2866 2833 3125 2897 suadear,
3175 2835 3270 2888 sed
3327 2836 3598 2903 quomodo

2025 2937 2122 2975 vos
2153 2937 2258 2976 non
2289 2923 2412 2977 sitis
2440 2922 2715 2993 religiosi;
2754 2925 3021 2992 siquidem
3077 2941 3180 2978 non
3243 2926 3462 2981 lueerna
3509 2929 3599 2982 de-

2028 3012 2119 3067 bet
2149 3011 2334 3066 testari
2370 3013 2434 3067 de
2472 3013 2605 3079 sole,
2636 3013 2728 3067 sed
2759 3013 2835 3067 sol
2862 3013 3079 3069 ﬁrmare
3108 3016 3404 3071 lucernam.
3438 3018 3504 3072 Et
3533 3033 3601 3073 ne

2036 3104 2158 3173 quis
2186 3105 2429 3169 miretur,
2463 3115 2622 3174 putas
2679 3105 3020 3162 obscuriores
3050 3108 3187 3163 etiici
3243 3110 3488 3166 lucernas
3535 3129 3601 3166 ex

2031 3195 2260 3248 adventu
2286 3195 2461 3250 solis?
2489 3194 2607 3250 Non
2638 3196 2782 3250 enim
2814 3200 2955 3266 quod
2979 3207 3232 3268 putamus
3262 3201 3362 3254 hoc
3389 3213 3442 3256 et
3477 3218 3603 3269 pro-

2030 3287 2197 3349 venit,
2231 3287 2326 3341 sed
2359 3287 2460 3342 hoc
2488 3287 2628 3355 quod
2661 3303 2767 3342 non
2805 3287 3079 3341 intuemur
3112 3301 3374 3358 superat:
3421 3291 3600 3346 lumen

2029 3377 2177 3431 enim
2216 3376 2448 3432 rninusa
2476 3377 2664 3444 majori
2716 3379 2938 3443 lumine,
2976 3396 3080 3432 non
3131 3382 3307 3436 minus
3355 3383 3602 3438 dulcibus

2033 3469 2333 3523 immissum
2365 3469 2560 3522 minuit
2597 3469 2940 3526 dulcedinem
2977 3488 3210 3526 eorum:
3259 3488 3434 3542 neque
3476 3491 3600 3528 eum

2030 3560 2198 3614 stella:
2237 3573 2340 3613 non
2370 3570 2579 3628 parent,
2608 3571 2861 3630 tanquam
2887 3563 3188 3617 obscurata:
3221 3580 3249 3618 a
3277 3564 3480 3618 lumine
3498 3581 3602 3620 non

2031 3652 2319 3718 videntur;
2366 3653 2462 3707 sed
2495 3654 2546 3706 in
2585 3652 2777 3722 pelago
2804 3654 3026 3709 luminis
3074 3657 3278 3725 positze,
3316 3657 3606 3724 discretio-

2031 3758 2153 3797 nem
2177 3758 2281 3797 non
2308 3745 2562 3812 przebeut.
2590 3745 2705 3799 Non
2742 3746 3019 3815 indigebat
3069 3747 3231 3818 igitur
3260 3749 3339 3803 sol
3377 3749 3603 3817 iustitia:

2032 3837 2248 3892 lucerna
2282 3841 2348 3892 ad
2390 3839 2790 3904 testimonium;
2845 3841 3140 3894 dicitenim
3179 3840 3456 3896 Joannes:
3495 3841 3606 3909 Ego

2033 3949 2064 3984 a
2091 3941 2140 3986 te
2167 3931 2334 3983 debeo
2365 3931 2664 4000 baptizari;
2690 3933 2782 3985 sed
2815 3933 3090 3998 indigebat
3134 3935 3352 4002 quidem
3386 3934 3475 3988 ille
3515 3936 3604 4004 qui

2033 4023 2253 4078 lucerna
2283 4034 2400 4077 erat
2424 4025 2621 4077 ardens
2651 4042 2665 4078 :
2718 4024 2938 4079 lucerna
2990 4027 3292 4080 immissum
3326 4028 3488 4080 habet
3526 4026 3608 4079 lu-

2035 4132 2188 4181 men;
2223 4132 2326 4170 non
2361 4125 2536 4170 tamen
2565 4119 2632 4172 ab
2661 4117 2813 4171 intus
2856 4118 3196 4172 efﬁcientiam
3225 4121 3363 4174 sicut
3407 4119 3488 4173 sol
3539 4121 3603 4173 ¹⁹.

2041 4209 2165 4272 Vos,
2206 4210 2399 4280 inquit,
2425 4211 2636 4266 modice
2665 4213 2910 4267 voluistis
2957 4213 3178 4283 gloriari
3205 4214 3256 4267 in
3292 4213 3496 4266 lumine
3523 4213 3608 4266 lu—

2035 4312 2232 4364 cernae,
2259 4299 2410 4353 vobis
2438 4299 2658 4354 lucerna
2685 4310 2769 4356 est
2793 4303 2944 4357 utilis
2978 4321 2992 4358 :
3032 4303 3106 4356 illi
3140 4313 3318 4356 autem
3351 4303 3424 4356 ita
3454 4312 3610 4357 erant

2035 4390 2186 4453 caci,
2217 4399 2362 4444 utne
2393 4391 2608 4460 quidem
2631 4393 2860 4447 lucerna:
2890 4395 3131 4446 viderent
3157 4395 3320 4459 viam,
3346 4409 3521 4463 neque
3551 4395 3605 4448 in

359 4487 530 4542 nolite
581 4489 915 4542 abscondere
971 4488 1268 4553 talentum;
1327 4488 1524 4542 mittite
1568 4490 1826 4557 pecunias
1878 4489 1932 4542 in
1965 4481 2242 4564 DlIImine
2296 4483 2634 4538 ambulare"!
2683 4486 2942 4540 T8018":
2997 4487 3149 4551 Quod
3213 4487 3329 4540 ἀίεο
3359 4487 3500 4540 νοῦἱε
3551 4489 3605 4541 θη

364 4581 570 4636 mensis
599 4597 613 4633 :
648 4581 861 4650 exigam
895 4581 1192 4634 enim-mea
1224 4581 1289 4632 ad
1315 4579 1547 4633 salutem
1590 4578 1804 4634 illorum
1840 4579 1932 4646 qui

363 4670 572 4726 fuerint
597 4669 828 4737 operati.
863 4667 968 4722 Sed
996 4667 1138 4722 dicet
1167 4667 1288 4736 quis
1319 4683 1334 4721 :
1364 4667 1408 4721 si
1435 4667 1630 4721 bonum
1655 4674 1741 4720 est
1768 4665 1820 4719 in
1857 4665 1936 4718 lu-

367 4763 517 4817 mine
541 4761 745 4826 dicere,
781 4775 879 4814 cur
908 4760 1021 4828 ipse
1053 4759 1104 4812 in
1140 4757 1380 4812 tenebris
1413 4765 1497 4810 est
1517 4757 1764 4810 locutus?
1815 4763 1869 4811 et
1889 4754 1934 4810 si

363 4863 567 4918 bonum
591 4870 674 4915 est
696 4875 858 4929 supra
891 4868 1030 4913 tecta
1075 4858 1390 4927 praedicare,
1432 4872 1530 4910 cur
1562 4856 1673 4925 ipse
1720 4855 1771 4908 in
1807 4870 1936 4910 aure

366 4958 581 5011 locutus
605 4954 731 5009 est?
754 4953 810 5006 Si
833 4953 976 5006 enim
1000 4954 1114 5019 ipse
1139 4951 1204 5004 de
1230 4951 1521 5019 semetipso
1541 4949 1722 5003 dicere
1742 4949 1929 5003 frau...

366 5051 414 5102 is
445 5047 632 5115 utique
662 5045 775 5115 (86)
803 5061 922 5114 quae
953 5045 1065 5112 jam
1091 5045 1275 5098 dixere
1298 5043 1493 5102 Judaei.
1530 5039 1606 5095 Tu
1652 5043 1715 5095 de
1750 5053 1933 5096 temet-

366 5148 479 5208 ipso
503 5140 823 5208 testiﬁcaris,
845 5147 894 5192 et
915 5138 1263 5192 testimonium
1283 5147 1430 5190 tuum
1457 5152 1558 5188 non
1580 5145 1653 5188 est
1675 5152 1849 5189 verum
1871 5136 1935 5188 ιτ.

367 5232 447 5288 Ne
471 5235 632 5303 igitur
662 5234 776 5301 ipse
817 5231 1094 5284 videretur
1123 5231 1378 5283 honorem
1412 5229 1511 5281 sibi
1547 5227 1833 5280 vendicare
1883 5235 1938 5280 et

368 5341 476 5378 non
510 5325 756 5380 veritatis
789 5336 950 5376 causa
987 5321 1171 5389 loqui.
1214 5332 1270 5376 et
1304 5335 1370 5375 ne
1422 5318 1780 5389 praevenirent
1826 5327 1938 5371 sta-

370 5425 538 5471 tutam
564 5433 595 5471 a
625 5416 785 5471 Patre
806 5415 1108 5485 passionem
1131 5411 1299 5467 Judaei
1329 5414 1419 5482 qui
1445 5412 1622 5467 omnia
1643 5411 1896 5465 suntausi
1919 5427 1934 5474 ;

2041 4575 2286 4637 tenebris,
2320 4576 2475 4628 dicite
2524 4579 2579 4628 in
2621 4577 2858 4640 lumine;
2892 4577 2994 4630 hoc
3035 4587 3140 4642 est,
3193 4577 3456 4633 absconsa
3488 4594 3610 4648 quae

2037 4667 2290 4720 dicuntur
2320 4667 2550 4720 clamate
2581 4683 2595 4720 :
2636 4666 2703 4719 Et
2733 4669 2944 4736 quodin
2975 4686 3102 4722 aure
3136 4671 3380 4732 audistis,
3417 4672 3611 4738 prtcdi-

2040 4772 2154 4814 cate
2184 4763 2238 4814 in
2261 4761 2451 4822 tectis;
2491 4762 2753 4814 assumite
2793 4763 3113 4815 constantiae
3147 4763 3417 4815 ﬁduciam.
3444 4764 3611 4816 Assu-

2057 4866 2266 4904 mamus
2295 4862 2349 4903 et
2382 4865 2478 4904 nos
2506 4853 2888 4904 constantiam.
2921 4851 3025 4905 Sed
3078 4853 3204 4919 quid
3251 4862 3332 4905 est
3357 4854 3498 4920 quod
3532 4853 3612 4906 in-

2042 4942 2329 5011 sequitur?
2389 4940 2666 4995 Timemus
2695 4941 2760 4995 ad
2798 4941 3174 5008 insequentem
3227 4941 3612 5009 suspicionem.

2043 5036 2150 5089 Sed
2187 5035 2263 5088 ait
2308 5034 2564 5086 Dominus
2593 5075 2608 5099 ,
2650 5033 2832 5086 Nolite
2877 5033 3060 5085 timere
3094 5032 3160 5084 “.
3197 5030 3311 5085 Non
3347 5032 3508 5101 igitur
3551 5031 3614 5084 ti-

2045 5141 2286 5180 tneamus
2311 5142 2433 5179 cum
2469 5125 2826 5179 interﬁcimur
2859 5143 2872 5178 :
2903 5126 3016 5194 ipse
3049 5126 3191 5179 enim
3243 5124 3502 5177 Dominus
3530 5124 3612 5177 tli-

2044 5219 2119 5273 cit
2158 5239 2168 5272 :
2209 5216 2395 5270 Nolite
2422 5218 2605 5270 timere
2633 5233 2718 5270 eos
2743 5217 2834 5285 qui
2861 5218 3098 5270 occidunt
3132 5233 3341 5285 corpus,
3382 5219 3614 5269 animam

2044 5324 2214 5366 autem
2236 5329 2336 5364 non
2358 5323 2572 5379 possunt
2597 5313 2829 5364 occidere
2846 5314 2912 5366 ²¹.
2936 5311 3123 5364 Divisit
3152 5313 3396 5366 timorem
3417 5329 3430 5374 ;
3451 5320 3505 5365 et
3531 5315 3614 5364 bo-

2048 5407 2279 5460 minilms
2308 5406 2524 5476 quidem
2555 5405 3042 5474 deditpotestatem
3078 5406 3359 5460 adversum
3397 5419 3614 5473 corpus,

443 5533 486 5564 ⁸⁸
516 5533 704 5586 Matth.
739 5550 794 5598 ι,
825 5532 913 5585 2'7.
975 5531 1017 5560 ¹⁷
1045 5528 1199 5584 Joau.
1236 5544 1352 5598 vni,
1377 5530 1464 5586 15.
1526 5530 1564 5561 ⁸⁸
1599 5527 1750 5584 Joan.
1780 5543 1832 5595 v,
1861 5526 1927 5581 54

2033 5526 2064 5579 i.
2113 5525 2153 5556 ‘9
2182 5524 2365 5579 Matth.
2409 5540 2492 5591 Ill,
2532 5522 2610 5578 l4.
2662 5522 2707 5553 ’θ
2742 5520 2893 5578 Joan.
2916 5520 3076 5588 ν,ὃᾶ
3150 5524 3192 5553 ¹¹
3223 5520 3409 5577 Matth.
3441 5536 3492 5585 x,
3523 5518 3613 5572 9.·1.

374 5604 420 5634 ’⁸
464 5604 596 5658 ibid.
631 5605 722 5658 98.

446 5723 558 5795 (86)
587 5723 684 5780 Ms.
717 5726 864 5792 Imus
887 5734 1014 5779 esset
1049 5726 1242 5791 utique.
