4100 6456
516 312 656 369 M83

1191 313 1458 370 EUSEBII
1498 313 1976 372 CASSARIENSIS
2017 313 2166 370 OPP.
2207 313 2388 370 PARS
2429 315 2517 371 IV.
2556 347 2622 357 —
2663 316 3085 372 DOGMATICA.

3621 322 3762 375 “84

521 432 718 488 habent
747 437 934 489 enim:
986 432 1098 497 Deo
1149 445 1328 489 autem
1380 435 1662 503 conjunsit
1691 437 1969 501 virtutem,
2019 437 2085 491 ti-
2115 439 2161 496 Δ
2192 451 2400 506 passer,
2435 452 2494 492 ut
2530 441 2671 507 quod
2715 440 2894 494 minus
2938 448 3056 504 est,
3105 455 3169 494 ex
3209 442 3381 511 pretio
3426 444 3759 499 Ostenderet.

520 541 671 580 more
717 525 963 580 timorem
984 526 1232 596 ejiciens,
1270 537 1326 582 et
1358 527 1548 595 majori
1583 537 1728 584 metu
1781 529 1926 599 quod
1970 537 2086 584 erat

519 620 697 675 minus
728 622 1076 690 repercussit.
1110 621 1167 674 Si
1198 623 1366 687 enim,
1401 621 1598 689 inquit,
1632 623 1820 677 timere
1849 629 2085 693 oportet,

519 726 621 766 non
659 711 970 777 hominem;
999 711 1174 778 major
1201 714 1344 766 enim
1373 723 1455 767 est
1480 713 1623 768 Deus
1657 731 1670 766 :
1718 714 1814 768 sed
1871 727 2087 782 poenam

519 801 708 855 mortis
730 801 1016 855 adversum
1047 819 1246 872 corpus
1300 805 1459 859 times
1491 823 1504 860 :
1546 804 1745 860 Timete
1771 807 1963 877 magis,
2004 807 2088 862 in-

519 895 655 964 quit,
695 911 814 948 eunt
841 896 934 962 qni
966 906 1132 964 potest
1159 907 1206 950 et
1237 898 1468 952 animam
1493 908 1540 952 et
1568 916 1756 966 corpus
1787 901 2000 968 perdere
2033 901 2090 954 in

518 987 807 1058 gehennam
844 987 926 1040 ²³ε
980 989 1290 1044 hominibus
1319 991 1463 1044 enim
1509 1003 1748 1061 potestas
1798 993 2086 1049 adversum

518 1094 738 1149 corpus,
772 1091 826 1132 et
854 1080 956 1134 hoc
981 1082 1166 1146 semel,
1196 1091 1278 1136 est
1311 1083 1430 1136 data
1459 1098 1474 1136 :
1509 1084 1614 1139 Deo
1637 1097 1815 1140 autem
1855 1097 2090 1154 potestas

517 1181 603 1225 est
629 1180 682 1223 et
709 1172 992 1226 adversum
1025 1188 1222 1242 corpus
1249 1175 1390 1242 quod
1419 1175 1687 1246 figuravit,
1720 1189 1774 1232 et
1801 1178 2088 1235 adversum

520 1263 757 1316 animam
794 1280 955 1333 quam
982 1266 1161 1320 creavi
1183 1275 1224 1329 t,
1261 1277 1316 1321 et
1359 1269 1585 1338 perdere
1614 1285 1719 1322 non
1747 1269 2085 1340 simpliciter,

521 1353 614 1408 sed
646 1355 698 1409 in
728 1356 992 1423 geltenna.
1052 1357 1222 1425 Major
1263 1361 1404 1413 enim
1443 1361 1602 1414 timor
1657 1371 1740 1414 est
1789 1366 2049 1430 gehennae
2073 1404 2089 1429 ,

521 1462 682 1516 quam
717 1451 925 1504 mortis.
961 1450 1069 1505 Cur
1099 1453 1312 1518 major?
1351 1454 1472 1522 quia
1505 1455 1698 1522 duplex
1733 1465 1814 1509 est
1838 1457 2090 1526 perditio,

521 1538 715 1592 animce
752 1549 808 1595 et
841 1541 1083 1608 corporis
1113 1561 1125 1596 :
1159 1543 1386 1612 simplex
1413 1553 1593 1598 autem
1651 1557 1705 1600 et
1751 1547 2046 1614 corporalis
2074 1588 2088 1612 ,

523 1647 644 1700 qttze
676 1633 727 1685 in
758 1644 930 1687 morte
957 1635 1204 1690 habetur.
1235 1636 1418 1698 Primo
1450 1638 1594 1691 enim
1625 1650 1682 1694 et
1731 1640 1777 1695 si
1821 1642 2093 1696 dividatur

524 1723 850 1791 periculum,
887 1735 941 1778 et
979 1727 1228 1781 homines
1255 1728 1472 1798 quidem
1513 1745 1739 1799 corpus,
1798 1733 1938 1788 Deus
1996 1750 2091 1786 au-

2189 527 2322 595 Quae
2361 529 2505 584 enim
2539 529 2774 598 pretiosa
2819 539 2988 596 sunt,
3019 530 3072 584 in
3113 530 3461 586 distractione
3507 548 3669 588 unum
3700 547 3761 591 et

2189 634 2358 674 unum
2397 620 2668 683 venditur,
2720 630 2775 676 et
2828 620 3094 690 ampliore
3144 622 3317 692 pretio
3362 638 3377 676 :
3424 637 3762 694 quaecunque

2189 719 2367 764 autem
2402 711 2589 766 frivola
2618 722 2711 766 aut
2741 712 2854 782 (87)
2892 713 3036 767 olera
3072 713 3336 769 habentur
3365 754 3380 780 ,
3406 716 3568 769 multa
3599 717 3761 771 simul

2198 801 2404 856 assario
2434 803 2836 859 venundantur.
2873 801 3070 858 Voleus
3103 818 3232 874 ergo
3262 803 3482 859 frivolos
3511 821 3764 874 passeres

2191 894 2495 957 ostendere,
2535 895 2778 958 Assario,
2811 896 3002 965 inquit,
3029 911 3135 950 uno
3159 898 3262 951 duo
3290 911 3538 966 passeres
3563 898 3769 952 distra-

2194 983 2420 1039 huntur.
2450 986 2674 1056 Accepit
2704 987 2844 1056 quod
2879 997 2994 1042 erat
3025 987 3329 1052 minimum,
3364 999 3422 1042 ttt
3454 989 3769 1042 hortaretur

2194 1091 2288 1130 eos
2322 1078 2410 1144 qui
2456 1077 2509 1130 in
2549 1077 2752 1132 honore
2795 1078 3126 1133 habebantur
3174 1097 3187 1133 :
3225 1077 3287 1131 Et
3331 1095 3466 1132 unus
3511 1096 3575 1132 ex
3611 1081 3766 1148 ipsis,

2193 1171 2299 1235 ait,
2339 1186 2440 1224 non
2469 1171 2608 1223 cadit
2637 1171 2692 1224 in
2725 1182 2918 1224 terram
2950 1173 3062 1226 sine
3089 1171 3250 1226 Patre
3277 1182 3445 1225 vestro
3475 1171 3562 1241 qui
3587 1183 3661 1226 est
3704 1174 3767 1224 in

2194 1260 2334 1314 caelis
2361 1263 2429 1316 ".
2466 1261 2522 1315 Si
2558 1263 2721 1332 igitur
2749 1278 2998 1332 passeres
3034 1266 3123 1333 qui
3157 1279 3321 1334 parvo
3350 1265 3523 1334 pretio
3567 1263 3771 1318 distra-

2195 1355 2414 1417 huntur,
2458 1357 2681 1420 umbrae,
2729 1366 2785 1408 ut
2816 1356 2891 1408 ita
2929 1355 3126 1419 dicant,
3160 1367 3213 1410 et
3261 1372 3361 1411 nec
3409 1357 3535 1411 dum
3569 1371 3770 1410 carnes

2197 1462 2301 1500 non
2347 1447 2636 1516 capiuntur
2687 1464 2862 1516 neque
2899 1449 3258 1518 accipiuntur,
3311 1464 3416 1504 non
3472 1451 3606 1504 dixit
3646 1451 3770 1506 sine

2197 1538 2324 1601 Deo,
2351 1539 2442 1592 sed
2473 1537 2589 1592 sine
2613 1537 2770 1591 Patre
2800 1547 3002 1601 vestro,
3035 1539 3226 1607 inquit,
3259 1549 3315 1592 ut
3349 1541 3645 1610 propositio
3668 1557 3771 1610 pa-

2197 1637 2361 1682 terna:
2389 1627 2691 1682 dilectionis
2726 1629 3072 1697 protenderet
3107 1628 3496 1692 defensionem,
3527 1640 3583 1685 et
3616 1631 3770 1684 radi-

2195 1731 2347 1774 raret
2375 1720 2830 1774 adhortationem.
2872 1719 2945 1773 Ita
2989 1722 3128 1775 etin
3166 1721 3272 1774 alio
3304 1721 3423 1775 loco
3467 1723 3772 1777 adhortans

526 1818 632 1865 tem
666 1822 719 1866 et
749 1814 1024 1878 animam;
1057 1832 1231 1885 neque
1285 1819 1357 1872 ita
1406 1821 1630 1889 aequalis
1657 1833 1740 1877 est
1780 1825 1961 1892 timor,
1997 1827 2090 1880 sed

2206 1811 2583 1882 frugalitatem,
2617 1823 2673 1866 et
2701 1813 2928 1880 cupiens
2963 1814 3265 1882 superfluas
3302 1813 3585 1869 sublevare
3613 1816 3768 1870 solli-

522 1913 786 1970 quantum
825 1905 1006 1959 anima
1039 1907 1407 1963 honorabilior
1465 1921 1568 1978 est,
1608 1923 1814 1967 tantum
1870 1924 1928 1968 et
1980 1933 2093 1970 ma-

518 1991 605 2061 jor
632 1994 793 2048 timor
827 2006 906 2050 est
952 2014 981 2050 a
1019 1999 1233 2055 timore.
1267 2000 1403 2066 Quia
1429 2003 1572 2057 enim
1629 2015 1683 2058 et
1735 2020 1953 2074 corpus.
2001 2007 2094 2060 ad-

523 2101 738 2140 versum
780 2089 920 2157 quod
954 2091 1199 2146 homines
1264 2095 1464 2148 habent
1519 2106 1838 2166 pmestatem
1868 2139 1884 2161 ,
1945 2114 2095 2154 com-

524 2181 846 2245 prehensum
877 2192 992 2247 est;
1019 2185 1200 2239 ethoc
1227 2186 1278 2239 in
1309 2188 1553 2242 manibus
1578 2188 1669 2241 Dei
1707 2201 1810 2254 est,
1841 2201 1892 2245 et
1917 2191 2095 2246 anima

523 2287 683 2339 quam
736 2273 982 2328 homines
1029 2276 1242 2330 etiamsi
1289 2279 1482 2332 vellent
1525 2282 1777 2335 occidere
1817 2299 1920 2336 non
1971 2299 2094 2353 pos-

522 2374 663 2428 sent,
692 2375 746 2419 et
766 2376 1002 2442 utraque
1034 2368 1149 2423 haec
1181 2385 1286 2423 non
1309 2371 1376 2424 ad
1407 2383 1658 2437 mortem,
1683 2373 1776 2427 sed
1803 2375 1868 2428 ad
1892 2376 2096 2444 gehen-

525 2473 646 2509 nam
687 2457 943 2512 dienntur
975 2460 1146 2517 abire.
1184 2461 1565 2531 Multiplicatns
1596 2466 1759 2533 igitur
1796 2467 1957 2522 timor
1979 2479 2097 2532 est,

521 2557 577 2601 et
611 2548 956 2604 multitudine
998 2561 1052 2605 et
1083 2555 1488 2621 magnitudine,
1526 2557 1646 2612 ideo
1683 2573 1812 2629 ergo
1839 2561 2000 2616 timor
2033 2563 2101 2616 ti-

521 2653 726 2694 morem
760 2642 946 2697 vincit.
981 2640 1085 2698 Sed
1119 2644 1268 2701 dices
1300 2663 1314 2701 :
1351 2647 1814 2714 Quemadmodum
1845 2653 2101 2722 possibile

521 2747 604 2791 est
629 2737 807 2806 perire
846 2739 1081 2794 animam
1111 2741 1162 2795 itt
1207 2743 1496 2812 gehenna?
1526 2746 1582 2800 Si
1612 2746 1755 2800 enim
1787 2748 1945 2817 perit,
1983 2764 2102 2802 coro

523 2831 791 2901 rumpitur
831 2832 947 2900 ejus
984 2834 1382 2891 immortalitas.
1418 2837 1885 2905 Quemadmodum
1922 2853 2099 2896 autem

522 2930 579 2975 et
604 2923 836 2992 corpus?
867 2923 921 2977 Si
965 2927 1110 2980 enim
1139 2942 1352 2984 vermes
1382 2930 1491 2984 illic
1525 2941 1581 2985 et
1625 2933 1827 2987 stridor
1862 2933 2100 2987 dentium

525 3014 788 3080 habetur;
823 3030 928 3069 non
969 3017 1142 3072 solum
1195 3020 1371 3074 anima
1417 3022 1740 3079 immortalis
1788 3040 1892 3079 non
1940 3027 2099 3093 perit,

524 3106 618 3161 sed
658 3121 759 3161 nec
797 3122 1028 3176 corpus;
1069 3110 1312 3166 induitur
1353 3117 1496 3170 enim
1544 3117 2004 3174 immortalitatem
2047 3129 2101 3174 et
2127 3136 2170 3194 ς

523 3213 745 3268 corpus.
792 3198 849 3254 Si
886 3199 1001 3256 haec
1039 3203 1257 3272 quidem
1297 3217 1582 3274 quaerunt,
1613 3210 1804 3263 intenti
1848 3225 1970 3265 esse
2009 3210 2100 3264 de-

526 3289 655 3344 bent
680 3290 748 3344 ad
779 3293 1046 3367 sermonis
1071 3293 1340 3356 virtutem,
1374 3296 1498 3365 quia
1527 3297 1669 3366 quod
1694 3313 1834 3352 nunc
1875 3298 1952 3351 ait
1983 3312 2103 3368 per-

527 3381 675 3447 dere,
705 3399 804 3452 pro
833 3400 898 3439 eo
928 3393 986 3438 ttt
1013 3387 1159 3440 dicat
1181 3389 1394 3457 punire,
1429 3399 1708 3458 acceptum
1739 3400 1860 3454 est;
1889 3391 1934 3444 si
1959 3391 2102 3446 enim

527 3476 750 3544 periret,
802 3492 906 3530 non
941 3487 1087 3532 esset
1136 3479 1190 3532 in
1235 3481 1501 3548 geltenna.
1540 3481 1800 3537 Gebenna
1837 3484 1982 3539 enim
2025 3485 2105 3538 vi-

530 3565 768 3619 ventium
799 3582 958 3635 paena
988 3578 1090 3632 est,
1117 3584 1220 3622 non
1262 3581 1440 3623 tamen
1475 3571 1818 3642 interemptio
1861 3573 2105 3642 perdito-

533 3671 672 3709 rum.
713 3654 846 3722 Quia
881 3657 1025 3709 enitn
1067 3659 1424 3726 perditionem
1459 3660 1723 3716 timebant
1753 3663 1844 3733 qui
1876 3674 2105 3718 mortem

532 3747 808 3800 hominum
840 3749 1315 3817 pertimescebant,
1344 3752 1464 3806 ideo
1487 3753 1601 3820 ipso
1627 3754 1835 3808 timoris
1859 3769 2109 3810 sermone

534 3838 704 3890 utitur
737 3839 1013 3901 Dominus,
1051 3850 1106 3894 et
1149 3841 1326 3898 dicit:
1384 3841 1578 3897 Timete
1635 3854 1810 3898 autem
1858 3863 1972 3899 eum
2020 3847 2110 3915 qui

534 3935 702 3994 potest
739 3935 788 3980 et
831 3929 1065 3982 animum
1096 3943 1146 3982 et
1191 3947 1379 4000 corpus
1417 3933 1634 3998 perdere
1680 3935 1736 3988 in
1783 3936 2012 4004 geltenna
2040 3937 2107 3994 ⁸³.

536 4013 722 4082 Neque
742 4016 882 4070 enim
908 4019 1241 4073 convertitur
1261 4021 1438 4075 anima
1463 4024 1529 4076 ad
1551 4025 1926 4079 mortalitatem
1956 4041 1970 4091 ;
1995 4026 2112 4082 sine

537 4104 857 4173 ptenitentia
891 4108 1035 4161 enint
1079 4121 1206 4165 sunt
1250 4111 1342 4165 Dei
1376 4113 1537 4168 dona.
1579 4112 1765 4184 Neque
1799 4116 1990 4171 iterum
2027 4131 2112 4172 re-

538 4199 893 4254 surrectionis
932 4203 1290 4272 promissione
1339 4205 1675 4275 infringitur,
1713 4209 1809 4264 sed
1842 4210 1984 4264 sicut
2017 4225 2114 4280 per

536 4290 709 4345 Adam
733 4308 924 4349 omnes
948 4295 1233 4360 morimur,
1261 4297 1330 4350 ita
1355 4306 1410 4350 et
1435 4313 1529 4364 per
1554 4299 1838 4356 Dominum
1871 4313 2112 4357 nostrum

538 4383 812 4438 (lhristum
833 4400 1020 4440 omnes
1043 4387 1393 4458 resurgimus.
1412 4389 1761 4446 Conttttunent
1787 4393 1929 4447 enim
1956 4394 2112 4449 istant

2197 1904 2486 1968 citudines,
2535 1903 2658 1958 ait:
2699 1904 2759 1958 Si
2798 1903 2973 1972 fenum
3019 1906 3136 1976 agri
3185 1906 3326 1975 quod
3371 1907 3525 1960 hodie
3569 1917 3667 1980 est,
3713 1919 3767 1960 et

2196 1997 2422 2050 crastino
2458 1997 2512 2049 in
2543 1995 2804 2049 clibanum
2834 1998 3079 2061 mittitur,
3107 1997 3244 2051 Deus
3272 1999 3347 2051 ita
3376 2001 3544 2061 vestit,
3570 2011 3771 2067 quanto

2197 2093 2363 2160 magis
2398 2107 2501 2157 vos,
2532 2090 2752 2145 modica
2773 2089 2896 2158 ﬁdei
2920 2084 3005 2144 ³τῖ
3031 2090 3076 2143 Α
3107 2091 3341 2146 minimis
3371 2091 3619 2146 adutonet
3649 2106 3772 2158 eos,

2196 2184 2286 2251 qtti
2322 2183 2526 2237 meliori
2558 2193 2685 2237 sunt
2715 2183 2976 2252 dignitate
3005 2197 3022 2235 :
3054 2183 3124 2236 ita
3159 2193 3214 2237 et
3243 2199 3387 2238 nunc
3416 2185 3540 2252 quia
3569 2185 3776 2238 nullius

2199 2276 2352 2344 pretii
2397 2285 2521 2331 sunt
2551 2289 2824 2345 passeres,
2874 2285 3137 2344 quantum
3189 2277 3255 2329 ad
3308 2276 3774 2345 comparationem

2198 2367 2512 2429 hominum;
2565 2381 2734 2434 parvo
2785 2375 2966 2418 autent
3012 2365 3220 2433 pretio,
3253 2375 3312 2420 ttt
3359 2365 3558 2419 nullius
3611 2366 3778 2434 pretii

2198 2457 2603 2522 distrahuntur;
2649 2455 2870 2526 cupiens
2917 2470 3014 2510 nos
3045 2454 3336 2509 admonere
3363 2453 3636 2523 dignitatis
3666 2470 3777 2508 no-

2199 2557 2349 2607 strae.
2381 2548 2965 2616 producitconstantes
2994 2545 3109 2600 fieri
3154 2545 3372 2612 debere.
3408 2545 3599 2600 Nonne
3639 2548 3777 2612 duo,

2201 2640 2402 2710 inquit,
2446 2656 2680 2708 passeres
2723 2639 2927 2693 assario
2969 2637 3360 2704 distrahuntur,
3407 2648 3455 2690 et
3494 2654 3660 2690 unum
3708 2653 3781 2692 ex

2201 2734 2360 2802 ipsis,
2391 2748 2495 2786 non
2531 2734 2636 2787 dno
2666 2731 2849 2797 simul,
2883 2731 2978 2785 sed
3005 2746 3168 2784 unum
3197 2745 3265 2784 ex
3301 2729 3459 2798 ipsis,
3487 2746 3591 2783 non
3627 2730 3779 2783 cadit

2203 2826 2255 2877 in
2291 2824 2526 2879 terram?
2553 2824 2779 2893 Propter
2809 2823 3043 2876 volatum
3082 2822 3178 2886 ait,
3205 2837 3305 2890 pro
3337 2835 3403 2876 eo
3448 2832 3506 2873 ttt
3545 2821 3776 2885 diceret.

2205 2935 2306 2973 non
2341 2919 2581 2987 capietur
2635 2919 2752 2971 sine
2803 2914 2962 2969 Patre
3003 2925 3203 2969 vestro.
3241 2913 3298 2967 Si
3336 2914 3500 2984 igitur
3542 2928 3769 2982 quorum

2203 3029 2309 3067 non
2353 3023 2438 3067 est
2477 3012 2658 3075 Pater,
2704 3025 2804 3064 nec
2839 3008 3120 3062 minimum
3167 3006 3417 3076 proditur
3458 3005 3578 3060 sine
3613 3005 3772 3074 ipso;

2204 3103 2372 3158 multo
2412 3105 2582 3174 magis
2608 3101 2756 3156 vobis
2787 3115 3015 3170 quorum
3058 3107 3142 3153 est
3167 3098 3353 3162 Pater,
3395 3097 3655 3166 praebebit
3681 3099 3776 3151 dr-

2202 3196 2522 3251 fensionem.
2581 3195 2746 3249 Vestri
2795 3206 3001 3259 autem,
3053 3191 3260 3262 inquit,
3293 3203 3344 3246 et
3374 3189 3552 3255 capiui
3587 3190 3778 3258 capitis

2205 3289 2468 3344 numerati
2504 3298 2622 3343 sunt
2643 3289 2708 3341 ’⁸.
2745 3288 2930 3342 Timor
2951 3288 3016 3341 de
3041 3287 3215 3340 anima
3249 3295 3401 3349 erat,
3429 3292 3521 3338 aut
3552 3285 3617 3339 de
3658 3297 3775 3338 cor-

2203 3381 2378 3449 pore?
2427 3379 2532 3436 Sed
2575 3381 2642 3435 de
2682 3380 2880 3441 anima,
2927 3380 3123 3448 inquit,
3164 3377 3330 3432 nolite
3371 3377 3560 3430 limere
3609 3393 3624 3429 :
3672 3389 3780 3429 non

2211 3483 2461 3543 poterunt
2491 3473 2659 3538 enim,
2695 3473 2793 3535 ait,
2825 3488 2893 3526 ne
2921 3471 3136 3540 quidem
3167 3469 3258 3538 qui
3293 3468 3594 3532 voluerint,
3629 3469 3780 3522 occi-

2209 3566 2336 3620 dere
2381 3564 2640 3619 animam.
2676 3564 2780 3618 Sed
2819 3563 2888 3618 de
2916 3578 3141 3631 corpore
3174 3561 3415 3616 timetis?
3442 3560 3543 3615 Nec
3579 3560 3643 3614 de
3679 3575 3780 3614 ca—

2212 3658 2354 3724 pillis
2393 3657 2588 3726 capitis
2615 3657 2781 3710 vestri
2828 3657 3018 3711 timere
3057 3654 3291 3719 debetis;
3326 3652 3585 3708 numerati
3623 3660 3779 3706 sunt.

2217 3749 2273 3804 Si
2299 3751 2464 3820 igitur
2486 3766 2661 3820 neque
2687 3750 2754 3804 de
2781 3749 2984 3813 anima,
3031 3761 3204 3817 neque
3233 3748 3299 3801 de
3327 3760 3557 3815 corpore
3583 3745 3783 3800 timere

2213 3852 2459 3914 oportet;
2503 3852 2764 3912 quantum
2814 3844 2880 3895 ad
2927 3856 3024 3895 nos
3068 3848 3294 3906 spectat,
3329 3837 3541 3892 ablatus
3585 3845 3673 3891 est
3715 3837 3780 3889 ti-

2219 3927 2385 3990 tuor:
2423 3932 2593 3988 Vestri
2615 3934 2773 3996 enim,
2809 3933 3002 4002 inquit,
3029 3941 3078 3985 et
3107 3931 3287 3996 capilli
3307 3931 3494 3996 capitis
3523 3932 3781 3982 numerati

2212 4039 2357 4082 sunt.
2412 4026 2550 4081 Num
2604 4028 2775 4081 nostri
2821 4036 3028 4080 tantum
3075 4024 3287 4094 capilli?
3335 4022 3592 4078 Sabulum
3637 4023 3780 4076 enim

2218 4119 2388 4174 maris
2426 4118 2559 4174 latet
2590 4119 2874 4173 scientiam
2905 4116 3042 4172 Dei?
3075 4129 3168 4170 aut
3210 4117 3354 4171 enim
3403 4115 3610 4170 semina
3651 4114 3784 4180 feni,

2221 4221 2314 4266 aut
2343 4226 2534 4280 pennae
2561 4226 2839 4280 passerum
2869 4210 3224 4281 ignorantur?
3252 4210 3522 4274 Quantum
3546 4210 3690 4263 enim
3719 4209 3784 4262 ad

2218 4319 2522 4360 sermonem
2576 4313 2814 4374 spectat,
2861 4303 3074 4358 videtur
3124 4302 3334 4367 dicere,
3387 4303 3515 4371 quia
3575 4309 3790 4355 vestros

2219 4395 2383 4450 etiam
2408 4394 2634 4462 capillos
2659 4395 2807 4448 n0vit
2837 4393 3000 4449 Deus.
3026 4393 3148 4448 Alia
3179 4402 3357 4447 autem
3386 4407 3506 4461 quae
3527 4400 3789 4462 putantur

543 4489 771 4528 mortem
797 4476 968 4531 Adam
999 4479 1295 4535 introduxit
1335 4483 1405 4537 ob
1437 4495 1716 4551 peccatum
1755 4503 1768 4539 :
1809 4487 1987 4540 erexit
2016 4503 2114 4542 au-
2148 4480 2191 4535 D
2222 4487 2649 4557 contemptibilia
2675 4501 2797 4542 esse
2823 4502 2929 4541 non
2961 4485 3279 4550 contemnit,
3307 4485 3402 4540 sed
3427 4484 3591 4539 habet
3610 4483 3794 4538 scien-

541 4572 648 4619 tem
678 4564 724 4620 is
753 4566 843 4636 qui
870 4568 1161 4638 assumpsit
1187 4569 1360 4624 Adam
1400 4571 1466 4626 ad
1499 4574 1972 4631 resurrectionem.
2021 4575 2113 4632 ille

540 4657 682 4711 enim
713 4658 802 4726 qui
836 4658 902 4710 de
938 4668 1083 4714 terra
1113 4671 1229 4726 est,
1261 4663 1561 4718 introduxit
1594 4676 1856 4732 mortem;
1890 4667 1980 4737 qni
2019 4684 2116 4721 au-

545 4757 650 4802 tem
683 4748 966 4803 desursum
1003 4752 1173 4817 venit,
1206 4752 1508 4809 introduxit
1541 4759 2014 4815 resurrectionem.
2050 4761 2117 4815 Et

543 4841 869 4896 resurrectio
911 4842 1124 4913 quidem
1178 4848 1480 4902 communis
1512 4857 1597 4902 est
1631 4850 1911 4918 omnibus;
1947 4853 2116 4908 haere-

543 4932 685 4987 ditas
730 4944 911 4989 autem
963 4950 1149 4990 eorum
1190 4939 1278 5007 qui
1326 4954 1389 4994 ex
1433 4941 1647 4998 viaticis
1693 4943 1894 5014 aliquid
1929 4946 2113 5015 profe-

545 5035 668 5079 rttttt
718 5027 849 5081 suis.
892 5024 1251 5084 Praecesserat
1284 5032 1446 5098 igitur
1483 5035 1766 5101 adventus,
1807 5038 1901 5093 sed
1934 5054 2115 5108 reper-

543 5117 713 5172 cussit
757 5135 877 5174 eum
915 5121 1108 5187 timor;
1142 5123 1354 5177 solutus
1386 5134 1470 5178 est
1507 5128 1667 5181 timor
1697 5143 1726 5181 a
1764 5128 1980 5188 timore.
2015 5129 2118 5184 Ne-

543 5210 778 5262 cessaria
819 5223 997 5268 autem
1035 5227 1151 5270 erat
1207 5227 1260 5272 et
1310 5220 1633 5276 adhortatio.
1671 5220 1802 5288 Quae
1857 5225 2113 5278 adhorta-

549 5301 656 5355 tio?
689 5302 830 5357 Dicit
869 5307 1127 5363 Dominus
1174 5328 1186 5363 :
1241 5309 1431 5365 Nonne
1460 5313 1564 5365 duo
1598 5330 1874 5383 passeres;
1922 5318 2029 5372 duo
2063 5329 2118 5373 el

545 5410 651 5449 non
688 5397 837 5450 multi
876 5417 892 5452 :
924 5409 977 5455 et
1007 5418 1276 5470 passeres,
1308 5415 1362 5459 et
1400 5422 1502 5458 non
1545 5408 1776 5476 tttajores
1811 5424 1976 5476 aves;
2013 5427 2116 5464 u-no

545 5489 750 5542 assario
806 5490 1176 5547 distrahuntur
1217 5494 1296 5546 '5?
1335 5512 1509 5567 neque
1557 5514 1662 5552 uno
1709 5501 1919 5554 assario
1973 5518 2111 5555 ttttns

1166 5634 1210 5665 ’³
1238 5634 1363 5690 ibid.

621 5771 730 5840 (87)
764 5773 886 5826 Αω.
918 5773 1096 5839 Forte,
1130 5785 1205 5830 ut.

617 5627 661 5658 ’³
694 5627 881 5682 Matth.
917 5647 970 5696 κ,
998 5631 1087 5686 '28.
1166 5634 1210 5665 ’δ
1238 5634 1363 5690 ibid.
1444 5639 1486 5670 ³⁵
1514 5639 1642 5695 ibid.
1678 5639 1766 5694 ‘29.
1845 5642 1889 5671 ’⁸
1921 5642 2049 5696 ibid.

2129 5643 2172 5671 ²⁷
2204 5641 2468 5710 Malth.vt,
2491 5641 2578 5698 '50.

2219 4581 2349 4635 tiam
2375 4581 2638 4634 omnium.
2675 4579 2808 4634 Nam
2839 4590 2895 4634 et
2925 4579 3054 4634 illud
3078 4580 3220 4649 quod
3245 4578 3445 4632 dicitur
3472 4578 3526 4632 in
3551 4576 3798 4646 Scriptu-

2222 4676 2319 4742 ris,
2347 4675 2542 4730 Omnia
2567 4676 2618 4729 ei
2650 4684 2773 4728 nata
2800 4685 2920 4729 sunt
2947 4689 2965 4728 :
3003 4688 3111 4728 non
3149 4673 3335 4726 frivole
3368 4671 3584 4741 quippe,
3616 4684 3796 4739 neque

2223 4781 2348 4822 cum
2396 4765 2602 4830 labore,
2642 4775 2737 4820 aut
2789 4781 2914 4820 cum
2964 4766 3174 4830 dolore,
3223 4766 3318 4820 sed
3355 4763 3796 4820 inenarrabiliter

2219 4857 2402 4912 omnia
2436 4859 2695 4927 praevenit
2735 4858 2983 4913 scientia.
3026 4857 3164 4924 Quid
3197 4871 3326 4928 ergo
3358 4867 3445 4912 est
3469 4858 3607 4926 quod
3629 4871 3797 4912 acce-

2228 4949 2302 5017 pit
2329 4948 2514 5004 dicens
2546 4967 2560 5002 :
2604 4948 2767 5003 Vestri
2797 4961 2970 5004 autent
3005 4961 3051 5004 et
3087 4950 3263 5020 capilli
3307 4951 3496 5020 capitis
3526 4950 3795 5003 numerati

2224 5045 2385 5096 sunt?
2413 5043 2536 5112 quia
2575 5044 2816 5113 provisor
2846 5055 2928 5098 est
2949 5045 3118 5099 vestri
3147 5060 3317 5115 usque
3363 5045 3430 5098 ad
3460 5045 3702 5114 capillos.
3732 5043 3796 5100 Si

2225 5134 2387 5202 igitur
2421 5136 2654 5190 animam
2681 5137 2792 5206 jam
2839 5138 3069 5191 armavit
3106 5137 3531 5204 immortalitate,
3570 5153 3796 5192 carnem

2224 5239 2402 5282 autem
2442 5245 2507 5283 ex
2546 5246 2610 5282 eo
2653 5231 2796 5298 quod
2843 5231 3122 5299 provideat
3148 5241 3204 5285 et
3239 5231 3488 5285 defendat
3518 5246 3691 5301 usque
3723 5233 3798 5286 ad

2223 5321 2478 5387 capillos;
2510 5323 2638 5391 quid
2681 5323 3001 5393 relinquitur
3035 5324 3103 5377 ad
3135 5324 3427 5378 timorem?
3457 5325 3586 5393 quid
3624 5326 3695 5379 ad
3727 5326 3804 5380 ti-

2225 5431 2429 5470 morem
2486 5416 2824 5486 relinquitur,
2883 5424 2939 5468 ut
2993 5415 3300 5471 hominibus
3353 5430 3546 5480 casus,
3607 5427 3805 5486 utpote

2219 5521 2406 5577 opum,
2431 5508 2760 5574 divitiarum,
2784 5509 3105 5576 amicorum,
3133 5517 3439 5581 parentum,
3466 5507 3804 5577 propinquo-

2660 5643 2703 5675 ’⁸
2726 5642 2913 5699 Matth.
2942 5660 2994 5709 χ,
3013 5643 3102 5699 50.
