4100 6456
413 291 543 346 1185

1741 290 1802 341 IN
1850 289 2108 350 MATTH.
2146 294 2211 358 λ,
2247 297 2336 351 27.

3519 303 3657 358 1ὶὸιὶ

405 420 524 458 rum
546 445 562 466 .
597 403 787 475 patriae
813 404 926 475 ipse
962 402 1219 461 allectus?
1249 406 1373 461 lude
1411 414 1494 461 est
1537 415 1595 460 ut
1633 407 1778 463 dicat
1812 427 1826 462 :
1880 409 1970 475 ρω

2089 428 2214 472 ante
2241 420 2344 474 sibi
2383 435 2606 490 parcere
2650 421 2955 477 notuerunt.
2985 419 3124 487 Quid
3154 421 3300 476 enim
3337 420 3509 476 defuit
3549 425 3658 478 Illic

402 496 580 566 diligit
604 505 804 562 patrem
834 510 923 549 aut
956 508 1175 551 matrem
1206 515 1367 566 supra
1406 515 1507 563 me,
1537 517 1640 554 non
1669 513 1746 556 est
1781 519 1862 556 me
1890 506 1976 555 di-

402 592 621 659 anus”.
653 589 780 645 Tria
812 591 953 646 enim
1003 593 1102 647 ista
1144 602 1269 647 sunt
1312 607 1433 664 quae
1474 593 1620 648 circa
1667 609 1786 658 nos,
1832 605 1886 650 et
1924 597 1978 650 in

405 683 560 740 nobis
581 693 635 738 et
667 694 852 738 nostra
877 695 1046 738 sunt:
1077 686 1218 754 quod
1253 685 1396 740 enim
1424 701 1633 754 sumus,
1664 687 1847 741 anima
1883 703 1966 742 su-

404 793 550 833 mus.
582 777 640 831 Si
681 778 804 846 quis
829 787 1007 831 autem
1036 791 1092 832 et
1123 778 1472 848 semetipsum
1513 779 1762 846 agnoscit
1801 779 1978 834 inten-

402 869 534 937 tius,
564 879 619 926 et
648 869 812 925 veluti
850 869 904 924 in
945 871 1183 924 secundo
1206 868 1347 936 loco,
1395 885 1494 924 nos
1527 885 1724 942 corpus
1755 884 1978 936 smnus;

405 963 512 1018 tria
537 977 668 1032 ergo
695 972 820 1018 sunt
850 977 972 1032 qua:
1001 963 1054 1018 in
1091 963 1245 1018 nobis
1271 971 1395 1018 sunt
1429 981 1443 1018 :
1473 979 1594 1034 qua:
1621 973 1798 1019 autem
1835 964 1978 1018 circa

403 1069 525 1120 nos,
548 1057 940 1125 possessiones,
967 1055 1151 1121 amici,
1185 1066 1434 1127 parentes
1464 1065 1519 1112 et
1551 1057 1747 1128 patria.
1777 1055 1882 1112 Sed
1915 1058 1981 1112 de

401 1147 582 1203 anima
630 1148 808 1204 nullus
857 1150 1020 1204 timor
1061 1159 1174 1214 est,
1215 1150 1341 1218 quia
1390 1149 1713 1205 immortalis
1745 1159 1851 1205 est.
1901 1150 1977 1204 De

401 1255 634 1310 corpore
663 1241 878 1296 ablatus
915 1249 1000 1298 est
1027 1242 1209 1308 timor,
1239 1241 1368 1311 quia
1397 1253 1452 1296 et
1498 1241 1673 1309 capilli
1715 1242 1980 1295 numerati

403 1343 550 1389 sunt.
585 1335 659 1390 De
691 1335 774 1389 his
812 1345 993 1389 autem
1019 1349 1137 1404 quae
1158 1344 1312 1389 extra
1341 1345 1486 1400 sunt,
1515 1336 1645 1388 dicit
1669 1333 1932 1387 Dominus
1957 1352 1971 1387 :

405 1425 468 1482 Si
496 1430 612 1496 quis
642 1428 906 1498 reliquerit
948 1439 1154 1497 propter
1186 1445 1268 1482 me
1299 1438 1347 1482 et
1392 1444 1549 1498 regna
1578 1426 1824 1481 caelorum
1843 1465 1859 1489 ,
1888 1441 1983 1494 pa-

405 1529 556 1584 trem,
595 1530 684 1571 aut
729 1532 968 1584 matrem,
994 1529 1086 1573 aut
1125 1519 1338 1585 fratres.
1367 1529 1458 1573 aut
1501 1519 1665 1588 ﬁlios,
1713 1528 1805 1571 aut
1847 1533 1980 1570 uxo-

404 1626 535 1678 rem,
584 1621 677 1664 aut
724 1623 996 1682 cognatos,
1047 1621 1138 1666 aut
1186 1612 1424 1676 domum,
1457 1612 1662 1664 habebit
1701 1621 1746 1664 et
1782 1610 1836 1662 in
1885 1609 1982 1662 hoc

403 1705 600 1756 mundo
656 1704 989 1769 centuplum;
1039 1704 1094 1759 in
1159 1705 1331 1776 futuro
1397 1715 1573 1758 autem
1625 1705 1783 1757 vitam
1832 1713 1982 1758 teter-

2077 512 2142 565 ad
2189 512 2503 571 patientiam
2549 511 2682 567 Dei?
2727 511 2916 567 Nonne
2969 527 3274 582 przeconem
3321 515 3656 584 poenitentiae

2077 605 2359 658 constituit
2389 605 2470 660 eis
2506 603 2616 661 Noe
2659 620 2756 674 per
2782 619 2956 660 annos
2985 616 3225 668 centum,
3250 617 3514 676 quantum
3553 622 3654 662 au-

2080 706 2184 750 tem
2221 696 2288 749 ad
2319 711 2470 750 suam
2523 697 2936 766 promissionem
2987 712 3085 767 per
3126 697 3266 752 cxx?
3306 698 3495 753 Nonne
3524 714 3653 755 arca

2079 787 2261 852 ﬁebat,
2285 788 2404 858 ipso
2428 803 2597 858 opere
2619 787 2688 843 ad
2717 789 3096 858 paenitentiam
3123 790 3348 844 hortans
3370 789 3656 846 homines?

2078 887 2171 934 aut
2221 879 2489 934 modicum
2547 889 2668 934 erat
2721 895 2850 946 vas,
2908 882 3053 952 quod
3106 892 3287 950 posset
3333 883 3496 937 etiam
3553 885 3657 939 sub

2081 979 2224 1026 tecto
2262 969 2558 1026 fabricari?
2616 971 2808 1028 Nonne
2855 984 3020 1028 tanta:
3065 975 3280 1037 quidem
3330 973 3653 1040 altitudinis,

2081 1072 2246 1118 tanta:
2278 1071 2458 1118 autem
2511 1062 2864 1134 longitudinis
2897 1073 2952 1121 et
2999 1065 3301 1121 latitudinis
3353 1068 3654 1122 secundum

2080 1154 2428 1208 mensuram?
2497 1153 2893 1210 Fabricabatur
2970 1165 3148 1210 autem
3221 1170 3346 1210 arca
3407 1165 3466 1210 ut
3526 1162 3654 1212 tuba

2083 1245 2312 1298 maxima
2336 1285 2351 1307 ,
2375 1244 2486 1314 jam
2513 1245 2771 1300 diluvium
2811 1247 3114 1314 praedicans
3159 1245 3426 1310 futurum,
3453 1257 3507 1300 et
3531 1255 3657 1302 ante

2081 1338 2335 1392 diluvium
2365 1339 2736 1408 paenitentiam
2766 1339 3029 1394 clamans.
3062 1341 3120 1394 Si
3155 1340 3319 1409 igitur
3343 1356 3446 1394 cxx
3501 1342 3656 1394 annis

2083 1431 2320 1486 revocati
2345 1447 2374 1484 a
2406 1432 2630 1486 malitiis
2663 1448 2768 1487 non
2795 1433 3107 1498 suntsuasi,
3143 1434 3242 1501 ipsi
3279 1433 3385 1486 vim
3415 1433 3655 1486 fecerunt

2084 1535 2142 1577 ut
2173 1541 2332 1594 supra
2357 1539 2452 1579 eos
2479 1524 2738 1579 diluvium
2766 1525 3066 1591 adveniret,
3103 1528 3192 1594 qui
3225 1526 3441 1580 suaderi
3473 1525 3655 1579 nolue-

2083 1617 2208 1670 rint.
2240 1615 2345 1670 Sed
2379 1615 2671 1669 Sodomam
2700 1617 2895 1670 evertit
2917 1615 3058 1671 Dens
3082 1659 3096 1681 ,
3126 1617 3252 1685 quia
3293 1617 3443 1685 prius
3489 1616 3653 1670 Sodo-

2083 1709 2228 1762 mitte
2258 1717 2506 1762 naturam
2537 1724 2688 1763 suam
2734 1719 3112 1779 corruperant.
3161 1708 3226 1762 Et
3257 1719 3408 1764 certe
3439 1724 3503 1764 ne
3537 1708 3658 1778 qui;

402 1812 525 1848 nam
548 1796 612 1849 ⁸⁸.
644 1795 786 1865 Ergo
815 1797 957 1851 nulla
990 1773 1207 1851 occasio
1233 1797 1490 1851 derelicta
1533 1805 1617 1850 est
1663 1795 1866 1849 timori.
1908 1795 1980 1848 De
2016 1773 2055 1828 Β
2084 1799 2201 1852 dem
2243 1800 2364 1853 istic
2396 1799 2641 1870 despexit
2688 1801 2830 1855 Deus
2851 1842 2866 1866 ,
2899 1773 2991 1854 sed
3042 1816 3233 1870 passus
3272 1811 3357 1855 est
3401 1773 3567 1855 Loth-
3588 1801 3657 1855 oh

398 1889 578 1943 anima
603 1888 746 1943 enim
779 1889 972 1944 timere
998 1906 1103 1944 non
1132 1889 1298 1944 debes
1331 1888 1584 1942 timorem
1623 1888 1978 1950 iuseusatum,

401 1995 469 2036 ne
518 1984 725 2051 puteris
772 1981 1054 2038 mortalem
1106 1979 1292 2036 dicere
1330 1979 1716 2034 immortalem.
1762 1977 1868 2033 Sed
1912 1977 1980 2031 de

400 2085 629 2140 corpore
661 2070 823 2125 times
870 2088 884 2126 :
928 2080 1156 2140 possunt
1200 2069 1345 2124 enim
1373 2069 1624 2124 occidere
1671 2083 1684 2120 :
1736 2065 1979 2122 defendit

403 2178 574 2232 usque
599 2162 667 2216 ad
697 2161 921 2232 capillos
956 2162 1047 2232 qui
1089 2160 1319 2216 creavit.
1363 2159 1470 2214 Sed
1501 2157 1795 2212 amicitiam
1825 2172 1976 2227 quae-

401 2258 500 2323 ris,
527 2266 582 2312 et
618 2265 860 2326 patrem,
899 2265 952 2308 et
983 2267 1210 2308 matrem
1244 2269 1258 2306 :
1304 2261 1420 2306 esto
1466 2265 1674 2306 memor
1727 2251 1843 2320 ejus
1884 2250 1976 2318 qui

399 2347 522 2402 ait:
559 2345 662 2413 Qui
700 2347 872 2417 diligit
915 2357 1115 2408 patrem
1155 2353 1243 2398 aut
1282 2353 1501 2396 matrem
1532 2357 1697 2411 supra
1727 2358 1826 2406 me,
1871 2357 1977 2396 non

397 2451 476 2495 est
501 2457 582 2494 me
612 2440 801 2510 dignus
825 2439 893 2494 δ’,
922 2438 1028 2492 Sed
1059 2438 1295 2499 divitias,
1329 2444 1383 2492 et
1409 2451 1528 2505 qua:
1551 2436 1633 2491 his
1667 2445 1793 2489 sunt
1820 2434 1972 2488 simi-

401 2531 469 2587 lia
499 2532 796 2588 desideras.
829 2531 1150 2602 Quicunque
1190 2528 1467 2598 reliquerit
1500 2536 1707 2598 patrem
1738 2537 1831 2581 aut
1859 2542 1973 2579 ma-

401 2633 561 2690 trem,
592 2634 684 2678 aut
706 2627 946 2690 domum,
979 2632 1073 2677 aut
1113 2635 1447 2692 quaecunque
1492 2628 1620 2674 sunt
1665 2634 1828 2688 supra
1863 2628 1974 2673 ter-

400 2731 518 2771 ram
564 2725 782 2788 propter
809 2729 892 2770 me
925 2724 979 2770 et
1024 2729 1188 2783 regna
1218 2712 1502 2778 ccelorum,
1532 2710 1840 2780 centuplum
1875 2709 1973 2763 ha-

398 2806 548 2862 bebit
575 2821 591 2859 :
622 2806 762 2861 sicut
800 2805 854 2860 hi
896 2805 987 2874 qui
1028 2803 1302 2859 semiuant
1338 2802 1389 2854 in
1422 2801 1618 2854 bonam
1647 2811 1865 2863 terram,
1919 2800 1970 2854 itt

399 2901 502 2954 isto
529 2899 745 2970 quidem
788 2898 988 2954 saeculo
1017 2895 1348 2965 centuplum.
1378 2894 1430 2948 in
1475 2893 1656 2946 futuro
1683 2902 1864 2946 autem
1891 2893 1972 2946 vi-

397 3001 506 3045 tam
551 3001 834 3044 aeternam.
887 2988 1064 3043 Nolite
1106 3003 1234 3055 ergo
1277 2986 1488 3039 timere.
1536 2984 1593 3038 Si
1635 2986 1783 3038 enim
1831 2999 1969 3038 unus

2083 1892 2488 1946 contentionem
2562 1903 2836 1961 pastorum
2913 1895 2980 1947 ab
3062 1893 3336 1946 Abraham
3393 1891 3658 1961 separari.

2081 1983 2241 2038 Forte
2291 1993 2470 2038 autem
2519 1995 2571 2039 et
2611 1986 2958 2040 continentiae
2998 1983 3138 2039 sales
3189 1986 3338 2039 misit
3381 1985 3447 2037 ad
3490 1983 3658 2037 Sodo-

2080 2088 2223 2128 mam
2268 2073 2406 2130 Loth
2429 2075 2495 2141 ³⁸,
2544 2085 2604 2130 ιιι
2647 2075 2765 2144 ejus
2794 2065 3001 2145 jnstitia
3055 2076 3489 2130 continerentur.
3521 2083 3579 2128 ut
3624 2089 3656 2128 a

2077 2165 2208 2232 sale,
2256 2177 2311 2220 et
2358 2183 2463 2222 non
2510 2179 3011 2238 corrumperentur.
3054 2168 3132 2222 Illi
3183 2177 3364 2223 autem
3417 2178 3470 2222 et
3517 2168 3659 2222 sales

2077 2259 2446 2326 calcaverunt,
2478 2271 2534 2316 et
2559 2261 2814 2316 dixerunt
2843 2266 2908 2317 ad
2948 2277 3077 2317 eum
3106 2262 3196 2332 qui
3231 2261 3518 2325 insalabat,
3549 2262 3655 2314 lla-

2077 2352 2250 2406 bitarc
2281 2353 2502 2417 venisti,
2542 2370 2646 2408 non
2685 2365 2865 2410 tamen
2899 2365 2953 2410 et
2991 2355 3256 2425 judicium
3287 2353 3554 2422 judicare.
3589 2354 3656 2408 Et

2077 2445 2192 2500 haec
2219 2447 2463 2501 dicentes
2490 2446 2694 2514 justqu
2731 2448 3018 2501 adversum
3052 2463 3109 2500 se
3135 2447 3399 2515 judicium
3444 2446 3652 2500 excita-

2076 2548 2224 2604 runt,
2251 2539 2342 2608 qui
2386 2553 2488 2592 non
2523 2538 2675 2593 fuere
2715 2539 2956 2594 contenti
2997 2539 3262 2592 adversus
3287 2537 3535 2592 homines
3570 2537 3654 2590 iu-

2073 2631 2253 2701 digna,
2294 2633 2388 2686 sed
2434 2641 2488 2685 et
2533 2630 2880 2700 insanierunt
2923 2631 3186 2685 adversus
3238 2631 3384 2700 ipsos
3437 2641 3657 2686 sanctos

2073 2725 2312 2794 angelos,
2347 2723 2437 2793 qui
2481 2735 2741 2778 venerant
2773 2725 3052 2778 vindicare
3088 2723 3340 2789 iniuriam
3373 2723 3652 2776 hominum

2073 2819 2140 2873 ab
2167 2818 2371 2873 eisdem
2409 2817 2727 2871 admissam.
2762 2815 2869 2869 Sed
2898 2829 3074 2886 neque
3099 2815 3209 2868 Noe
3235 2815 3482 2884 deSpexit
3510 2815 3656 2869 Deus

2073 2911 2127 2966 iu
2169 2909 2405 2974 diluvio;
2456 2909 2720 2963 numerati
2760 2909 2908 2962 enim
2943 2917 3102 2961 erant
3145 2907 3263 2972 ejus
3293 2905 3517 2976 tapiili:
3563 2921 3656 2959 ne-

2072 3018 2177 3074 que
2216 3002 2353 3058 Loth
2401 3003 2539 3073 apud
2593 3000 2906 3066 Sodomam.
2955 3000 3060 3055 Alii
3110 3011 3289 3055 autem
3334 3001 3500 3056 Deum
3544 3014 3650 3053 non

395 3099 585 3154 passer
614 3099 720 3140 non
747 3082 891 3136 cadit
921 3081 972 3135 in
1001 3089 1199 3135 terram
1228 3079 1346 3132 sine
1377 3086 1532 3146 patre
1563 3087 1746 3132 vestro
1769 3077 1859 3146 qui
1887 3087 1970 3131 est

2074 3107 2255 3153 tamen
2285 3097 2532 3151 homines
2565 3095 2905 3150 olienderunt
2930 3135 2946 3162 ,
2978 3093 3067 3164 qui
3104 3094 3525 3148 immutaverunt
3558 3092 3657 3146 hu-

397 3177 449 3232 iu
485 3176 663 3239 caelis,
700 3173 990 3229 multorum
1036 3179 1216 3225 autem
1263 3182 1543 3238 passerum
1587 3180 1682 3220 vos
1721 3165 1972 3222 meliores

393 3271 560 3337 estis;
599 3283 707 3324 non
742 3267 907 3322 habet
951 3264 1131 3320 locum
1163 3262 1348 3316 timor.
1393 3258 1528 3326 Quia
1576 3259 1738 3327 igitur
1767 3258 1971 3313 intere-

399 3363 494 3420 mit
523 3349 794 3425 timorem,
820 3358 1022 3428 reperit
1055 3355 1168 3427 (88)
1196 3352 1519 3409 constantiae
1552 3350 1806 3403 ﬁduciam
1846 3364 1970 3403 cum

391 3454 755 3519 confessione,
792 3460 848 3506 et
879 3450 1008 3506 dicit
1054 3467 1067 3503 :
1101 3448 1285 3502 Omnis
1310 3445 1605 3515 quicunque
1647 3459 1728 3496 me
1759 3441 1966 3510 confes-

390 3566 480 3602 sus
511 3549 669 3619 fuerit
699 3556 820 3600 ante
857 3544 1128 3608 homines,
1160 3540 1248 3596 isti
1295 3539 1437 3594 enim
1477 3546 1598 3592 sunt
1638 3537 1728 3604 qui
1771 3550 1965 3605 perse-

393 3650 650 3710 quuntur,
682 3639 966 3708 confitebor
992 3646 1039 3690 et
1079 3651 1170 3704 ego
1203 3649 1322 3687 eum
1368 3640 1486 3684 ante
1527 3626 1744 3682 Patrem
1789 3643 1963 3680 meum

392 3732 484 3802 qui
506 3743 579 3786 est
611 3732 667 3785 in
688 3731 827 3784 caelis
860 3729 925 3783 ³⁸.
957 3728 1019 3784 Et
1048 3729 1221 3800 primo
1249 3723 1469 3794 quidem
1499 3721 1773 3790 intercipit
1809 3721 1971 3774 timo-

395 3839 532 3890 rem,
568 3825 802 3880 secundo
829 3831 1008 3877 autem
1037 3820 1282 3876 itumittit
1314 3832 1461 3888 Spem
1490 3834 1503 3871 :
1535 3815 1854 3884 Quicunque
1883 3827 1969 3869 me

391 3917 675 3974 confessus
714 3916 877 3972 fuerit
923 3923 1050 3970 ante
1095 3913 1360 3978 homines,
1408 3908 1713 3965 conhtebor
1760 3919 1815 3962 et
1868 3923 1967 3978 ego

390 4025 513 4065 eum
547 4029 560 4064 :
610 4019 738 4078 puta
785 4009 909 4078 quia
938 4005 1247 4062 hominibus
1289 4002 1613 4059 conveniens
1655 4012 1740 4056 est
1791 4001 1960 4056 Deum

391 4104 661 4167 conﬁteri,
696 4103 862 4157 Deum
896 4101 1144 4154 homines
1187 4097 1464 4168 quomodo
1501 4096 1756 4152 convenit
1799 4093 1967 4150 conﬁ-

394 4194 534 4248 teri?
562 4191 636 4246 De
664 4193 973 4248 hominibus
1003 4203 1060 4245 ut
1086 4206 1191 4245 non
1220 4191 1366 4245 dicat
1395 4190 1463 4246 ad
1489 4205 1584 4245 eos
1620 4208 1634 4244 :
1666 4187 1911 4244 Recedite
1933 4208 1965 4244 a

389 4301 492 4349 me,
522 4288 695 4339 nescio
735 4301 822 4338 vos
844 4285 921 4350 ³³;
955 4284 1048 4338 sed
1088 4294 1148 4337 ut
1185 4284 1360 4353 magis
1389 4283 1535 4338 dicat
1565 4285 1630 4337 ad
1663 4297 1756 4339 eos
1793 4301 1805 4336 :
1853 4279 1954 4336 Ve-

392 4378 517 4441 nite,
551 4377 806 4431 benedicti
837 4376 1016 4430 Patris
1053 4377 1153 4430 mei
1177 4375 1242 4430 “.
1284 4375 1512 4432 Intueris
1555 4377 1963 4446 abnegationem

2076 3203 2292 3241 manam
2338 3199 2609 3241 naturam.
2651 3185 2767 3239 Non
2804 3196 2887 3239 est
2916 3199 3044 3255 ergo
3093 3183 3484 3252 increpandum
3518 3181 3651 3245 Deo,

2075 3280 2200 3350 quia
2240 3294 2341 3334 uec
2374 3279 2419 3332 si
2453 3277 2591 3330 tauri
2637 3275 2960 3330 occiduntur
2999 3275 3064 3328 ad
3097 3289 3285 3338 usum,
3318 3288 3492 3343 neque
3529 3274 3655 3341 quia

2074 3389 2200 3429 oves
2229 3383 2283 3428 et
2311 3370 2608 3434 columbae;
2647 3368 2990 3422 variﬁcatum
3025 3367 3171 3420 enim
3204 3376 3285 3420 est
3331 3381 3492 3420 omne
3529 3365 3652 3440 hoc,

2072 3476 2127 3520 et
2171 3463 2500 3519 abundantia
2550 3471 2634 3516 est
2683 3461 2886 3525 multa,
2932 3469 2986 3513 et
3031 3459 3131 3512 alia
3179 3459 3298 3511 aliis
3343 3458 3651 3512 necessaria

2072 3567 2225 3624 sunt,
2275 3565 2328 3609 et
2362 3555 2464 3609 alia
2503 3554 2664 3608 aliter
2714 3564 2894 3607 creata
2944 3561 3090 3605 sunt.
3141 3550 3291 3604 Sicut
3336 3549 3500 3620 igitur
3553 3565 3653 3620 pro

2075 3651 2242 3705 tauris
2263 3649 2354 3719 qui
2379 3648 2705 3702 occiduntur
2733 3647 2799 3700 ad
2828 3661 2983 3700 usum
3007 3660 3111 3698 non
3138 3647 3448 3713 increpatur
3474 3642 3649 3709 Deus;

2071 3747 2124 3791 et
2157 3747 2303 3790 certe
2333 3737 2470 3788 tauri
2503 3750 2608 3788 nou
2643 3744 2869 3805 peccant
2893 3774 2906 3797 ,
2941 3748 3121 3801 neque
3152 3743 3236 3787 est
3267 3733 3646 3804 irreligiositas

2072 3828 2124 3881 in
2157 3828 2359 3892 tauris;
2392 3841 2497 3880 non
2541 3826 2713 3879 solum
2749 3839 2857 3879 non
2883 3834 2961 3878 est
3003 3825 3389 3892 increpantium
3422 3824 3489 3876 de
3521 3838 3649 3893 per-

2069 3919 2338 3987 emptionc
2377 3917 2802 3986 irreligiosorum
2824 3956 2838 3978 ,
2873 3917 2966 3971 sed
3002 3929 3054 3970 et
3089 3915 3418 3970 mirandum.
3477 3915 3651 3969 Debet

2069 4007 2211 4063 enim
2259 4008 2463 4062 laudari
2521 4008 2682 4073 Deus,
2741 4010 2869 4079 quia
2935 4020 3134 4064 terram
3193 4007 3349 4076 aquis
3402 4006 3570 4061 abluit
3619 4020 3653 4060 a

2070 4101 2346 4172 spurcitiis
2397 4101 2758 4156 habitantium
2820 4121 2832 4155 :
2889 4103 3048 4156 debet
3091 4100 3333 4169 probari.
3380 4101 3506 4168 quia
3557 4115 3654 4168 per

2070 4197 2247 4266 ignem
2297 4193 2552 4249 conflavit
2607 4203 2849 4248 nostram
2900 4205 3192 4257 naturam,
3242 4203 3296 4245 ut
3333 4201 3652 4247 evocaretur

2070 4297 2254 4342 nostra
2312 4288 2576 4356 legitima.
2631 4287 2707 4341 Ita
2764 4287 2937 4341 nescit
2993 4287 3133 4341 Deus
3185 4303 3321 4356 (plus
3372 4303 3480 4341 non
3535 4287 3653 4340 vult

2072 4394 2263 4445 nosse,
2302 4381 2370 4432 ita
2415 4379 2688 4448 ignoravit
2719 4394 2813 4432 eos
2842 4379 2933 4448 qui
2969 4379 3071 4432 sub
3109 4377 3248 4441 Noe;
3305 4379 3374 4432 ita
3421 4377 3648 4432 nescivit

391 4467 511 4522 Filii
536 4469 602 4524 de
630 4470 957 4536 hominibus,
998 4481 1053 4524 et
1085 4468 1482 4525 confessionem
1513 4471 1601 4524 Dei
1633 4471 1700 4525 de
1739 4470 1966 4524 homini-
1998 4499 2041 4554 ο
2071 4485 2162 4524 eos
2191 4471 2280 4539 qui
2319 4470 2420 4525 sub
2455 4469 2616 4535 Loth,
2653 4479 2710 4522 et
2741 4483 2835 4523 eos
2869 4470 2958 4537 qui
2993 4480 3325 4535 negaverunt
3354 4484 3478 4522 eum
3523 4478 3648 4522 ante

393 4561 532 4616 bus?
571 4562 707 4616 Num
749 4562 1005 4632 possibile
1032 4571 1115 4617 est
1151 4561 1201 4616 ei
1243 4561 1455 4627 dicere,
1487 4563 1670 4616 nescio
1701 4560 1962 4615 Patrem?

394 4651 509 4707 Scit
533 4654 727 4724 quippe
759 4661 814 4709 et
849 4654 1116 4720 homines,
1145 4665 1200 4708 et
1233 4654 1332 4708 hos
1363 4663 1676 4724 peccatores
1705 4654 1914 4722 ignorat
1947 4672 1959 4708 :

389 4745 817 4800 additamentum
884 4747 1028 4800 enim
1088 4747 1189 4801 hoc
1256 4746 1578 4800 solutionem
1643 4744 1962 4816 quaestionis

389 4836 624 4906 prebet;
650 4837 777 4905 quia
810 4837 953 4891 enim
982 4844 1298 4905 peccatores
1325 4837 1490 4906 ignoti
1519 4847 1667 4904 sunt,
1701 4851 1805 4890 non
1835 4835 1960 4904 quia

389 4929 728 4996 ignorantur,
774 4930 867 4984 sed
895 4930 1020 5000 quia
1064 4945 1168 4984 non
1214 4930 1282 4984 ab
1324 4945 1388 4983 eo
1429 4932 1762 4985 conliteutur
1810 4949 1824 4985 :
1865 4947 1960 4987 eos

387 5023 530 5078 enim
583 5023 673 5092 qui
722 5023 878 5080 malae
924 5033 1051 5080 sunt
1101 5025 1224 5079 vita:
1274 5025 1452 5080 nescit
1506 5023 1684 5078 sciens
1731 5040 1826 5080 eos
1868 5025 1958 5094 qui

389 5119 519 5171 sint.
561 5117 617 5172 Si
661 5117 804 5171 enim
831 5128 1277 5186 computarentur
1325 5118 1468 5172 inter
1491 5117 1640 5169 vivos
1671 5116 1820 5180 mali,
1852 5132 1956 5171 non

388 5208 621 5264 venisset
646 5207 905 5263 diluvium
938 5211 1038 5262 sub
1071 5207 1186 5264 Noe
1220 5228 1233 5263 :
1265 5219 1319 5262 et
1348 5208 1482 5263 alios
1507 5207 1722 5278 quidem
1755 5222 1960 5262 connu-

391 5299 618 5354 meravit
658 5316 796 5369 quos
823 5300 1019 5365 salvat,
1052 5317 1188 5371 quos
1221 5311 1401 5356 autem
1441 5300 1638 5365 nescit,
1680 5299 1856 5369 perdit
1899 5310 1959 5354 ut

391 5402 580 5461 purget
624 5400 846 5446 terram.
888 5389 1005 5446 Non
1055 5407 1182 5461 ergo
1227 5393 1413 5446 debuit
1457 5394 1536 5447 eis
1581 5405 1829 5461 parcere,
1861 5389 1955 5460 qui

461 5533 506 5565 "
528 5533 712 5588 Matth.
741 5551 794 5597 ι,
813 5535 901 5588 '57.
978 5534 1021 5565 ³ο
1049 5533 1353 5592 Maltinxtx,
1379 5533 1470 5590 ‘29.

391 5602 435 5635 ³⁸
463 5603 596 5659 Gen.
628 5620 742 5667 xtx,
771 5605 824 5659 9.
900 5605 944 5636 ⁸⁸
965 5604 1149 5658 Matth.
1194 5620 1248 5669 x,
1280 5604 1367 5660 55.

464 5739 574 5808 (88)
601 5739 823 5800 ﬂeverit.
849 5743 1027 5806 Forte,
1060 5741 1263 5807 repetit.

1545 5533 1586 5564 ιι
1625 5531 1811 5587 Mum.
1843 5545 1935 5599 xv,
1959 5531 2047 5587 37.

2071 4563 2341 4630 homines,
2369 4564 2434 4618 de
2468 4563 2662 4630 quibus
2693 4574 2746 4615 et
2776 4560 2906 4615 dicit
2939 4578 2952 4614 :
2988 4561 3404 4630 Quiruuqucme
3433 4577 3648 4631 negare-

2062 4656 2128 4708 rit
2155 4672 2330 4708 coram
2352 4655 2668 4717 hominibus,
2693 4651 2890 4720 negabo
2927 4661 2974 4706 et
3001 4669 3092 4720 ego
3121 4669 3235 4706 eum
3260 4669 3437 4706 coram
3480 4650 3640 4705 Patre

2061 4763 2174 4800 meo
2199 4749 2288 4817 qui
2315 4757 2389 4799 cst
2423 4748 2476 4798 iu
2509 4747 2650 4799 cretis
2674 4747 2745 4800 ³⁸.
2778 4745 2986 4815 Negant
3019 4757 3196 4800 autem
3230 4745 3503 4800 Christum
3537 4759 3641 4798 non

2061 4838 2233 4890 solum
2269 4837 2320 4889 hi
2357 4839 2448 4906 qui
2483 4838 2535 4891 in
2571 4839 2951 4908 persecutione
2985 4847 3204 4910 negant,
3243 4837 3508 4906 siquidem
3541 4852 3642 4892 nec

2067 4929 2157 4999 qui
2179 4928 2506 4984 conﬁtentur
2530 4931 2584 4984 in
2617 4931 3110 5000 persecutionibus,
3148 4931 3246 5001 ipsi
3273 4930 3368 4984 soli
3399 4930 3640 4998 suntqui

2067 5020 2434 5076 conﬁtentur:
2487 5023 2580 5077 sed
2624 5024 3016 5078 descendamns
3057 5024 3124 5077 ad
3171 5023 3408 5092 negotia,
3449 5033 3504 5074 et
3557 5021 3644 5074 lu-

2067 5114 2274 5182 giamus
2304 5114 2783 5185 irreligiositatem.
2821 5117 2921 5184 Qui
2970 5125 3096 5170 sunt
3141 5131 3270 5184 ergo
3316 5117 3405 5183 qui
3442 5125 3645 5185 negant

2067 5205 2280 5271 Filium,
2313 5218 2368 5262 et
2398 5209 2510 5273 ubi,
2539 5220 2593 5264 et
2628 5212 2680 5264 in
2711 5210 2928 5279 quibus,
2959 5209 3324 5264 advertamus.
3356 5207 3488 5264 Cum
3521 5208 3642 5275 quis

2067 5298 2368 5367 ingreditur
2403 5300 2676 5356 civitatem
2713 5302 2994 5372 gentilium
3018 5341 3035 5367 ,
3084 5311 3138 5358 et
3167 5301 3426 5372 religione
3471 5314 3640 5367 expo-

2067 5397 2251 5446 scente
2295 5390 2457 5447 fronti
2486 5393 2766 5464 imponere
2805 5395 3140 5468 signaculum
3173 5394 3350 5450 crucis
3381 5390 3642 5447 contrusus

2124 5531 2168 5563 "
2203 5530 2394 5589 Matth.
2419 5534 2583 5601 x,52.
2661 5535 2706 5568 ³³
2735 5533 2922 5591 Matth.
2959 5551 3087 5602 xxv,
3122 5534 3208 5589 {2.
3306 5530 3352 5565 “
3379 5529 3508 5586 ibid.
3545 5526 3635 5581 5i.
