4098 6398
532 389 668 443 ΙΙ87

1197 383 1462 441 EUSEBIl
1499 381 1976 440 CxESABlENSlS
2013 381 2098 438 ΟΡ

2207 383 2384 438 PARS
2424 383 2508 438 IV.
2549 412 2616 422 —-
2654 379 3074 438 DOGMATICA.

3628 380 3768 437 £188

538 489 736 571 fuerit;
765 506 854 575 qui
899 503 1201 574 ingreditur
1239 519 1391 557 suam
1428 502 1876 573 glorificationem
1909 509 1964 556 et
1995 502 2100 554 vir-
2130 508 2177 563 Α
2203 501 2339 571 aequi
2387 500 2609 568 judicii;
2661 498 3099 568 concupiscentia
3142 505 3324 553 autem
3361 511 3584 556 caenosa
3620 502 3766 571 turpi

531 605 701 650 tntem
748 596 926 650 crucis
969 595 1021 648 in
1057 593 1234 649 fronte
1265 609 1369 648 non
1418 593 1742 659 ostenderit,
1790 594 1894 647 iste
1936 593 2097 647 etiam

531 689 650 742 sine
693 697 963 741 tormento
1003 687 1219 756 negabit
1263 696 1316 740 et
1353 685 1705 740 sacriﬁcabit.
1739 685 1873 750 Quis
1912 693 2098 738 autem

529 789 584 834 et
628 778 765 832 alius
819 777 1036 847 negabit
1089 777 1404 832 Christum?
1448 775 1580 830 Cum
1631 777 1826 846 aliquis
1868 785 2096 829 vocatus

531 870 694 926 fuerit
726 871 791 926 ad
815 886 1025 926 caenam
1068 871 1369 940 gentilium,
1406 880 1460 924 et
1491 869 1791 939 perrexerit
1822 883 1837 924 :
1871 868 2099 922 necdum

531 965 674 1017 enim
713 963 815 1018 hoc
845 973 927 1018 est
967 963 1330 1032 prohibitum;
1376 962 1559 1015 vinum
1606 969 1783 1015 autem
1836 959 2032 1014 viderit
2071 973 2100 1009 a

531 1063 780 1109 cmnante
830 1055 882 1108 in
931 1063 1138 1108 terram
1189 1052 1389 1107 eﬂ‘undi
1443 1061 1498 1105 et
1525 1052 1724 1115 libari,
1772 1058 1827 1105 et
1876 1063 2102 1103 accenso

531 1147 865 1216 blasphemio
896 1146 961 1199 ab
994 1145 1078 1199 his
1107 1145 1200 1214 qui
1229 1158 1290 1197 ea
1322 1157 1443 1212 quae
1475 1150 1602 1196 sunt
1639 1139 1852 1194 Domini
1893 1140 2103 1208 ingrate

536 1240 901 1299 manducent,
935 1235 1200 1304 coeperint
1238 1232 1616 1301 blaSphemare
1654 1231 1704 1283 in
1752 1227 1917 1283 Deum
1966 1245 1980 1281 :
2015 1227 2104 1281 ille

533 1338 710 1384 autem
739 1337 797 1381 ut
826 1326 1071 1380 Herodes
1107 1334 1327 1394 propter
1351 1323 1750 1377 discumbentes
1777 1319 1940 1373 fuerit
1968 1334 2100 1373 con-

534 1418 684 1472 fusus
729 1427 784 1471 et
832 1417 1086 1480 tacuerit,
1145 1429 1248 1468 non
1305 1427 1511 1480 ponens
1563 1421 1688 1465 ante
1735 1410 1920 1464 oculos
1979 1423 2104 1462 suos
2145 1417 2150 1424 ’

535 1510 855 1571 Christum,
904 1516 1063 1576 negat
1115 1504 1356 1574 profecto
1401 1519 1558 1570 quem
1612 1517 1716 1556 non
1771 1497 2104 1568 reSpondens

535 1598 843 1653 confitetur.
881 1596 944 1649 Et
987 1596 1106 1648 ideo
1151 1595 1276 1648 dicit
1308 1593 1564 1646 Dominus
1604 1610 1616 1644 :
1656 1591 1961 1660 Quicunque
2009 1605 2100 1642 ne-

535 1687 734 1756 gaverit
763 1702 843 1738 me
867 1699 1043 1737 curam
1069 1682 1370 1735 hominibus
1394 1719 1408 1742 ,
1435 1679 1630 1747 negabo
1658 1688 1705 1730 et
1729 1693 1820 1746 ego
1843 1691 1960 1728 eum
1984 1683 2102 1728 ante

529 1777 753 1832 'Patrem
777 1793 944 1830 meum
976 1776 1066 1842 qui
1107 1786 1177 1828 est
1204 1776 1256 1826 in
1286 1773 1447 1826 caelis.
1475 1771 1640 1840 Negat
1663 1770 1804 1823 enim
1835 1783 1957 1822 eum
1984 1783 2101 1821 om-

2202 601 2378 646 meatu
2417 591 2683 662 jurgetur,
2731 601 2786 645 et
2835 589 3059 657 incipiat
3112 605 3402 660 suggerere
3447 599 3501 646 et
3556 592 3760 657 dicere,

2201 682 2424 750 Quando
2466 683 2570 736 erit
2595 679 2890 749 judicium?
2929 680 3148 750 quando
3195 681 3432 734 futurum
3476 681 3598 736 est?
3640 699 3766 736 num

2201 775 2306 829 hoc
2334 775 2571 844 pertinet
2615 774 2681 828 ad
2725 772 2931 826 Deum?
2974 771 3080 826 Iste
3116 771 3331 840 reliquit
3371 772 3588 840 omium,
3618 786 3670 828 et
3704 791 3765 828 ea

2201 881 2321 936 qua:
2349 866 2489 920 circa
2519 879 2606 918 me
2636 873 2765 918 sunt
2794 864 2974 918 videt?
3012 862 3266 934 Snggerit
3294 864 3438 918 enim
3482 866 3605 918 talia
3635 882 3770 920 con-

2202 958 2589 1028 cupiscentia':
2641 957 2733 1028 qui
2785 958 2954 1027 igitur
3001 957 3348 1011 consentiunt
3399 957 3522 1022 his,
3575 969 3773 1030 negant

2201 1049 2390 1105 Deum.
2431 1049 2566 1115 Quid
2622 1059 2802 1104 autem
2850 1049 2905 1103 hi
2956 1051 3046 1119 qui
3090 1049 3418 1118 perjurant?
3459 1049 3571 1104 Non
3624 1054 3769 1106 enim

2203 1150 2408 1195 tantum
2429 1150 2650 1210 peccant
2670 1141 2720 1194 in
2747 1140 3018 1194 hominem
3036 1155 3192 1208 quem
3212 1151 3492 1208 spernunt,
3516 1152 3771 1211 quantum

2205 1232 2258 1287 in
2290 1232 2453 1287 Deum
2483 1247 2640 1302 quem
2674 1241 3029 1286 contemnunt
3063 1249 3076 1285 :
3105 1232 3195 1300 qui
3226 1231 3367 1286 enim
3407 1232 3771 1300 juramentum

2204 1325 2520 1391 contemnit,
2560 1325 2723 1379 Deum
2748 1334 2926 1393 negat.
2956 1324 3111 1378 Unde
3138 1332 3192 1379 et
3216 1338 3443 1392 parcens
3475 1326 3627 1380 nobis
3652 1324 3773 1379 Sal-

2205 1428 2378 1482 vator,
2407 1418 2470 1471 de
2498 1417 2617 1471 aliis
2664 1417 2874 1485 quidem
2905 1417 3140 1482 mandat,
3176 1425 3431 1486 quantum
3464 1426 3518 1470 et
3551 1416 3770 1470 deberet

2204 1509 2479 1562 mandare.
2519 1508 2597 1560 Ad
2619 1505 2979 1574 juramentum
3008 1505 3227 1560 veniens
3245 1507 3313 1560 ob
3339 1505 3544 1560 facilem
3575 1507 3770 1576 lingua:

2204 1599 2432 1670 lapsum,
2462 1613 2566 1652 non
2596 1598 2749 1660 dixit,
2773 1597 2910 1652 Vere
2929 1597 3126 1666 jurate.
3159 1595 3253 1651 sed
3278 1597 3333 1649 in
3362 1606 3529 1652 totum
3554 1598 3649 1661 ait,
3671 1597 3776 1650 Ju-

2204 1709 2323 1745 rare
2352 1691 2552 1755 nolite;
2586 1704 2652 1744 ne
2697 1689 2833 1744 forte
2882 1688 3060 1759 lingua
3089 1689 3389 1743 assuefacta
3420 1703 3546 1743 vere
3568 1687 3775 1756 jurare.

2205 1784 2273 1837 ob
2312 1782 2520 1836 facilem
2571 1782 2783 1850 lapsum
2834 1781 2916 1834 sui
2961 1781 3225 1835 oberrans
3269 1779 3678 1856 periclitaretur,
3719 1788 3778 1834 et

537 1869 621 1922 nis
653 1868 960 1938 quicunque
994 1864 1228 1918 audierit
1266 1861 1710 1929 blaspbemantes
1741 1867 1794 1912 et
1830 1858 2103 1912 tacuerit:

2209 1871 2656 1941 irreligiositatem
2693 1871 3012 1924 incurreret.
3055 1868 3365 1923 Certamina
3398 1854 3560 1937 igitur
3597 1869 3779 1939 quoti-

535 1967 697 2027 negat
725 1958 900 2010 omnis
931 1956 1240 2024 quicunque
1285 1953 1518 2006 audierit
1565 1965 1782 2004 crucem
1803 1989 1819 2013 ,
1850 1957 1906 2002 et
1936 1949 2102 2016 depo-

537 2049 707 2102 suerit
757 2047 973 2101 oculum
1023 2061 1178 2099 suum
1212 2045 1590 2098 erubescens:
1642 2043 1733 2109 qui
1781 2041 1999 2104 dicunt,
2033 2037 2102 2093 ad

541 2153 675 2206 quos
709 2137 895 2191 dicunt
929 2150 960 2190 a
1005 2135 1317 2205 parentibus
1351 2133 1557 2202 accepi,
1594 2140 1850 2199 tanquam
1891 2126 2106 2198 propel-

538 2229 708 2284 lentes
755 2243 784 2282 a
827 2243 886 2282 se
929 2229 1149 2289 bonum,
1186 2236 1242 2280 et
1293 2237 1349 2278 ut
1398 2226 1450 2278 in
1503 2223 1698 2277 malam
1737 2220 2104 2276 hazreditatem

540 2322 871 2386 incidentes;
924 2319 1016 2388 qui
1061 2327 1352 2372 occurrunt
1401 2315 1719 2386 quibusdam
1766 2311 2106 2366 venientibus

539 2415 604 2467 ad
630 2411 948 2476 Ecclesiam,
983 2419 1038 2463 et
1071 2410 1340 2478 trepidant
1373 2408 1617 2478 pedibus,
1644 2404 1770 2474 quia
1798 2412 1852 2458 et
1895 2411 2103 2468 mente;

538 2503 630 2572 qui
668 2501 952 2572 occultant
998 2500 1266 2570 jejunium
1309 2507 1561 2567 tanquam
1607 2497 1675 2549 ad
1721 2493 2102 2564 opprobrium;

539 2595 631 2663 qui
664 2591 1068 2648 confunduntur
1108 2591 1258 2645 exire
1304 2589 1371 2642 ad
1411 2597 1700 2658 martyres,
1738 2586 1860 2654 quia
1913 2585 2103 2638 audie-

538 2694 666 2740 runt
713 2685 970 2753 quosdam
1025 2682 1267 2736 dicentes
1321 2679 1443 2745 sibi,
1497 2678 1792 2733 debuerant
1847 2676 2100 2744 adjuvare

539 2785 806 2847 martyres
839 2774 1038 2830 Christi
1072 2793 1085 2828 :
1127 2773 1217 2842 qni
1259 2771 1448 2825 nolunt
1493 2769 1707 2823 irrideri
1751 2769 1817 2821 ab
1870 2767 2104 2820 homini-

541 2870 664 2931 bus,
711 2865 1040 2921 sustinentes
1086 2871 1271 2933 utpote
1317 2860 1444 2914 illud
1476 2857 1617 2928 quod
1665 2857 1741 2910 ait
1785 2857 2044 2925 propheta
2081 2872 2096 2909 :

543 2958 646 3022 Qui
673 2957 870 3010 habitat
913 2958 968 3008 in
1010 2954 1151 3008 cretis
1195 2952 1430 3006 irridebit
1460 2967 1546 3004 eos
1571 2949 1635 3003 ³⁷.
1665 2949 1887 3018 Semper
1917 2962 2101 3016 perse-

537 3049 684 3102 cutio
718 3057 822 3112 est,
865 3060 1077 3114 semper
1110 3042 1380 3098 invisibile
1419 3041 1617 3094 bellum
1657 3040 1906 3105 habetur,
1961 3054 2102 3093 sem-

537 3153 637 3208 per
675 3152 912 3200 coronm,
949 3149 1165 3203 semper
1211 3133 1516 3204 abnegatio.
1561 3131 1733 3185 Vultis
1767 3130 1954 3185 videre
1987 3144 2104 3183 cer.

2208 1965 2365 2018 diana
2391 1974 2514 2018 sunt
2537 1965 2661 2027 ista,
2691 1978 2810 2033 qua:
2838 1977 2937 2031 per
2966 1963 3083 2017 dies
3126 1978 3188 2016 ac
3213 1971 3397 2016 noctes
3425 1973 3549 2017 sunt
3580 1963 3731 2017 nobis
3756 1981 3774 2017 :

2206 2054 2548 2124 pulchritudo
2573 2055 2714 2109 enim
2749 2053 3019 2124 proposita
3045 2062 3125 2107 est
3149 2054 3408 2118 mulieris,
3436 2063 3490 2108 et
3516 2054 3780 2126 effulgens

2208 2144 2404 2215 efﬁgies
2428 2142 2574 2199 Jesu.
2635 2144 2702 2200 Et
2763 2146 2851 2200 ille
2899 2147 3116 2215 quidem
3153 2148 3398 2201 deorsum
3455 2147 3684 2215 inspexit
3724 2158 3781 2201 et

2208 2235 2378 2305 perit;
2432 2235 2568 2288 alius
2601 2247 2774 2290 autem
2805 2251 3016 2291 sursum
3048 2238 3314 2308 respexit,
3344 2247 3397 2292 et
3421 2248 3725 2307 assumptus
3759 2257 3775 2292 :

2208 2325 2299 2380 ubi
2342 2327 2483 2381 enim
2519 2341 2633 2393 cor,
2665 2327 2774 2382 illic
2825 2339 2878 2383 et
2907 2329 3094 2384 oculus
3146 2331 3394 2385 habetur.
3428 2329 3774 2399 Propositum

2208 2427 2291 2473 est
2319 2434 2448 2474 sane
2485 2429 2538 2474 et
2565 2435 2756 2474 aurum
2789 2430 2843 2474 et
2869 2419 3047 2488 Jesns,
3081 2431 3133 2475 et
3176 2438 3279 2477 non
3309 2432 3391 2477 est
3419 2423 3630 2492 quidem
3656 2438 3780 2492 pro-

2205 2505 2402 2575 positio
2458 2509 2699 2576 aequalis.
2767 2506 2909 2574 Quid
2970 2520 3170 2572 autem,
3237 2511 3363 2581 quia
3425 2525 3524 2565 nec
3586 2513 3780 2581 aequali

2209 2598 2429 2664 utimur,
2487 2601 2579 2653 sed
2627 2599 2942 2654 decliviores
2982 2599 3243 2656 efﬁcimur
3309 2602 3374 2656 ad
3437 2602 3668 2669 minora,
3724 2613 3784 2658 et

2207 2689 2342 2742 adeo
2369 2688 2678 2744 fraudamur
2711 2693 2780 2746 ob
2832 2706 2894 2745 ea
2921 2707 3041 2761 quae
3093 2707 3196 2746 non
3224 2693 3428 2747 vivunt.
3457 2692 3513 2746 ln
3544 2708 3783 2763 unoquo-

2207 2795 2312 2850 que
2368 2783 2527 2854 igitur
2581 2783 2880 2839 istiusmodi
2939 2793 3059 2838 actu
3096 2785 3389 2839 certamina
3429 2794 3555 2839 sunt
3582 2787 3780 2854 posita,

2207 2880 2262 2926 et
2323 2880 2616 2928 certamina
2677 2873 2989 2942 domestica,
3061 2875 3186 2944 quia
3248 2876 3313 2929 ab
3377 2875 3520 2928 intus
3587 2873 3776 2929 mulier

2209 2963 2434 3030 videtur,
2470 2975 2522 3020 et
2568 2965 2906 3036 pulchritudo
2957 2981 3023 3021 ex
3069 2967 3502 3036 concupiscentia
3555 2965 3769 3020 exarde-

2209 3055 2330 3119 scit,
2377 3065 2431 3108 et
2462 3070 2558 3109 nos
2608 3066 2882 3125 provocat,
2930 3065 2983 3111 et
3027 3056 3251 3111 ambitio
3281 3056 3533 3120 delectat,
3581 3067 3635 3112 et
3661 3072 3779 3112 ser-

2211 3163 2302 3202 mo
2355 3151 2616 3212 hortatur,
2671 3158 2724 3202 et
2773 3147 2837 3202 lis
2883 3158 2936 3202 et
2979 3147 3287 3203 collucmtio
3335 3164 3402 3204 ex
3451 3149 3566 3202 rixa
3620 3149 3784 3204 elﬁci-

544 3229 744 3282 tamina
797 3225 1204 3297 religiositatis?
1249 3221 1642 3291 Nonnunquam
1703 3220 1952 3275 efferbuit
1990 3220 2110 3289 quis
2138 3226 2180 3284 (ζ
2215 3249 2321 3302 ιω..
2368 3249 2423 3294 ει
2450 3254 2554 3292 non
2582 3239 2844 3294 adversus
2894 3242 3210 3311 sanguine",
3239 3242 3437 3311 quippe
3466 3250 3785 3304 “carnem,

538 3321 622 3376 ira
658 3321 943 3374 adverSum
991 3318 1264 3373 subditum
1301 3316 1436 3381 sibi;
1491 3325 1884 3369 rememoratus
1922 3323 2104 3366 autem

539 3412 772 3475 Domini,
805 3411 1053 3480 deposuit
1080 3409 1432 3464 acerbitatem
1474 3424 1488 3460 :
1524 3406 1676 3476 pejus
1705 3406 1847 3459 enim
1882 3413 1964 3459 est
1995 3404 2104 3460 fer-

538 3506 655 3562 vori
709 3506 944 3560 incensae
998 3503 1090 3557 iraa
1143 3501 1418 3564 resistere,
1467 3514 1630 3566 quam
1678 3497 1907 3552 flamma:
1961 3497 2100 3566 ignis

538 3611 657 3666 qua:
682 3610 714 3648 a
755 3594 888 3649 foris
933 3591 1182 3646 habetur.
1221 3588 1355 3656 Qnia
1403 3588 1568 3656 igitur
1619 3596 1824 3656 martyr
1873 3595 1955 3639 est
1992 3587 2088 3655 qui

538 3697 753 3760 propter
814 3685 982 3740 Deum
1031 3687 1102 3736 ad
1151 3682 1476 3736 exteriorem
1523 3677 1796 3732 flammam
1838 3677 2042 3732 resistit
2088 3691 2102 3727 :

541 3803 746 3864 martyr
783 3801 839 3846 et
867 3791 1020 3845 valde
1047 3799 1276 3859 martyr,
1317 3787 1408 3857 qui
1442 3788 1736 3856 exstinguit
1760 3786 1986 3840 interius
2022 3784 2106 3840 in-

537 3885 786 3939 cendium
817 3883 1031 3937 invidia:
1057 3891 1273 3950 propter
1299 3879 1580 3933 Dominum
1605 3877 1824 3944 Jesum;
1854 3893 2104 3932 nonnun-

539 3992 700 4046 quam
739 3975 882 4030 enim
928 3973 1140 4028 videtur
1169 3972 1370 4041 aliquid
1403 3972 1603 4026 bonum
1653 3980 1745 4025 aut
1785 3970 2004 4036 malum,
2049 3980 2106 4026 et

538 4070 782 4137 exsurgit
822 4067 1042 4131 invidia,
1075 4080 1130 4120 et
1159 4080 1316 4120 nemo
1355 4064 1534 4129 videt;
1583 4063 1753 4118 latent
1797 4063 1942 4118 enim
1987 4077 2106 4132 qua:

540 4163 687 4214 intus
712 4167 860 4213 sunt.
903 4157 1039 4224 Quia
1071 4166 1248 4212 autem
1286 4165 1514 4210 testatur
1547 4156 1686 4209 Deus
1711 4155 1995 4210 adversum
2022 4155 2105 4208 in-

541 4251 738 4306 vidiam
789 4251 856 4304 ad
908 4250 1055 4303 illum
1103 4249 1432 4318 respiciens,
1479 4248 1618 4302 sicut
1655 4246 1959 4318 Joses(88‘)
1995 4262 2101 4302 non

541 4343 762 4398 vidente
821 4341 1044 4397 Domino
1071 4340 1181 4413 (89)
1220 4341 1310 4410 qui
1333 4350 1451 4395 erat
1481 4341 1532 4394 in
1559 4347 1726 4402 terra,
1756 4341 1824 4394 ad
1864 4339 2107 4393 invisibi-

540 4435 643 4491 lem
674 4435 944 4504 respexit,
980 4444 1036 4488 et
1073 4432 1374 4487 mercedem
1416 4433 1675 4502 propositi
1709 4433 1960 4497 sumpsit.
1994 4430 2103 4486 lte-

540 4542 660 4582 rum
694 4527 786 4596 qui
821 4524 1059 4580 refrenat
1109 4523 1366 4578 invidiam
1412 4534 1619 4594 martyr
1653 4523 1886 4588 exsistit,
1933 4531 1986 4577 et
2013 4523 2103 4592 qui

541 4617 822 4673 alacritate
845 4615 1169 4687 judicaverit
1197 4613 1336 4668 male
1364 4614 1431 4668 de
1471 4615 1636 4669 fratre
1679 4613 1843 4682 loqui,
1873 4623 1927 4668 et
1952 4630 2091 4669 mea-

543 4717 655 4763 tum
698 4721 868 4776 usque
908 4706 974 4759 ad
1024 4704 1260 4772 linguam
1293 4705 1600 4773 protulerit,
1641 4721 1700 4762 os
1735 4715 1912 4762 autem
1945 4722 2103 4762 suum

542 4806 765 4867 pr0pter
797 4795 889 4850 Dei
923 4796 1170 4850 timorem
1217 4811 1324 4850 non
1362 4799 1658 4866 aperuerit,
1709 4799 1816 4853 iste
1855 4800 2104 4853 invisibi-

543 4889 668 4944 liter
695 4887 988 4942 conlitetur
1029 4887 1222 4943 Deum.
1253 4887 1322 4942 Et
1363 4891 1450 4943 cui
1487 4889 1695 4944 licitum
1744 4899 1828 4946 est
1855 4890 2108 4946 fraudare

541 4992 596 5037 et
625 4995 730 5034 non
763 4979 1010 5046 fraudat;
1037 4987 1093 5032 et
1118 4979 1204 5034 cui
1238 4979 1446 5034 licitum
1474 4991 1558 5036 est
1589 4982 1760 5037 furari
1803 4981 2108 5052 conjugium

542 5071 812 5136 alienum,
867 5079 923 5126 et
970 5071 1145 5141 parcit
1195 5071 1248 5125 in
1300 5073 1555 5127 omnibus
1607 5073 1693 5127 his
1749 5087 1867 5142 qua:
1918 5071 2109 5126 oculus

541 5161 810 5216 sensibilis
861 5177 968 5216 non
1024 5163 1206 5230 videt,
1258 5162 1544 5217 invisibilis
1599 5175 1782 5216 autem
1836 5163 2103 5228 intuetur,

543 5254 803 5324 martyria
822 5264 877 5307 et
895 5253 1263 5310 confessiones
1283 5254 1570 5309 habentur.
1590 5252 1798 5324 Negant
1825 5265 2005 5308 autem
2046 5265 2105 5306 re

542 5349 658 5418 ipsa
699 5356 754 5402 et
793 5362 955 5415 opere
988 5347 1087 5411 illi,
1119 5362 1254 5416 quos
1293 5363 1416 5402 cum
1452 5349 1686 5404 tenuerit
1723 5347 2106 5416 concupiscen-

544 5443 652 5508 tia,
705 5450 760 5495 et
808 5450 928 5510 post
997 5441 1110 5494 hmc
1173 5441 1382 5496 venerit
1454 5440 1746 5511 Scriptum
1808 5439 2108 5504 memoria,

544 5534 668 5603 quia
723 5542 809 5588 est
860 5534 1000 5588 Deus
1052 5533 1141 5604 qui
1195 5534 1340 5589 videt
1380 5541 1435 5590 et
1482 5534 1711 5605 judicat,
1747 5543 1796 5589 e:
1855 5532 1978 5604 quia
2031 5539 2112 5587 est

610 5669 652 5700 ³⁷
677 5668 822 5724 Psal.
848 5684 910 5735 ll,
938 5669 988 5723 4.

611 5824 746 5896 (88')
793 5825 962 5881 lases.
993 5824 1174 5894 Forte,
1213 5825 1401 5881 Moses.

760 6107 984 6335 ἰ

2213 3334 2307 3388 sed
2335 3333 2616 3388 adversum
2657 3334 2952 3389 invisibiles
2987 3333 3239 3389 inimicos
3271 3333 3693 3388 invisibiliter-et
3731 3335 3787 3388 in

2213 3423 2298 3478 bis
2337 3423 2590 3478 omnibus
2620 3424 2916 3478 certamina
2948 3434 3072 3477 sunt
3120 3432 3176 3478 et
3202 3438 3422 3493 agones.
3477 3421 3612 3477 Cum
3639 3422 3784 3492 jeju-

2213 3515 2358 3570 nium
2391 3525 2444 3571 et
2467 3530 2592 3570 esca
2619 3517 2954 3586 proponitur,
2984 3531 3104 3569 cum
3129 3517 3246 3571 sitis
3273 3527 3326 3570 et
3349 3515 3634 3584 jejunium,
3659 3531 3787 3570 cum

2213 3611 2462 3678 pudicitia
2496 3619 2553 3665 et
2597 3609 2782 3673 libido,
2831 3624 2950 3663 cum
2999 3609 3241 3664 Ecclesia
3282 3621 3338 3664 et
3389 3610 3622 3673 theatra,
3661 3625 3789 3662 cum

2212 3702 2326 3756 dies
2349 3702 2554 3756 Domini
2572 3713 2625 3756 et
2649 3702 2762 3756 dies
2789 3701 3190 3768 daemoniorum,
3218 3717 3338 3756 cum
3360 3700 3580 3758 aﬂectus
3595 3699 3661 3753 ad
3683 3702 3788 3754 ho~

2213 3796 2383 3850 mines
2411 3803 2463 3849 et
2493 3795 2728 3849 charitas
2753 3795 2820 3849 ad
2852 3795 3039 3849 Deum.
3073 3795 3138 3848 Et
3177 3794 3230 3849 in
3256 3795 3343 3848 bis
3376 3794 3627 3849 omnibus
3658 3792 3788 3862 qui-

2211 3888 2336 3942 dam
2369 3887 2583 3956 quidem
2619 3896 2841 3956 negant,
2888 3887 3104 3956 quidam
3132 3897 3309 3941 autem
3343 3885 3699 3948 confitentur;
3731 3895 3787 3942 et

2214 3980 2579 4050 unusquisque
2611 3979 2712 4034 sibi
2750 3987 3012 4049 procurat
3044 3977 3240 4032 bonum
3276 3986 3369 4031 aut
3395 3976 3616 4040 malum,
3636 3975 3785 4044 judi-

2213 4071 2357 4126 cium
2389 4078 2481 4124 ant
2535 4069 2797 4139 requiem,
2829 4069 3128 4139 gehennam
3175 4076 3268 4122 aut
3301 4082 3463 4137 regna
3500 4070 3786 4122 caelorum.

2213 4161 2350 4229 Quid
2382 4171 2558 4217 autem
2602 4163 2653 4215 hi
2714 4163 2802 4230 qui
2840 4162 3158 4226 sortiuntur,
3211 4161 3301 4230 qui
3331 4161 3396 4214 ad
3425 4171 3577 4214 vates
3612 4160 3786 4214 idolo-

2211 4271 2328 4310 rum
2357 4254 2623 4324 pergunt?
2660 4253 2752 4308 Isti
2790 4252 2999 4308 occulte
3032 4252 3340 4307 sacrificant
3386 4251 3560 4312 idolis,
3597 4260 3652 4306 et
3681 4266 3787 4306 ne-

2212 4354 2340 4415 gant
2365 4344 2558 4399 Deum.
2600 4343 2737 4412 Quid
2779 4343 2832 4398 bi
2887 4343 2979 4413 qui
3007 4347 3234 4397 credunt
3270 4343 3396 4411 quia
3423 4357 3453 4396 a
3500 4341 3669 4396 stellis
3701 4343 3786 4396 eis

2212 4438 2348 4494 mala
2384 4438 2728 4508 proveniunt,
2783 4445 2838 4490 et
2888 4435 3058 4489 fatum
3098 4449 3218 4489 esse
3246 4433 3526 4488 fatentur?
3555 4433 3689 4500 Quid
3729 4435 3786 4488 bi

2211 4530 2302 4598 qui
2327 4529 2698 4597 auSpicantur,
2727 4529 2817 4594 qui
2851 4526 2967 4580 dies
2989 4533 3043 4579 et
3072 4539 3232 4578 voces
3254 4534 3308 4578 et
3329 4537 3520 4594 passus
3548 4523 3787 4577 vitantes

2212 4618 2554 4674 custodiunt?
2581 4618 2688 4671 Aut
2713 4631 2817 4670 non
2863 4615 3031 4684 plena:
3060 4624 3187 4669 sunt
3221 4614 3303 4668 bis
3333 4627 3520 4667 omnes
3548 4611 3788 4665 maxime

2213 4710 2468 4764 mulieres
2495 4708 2847 4762 observantes
2891 4705 3052 4760 talia?
3103 4704 3235 4771 Quis
3268 4704 3479 4757 locutus
3515 4701 3634 4756 est?
3657 4700 3787 4768 quis

2206 4820 2302 4876 per
2345 4816 2506 4857 nares
2535 4800 2783 4871 spiritum
2833 4797 3094 4868 protulit?
3123 4798 3244 4867 quis
3291 4805 3470 4849 motus
3508 4793 3626 4848 est?
3656 4806 3786 4860 qua

2204 4897 2319 4952 avis
2352 4894 2572 4959 volavit,
2607 4904 2663 4947 et
2713 4891 2876 4956 unde,
2932 4899 3026 4944 aut
3051 4889 3343 4959 quomodo,
3391 4895 3485 4939 aut
3510 4882 3786 4954 qualiter?

2202 4988 2327 5058 quis
2357 4985 2626 5041 ululavit“?
2676 4983 2852 5040 Canes
2905 4981 3165 5036 debemus
3208 4978 3488 5034 recludere
3527 4975 3674 5039 tales,
3711 4989 3789 5028 ne

2204 5079 2498 5148 procedant
2527 5089 2556 5130 e
2586 5061 2854 5129 domibus.
2881 5071 3024 5127 Fieri
3048 5071 3190 5125 enim
3217 5083 3322 5123 non
3352 5074 3549 5137 potest,
3585 5075 3644 5118 ut
3667 5081 3790 5118 non

2205 5168 2409 5238 aliquid
2439 5166 2546 5221 tale
2573 5172 2844 5220 occurrat.
2875 5161 3245 5230 Vosmetipsos
3283 5158 3528 5227 probate,
3554 5166 3609 5210 et
3637 5156 3794 5210 vide-

2201 5259 2330 5314 bitis
2363 5260 2573 5328 quoties
2600 5258 2665 5310 ad
2704 5253 3010 5309 istiusmodi
3049 5250 3302 5308 certastis
3349 5248 3608 5319 auspicia,
3635 5261 3786 5314 quo-

2205 5349 2305 5404 ties
2339 5359 2480 5402 mota
2513 5357 2599 5402 est
2627 5343 3086 5414 concupiscentia,
3131 5343 3226 5396 sed
3257 5348 3310 5396 et
3331 5339 3589 5394 memoria
3620 5336 3719 5390 Dei
3759 5353 3780 5389 :

2204 5451 2260 5496 et
2284 5448 2402 5494 erat
2426 5448 2722 5503 certamen,
2747 5448 2800 5491 et
2823 5437 3114 5503 contentio,
3139 5443 3193 5491 et
3213 5447 3421 5488 cursus.
3457 5431 3522 5484 Et
3547 5429 3683 5483 sicut
3717 5429 3784 5483 in

2207 5529 2475 5601 palaestris
2505 5527 2645 5582 alius
2673 5526 2965 5597 aliquando
2986 5552 2998 5564 -
3017 5524 3266 5596 superior
3294 5519 3520 5577 eﬂicitur
3563 5518 3689 5583 alio,
3717 5530 3788 5574 et

2214 5869 2225 5881 ,
2267 5819 2377 5890 (89)
2407 5815 2508 5873 Ms.
2533 5816 2664 5870 sicut
2692 5811 2884 5884 Jascph
2911 5827 3012 5868 non
3039 5811 3232 5866 vidente
3252 5808 3494 5862 Domino.
