4100 6456
338 323 476 377 1189

1391 314 1478 369 DE
1519 312 1858 369 OPERIBUS
1895 312 2094 367 BONlS
2133 311 2220 366 ET
2260 312 2486 369 MALIS.

3441 322 3581 378 ll90

339 439 626 510 aliquando
648 436 871 492 inferior
896 435 1061 504 iacet,
1089 445 1141 490 et
1170 435 1224 490 in
1252 434 1365 504 ipsa
1396 432 1785 489 colluctatione
1807 431 1916 485 fre-
1945 436 1989 492 Α
2021 430 2105 484 nia
2174 431 2505 500 dispendium
2554 429 2952 485 obumbratum.
3008 431 3108 486 Ubi
3162 442 3246 488 est
3267 477 3273 484 .
3294 434 3586 493 hesternus

338 541 564 604 quenter
607 529 892 585 conversio
947 537 1031 584 est
1073 527 1244 592 facta;
1297 529 1368 580 ita
1400 535 1453 581 et
1488 540 1682 582 sensus
1717 524 1911 593 saepius

338 639 461 681 cum
491 621 928 690 concupiscentia
957 618 1192 673 luctatus
1229 626 1312 672 est
1343 617 1395 671 in
1422 615 1654 682 lectulis,
1686 615 1738 669 in
1773 614 1910 680 foro,

340 714 393 768 itt
422 713 604 778 domo,
640 711 693 765 in
728 712 976 775 theatris,
1010 710 1063 765 in
1106 709 1478 778 lupanaribus.
1523 707 1586 762 Et
1615 709 1730 763 haec
1781 705 1914 760 facit

340 819 461 874 quae
505 813 560 858 et
599 802 775 858 oculis
811 802 1052 856 videmus
1088 801 1414 856 visibiliter:
1451 801 1620 853 tenuit
1649 797 1910 867 concupi-

339 897 573 961 scentia,
609 903 666 948 et
700 892 900 964 pepulit
930 909 1168 957 sensum,
1203 903 1257 947 et
1293 891 1490 946 occidit
1531 890 1822 959 cogitatus,
1859 896 1914 943 et

341 988 688 1060 superposuit
741 1001 801 1042 se
840 988 1292 1054 concupiscentia.
1342 986 1536 1040 lterum
1582 992 1762 1038 autem
1807 983 1912 1035 vim

341 1078 552 1134 faciens
596 1091 791 1130 sensus
835 1084 1112 1130 correctus
1167 1083 1265 1132 est.
1328 1084 1379 1128 et
1425 1073 1706 1142 superbior
1740 1070 1913 1122 factus

339 1179 447 1234 est,
480 1168 753 1240 superavit
785 1165 1108 1222 desiderium
1151 1164 1492 1220 libidinosum
1525 1178 1539 1216 :
1574 1163 1764 1216 horum
1798 1175 1914 1214 om—

341 1263 491 1317 nium
518 1260 949 1330 experimentum
979 1259 1114 1326 apud
1143 1272 1239 1312 vos
1270 1265 1376 1310 est.
1408 1256 1573 1310 Scitis
1602 1255 1744 1309 enim
1774 1267 1914 1321 quo-

346 1352 448 1407 ties
497 1352 562 1405 ad
605 1350 1123 1419 concupiscentiam,
1155 1348 1363 1417 quoties
1405 1347 1471 1400 ad
1500 1345 1772 1399 libidinem
1799 1343 1915 1397 ille-

346 1445 416 1500 cti
452 1445 604 1508 estis,
631 1444 844 1512 quoties
873 1441 938 1494 ad
967 1439 1275 1505 avaritiam,
1304 1438 1520 1508 quoties
1545 1437 1610 1491 ad
1641 1437 1910 1502 fraudem,

347 1537 558 1607 quoties
586 1536 650 1588 ad
687 1536 846 1600 iram,
880 1533 1089 1602 quoties
1125 1531 1191 1586 ad
1239 1531 1658 1598 indignationem
1695 1546 1708 1582 :
1745 1528 1912 1582 decli-

346 1629 430 1684 vis
451 1629 593 1684 enim
618 1643 744 1682 caro
777 1627 843 1680 ad
876 1627 976 1680 ista
1000 1635 1082 1679 est
1111 1625 1262 1689 vitia,
1285 1633 1337 1678 et
1369 1624 1534 1693 ipsius
1556 1623 1737 1676 carnis
1768 1636 1914 1675 mea-

349 1729 455 1775 tus.
485 1718 660 1773 Vincit
700 1728 877 1773 autem
908 1718 1021 1772 haec
1048 1718 1315 1786 cogitatus
1341 1716 1641 1770 colluctatis
1673 1729 1768 1783 per
1801 1712 1912 1781 spi-

2017 520 2151 586 dies,
2208 532 2263 575 ut
2294 522 2367 575 sis
2407 521 2667 576 sollicitus
2713 522 2778 576 de
2829 525 3129 578 hodierno?
3163 526 3249 580 ubi
3305 538 3430 583 sunt
3467 544 3588 599 quae

2017 609 2132 664 beri
2181 610 2233 665 in
2287 620 2525 665 ventrem
2562 612 2722 664 missa
2773 623 2917 679 sunt,
2963 624 3022 667 ut
3074 616 3264 670 iterum
3317 634 3588 689 prmpares

2017 702 2221 756 multa?
2245 701 2436 771 Figura
2469 711 2550 757 est
2574 717 2811 772 praesens
2839 706 3114 771 saeculum,
3145 717 3198 761 et
3224 723 3327 762 non
3352 712 3582 769 veritas:

2017 795 2223 848 umbra:
2266 794 2507 848 volantes
2551 804 2694 849 sunt.
2738 795 2873 861 Quid
2935 798 3172 854 velocius
3221 802 3333 856 sole
3390 803 3442 857 in
3480 819 3586 872 quo

2020 894 2362 939 mensuratur
2391 885 2543 938 vita?
2573 885 2851 956 Evigilate,
2885 888 3026 955 iusti,
3053 898 3107 942 et
3146 891 3310 944 nolite
3336 909 3581 959 peccare.

2019 977 2301 1030 Peccatum
2355 985 2536 1030 autem
2583 979 2810 1033 ellicitur
2848 979 2917 1033 ob
2963 983 3320 1049 ignorantiam
3355 984 3467 1039 Dei.
3527 986 3582 1040 Si

2017 1067 2162 1120 enim
2219 1066 2433 1136 agnitus
2466 1067 2631 1122 fuerit
2681 1069 2821 1124 Deus
2854 1071 2943 1140 qui
2979 1072 3156 1124 omnia
3202 1075 3457 1139 intuetur,
3497 1093 3583 1131 re-

2019 1158 2319 1225 percutitur
2350 1173 2510 1213 omne
2553 1171 2855 1227 peccatum.
2913 1164 3020 1216 Deo
3049 1165 3192 1217 enim
3231 1177 3491 1232 prmseute
3535 1180 3583 1223 et

2018 1250 2236 1304 vidente
2266 1250 2386 1318 quis
2410 1251 2542 1305 velit
2589 1251 2752 1306 iurari
2773 1255 2796 1306 ἵ
2821 1252 2920 1318 Qui
2951 1265 3129 1310 autem
3162 1258 3400 1325 furatur,
3438 1263 3584 1329 prius

2021 1342 2483 1412 irreligiositatem
2518 1345 2770 1411 admittit,
2803 1355 2856 1400 ct
2900 1349 2972 1401 ita
3023 1358 3198 1403 nocet.
3239 1351 3295 1406 Si
3327 1353 3469 1405 enim
3500 1370 3584 1408 co-

2019 1436 2243 1503 gitasset
2290 1436 2420 1490 Cain
2465 1438 2589 1506 quia
2620 1440 2765 1493 videt
2793 1441 2954 1504 Deus,
3000 1458 3270 1512 nunquam
3299 1445 3585 1499 occidisset

2018 1525 2171 1589 Abel,
2203 1541 2360 1595 quem
2408 1537 2463 1580 et
2495 1528 2782 1598 abnegavit
2828 1531 3070 1587 fratrem.
3098 1533 3154 1586 Si
3182 1534 3442 1589 vidissent
3477 1536 3584 1588 Eva

2020 1627 2073 1670 et
2117 1616 2286 1670 Adam
2317 1619 2504 1681 Deum,
2557 1634 2659 1673 non
2705 1623 2967 1675 vidissent
3028 1625 3296 1681 arborem.
3337 1625 3585 1694 Nunquid

2021 1722 2308 1776 possumus
2354 1712 2407 1764 in
2436 1712 2569 1766 duas
2593 1711 2756 1766 facies
2789 1715 2946 1767 simul
2987 1718 3154 1770 visum
3183 1719 3460 1773 intendere
3492 1735 3587 1771 no-

349 1813 534 1868 ritum.
567 1810 640 1864 Ita
679 1823 1061 1878 nonnunquam
1095 1809 1342 1861 videmus
1369 1821 1656 1876 pauperem
1687 1824 1698 1859 :
1735 1811 1791 1858 et
1819 1804 1914 1856 mi-
1949 1798 1991 1852 Β
2017 1803 2233 1856 strum?
2263 1803 2366 1857 Sed
2395 1821 2499 1859 non
2523 1806 2744 1873 suscipit
2766 1806 2970 1860 oculus.
3005 1807 3120 1861 Non
3159 1825 3436 1876 possumus
3459 1825 3586 1879 ergo

346 1901 638 1958 sericordia
674 1901 886 1970 quidem
933 1898 1124 1963 flectit,
1156 1898 1380 1952 avaritia
1429 1907 1606 1951 autem
1660 1906 1912 1960 revocat;

349 1997 402 2043 et
427 1988 672 2044 volumus
688 1997 1040 2056 agnoscentes
1064 2002 1185 2040 cum
1210 2001 1375 2055 gener
1392 1996 1474 2041 est
1497 1987 1738 2040 misereri
1765 1985 1874 2056 (90)
1895 2001 1910 2050 ;

353 2080 405 2134 id
436 2089 614 2133 autem
653 2081 796 2148 quod
844 2078 1075 2132 alienum
1105 2089 1190 2133 est
1222 2093 1327 2132 non
1357 2079 1504 2132 sinit.
1536 2079 1612 2131 lta
1638 2088 1914 2132 certamen

352 2179 433 2223 est
464 2170 753 2222 maximum
779 2170 829 2221 in
861 2169 1158 2222 istiusmodi
1182 2168 1425 2234 aclibus;
1459 2166 1524 2220 de
1556 2168 1663 2220 Deo
1691 2165 1834 2221 enim
1863 2174 1918 2221 et

354 2261 420 2316 de
451 2275 755 2316 mammona
809 2269 1079 2314 certamen
1118 2259 1366 2322 habetur,
1399 2258 1524 2326 quia
1563 2265 1619 2310 et
1662 2255 1919 2310 Dominus

352 2351 468 2422 ipse
497 2352 629 2406 dicit
660 2374 671 2408 :
717 2350 884 2405 Nemo
919 2361 1078 2418 potest
1125 2353 1323 2404 duobus
1368 2350 1594 2403 dominis
1625 2349 1813 2403 servire
1838 2348 1916 2415 '3;

351 2452 408 2500 et
436 2444 662 2514 opponit
696 2458 1057 2498 mammouam
1091 2443 1282 2496 anima:
1311 2441 1365 2495 in
1405 2441 1514 2494 Deo
1542 2441 1779 2506 viventi;
1813 2457 1918 2496 non

351 2535 478 2606 quia
506 2535 925 2590 commutatione
954 2534 1151 2602 aliqua,
1185 2533 1280 2587 sed
1309 2533 1432 2600 quia
1457 2533 1681 2587 eﬂlcitur
1702 2533 1754 2587 id
1777 2534 1919 2603 quod

352 2627 471 2682 ﬁeri
502 2642 608 2680 non
635 2626 869 2681 deberet.
903 2626 1042 2696 Ergo
1072 2635 1335 2695 martyres
1377 2624 1674 2678 eﬂiciamur
1711 2624 1826 2690 Dei,
1866 2633 1920 2680 et

356 2732 463 2770 non
495 2731 680 2786 parum
713 2730 956 2783 putemus
978 2719 1117 2785 quod
1143 2717 1218 2768 ait
1246 2733 1260 2768 :
1285 2715 1584 2782 Conﬁtebor
1607 2723 1656 2768 et
1681 2731 1772 2784 ego
1801 2731 1921 2769 eum

354 2822 534 2859 coram
566 2806 724 2859 Patre
753 2823 861 2859 meo
891 2809 979 2875 qui
1017 2820 1090 2860 est
1119 2808 1170 2860 in
1202 2807 1343 2860 melis
1365 2807 1430 2860 ³³.
1485 2806 1588 2860 Ista
1627 2807 1768 2860 enim
1803 2821 1921 2874 quae

357 2899 446 2953 hic
485 2909 629 2962 sunt,
658 2901 933 2954 nobiscum
982 2916 1085 2954 non
1110 2910 1366 2968 pergent;
1409 2901 1454 2954 si
1487 2910 1664 2954 autem
1699 2900 1919 2965 vadunt,

356 2991 710 3046 convincatur
737 3006 950 3058 sermo;
995 3008 1179 3047 verum
1212 2992 1370 3046 isthic
1403 3001 1650 3060 manent;
1682 3008 1799 3062 quae
1823 3006 1920 3046 au-

360 3092 466 3137 tem
512 3098 579 3137 ex
627 3083 755 3152 ipsis
806 3093 929 3138 sunt
971 3095 1216 3153 peccata,
1266 3084 1542 3139 uobiscum
1567 3094 1621 3139 et
1673 3094 1797 3138 ante
1824 3099 1922 3140 nos

354 3185 604 3245 pergunt.
648 3175 788 3241 Quid
819 3177 885 3228 ad
918 3176 1110 3228 damna
1151 3177 1546 3246 properamus?
1579 3175 1835 3231 Venimus
1865 3175 1920 3230 in

359 3273 495 3322 hanc
527 3268 726 3332 vitam;
783 3276 990 3321 utamur
1049 3267 1267 3321 lumine.
1304 3268 1440 3334 Quid
1500 3279 1677 3322 autem
1723 3268 1924 3334 praebet

357 3358 533 3413 lumen
569 3360 652 3414 his
690 3360 781 3428 qui
820 3360 1018 3414 habent
1046 3359 1272 3413 oculos?
1323 3360 1707 3412 Discretionem
1742 3359 1923 3425 utique

359 3450 716 3520 negotiorum.
757 3449 812 3504 Si
840 3451 968 3520 quid
1014 3450 1175 3520 igitur
1222 3452 1502 3504 honestum
1543 3460 1646 3514 est,
1692 3465 1811 3503 cum
1844 3450 1923 3505 fe-

357 3542 647 3597 stinatione
698 3549 946 3610 petatur;
996 3557 1100 3596 non
1136 3541 1279 3596 enim
1329 3551 1387 3594 ttt
1431 3540 1762 3608 decipiamus
1803 3555 1920 3605 vos,

359 3634 734 3704 praesidemus;
787 3650 892 3689 non
923 3638 980 3687 ut
1017 3647 1277 3702 pauperes
1311 3647 1402 3686 vos
1431 3630 1710 3695 faciamus,
1738 3644 1922 3683 mone-

361 3737 500 3787 mus,
532 3725 625 3778 sed
656 3724 845 3778 divites
882 3721 1060 3792 potius
1109 3721 1161 3775 in
1191 3736 1354 3790 regno
1401 3720 1676 3774 caelorum.
1711 3717 1825 3771 Non
1865 3727 1924 3771 ut

362 3814 673 3882 dejiciatnus
698 3830 894 3885 corpus
920 3823 1152 3869 vestrum
1177 3814 1416 3882 jejuniis,
1440 3813 1533 3866 sed
1561 3820 1622 3865 ut
1639 3810 1925 3865 induamus

362 3919 458 3960 vos
485 3906 928 3972 immortalitate;
965 3920 1070 3958 non
1105 3914 1162 3957 ut
1193 3904 1505 3957 occidamus
1548 3901 1602 3955 in
1637 3900 1922 3970 martyrio,

360 4001 457 4052 sed
507 4008 563 4052 ut
612 4013 716 4051 non
762 3998 899 4051 eatis
937 3998 989 4051 in
1027 3998 1321 4066 gehennam
1371 4008 1595 4064 corpore
1623 4002 1678 4048 et
1722 3995 1922 4046 anima.

363 4086 477 4142 Non
503 4104 688 4143 sumus
723 4088 886 4158 igitur
914 4087 1114 4141 inimici
1150 4087 1348 4152 vestri;
1381 4102 1484 4140 non
1512 4087 1654 4139 enim
1685 4094 1744 4140 ut
1778 4083 1928 4139 frau-

365 4179 554 4234 demus
583 4194 678 4234 vos
705 4180 946 4248 patribus
979 4189 1035 4232 et
1063 4177 1249 4231 amicis
1285 4180 1398 4232 haec
1429 4177 1715 4247 loquimur,
1749 4179 1844 4232 sed
1870 4186 1927 4232 ut

365 4286 472 4326 non
500 4271 803 4326 excidatisa
835 4271 940 4325 Deo
961 4269 1140 4332 Patre,
1173 4269 1454 4324 lucremini
1486 4277 1665 4322 autem
1693 4278 1926 4323 vosmet-

367 4363 511 4433 ipsos
537 4381 551 4418 :
585 4364 689 4418 hoc
727 4364 868 4418 enim
893 4365 1062 4417 solum
1097 4372 1179 4417 est
1209 4362 1439 4428 lucrum,
1465 4363 1569 4416 alia
1595 4372 1774 4417 autem
1805 4377 1923 4416 om-

2020 1892 2073 1946 in
2105 1893 2271 1946 Deum
2301 1904 2354 1949 et
2387 1896 2439 1948 in
2481 1897 2760 1951 mulierem
2798 1899 2956 1952 simul
3000 1900 3224 1954 videre:
3259 1902 3398 1955 sicut
3443 1904 3584 1955 enim

2021 2000 2177 2040 nemo
2205 1994 2380 2056 potest
2409 1988 2619 2043 duobus
2655 1989 2888 2045 dominis
2929 1993 3155 2057 servire,
3197 1995 3271 2046 ita
3302 2009 3459 2048 nemo
3495 2010 3588 2062 po-

2020 2086 2126 2131 test
2160 2079 2290 2132 duos
2319 2079 2496 2132 vultus
2535 2081 2690 2135 simul
2731 2081 3016 2150 inspicere.
3046 2083 3278 2137 Tantum
3320 2101 3585 2154 pr0pona-

2017 2177 2104 2224 tur
2123 2177 2250 2223 ante
2272 2170 2458 2224 oculos
2486 2170 2641 2236 Deus,
2669 2173 2916 2226 etomnia
2942 2175 2992 2226 in
3025 2174 3410 2243 tranquillitate
3427 2185 3580 2240 sunt;

2019 2263 2113 2317 sed
2154 2277 2254 2316 nec
2315 2261 2500 2316 labore
2541 2274 2623 2316 est
2658 2277 2811 2333 opus,
2852 2264 3044 2320 suilicit
3089 2268 3229 2319 enim
3275 2267 3365 2334 qui
3409 2269 3584 2321 adest.

2020 2350 2119 2417 Qui
2154 2353 2376 2419 respicit
2412 2351 2478 2404 ad
2506 2353 2694 2418 Deum,
2738 2355 2966 2423 primum
3002 2355 3215 2421 quidem
3247 2356 3408 2410 habet
3435 2357 3586 2424 adju-

2022 2441 2216 2495 torium
2262 2455 2292 2492 a
2329 2449 2627 2508 prasente;
2678 2443 2914 2512 posthaec
2956 2457 3134 2500 autem
3169 2456 3224 2500 et
3271 2447 3585 2516 possibilem

2021 2534 2121 2589 sibi
2152 2533 2507 2587 imitationem
2540 2543 2594 2588 et
2623 2535 2868 2589 timorem
2919 2535 3078 2605 belli;
3112 2549 3164 2592 et
3208 2539 3259 2594 in
3290 2539 3452 2594 tutela
3479 2549 3582 2603 est,

2021 2635 2076 2680 et
2102 2640 2206 2680 non
2243 2625 2453 2679 accedit
2486 2637 2765 2695 peccatum
2802 2631 2852 2684 in
2884 2631 3004 2685 isto.
3053 2629 3224 2684 Unum
3255 2646 3322 2686 ex
3347 2632 3428 2686 his
3453 2645 3590 2702 opus

2021 2725 2120 2781 est,
2164 2725 2222 2769 ut
2251 2726 2504 2771 credatur
2546 2720 2670 2788 quia
2700 2730 2784 2776 est
2836 2720 2992 2788 Deus,
3024 2737 3077 2776 et
3107 2723 3259 2778 adest
3287 2723 3502 2778 etvidet
3534 2730 3592 2778 et

2021 2817 2294 2863 scrutatur
2324 2825 2381 2864 et
2431 2809 2560 2861 nihil
2588 2818 2670 2862 est
2707 2811 2848 2877 quod
2896 2825 3017 2864 eum
3066 2811 3235 2878 pOSsit
3286 2809 3492 2877 latere;
3534 2820 3588 2864 et

2021 2898 2201 2951 omnia
2246 2898 2426 2953 faetlta
2462 2906 2641 2953 erunt.
2684 2898 2742 2954 Si
2793 2911 2971 2954 autem
3023 2901 3345 2956 subduxeris
3396 2901 3590 2956 funda-

2025 3000 2286 3058 mentum,
2329 2991 2464 3046 muil
2506 2991 2668 3046 stabit
2708 3007 2776 3054 ex
2811 2993 2893 3046 his
2929 3008 3046 3061 qua:
3079 2994 3414 3063 superposita
3445 3003 3588 3049 sunt.

2026 3079 2081 3134 Si
2114 3081 2237 3150 quis
2269 3096 2406 3151 ergo
2432 3081 2733 3152 irreligioso
2759 3085 3037 3151 proposito
3066 3085 3379 3140 subduxerit
3401 3085 3592 3152 Deum,

2018 3173 2126 3241 jam
2159 3181 2215 3226 ut
2241 3175 2358 3227 sine
2396 3174 2598 3227 lumine
2637 3190 2799 3242 agens
2831 3175 3027 3243 ubique
3067 3175 3307 3230 offendit.
3344 3176 3450 3231 Sed
3471 3191 3590 3244 nos,

2023 3264 2239 3330 fratres,
2275 3263 2342 3318 ad
2376 3265 2546 3319 Deum
2573 3265 2862 3329 viventem,
2888 3266 2952 3317 ad
2984 3281 3102 3319 eum
3135 3267 3225 3335 qui
3263 3277 3366 3330 est,
3400 3270 3489 3338 qui
3515 3267 3596 3324 fe-

2024 3355 2096 3408 cit
2136 3355 2340 3418 omnia,
2385 3355 2475 3423 qui
2510 3353 2685 3408 salvat
2727 3356 2997 3420 universa,
3042 3369 3454 3427 convertamur;
3488 3363 3592 3416 alia

2023 3443 2164 3498 enim
2193 3444 2368 3497 omnia
2390 3445 2596 3496 uanitas
2628 3445 2913 3498 ranitalum
2935 3459 3054 3499 sunt
3084 3446 3130 3479 ⁸ο
3161 3465 3174 3502 :
3205 3449 3420 3518 sapiens
3448 3453 3610 3506 enim"

2028 3545 2161 3599 erat,
2207 3537 2298 3606 qui
2321 3537 2434 3591 haec
2467 3537 2892 3607 proclamaverat
2924 3557 2938 3592 :
2972 3539 3037 3591 Et
3063 3548 3237 3613 omnia
3268 3545 3491 3612 uanitas,
3539 3556 3594 3598 ct

2031 3641 2198 3682 unum
2232 3636 2314 3680 est
2345 3641 2556 3680 verum.
2610 3626 2724 3681 Non
2753 3628 2917 3695 igitur
2961 3630 3080 3685 sine
3118 3646 3276 3686 causa
3308 3648 3594 3703 erogemus

2029 3726 2269 3775 nostram
2300 3720 2462 3772 vitam
2496 3737 2533 3798 τ’
2563 3719 2664 3774 erit
2694 3720 2834 3774 enim
2885 3730 3096 3790 tempus
3136 3738 3256 3777 cum
3289 3709 3596 3793 quaeremus

2031 3811 2147 3865 dies
2187 3811 2308 3878 hos,
2342 3812 2395 3865 in
2428 3811 2625 3881 quibus
2657 3812 2763 3864 Deo
2798 3811 3076 3868 debuimus
3109 3817 3310 3869 vivere.
3353 3817 3468 3886 Ipse
3501 3833 3596 3874 att-

2035 3913 2137 3956 tem
2185 3904 2278 3974 qui
2321 3904 2494 3958 bonus
2527 3914 2610 3959 est
2655 3903 2818 3968 Deus,
2866 3906 3102 3960 omnium
3137 3917 3372 3963 vestrum
3423 3911 3598 3980 erigat

2031 3999 2241 4052 animas
2280 3999 2346 4052 ad
2383 3998 2710 4066 agnitionem
2755 4014 2942 4062 suam;
2982 4000 3067 4054 cui
3113 4012 3196 4055 est
3232 4017 3328 4071 per
3357 4003 3598 4074 unigeni-

2031 4099 2141 4142 tum
2171 4104 2328 4142 suum
2359 4088 2574 4152 Filiutn,
2618 4089 2810 4157 gloria,
2853 4091 3046 4156 honor,
3085 4092 3390 4161 imperium,
3429 4096 3599 4165 maje-

2028 4189 2140 4236 stas
2165 4195 2286 4234 cum
2316 4179 2521 4248 Spiritu
2551 4189 2763 4246 sancto,
2793 4190 2849 4238 et
2877 4199 3039 4252 nunc,
3071 4193 3126 4240 et
3157 4199 3389 4256 semper,
3417 4197 3470 4240 et
3501 4200 3599 4256 per

2031 4271 2210 4328 omnia
2231 4269 2429 4325 szecula
2462 4272 2806 4329 saeculorum.
2835 4274 3027 4329 Amen.

1327 4595 1891 4807 EUSEBII
1975 4687 2657 4800 PAMPHILI

1004 4935 1150 5023 DE
1225 4889 1824 5025 OPERIBUS
1896 4928 2254 5022 BONIS
2326 4931 2476 5019 ET
2548 4928 2956 5055 MALIS,

1648 5122 1880 5183 LIBER
1923 5121 2308 5183 OCTAVUS.

441 5428 724 5486 Multorum
758 5427 1036 5483 hominum
1059 5429 1168 5480 vita
1200 5425 1252 5479 in
1289 5434 1432 5479 terra
1463 5433 1546 5479 est
1571 5424 1778 5494 posita;
1807 5422 1933 5476 eda-

372 5523 626 5577 citatibus
653 5522 793 5587 enim
824 5531 877 5576 et
897 5519 1207 5574 libidinibus
1239 5527 1294 5572 et
1325 5516 1775 5587 concupiscentiis
1807 5529 1930 5584 gra-

446 5635 490 5667 ³⁸
517 5635 705 5690 Matth.
724 5649 798 5698 vr,
815 5632 907 5688 2i.

445 5749 557 5822 (90)
586 5751 706 5813 Ms.,
745 5760 1103 5821 cognoscentes
1141 5762 1476 5817 congenerem
1501 5744 1759 5805 misereri.

983 5634 1026 5665 "
1052 5632 1240 5688 Matth.
1269 5633 1337 5696 x,'
1359 5629 1447 5685 52.
1523 5629 1569 5661 ⁸⁸
1598 5629 1770 5684 Eccle.
1809 5643 1847 5693 ι,
1886 5628 1939 5684 1.

2044 5424 2170 5486 vati,
2210 5437 2380 5492 neque
2413 5423 2680 5493 respicere
2707 5435 2919 5475 sursum
2945 5423 3010 5473 ad
3039 5418 3201 5474 Deum
3230 5425 3449 5487 possunt
3478 5417 3598 5484 quia

2040 5516 2245 5580 nolunt,
2286 5530 2459 5586 neque
2481 5530 2645 5586 opera
2685 5511 2801 5582 ejus
2828 5513 3027 5579 videre,
3062 5526 3236 5583 neque
3257 5525 3323 5564 ex
3350 5509 3602 5578 operibus
