4098 6398
537 355 664 410 1191

1204 351 1475 408 EUSEBII
1512 350 1985 408 CASSARIENSIS
2020 349 2169 406 OPP.
2210 350 2390 408 PARS
2425 353 2513 409 ιν.
2557 384 2625 394 ——
2666 352 3085 410 DOGMATICA.

3654 358 3787 413 “9‘1

534 466 784 536 optilcem
812 477 1106 535 agnoscere
1130 481 1143 517 :
1167 464 1256 518 ubi
1287 465 1430 518 enim
1458 464 1683 519 declivis
1714 463 1877 519 fuerit
1908 463 2108 524 anima,
2141 466 2188 523 Α
2214 464 2460 519 diabolus
2488 478 2591 518 non
2638 480 2759 519 cum
2812 473 2970 519 nocet
3017 477 3142 519 tunc
3176 464 3349 519 solum
3387 473 3441 521 et
3482 467 3654 523 malus
3685 484 3787 526 est:

537 559 686 623 illnc,
721 567 779 611 ut
811 558 881 611 ita
918 556 1112 617 dicam,
1144 563 1198 608 et
1224 553 1455 609 etlicitur
1480 555 1622 625 quod
1650 555 1944 609 desiderat.
1970 554 2119 608 Sicut

535 650 679 704 enim
708 662 772 702 ea
802 661 922 716 qua:
950 643 1017 698 ab
1053 644 1175 713 igne
1204 643 1477 709 Caleﬁunt,
1508 640 1832 709 efﬁciuntur,
1859 656 1916 697 ut
1944 643 2013 696 ita
2040 644 2121 696 di-

537 757 682 805 cum,
716 740 888 809 ignis;
919 747 974 792 et
1001 751 1120 807 qua:
1149 735 1391 791 odoratis
1411 735 1601 804 juncta
1634 734 1851 797 fuerint,
1880 734 2121 790 efﬁciun-

540 842 650 897 tur,
678 832 935 897 odorata;
979 837 1035 883 et
1069 845 1192 898 qua;
1241 827 1554 891 contrariis,
1597 827 1869 881 contraria
1913 846 1925 881 :
1965 826 2037 881 ita
2067 835 2121 879 et

539 928 718 981 anima
751 924 840 978 ubi
886 922 1107 979 declivis
1149 919 1445 985 exstiterit,
1497 919 1563 971 ad
1617 919 1719 974 hoc
1752 919 2032 973 deducitur
2066 928 2121 973 et

540 1028 754 1075 natura.
783 1016 1031 1087 Tingitur
1083 1014 1225 1069 enim
1255 1012 1651 1076 alacritatibus,
1684 1020 1739 1065 et
1781 1010 1971 1065 similis
2003 1024 2118 1063 mo-

542 1110 779 1166 tionibus
806 1110 1034 1163 etﬁcitur
1084 1106 1217 1173 suis,
1251 1116 1305 1160 et
1340 1104 1658 1176 dignitatem
1700 1112 1883 1173 utpote
1914 1111 2120 1157 natura:

540 1218 649 1259 non
683 1201 919 1265 salvans,
949 1201 1001 1255 in
1037 1198 1195 1254 malis
1230 1198 1464 1252 eilicitur
1520 1196 1684 1252 mala.
1722 1197 1779 1251 Si
1824 1206 2003 1249 autem
2050 1192 2119 1248 ad

540 1311 603 1352 ea
659 1310 782 1365 quae
825 1308 987 1364 supra
1034 1306 1091 1347 se
1117 1300 1244 1346 sunt
1291 1290 1609 1359 respexerit,
1659 1302 1872 1344 sursum
1904 1284 2116 1347 eﬂecta,

541 1389 895 1445 constituitur
949 1386 1015 1439 ad
1049 1400 1111 1439 ea
1147 1398 1264 1452 quze
1300 1393 1356 1438 et
1399 1382 1725 1438 desideravit
1763 1397 1777 1434 :
1828 1379 2116 1433 multorum

542 1486 685 1539 enim
717 1481 1059 1539 conversatio
1107 1495 1214 1536 non
1244 1478 1545 1542 hominum,
1587 1477 1681 1531 sed
1720 1489 1972 1545 pecorum
2014 1480 2116 1527 est.

542 1576 687 1631 Nihil
721 1576 863 1630 enim
910 1573 1051 1629 aliud
1101 1573 1361 1642 cogitant,
1411 1568 1512 1624 nisi
1550 1577 1608 1623 ut
1638 1568 1985 1626 manducent,
2023 1574 2118 1619 aut

542 1667 753 1733 bibant,
784 1675 875 1721 aut
902 1666 1136 1735 rapiant,
1174 1672 1266 1717 aut
1294 1662 1652 1726 fraudentur;
1699 1659 1749 1713 in
1783 1658 1866 1712 his
1895 1658 2039 1711 enim
2064 1667 2118 1711 et

543 1762 751 1822 vivunt,
778 1761 822 1814 si
875 1768 1052 1813 tamen
1104 1766 1159 1811 et
1188 1757 1351 1810 vitam
1389 1756 1548 1808 istam
1587 1761 1798 1823 oportet
1819 1752 1932 1820 jam
1958 1752 2059 1804 dici
2098 1768 2110 1803 :

544 1869 651 1909 non
677 1852 1005 1913 subicientes
1049 1849 1192 1903 enim
1241 1846 1396 1901 malis
1448 1847 1531 1901 his
1566 1860 1685 1913 quae
1734 1861 1762 1897 a
1809 1844 1941 1899 foris
1969 1853 2118 1908 sunt,
2150 1830 2192 1884 Β

542 1943 648 2013 iam
680 1953 735 1999 et
763 1957 979 1998 carnem
1013 1956 1165 1995 suam
1200 1939 1573 1995 contaminare
1603 1938 1851 2003 student;
1885 1937 1964 1991 sic
1990 1952 2122 2008 gau-

544 2035 671 2089 dent
703 2032 849 2088 enim
884 2031 936 2085 itt
975 2030 1152 2096 malis,
1185 2038 1240 2082 ut
1296 2027 1499 2083 inimici
1546 2027 1690 2091 sibi;
1725 2036 1927 2079 etcum
1955 2027 2121 2081 debe-

544 2132 667 2177 rent
695 2122 899 2193 lugere,
936 2121 1063 2190 quia
1096 2135 1202 2174 non
1235 2118 1369 2173 bene
1396 2117 1607 2182 vivunt,
1644 2116 1893 2172 laetantur
1926 2117 1979 2170 in
2005 2131 2124 2170 ma-

544 2214 612 2269 lis
642 2224 697 2269 et
731 2215 1014 2268 tristantur
1047 2213 1101 2266 in
1143 2212 1297 2267 bonis
1327 2229 1341 2265 :
1374 2212 1638 2281 duplicem
1677 2220 1859 2279 utpote
1901 2210 2121 2266 caecita-

548 2315 655 2359 tem
695 2305 978 2369 habentes,
1030 2313 1084 2359 et
1136 2303 1277 2373 quod
1326 2303 1595 2358 malorum
1652 2318 1759 2356 non
1815 2300 2123 2371 intelligunt

547 2394 831 2460 malitiam,
862 2404 916 2449 et
958 2394 1101 2464 quod
1137 2394 1403 2449 bonorum
1445 2407 1552 2446 non
1598 2401 1881 2446 assumunt
1908 2388 2123 2445 fruitio-

546 2503 707 2553 nem;
740 2496 1074 2543 concurrunt
1098 2487 1242 2540 enim
1268 2484 1558 2540 adversum
1583 2498 1668 2549 se,
1694 2492 1747 2537 et
1774 2483 1875 2538 sibi
1905 2495 2124 2539 contra-

546 2581 627 2635 ria
670 2588 981 2649 operantur.
1026 2577 1253 2633 Plurimi
1302 2575 1446 2631 enim
1503 2590 1887 2644 nonnunquam
1940 2590 2125 2645 proee.

546 2674 683 2727 dunt
710 2671 843 2738 laati,
885 2671 1010 2740 quia
1037 2678 1283 2725 ventrem
1323 2666 1599 2736 replerunt
1640 2682 1817 2729 suum,
1852 2678 1906 2722 et
1946 2676 2124 2721 mente

546 2764 799 2819 exierunt
825 2778 923 2818 sua
964 2762 1076 2833 (9t)
1117 2770 1213 2817 :et
1244 2761 1461 2815 beatum
1507 2760 1647 2814 diem
1697 2760 1883 2814 dicunt
1926 2760 1979 2814 in
2014 2775 2125 2830 quo

548 2869 656 2911 non
690 2855 963 2910 vixerunt.
1017 2852 1135 2907 Vita
1168 2853 1310 2908 enim
1366 2852 1647 2906 hominum
1680 2853 1779 2906 ista
1811 2862 1895 2906 est
1936 2860 1995 2905 ut
2037 2868 2125 2906 ra-

550 2950 698 3004 tione
743 2956 989 3011 utantur,
1035 2947 1162 3017 quia
1204 2957 1260 3002 et
1286 2944 1633 2999 rationabiles
1675 2944 1955 3000 habentur.
1989 2945 2123 2999 Cum

548 3050 728 3096 autem
761 3040 990 3094 obrutus
1043 3037 1205 3093 fuerit
1251 3052 1467 3099 sensus,
1518 3038 1733 3091 transiit
1788 3038 1908 3091 sine
1960 3052 2122 3091 causa

2220 555 2313 609 sed
2342 556 2467 616 quia
2499 559 2779 625 proposuit
2816 573 3031 624 nocere,
3077 558 3238 612 habet
3266 559 3525 615 malitiam
3558 574 3613 617 et
3640 574 3790 619 ante-

2221 661 2382 715 quam
2423 644 2637 700 ediciat.
2687 646 2753 701 Et
2801 647 3037 717 maligno
3082 647 3280 703 sullicit
3309 650 3512 705 malitia
3549 665 3668 707 sua.
3702 654 3790 709 Si-

2220 739 2433 808 quidem
2464 749 2520 794 et
2568 753 2845 810 agrotans,
2876 740 3093 795 etiamsi
3125 756 3231 795 non
3270 742 3582 812 castigetur,
3612 754 3793 802 tamen

2222 831 2383 885 habet
2408 831 2607 886 malum
2640 831 2954 902 languorem
2981 851 2995 886 :
3029 833 3101 886 ita
3130 842 3184 887 et
3208 833 3299 902 qui
3333 836 3548 903 languet
3571 836 3749 890 anima
3774 879 3791 901 ,

2220 923 2431 977 etiamsi
2470 938 2575 977 non
2609 924 2806 979 missus
2832 923 2996 979 fuerit
3025 925 3079 979 in
3116 926 3443 995 gehennam,
3471 938 3647 982 tamen
3668 943 3793 998 pro—

2219 1024 2374 1068 curat
2401 1014 2502 1069 sibi
2529 1014 2753 1068 malum.
2786 1014 2920 1081 Quis
2966 1025 3145 1071 autem
3181 1024 3237 1070 et
3273 1017 3625 1072 exhortatur?
3649 1017 3794 1073 Tan-

2221 1114 2331 1158 tum
2354 1112 2437 1160 est
2463 1105 2608 1160 enim
2652 1106 2852 1159 malum
2884 1106 3106 1173 malum,
3154 1107 3306 1178 cujus
3342 1117 3668 1164 tentamenta
3699 1125 3794 1178 ge-

2221 1198 2453 1252 hennam
2493 1207 2709 1268 parant.
2737 1198 2803 1252 Et
2827 1214 2948 1253 cum
2974 1201 3088 1254 haec
3128 1200 3203 1255 ita
3238 1202 3371 1266 sint,
3400 1216 3498 1257 nos
3528 1211 3706 1258 tamen
3733 1212 3796 1259 ut

2221 1290 2425 1344 inimici
2460 1291 2688 1360 proprii,
2733 1291 2803 1343 ita
2844 1291 3091 1345 videmur
3115 1292 3316 1346 vivere.
3359 1291 3449 1346 llle
3478 1294 3621 1346 enim
3648 1294 3796 1347 lata-

2221 1390 2328 1444 tnr,
2358 1380 2483 1449 quia
2519 1382 2773 1435 mentitus
2807 1381 2990 1445 latuit;
3034 1383 3170 1436 alius
3211 1384 3425 1453 gaudet,
3454 1384 3578 1452 quia
3603 1398 3797 1452 prove-

2220 1476 2301 1529 nit
2329 1476 2378 1530 ei
2416 1477 2690 1545 decipere.
2741 1476 2807 1528 Et
2847 1476 3067 1529 avaritia
3094 1475 3301 1531 lucrum
3338 1486 3520 1545 putata
3550 1484 3634 1530 est
3668 1490 3793 1529 cum

2218 1568 2289 1622 sit
2317 1568 2605 1633 damnum;
2636 1576 2692 1621 et
2732 1567 2897 1622 libido
2928 1568 3191 1637 voluptas,
3230 1581 3349 1622 cum
3400 1566 3469 1622 sit
3503 1566 3679 1620 luctus
3708 1566 3795 1619 his

2216 1660 2309 1729 qui
2362 1662 2579 1728 sapiunt
2612 1660 2766 1714 bene.
2825 1660 2891 1714 Et
2922 1673 3182 1713 conversa
3235 1669 3360 1714 sunt
3404 1658 3559 1714 nobis
3584 1662 3792 1723 omnia,

2218 1752 2343 1819 quia
2372 1750 2814 1820 circumscriptus
2860 1766 2890 1803 a
2923 1751 3081 1805 nobis
3106 1759 3189 1805 est
3212 1752 3496 1821 cogitatus.
3552 1752 3617 1804 Et
3645 1763 3798 1805 certe

2222 1843 2364 1913 cogit
2391 1851 2445 1898 et
2467 1844 2744 1897 contendit
2767 1858 2981 1909 sensus,
3024 1852 3081 1898 ut
3109 1858 3214 1897 non
3238 1841 3485 1911 ejiciatur
3511 1859 3541 1897 a
3574 1858 3799 1913 posses-

2222 1938 2373 1992 sione
2404 1952 2521 1993 sua.
2560 1936 2693 1990 Nam
2725 1936 2825 1991 etsi
2863 1935 3228 2006 unusquisque
3275 1945 3518 2009 nostrum
3545 1935 3801 1989 obruitur

2223 2044 2251 2084 a
2279 2029 2624 2099 passionibus
2653 2028 2929 2095 vitiorum,
2957 2038 3131 2082 tamen
3162 2027 3229 2081 ad
3277 2027 3379 2081 alia
3407 2041 3597 2081 sensus
3620 2026 3801 2093 digni-

2226 2129 2389 2174 tatent
2428 2135 2581 2175 suam
2613 2119 2894 2174 vindicans
2925 2129 3147 2189 apparet
3178 2140 3190 2175 :
3229 2128 3285 2173 ut
3308 2128 3459 2189 puta,
3505 2134 3609 2173 non
3636 2118 3801 2172 video

2224 2227 2341 2265 mea
2384 2211 2549 2275 mala,
2588 2212 2680 2264 sed
2712 2210 2888 2265 aliena
2930 2209 3068 2263 mala
3118 2211 3357 2264 irascens
3387 2208 3669 2264 consentio
3716 2208 3801 2262 in-

2225 2304 2410 2360 teriori
2447 2303 2671 2370 homini,
2720 2303 2820 2374 legi
2849 2313 3031 2373 utpote
3077 2302 3188 2356 Dei.
3225 2302 3291 2356 Et
3321 2301 3444 2370 quia
3494 2302 3673 2354 anima
3701 2314 3802 2354 na-

2225 2409 2343 2453 tura
2368 2397 2538 2466 magis
2569 2395 2755 2465 juncta
2782 2404 2866 2450 est
2897 2396 3070 2461 bonis,
3103 2396 3229 2464 quia
3257 2394 3371 2449 odit
3402 2393 3572 2448 malos
3593 2403 3647 2447 et
3676 2391 3800 2447 lan-

2222 2494 2313 2546 dat
2355 2490 2547 2554 bonos,
2592 2490 2785 2560 duplex
2814 2489 3180 2544 testimonium
3221 2490 3383 2543 habet
3410 2488 3476 2543 ad
3504 2501 3803 2557 utrumque

2222 2596 2277 2638 et
2338 2582 2598 2638 malorum
2649 2590 2701 2635 et
2750 2581 3035 2636 bonorum.
3082 2579 3285 2650 Duplex
3338 2580 3457 2635 ideo
3506 2581 3630 2647 quia
3661 2580 3801 2647 odit,

2222 2676 2431 2731 etiamsi
2467 2676 2580 2745 ipsa
2611 2689 2717 2729 non
2752 2672 3091 2728 commodum
3115 2686 3270 2726 suum
3297 2680 3478 2739 amat;
3507 2680 3561 2725 et
3585 2685 3655 2725 ex
3693 2672 3801 2725 hoc

2222 2770 2457 2823 ostendit
2490 2767 2616 2837 quia
2644 2781 2750 2821 non
2779 2766 3082 2821 delectatur
3112 2774 3302 2818 natura
3328 2763 3446 2831 ejus
3474 2763 3540 2817 ad
3574 2762 3796 2819 malum.

2226 2860 2282 2914 Si
2311 2860 2471 2929 igitur
2514 2858 2715 2923 anima,
2763 2865 2821 2911 ut
2855 2866 3138 2911 ostensum
3166 2862 3271 2918 est,
3322 2854 3389 2907 ad
3438 2852 3635 2907 bonum
3668 2868 3797 2922 pro-

2225 2951 2417 3005 clivior
2442 2960 2543 3015 est,
2575 2966 2672 3004 cur
2705 2963 2811 3003 non
2850 2948 2903 3002 in
2944 2948 3058 3001 suis
3087 2945 3305 3001 manet?
3329 2957 3550 3015 prepter
3579 2947 3793 3015 placibi-

2225 3044 2429 3098 litatem
2462 3043 2659 3112 quippe
2681 3042 2762 3095 sui
2797 3059 2811 3095 :
2847 3040 2946 3095 sibi
2980 3040 3122 3093 enim
3152 3040 3387 3108 placere,
3423 3040 3654 3095 tenebrze
3672 3051 3801 3094 sunt

549 3133 685 3196 dice.
715 3140 769 3187 et
794 3148 899 3187 non
927 3132 1089 3187 debet
1116 3130 1419 3201 computari
1452 3131 1505 3183 in
1534 3130 1663 3195 Vita.
1717 3130 1771 3183 in
1795 3143 1902 3198 quo
1932 3144 2123 3184 sensus
2150 3171 2192 3227 ο
2226 3138 2451 3201 animas;
2490 3136 2583 3190 sed
2631 3150 2751 3204 quae
2802 3134 2941 3204 apud
2971 3132 3218 3187 homines
3261 3142 3521 3202 putantur
3568 3134 3800 3203 placida,

550 3240 658 3281 non
692 3226 929 3295 respexit
968 3225 1036 3279 ad
1087 3238 1346 3293 superna.
1380 3220 1596 3277 Utinam
1650 3230 1830 3275 autem
1860 3236 2033 3291 neque
2056 3223 2121 3275 ad

548 3317 741 3382 vitam,
765 3332 941 3385 neque
964 3318 1029 3371 ad
1064 3314 1265 3369 malam
1297 3314 1509 3367 videret
1539 3312 1677 3383 (92).
1705 3311 1862 3366 Aliud
1878 3323 1959 3366 est
1979 3312 2123 3366 enim

549 3409 784 3462 otiosum
816 3421 938 3461 esse
967 3422 996 3460 a
1023 3404 1167 3459 malo
1191 3414 1246 3459 et
1275 3405 1437 3468 bono,
1476 3414 1529 3457 et
1556 3418 1673 3455 esse
1710 3412 1963 3470 tanquam
1995 3402 2127 3455 dor-

552 3502 809 3554 mientem
834 3509 929 3553 aut
950 3508 1260 3564 mortuum;
1294 3507 1349 3552 et
1377 3497 1524 3551 aliud
1558 3497 1691 3552 bonc
1730 3498 1938 3567 quidem
1967 3497 2123 3563 mori,

551 3593 695 3647 malo
724 3601 902 3647 autem
936 3592 1135 3645 vivere.
1177 3590 1240 3643 Et
1270 3604 1444 3659 neque
1492 3599 1683 3643 natura
1731 3591 1963 3645 hominis
2002 3606 2128 3645 sua-

551 3689 642 3740 det
666 3701 779 3747 eos,
813 3698 985 3753 neque
1019 3684 1337 3753 Scriptura:
1370 3693 1424 3737 et
1449 3693 1670 3751 errant;
1699 3699 1873 3753 neque
1896 3700 2129 3753 prteseu-

554 3780 650 3842 tia,
677 3793 850 3848 neque
875 3779 1052 3831 futura
1084 3777 1327 3830 suadent.
1360 3775 1613 3842 Quaedam
1635 3778 1794 3842 ,enim
1840 3779 2129 3847 reprehen-

551 3876 763 3929 sionem
800 3872 1059 3943 praebent,
1089 3872 1336 3940 qutcdam
1368 3879 1547 3924 autem
1585 3880 1803 3940 propter
1831 3886 1979 3940 spent
2008 3888 2129 3925 sur-

553 3980 672 4021 sum
710 3965 1007 4019 adducunt.
1065 3962 1318 4017 Videmus
1347 3963 1489 4016 enim
1518 3972 1572 4015 et
1612 3963 1938 4027 morientes;
1983 3965 2133 4018 vide-

555 4073 675 4113 mus
714 4067 769 4111 et
792 4057 1031 4125 sepultos
1058 4068 1113 4109 et
1145 4072 1249 4109 non
1282 4059 1540 4127 sepultos,
1570 4068 1623 4110 et
1661 4071 1754 4110 eos
1784 4057 1873 4125 qui
1907 4056 2128 4123 deﬂent,

554 4159 609 4204 et
636 4148 841 4213 dolent,
870 4158 924 4202 et
953 4149 1321 4203 lamentantur
1341 4167 1353 4203 :
1373 4164 1497 4203 vere
1527 4149 1596 4202 ita
1620 4164 1806 4203 sumus
1829 4160 1886 4203 ut
1914 4166 2019 4205 non
2052 4150 2131 4204 vi-

554 4242 746 4297 dentes
778 4255 893 4295 eos.
924 4239 1001 4293 lta
1045 4242 1187 4294 enim
1213 4252 1462 4313 putamus
1485 4241 1648 4294 vitam
1689 4256 1809 4297 esse
1835 4256 1977 4307 eam,
2011 4257 2132 4312 qua:

555 4349 662 4388 non
693 4344 777 4388 est
798 4332 905 4386 vita
936 4349 949 4386 :
985 4348 1105 4386 nam
1147 4344 1201 4387 et
1235 4333 1621 4386 manducantes
1649 4332 1911 4401 laedimur,
1947 4344 2001 4388 et
2032 4336 2134 4389 ite-

559 4444 678 4482 rum
712 4427 1104 4482 desideramus.
1158 4428 1257 4493 Qui
1288 4426 1597 4480 libidinibus
1626 4442 1825 4495 corpus
1866 4429 2135 4484 maculant

2228 3228 2559 3283 contrariam
2614 3227 2816 3281 habent
2846 3226 3133 3288 virtutem;
3180 3224 3361 3278 odium
3408 3224 3553 3278 enim
3585 3233 3640 3278 et
3697 3240 3801 3279 non

2232 3322 2555 3393 placibililas
2581 3332 2683 3374 est.
2722 3319 2779 3373 Si
2812 3321 2955 3374 enim
2997 3332 3119 3372 vere
3150 3331 3415 3383 amemus,
3450 3332 3555 3370 non
3584 3326 3802 3370 contra~

2233 3417 2313 3469 ria
2341 3430 2460 3485 qua:
2484 3429 2624 3468 nunc
2652 3413 2807 3467 nobis
2832 3413 3096 3464 donamus
3118 3411 3460 3465 donaremus.
3488 3407 3606 3465 Non
3635 3410 3807 3466 ebrio-

2236 3518 2398 3561 talem
2426 3507 2643 3575 quippe,
2686 3505 2778 3558 sed
2812 3503 3077 3573 jejunium
3122 3520 3135 3556 :
3170 3516 3273 3555 non
3312 3504 3542 3567 theatra,
3582 3504 3680 3558 sed
3712 3518 3807 3559 ec-

2234 3600 2453 3657 clesiam
2503 3617 2517 3653 :
2567 3612 2674 3651 non
2720 3595 2942 3664 lapides,
2978 3596 3071 3649 sed
3108 3595 3268 3649 Deum
3328 3612 3343 3649 :
3392 3610 3495 3649 non
3529 3594 3675 3663 lites,
3714 3598 3810 3652 sed

2235 3710 2422 3765 pacem
2460 3710 2475 3746 :
2510 3706 2615 3746 non
2650 3688 3020 3767 homicidium,
3055 3687 3146 3742 sed
3179 3687 3397 3741 tutelam
3427 3686 3618 3741 salutis
3655 3705 3669 3741 :
3702 3702 3809 3742 non

2236 3787 2672 3849 fornicationem,
2705 3783 2797 3839 sed
2826 3780 3160 3852 pudicitiam.
3191 3778 3247 3833 Si
3279 3780 3419 3833 enim
3446 3780 3811 3849 nosmetipsos

2234 3893 2567 3941 amaremus,
2594 3893 2721 3932 vere
2752 3878 3079 3930 donaremus
3104 3873 3258 3928 nobis
3285 3872 3447 3928 bona.
3496 3871 3634 3937 Quia
3661 3872 3807 3926 enim

2234 3973 2468 4035 odimus,
2499 3972 2761 4023 donamus
2812 3976 2865 4021 et
2912 3979 3263 4034 procuramus
3313 3963 3468 4017 nobis
3506 3960 3671 4016 mala.
3702 3960 3810 4016 Sed

2236 4066 2381 4120 sicut
2406 4046 2627 4127 matres,
2662 4062 2732 4113 ita
2758 4070 2811 4114 et
2847 4073 2999 4112 mens
3016 4058 3260 4112 habetur.
3293 4055 3637 4124 Quaecunque
3664 4055 3809 4109 enim

2236 4166 2443 4211 matres
2474 4161 2698 4223 parcent
2732 4151 2844 4205 suis
2879 4151 3022 4216 ﬁliis,
3049 4165 3153 4203 non
3189 4148 3463 4203 mittentes
3488 4162 3581 4201 eos
3605 4147 3672 4201 ad
3696 4158 3811 4201 stn-

2240 4251 2360 4309 dia;
2412 4248 2479 4301 ad
2534 4247 2824 4299 utilitatem
2871 4244 3069 4313 quippe
3116 4243 3240 4296 dum
3275 4241 3530 4295 videntur
3584 4241 3814 4306 donare,

2240 4349 2439 4396 nocent
2477 4361 2489 4393 :
2531 4340 2601 4392 ita
2637 4347 2691 4393 et
2725 4351 2823 4391 nos
2852 4351 2948 4405 per
2973 4336 3270 4390 caecitatem
3324 4334 3517 4388 mentis
3558 4343 3815 4401 putantes

2245 4433 2447 4502 aliquid
2495 4430 2649 4483 nobis
2693 4428 2917 4488 donare,
2964 4425 3263 4495 decipimus
3305 4439 3404 4477 nos
3438 4433 3493 4477 et
3528 4437 3816 4478 uocemus.

555 4531 614 4575 et
644 4521 837 4574 anima:
871 4529 1086 4582 nocent,
1124 4534 1227 4573 non
1267 4518 1523 4571 recedunt
1551 4532 1581 4570 a
1616 4533 1790 4583 noxa;
1837 4522 1931 4572 sed
1961 4531 2017 4574 et
2039 4537 2130 4575 ac-
2164 4535 2211 4594 ι)
2239 4527 2306 4581 Ει
2334 4533 2481 4578 certe
2507 4523 2792 4576 incurrunt
2826 4518 2981 4572 nobis
3006 4526 3060 4572 et
3094 4517 3387 4570 adveniunt
3419 4531 3816 4585 nonnunquam

555 4614 781 4679 cedunt,
832 4621 892 4667 ut
948 4628 1181 4681 aucupes
1220 4611 1507 4675 malorum,
1563 4611 1790 4664 multum
1849 4612 2136 4679 vigilantes

559 4719 657 4776 per
707 4714 920 4758 noctem
953 4703 1092 4757 male
1144 4720 1158 4754 :
1192 4714 1283 4754 aut
1322 4704 1464 4755 enim
1498 4702 1878 4757 ambitionibus
1929 4704 2138 4772 inquie-

562 4806 766 4861 tantur,
812 4807 905 4849 ant
945 4811 973 4849 a
1010 4795 1457 4863 concupiscentiis
1492 4795 1811 4859 illiciuntur,
1854 4804 1947 4849 aut
1973 4814 2001 4849 a
2039 4812 2136 4851 co-

559 4890 913 4959 gitationibus
945 4888 1100 4942 malis
1137 4888 1465 4940 excitantur.
1507 4888 1562 4940 Si
1592 4897 1771 4941 autem
1817 4898 1870 4942 et
1924 4899 2141 4958 oportet

560 4981 833 5049 cogitatus
864 4979 1071 5044 vocari,
1102 4986 1157 5031 et
1196 4978 1450 5031 meditata
1501 4991 1597 5045 per
1626 4988 1840 5031 noctem
1883 4972 2139 5033 festinant

561 5074 877 5143 procedere,
915 5082 972 5123 ut
1006 5084 1067 5124 ea
1092 5085 1211 5139 qua:
1232 5085 1329 5139 per
1355 5080 1567 5124 noctem
1598 5071 1903 5140 c0gitarunt
1934 5071 2135 5125 admit-

564 5174 679 5218 tant
712 5176 966 5233 tanquam
1023 5163 1333 5233 ignorantes
1373 5184 1385 5217 :
1432 5164 1558 5232 quia
1605 5165 1695 5231 qui
1731 5162 1860 5216 facit
1908 5163 2133 5228 malum,

563 5255 793 5323 annilius
825 5255 985 5309 habet
1037 5255 1256 5316 malum,
1297 5270 1460 5324 quam
1506 5256 1552 5309 is
1604 5256 1698 5324 qui
1752 5269 1782 5307 a
1820 5269 1880 5310 se
1932 5256 2137 5325 patitur

564 5348 786 5404 malum.
829 5346 981 5400 Sicut
1030 5347 1175 5399 enim
1212 5347 1350 5414 ignis
1378 5348 1482 5399 alia
1514 5347 1729 5416 quidem
1760 5348 2048 5410 comburit,
2082 5347 2135 5401 in

564 5439 857 5506 semetipso
910 5445 1087 5489 autem
1135 5438 1383 5490 ardorem
1439 5437 1691 5491 incendii'
1714 5437 1921 5506 primus
1951 5437 2131 5503 habet,

567 5529 640 5582 ita
665 5538 718 5582 et
742 5526 943 5580 malitia
971 5528 1204 5597 primum
1236 5529 1572 5598 possidentes
1595 5540 1772 5581 nocet.
1818 5528 2055 5599 Denique
2080 5541 2135 5582 et

660 5753 748 5823 9i)
779 5752 876 5808 Ms.
904 5765 1069 5807 mente
1098 5754 1403 5807 exstiterunt
1428 5770 1543 5807 sua.

661 5822 751 5887 9‘2)
781 5824 876 5877 Ms.
912 5826 980 5876 ad
1027 5828 1221 5876 malum
1267 5826 1445 5877 vitam.
1481 5824 1640 5879 Forte
1689 5822 1970 5892 legendum
2016 5831 2123 5888 est,

698 5998 977 6335 Χ

594 5952 641 5991 διν.

2241 4628 2296 4673 et
2328 4616 2554 4685 vestigia
2594 4615 2883 4675 bonorum,
2910 4620 2964 4663 et
3006 4618 3287 4679 gustamus
3314 4607 3600 4677 aliquoties
3627 4617 3683 4662 et
3712 4624 3820 4662 nos

2239 4708 2649 4766 delectationem
2675 4718 2743 4759 ex
2775 4701 3052 4771 pudicitia.
3099 4700 3156 4755 Si
3188 4710 3370 4755 autem
3399 4710 3454 4755 et
3484 4700 3821 4755 voluerimus

2238 4812 2586 4872 perseverare
2611 4798 2663 4849 in
2695 4804 2877 4866 gustu,
2904 4803 2959 4846 et
2982 4807 3317 4861 comparare,
3349 4801 3610 4860 quantum
3649 4792 3819 4847 vehe-

2241 4894 2472 4947 mentior
2492 4900 2579 4945 est
2598 4890 2838 4943 suavitas
2866 4902 2931 4941 ex
2957 4888 3238 4959 pudicitia,
3261 4901 3420 4955 quam
3449 4899 3512 4939 ea
3541 4899 3659 4952 qua:
3684 4898 3713 4935 a
3760 4884 3821 4937 li~

2239 4986 2429 5039 bidine
2464 4983 2629 5037 venit.
2664 4980 2918 5035 Suavitas
2943 4982 3087 5034 enim
3117 4993 3183 5033 ex
3212 4977 3466 5045 pudicitia
3495 4976 3610 5031 sine
3638 4978 3825 5045 peni-

2241 5075 2406 5128 tentia
2426 5084 2531 5137 est,
2547 5072 2891 5126 immaculata
2909 5083 3012 5138 est,
3032 5070 3402 5135 immutabilis,
3421 5070 3639 5132 munda,
3656 5082 3828 5136 pura,

2238 5175 2448 5230 sancta,
2465 5176 2518 5219 et
2543 5167 2762 5218 nomine
2785 5176 2840 5217 et
2866 5179 3029 5232 opere
3051 5173 3105 5217 et
3125 5164 3358 5218 actibus.
3382 5163 3459 5216 Ex
3476 5162 3694 5216 libidine
3716 5176 3819 5216 au-

2245 5266 2350 5311 tem
2377 5271 2561 5320 suave,
2591 5266 2764 5326 turpe,
2794 5257 3191 5320 absconditum,
3227 5255 3346 5309 sine
3376 5254 3590 5318 ﬁducia,
3622 5264 3829 5307 conta-

2247 5350 2529 5411 minatum,
2555 5348 2826 5402 turbidum
2847 5359 2899 5401 et
2917 5362 3143 5416 corpore
3163 5356 3213 5402 el
3233 5348 3435 5410 anima,
3456 5361 3578 5400 cum
3598 5346 3830 5411 timore,

2241 5455 2364 5493 cum
2394 5442 2622 5505 turbela,
2653 5455 2774 5493 cum
2804 5440 3089 5510 sanguine,
3115 5456 3236 5493 cum
3262 5450 3492 5493 tremore
3520 5453 3682 5493 suave
3709 5448 3829 5493 est-

2241 5530 2702 5597 Quemadmodum
2722 5548 2851 5601 ergo
2864 5532 3061 5587 suave?
3078 5533 3136 5587 Si
3153 5533 3276 5601 quis
3289 5541 3468 5587 autem
3483 5530 3719 5585 suaviter
3736 5538 3819 5584 de

2240 5762 2435 5802 utinam
2474 5762 2644 5803 autem
2684 5764 2845 5819 neque
2885 5763 2950 5800 aa
2980 5757 3180 5814 vitium,
3214 5762 3376 5817 neque
3408 5746 3475 5798 ad
3510 5746 3713 5797 malum
3748 5746 3831 5799 vi-

2234 5830 2385 5874 rem.
