4098 6398
316 335 456 394 N95

1409 331 1497 386 DE
1534 330 1876 388 OPERIBUS
1913 327 2114 387 BONIS
2153 330 2240 386 ET
2279 329 2510 386 MALIS.

3431 331 3570 391 ll”

317 458 500 515 trctari
533 458 702 528 cupit,
740 471 869 515 vere
898 458 1202 514 secundum
1259 455 1507 528 Apostoli
1546 471 1734 512 vocem
1795 457 1892 510 ha-
1920 459 1967 518 Α
1996 471 2126 509 num
2157 453 2424 519 mulieris,
2455 461 2512 509 et
2539 449 2806 521 decerpsit
2855 451 2924 507 de
2975 453 3172 508 arbore
3217 451 3477 518 fructum,
3511 466 3567 511 et
3597 515 3604 518 _

316 551 406 603 bet
441 551 600 603 viam.
633 547 811 602 Suave
850 559 934 602 est
966 548 1111 602 enim
1140 548 1183 603 si
1219 546 1486 603 liberetur
1525 547 1649 617 quis
1684 563 1713 601 a
1749 563 1887 601 con-

316 640 549 704 fusione,
582 655 611 693 a
646 641 876 702 turbela,
917 655 945 693 a
983 641 1310 710 suspicione.
1369 640 1461 696 lsti
1509 643 1654 696 enim
1693 641 1936 716 oculus.»

315 746 422 786 non
452 731 606 786 laetus
629 740 733 796 est,
771 733 868 786 sed
903 733 1168 801 sapientia
1227 731 1492 802 gaudens,
1542 742 1598 787 et
1651 733 1799 787 visus
1835 741 1889 788 et
1931 721 1940 738 “

313 837 482 890 purus
531 830 586 876 et
626 822 880 876 mundus.
940 823 1040 877 Ubi
1083 830 1262 878 autem
1303 824 1643 878 conscientia
1695 825 1884 893 fuerit,

313 911 690 978 circumspicit
722 914 907 967 oculus
963 927 1030 967 ne
1065 914 1186 982 quis
1230 915 1366 970 vidit
1393 932 1408 970 :
1461 915 1576 970 sitit
1609 931 1729 982 cor,
1759 933 1886 987 pro-

313 1009 433 1070 pter
483 999 596 1070 (93)
647 1014 714 1054 ea
763 1014 883 1070 qua:
925 1002 1258 1071 suspicatur,
1298 1015 1352 1059 et
1402 1005 1454 1059 in
1506 1005 1756 1076 plurimis
1798 1016 1884 1062 tu—

315 1090 418 1146 tela
459 1090 570 1162 (94)
604 1103 712 1158 est,
764 1101 819 1148 et
866 1107 974 1148 non
1030 1107 1116 1150 est
1164 1097 1267 1152 iste
1325 1099 1616 1153 suavitatis
1665 1111 1881 1176 gustus.

311 1180 451 1248 Quid
481 1183 626 1236 enim
656 1197 822 1238 suave
851 1194 937 1240 est
965 1183 1020 1240 in
1047 1185 1124 1242 ira
1154 1188 1179 1242 τ
1222 1198 1277 1242 et
1312 1199 1462 1246 certe
1501 1190 1885 1248 contendimus

311 1282 366 1329 et
399 1274 492 1328 irae
527 1275 813 1330 adversum
841 1291 942 1333 nos
969 1281 1196 1336 donare.
1233 1280 1374 1348 Quid
1407 1297 1576 1340 suave
1605 1291 1691 1339 est
1725 1285 1777 1340 iu
1808 1286 1885 1340 in-

310 1365 452 1420 vidia
489 1365 980 1437 (95)?Tabescunt
1031 1371 1175 1426 enim
1217 1384 1272 1428 et
1319 1388 1468 1439 ossa,
1520 1385 1576 1430 et
1613 1391 1787 1441 mens,
1829 1385 1884 1432 et

309 1457 543 1512 medulla
585 1459 966 1516 invidentium.
999 1463 1107 1518 Sed
1147 1464 1193 1519 si
1237 1476 1567 1535 apparerent
1597 1469 1880 1538 passiones

309 1563 429 1604 cum
466 1550 678 1620 fierent,
711 1569 818 1609 non
846 1563 1032 1612 essent
1063 1558 1369 1627 passiones.
1402 1558 1726 1617 Sicutenim
1774 1564 1876 1616 do-

307 1641 427 1696 lens
463 1644 654 1699 oculus
683 1662 787 1700 non
825 1647 988 1712 videt,
1032 1659 1088 1704 et
1123 1651 1174 1705 in
1211 1660 1476 1722 quantum
1529 1650 1697 1718 dolet,
1737 1657 1880 1708 'tan-

308 1747 421 1792 tum
449 1747 502 1793 et
537 1753 566 1792 a
595 1738 801 1794 visione
833 1739 1166 1808 impeditur:
1199 1742 1275 1798 ita
1303 1752 1359 1798 et
1389 1743 1570 1797 anima
1603 1759 1725 1813 quae
1760 1758 1882 1812 pas-

307 1829 488 1884 siones
534 1829 787 1896 incurrit,
837 1846 942 1886 non
975 1833 1219 1887 intuetur
1266 1835 1616 1903 ignominiam
1670 1849 1876 1890 suam:

305 1921 576 1991 siquidem
614 1938 713 1978 nec
737 1922 920 1978 ebrius
950 1925 1114 1979 sentit
1142 1940 1263 1979 cum
1302 1926 1580 1981 irridetur.
1618 1927 1880 1998 Evigilate

306 2011 472 2083 igitur
521 2021 575 2066 et
631 2013 973 2081 resipiscite;
1019 2014 1414 2070 confundimini
1467 2016 1591 2084 quia
1641 2018 1708 2070 ab
1755 2016 1879 2072 aliis

306 2102 566 2158 cdiscitis.
609 2103 928 2173 Quicunque
951 2105 1097 2160 enim
1132 2114 1258 2174 post
1291 2107 1601 2176 passionem
1647 2121 1875 2175 percus-

305 2203 495 2249 serunt
529 2210 621 2250 cor
644 2196 995 2266 pceniteutes,
1027 2197 1238 2252 liberati
1271 2208 1420 2254 sunt.
1465 2199 1520 2253 Si
1554 2209 1734 2253 autem
1770 2214 1874 2252 non

305 2295 712 2353 percusserunt,
761 2287 987 2341 necdum
1042 2288 1258 2343 liberati
1304 2291 1374 2344 ab
1427 2289 1692 2344 ebrietate
1726 2299 1874 2345 sunt.

305 2376 413 2430 Sed
440 2375 692 2430 illicimur
723 2377 837 2432 visu
865 2379 930 2431 ad
967 2379 1420 2448 pulchritudinem
1445 2380 1712 2434 vultuum.
1737 2379 1875 2446 Quid

305 2468 442 2522 caelo
473 2479 557 2522 est
589 2469 801 2535 melius,
830 2470 1003 2540 quid?
1050 2471 1241 2527 Melius
1271 2481 1354 2527 est
1383 2474 1610 2527 credere
1647 2473 1757 2526 Deo
1791 2473 1875 2526 di-

304 2560 445 2613 centi
483 2576 499 2614 :
531 2559 784 2630 Respicite
816 2563 871 2615 iu
899 2563 1064 2617 altum
1091 2563 1262 2617 Deum
1294 2565 1462 2619 oculis
1489 2566 1690 2629 vestris,
1719 2575 1768 2617 et
1803 2565 1876 2619 vi-

302 2649 420 2704 dete
445 2651 564 2719 quis
599 2652 834 2705 condidit
871 2655 1049 2706 omnia
1081 2655 1184 2709 ista
1217 2655 1282 2707 δι.
1310 2655 1448 2721 Quid
1484 2655 1552 2708 ita
1588 2655 1873 2724 pulchrum

305 2740 358 2795 in
386 2743 541 2796 oculo
563 2753 646 2796 est
678 2743 939 2809 mulieris,
970 2756 1231 2813 quantum
1263 2746 1342 2799 sol
1375 2746 1537 2800 habet
1564 2747 1616 2800 in
1652 2745 1872 2815 fulgori-

303 2833 584 2889 bussuis?
619 2835 754 2902 Quid
792 2837 861 2890 ita
903 2837 1059 2891 floret
1086 2838 1135 2892 in
1168 2838 1349 2894 fronte
1401 2839 1642 2902 mortali,
1698 2853 1872 2907 quan-

305 2934 418 2979 tum
461 2927 512 2980 in
556 2927 700 2981 omni
749 2927 887 2981 coelo
923 2928 1169 2998 splendet
1206 2929 1352 2998 quod
1381 2929 1631 2982 videtur?
1661 2929 1786 2997 quia
1820 2937 1875 2984 et

306 3014 427 3068 aliis
459 3015 696 3070 varietas
726 3016 1012 3085 vestigium
1061 3016 1217 3071 illieit
1269 3026 1326 3070 ut
1359 3016 1548 3070 stellae.
1601 3015 1705 3070 Sed
1736 3015 1874 3071 forte

1995 548 2045 600 vi
2076 549 2132 601 in
2165 545 2282 614 ejus
2306 561 2402 602 ore
2424 545 2681 615 imposuit
2707 563 2721 600 :
2751 543 2846 600 sed
2874 545 3136 614 scriptum
3163 554 3267 610 est,
3295 547 3419 615 quia
3451 561 3568 601 mu-

1991 638 2092 692 lier
2137 651 2297 693 suasa
2349 637 2623 707 protendit
2668 651 2890 691 manum
2939 637 3007 692 ad
3062 639 3332 703 arborem,
3392 649 3448 692 et
3502 653 3566 694 os
3647 673 3658 682 ρ

1991 727 2244 796 aperiens
2291 743 2470 795 suum,
2515 727 2742 782 immisit
2795 726 3054 783 fructum.
3115 727 3328 784 Utinam
3379 739 3561 784 autem

1991 819 2180 874 fuisset
2201 820 2320 875 vis!
2362 821 2444 875 vis
2493 821 2637 875 enim
2693 835 2803 876 non
2849 829 3109 891 procurat
3157 830 3411 889 mortem,
3465 822 3560 876 sed

1991 914 2086 968 dat
2117 924 2174 969 ut
2200 915 2530 984 ignoscatur.
2565 914 2672 970 Sed
2702 915 3158 985 quemadmodum
3189 914 3448 984 scriptum
3479 922 3564 968 est

1987 1005 2284 1074 videamus,
2345 1015 2405 1062 ut
2467 1007 2684 1063 edoceri
2746 1007 3019 1076 possimus
3065 1015 3328 1076 quantum
3383 1014 3561 1076 potest

1988 1099 2252 1155 diabolus.
2279 1099 2586 1156 Amicitiam
2616 1099 2792 1165 finxit,
2818 1099 3058 1155 ostendit
3080 1099 3557 1170 pulchritudinem,

1986 1191 2174 1254 suasit,
2204 1191 2474 1260 promisit,
2507 1191 2627 1246 ideo
2660 1190 2786 1260 quia
2815 1191 2922 1244 vim
2950 1191 3132 1246 facere
3166 1205 3275 1246 non
3321 1188 3556 1243 valebat.

1983 1278 2052 1333 Et
2081 1295 2224 1334 nunc
2253 1279 2406 1334 multi
2445 1281 2675 1336 suadent
2698 1279 2826 1346 sibi,
2858 1281 2986 1351 quia
3042 1271 3343 1334 tr'ahuntur
3368 1294 3398 1335 tt
3433 1279 3557 1348 qui-

1982 1371 2228 1426 busdam.
2267 1371 2346 1425 llli
2377 1371 2522 1426 enim
2551 1373 2642 1442 qui
2671 1371 2803 1427 foris
2828 1381 2978 1438 sunt,
3026 1370 3166 1427 forte
3217 1378 3396 1426 autem
3451 1372 3555 1424 ali-

1983 1463 2074 1533 qui
2109 1472 2162 1518 et
2192 1477 2259 1518 ex
2293 1463 2377 1518 his
2405 1463 2496 1532 qui
2532 1463 2676 1518 intus
2702 1472 2849 1531 sunt,
2876 1473 3068 1531 putant
3088 1479 3148 1520 se
3193 1478 3222 1518 a
3269 1463 3442 1520 stellis
3477 1473 3558 1518 at-

1983 1552 2150 1620 trahi,
2174 1552 2374 1606 malum
2399 1551 2544 1606 malo
2570 1561 2824 1608 curantes
2849 1567 2863 1616 ;
2891 1561 3084 1608 etcum
3113 1553 3375 1609 deberent
3401 1569 3552 1608 suam

1984 1645 2244 1701 malitiam
2271 1644 2544 1708 conﬁteri,
2579 1644 2729 1700 aliud
2765 1645 2940 1716 majus
2988 1644 3186 1699 malum
3220 1645 3550 1715 praecedenti

1984 1736 2127 1792 malo
2158 1747 2551 1806 supraponunt.
2577 1737 2900 1792 Creaturam
2932 1737 3129 1808 quippe
3169 1738 3406 1808 propriis
3439 1751 3557 1792 ma-

1981 1826 2046 1880 lis
2075 1828 2530 1892 contaminantes,
2556 1827 2701 1881 aliud
2739 1836 2921 1881 autem
2950 1841 3070 1881 cum
3100 1827 3342 1896 superati
3366 1841 3394 1881 a
3422 1839 3554 1881 con-

1981 1919 2330 1988 cupiscentiis
2363 1918 2588 1985 fuerint,
2622 1919 2936 1973 remiserint
2963 1930 3144 1973 autem
3180 1909 3360 1974 fenum
3397 1919 3543 1987 cogi-

1983 2019 2127 2067 tatus
2151 2011 2259 2076 sui,
2288 2019 2478 2081 putant
2509 2010 2827 2065 infirmitate
2854 2009 3172 2080 frequenter
3200 2025 3258 2066 se
3289 2011 3454 2075 vinci,
3498 2020 3553 2066 et

1981 2118 2087 2157 non
2128 2118 2226 2158 suo
2275 2104 2553 2173 proposito
2606 2102 2927 2172 negligenti.
2977 2102 3036 2156 Si
3064 2103 3186 2172 quis
3216 2111 3395 2156 autem
3430 2101 3549 2156 vult

1981 2201 2228 2246 naturam
2258 2206 2572 2262 agnoscere,
2610 2209 2714 2248 non
2751 2193 2834 2248 his
2861 2183 2988 2264 quae
3022 2193 3330 2262 praescribit
3381 2211 3550 2265 agno-

1980 2293 2136 2349 scat;
2179 2284 2302 2352 quia
2343 2299 2439 2340 nec
2470 2283 2631 2340 debet
2681 2286 2920 2340 accusari
2958 2285 3152 2356 regalis
3189 2302 3440 2342 nummus
3481 2287 3551 2342 ab

1980 2376 2243 2432 adultero.
2301 2377 2450 2431 Illam
2496 2375 2870 2432 fortitudinem
2907 2387 3116 2433 natura:
3153 2387 3206 2434 et
3249 2379 3543 2449 cogitatum

1978 2467 2181 2532 videat,
2217 2483 2340 2522 cum
2387 2469 2832 2538 concupiscentia
2886 2468 3158 2538 hortatur,
3207 2486 3328 2524 cum
3384 2471 3549 2525 libido

1981 2569 2154 2628 rogat,
2189 2567 2242 2613 et
2278 2574 2381 2614 nox
2415 2560 2760 2616 occasionem
2786 2559 2990 2629 prmbet
3019 2579 3032 2614 :
3080 2561 3354 2630 quomodo
3395 2561 3543 2632 cogi-

1980 2661 2125 2705 tatus
2158 2666 2188 2705 e
2213 2660 2400 2705 contra
2428 2651 2697 2706 obstruit:
2728 2650 2856 2720 quia
2881 2659 2934 2704 et
2956 2651 3007 2705 in
3036 2652 3378 2720 passionibus
3409 2669 3548 2706 mar-

1981 2752 2180 2813 tyrum,
2214 2757 2406 2796 manus
2432 2741 2645 2811 quidem
2680 2742 2906 2807 radunt,
2941 2743 3083 2797 oculi
3115 2750 3298 2797 autem
3331 2744 3545 2797 minan-

1978 2840 2083 2898 tur,
2116 2841 2170 2888 et
2205 2833 2394 2889 dentes
2425 2835 2549 2888 dum
2583 2832 2818 2889 strident
2863 2843 3088 2902 terrent,
3129 2843 3185 2892 et
3231 2837 3467 2907 tyranni,
3499 2849 3549 2890 et

1975 2925 2156 2997 gladii,
2187 2935 2240 2980 et
2274 2926 2432 2995 ignis,
2459 2935 2512 2982 et
2541 2925 2688 2981 mille
2713 2929 2924 2998 species
2951 2929 3146 2984 mortis
3179 2939 3544 2998 apponuntur.

1974 3027 2030 3071 et
2055 3016 2326 3086 cogitatus
2352 3032 2458 3070 non
2498 3015 2758 3074 ﬂectitur.
2789 3019 2895 3074 Sed
2923 3019 3061 3075 alius
3097 3019 3276 3076 victus
3303 3029 3387 3074 est
3412 3038 3426 3074 :
3454 3021 3544 3072 sed

305 3107 348 3160 si
376 3115 562 3161 essent
592 3107 644 3159 iu
674 3107 872 3173 medio,
899 3114 956 3160 ut
986 3106 1050 3159 ad
1082 3094 1541 3175 comparationem
1581 3105 1723 3172 dico,
1776 3106 1874 3160 ali-
1902 3129 1943 3187 ρ
1978 3122 2084 3161 non
2119 3122 2148 3161 a
2183 3107 2340 3162 victis
2380 3107 2576 3165 debent
2611 3110 2825 3184 agmina
2863 3109 3122 3164 militaria
3157 3109 3415 3180 judicari.
3459 3111 3550 3167 Ille

305 3199 496 3251 mnuiae
523 3199 786 3263 diversae;
816 3207 869 3251 et
903 3197 948 3252 si
987 3196 1243 3266 possibile
1271 3194 1416 3251 esset
1442 3205 1492 3252 et
1531 3198 1727 3250 artium
1755 3197 1873 3266 pul-

305 3289 640 3343 chritudines
671 3289 820 3358 poni,
851 3289 1217 3342 adunarentur
1245 3296 1423 3342 autem
1455 3295 1509 3342 et
1537 3289 1719 3342 omnia
1753 3291 1871 3343 ani-

305 3379 487 3444 malia,
518 3389 570 3434 et
601 3390 992 3449 proponeretur
1025 3378 1186 3435 lectio
1214 3378 1324 3449 (96)
1357 3396 1372 3434 :
1409 3379 1592 3434 statim
1621 3381 1772 3448 porci
1806 3380 1872 3433 ad

302 3481 511 3526 stercus
537 3480 844 3535 currerent,
873 3485 1059 3525 mures
1085 3471 1150 3525 ad
1176 3470 1280 3524 alia
1313 3469 1617 3524 istiusmodi
1672 3484 1872 3525 conve-

304 3564 506 3618 nientia
536 3564 635 3619 sibi
666 3573 720 3619 et
745 3565 918 3617 antica
952 3580 966 3617 :
1001 3563 1138 3618 asini
1186 3571 1392 3628 autem,
1427 3571 1482 3617 et
1513 3561 1616 3614 alia
1652 3577 1770 3630 qua:
1799 3563 1870 3616 ita

303 3664 429 3710 sunt
457 3655 606 3710 tarda
641 3655 918 3720 animalia,
974 3655 1064 3709 illa
1113 3655 1332 3724 quidem
1379 3653 1562 3708 fenum
1604 3662 1868 3722 peterent,

302 3748 406 3801 alia
433 3749 500 3801 ad
534 3761 598 3804 ea
634 3762 754 3817 qua:
792 3754 1120 3801 consuerunt
1153 3761 1212 3800 se
1232 3743 1541 3814 jungereut.
1573 3742 1744 3798 Homo
1775 3760 1870 3796 au-

301 3847 410 3892 tem
444 3838 756 3908 dignitatem
799 3837 1038 3893 hominis
1063 3837 1282 3892 salvans
1313 3835 1381 3890 ad
1410 3846 1556 3891 artes
1602 3845 1868 3899 curreret,

299 3942 353 3984 et
383 3932 449 3984 ad
477 3927 786 3998 spectacula
814 3928 1011 3982 artium
1039 3935 1377 3997 properaret.
1431 3923 1489 3980 Si
1541 3925 1660 3994 quis
1689 3935 1870 3979 autem

301 4031 446 4078 esset
491 4024 653 4078 homo
694 4035 822 4076 vere
869 4029 922 4074 et
971 4021 1209 4076 hominis
1234 4019 1454 4074 salvans
1485 4033 1742 4084 sensum;
1774 4021 1869 4072 de-

301 4115 535 4184 spiciens
565 4125 618 4168 et
643 4113 899 4168 derideus
932 4113 1266 4182 relinqueret
1304 4111 1493 4181 utique
1544 4109 1868 4164 sollicitudi-

300 4219 422 4259 nem
453 4207 817 4274 propositam;
853 4202 1151 4271 respiceret
1190 4209 1373 4255 autem
1404 4214 1622 4254 sursum
1660 4198 1726 4252 ad
1753 4211 1870 4253 ca:-

303 4295 433 4358 lunt,
459 4302 513 4347 et
542 4292 747 4347 videret
774 4307 893 4361 quae
924 4293 977 4346 in
1007 4291 1150 4347 crelo
1190 4299 1245 4346 et
1296 4290 1551 4359 superius
1589 4288 1730 4344 emlo
1773 4289 1871 4342 ha-

301 4385 517 4448 bentur,
573 4399 680 4438 non
732 4383 903 4439 oculis
945 4382 1038 4436 sed
1093 4391 1295 4447 mente,
1342 4389 1396 4434 et
1438 4395 1543 4434 non
1593 4388 1870 4448 pateretur

1978 3199 2122 3252 enim
2157 3201 2248 3268 qui
2285 3200 2458 3254 victus
2491 3209 2590 3265 est,
2619 3201 2827 3256 ordinis
2853 3202 3026 3257 aciem
3077 3202 3324 3268 dimisit;
3369 3204 3435 3258 ab
3467 3204 3552 3258 his

1978 3301 2158 3342 autem
2190 3289 2280 3357 qui
2321 3297 2598 3358 superant,
2632 3290 2827 3345 debent
2873 3292 3092 3359 agnosci
3129 3295 3371 3360 agmines
3407 3293 3547 3346 mili-

1979 3391 2140 3434 tares.
2171 3379 2303 3448 Quia
2339 3395 2510 3450 neque
2539 3396 2568 3435 a
2602 3381 2762 3437 caecis
2790 3380 2982 3436 oculus
3017 3382 3326 3452 iudicatur,
3375 3401 3547 3455 neque

1976 3484 2005 3523 a
2040 3470 2218 3525 surdis
2253 3471 2424 3536 auris,
2453 3488 2632 3544 neque
2663 3472 2730 3527 ab
2757 3475 3149 3544 aegrotantibus
3196 3484 3410 3542 natura,
3446 3492 3547 3532 nec

1977 3562 2044 3616 ab
2072 3562 2430 3621 infructuosis
2475 3563 2761 3620 arboribus
2803 3565 2959 3635 culpa
2993 3575 3201 3622 natura:
3249 3567 3408 3623 debet
3453 3585 3543 3622 as-

1976 3652 2109 3707 cribi
2141 3671 2155 3706 :
2190 3654 2317 3725 quia
2353 3669 2454 3709 nec
2486 3655 2682 3709 mortui
2713 3656 2957 3712 homines
2984 3657 3234 3713 homines
3262 3644 3411 3724 sunt,
3447 3673 3546 3713 uec

1977 3744 2028 3797 in
2067 3745 2204 3801 vivis
2235 3746 2519 3816 irreligiosi
2551 3757 2605 3802 et
2633 3747 2802 3816 impii,
2833 3764 3008 3818 neque
3045 3760 3328 3821 assumpta
3394 3751 3543 3806 dele-

1976 3835 2141 3898 ctatio
2185 3837 2489 3894 libidinosis
2536 3849 2839 3909 reputatur.
2892 3837 3016 3896 Haec
3057 3841 3200 3896 enim
3253 3851 3338 3898 est
3379 3858 3542 3898 noxa.

1975 3928 2040 3982 Et
2071 3929 2274 3984 utinam
2299 3929 2577 4000 expediret
2606 3929 2803 4000 aliquid
2829 3945 3028 3997 sermo,
3062 3940 3123 3987 ut
3141 3941 3194 3987 et
3229 3933 3422 3988 iterum
3448 3935 3544 3988 fle-

1974 4027 2076 4073 ret.
2131 4018 2268 4087 Quia
2321 4021 2465 4075 enim
2522 4035 2908 4091 nonnunquam
2955 4030 3218 4091 putantur
3268 4039 3545 4080 sermones

1974 4111 2278 4166 contrarios
2334 4113 2403 4167 ob
2465 4113 2855 4182 spectationem
2905 4112 3017 4184 (97)
3069 4114 3276 4172 fructus
3324 4116 3544 4179 alferre,

1975 4201 2114 4258 sicut
2157 4200 2305 4273 .Deus
2346 4203 2514 4259 Israel
2539 4203 2760 4272 culpans
2800 4204 2970 4259 dicit:
3004 4202 3246 4261 Sustinui
3269 4213 3326 4261 ut
3354 4208 3544 4277 faceret

1974 4308 2150 4360 uvam,
2207 4293 2328 4360 fecit
2376 4302 2554 4348 autem
2586 4295 2764 4362 spinas
2807 4293 2893 4361 ἠς
2935 4297 3243 4352 exhortatio
3300 4299 3542 4367 quautam

1974 4382 2209 4439 edicitur
2251 4385 2317 4439 ad
2373 4385 2699 4452 docendum,
2751 4399 2816 4442 eo
2867 4388 3012 4456 quod
3067 4404 3172 4442 non
3218 4388 3544 4443 iructificant

302 4479 552 4532 deorsum
611 4477 662 4530 in
708 4488 866 4530 caeno
913 4471 1168 4529 volutari.
1206 4471 1314 4527 Sed
1366 4471 1494 4541 quid
1552 4471 1815 4526 faciemus
1847 4469 1869 4523 ἲ
1901 4456 1944 4511 Ῐ)
1976 4476 2160 4530 verba.
2196 4475 2474 4546 Siquidem
2495 4484 2549 4531 et
2577 4476 2684 4531 illic
2711 4477 2840 4531 dicit
2872 4479 3010 4532 Deus
3037 4493 3052 4532 :
3082 4478 3274 4532 Omnia
3301 4495 3544 4552 quiscun-

304 4571 442 4624 Deus
472 4568 716 4638 superius
742 4565 880 4622 caelo
907 4576 990 4620 est
1033 4574 1088 4619 et
1137 4561 1358 4632 ubique.
1393 4562 1642 4618 Mortalia
1690 4571 1869 4616 autem

301 4661 443 4716 circa
477 4661 618 4714 latus
648 4657 902 4723 illiciunt,
935 4667 990 4710 et
1018 4669 1193 4725 neque
1225 4655 1490 4716 dicentes,
1546 4666 1721 4722 neque
1773 4667 1870 4704 au-

299 4754 513 4807 dientes
557 4749 862 4806 excitamur
906 4763 936 4801 a
981 4760 1172 4802 somno
1214 4761 1232 4811 ;
1286 4747 1379 4800 sed
1424 4743 1564 4799 sicut
1613 4757 1734 4798 cera
1781 4751 1874 4795 aut

300 4845 578 4914 plumbum
609 4841 844 4897 infusum
874 4841 1097 4894 auribus
1133 4837 1332 4893 nostris
1357 4835 1577 4890 obturat
1603 4834 1874 4889 sermonis

303 4939 630 5006 ingressum,
653 4943 708 4989 et
737 4931 1040 4987 clamamus
1077 4930 1196 4984 sine
1230 4942 1392 4983 causa
1423 4945 1437 4981 :
1473 4925 1693 4981 trahunt
1727 4925 1869 4979 enim

304 5042 424 5095 qua:
456 5029 736 5081 attrahunt
763 5039 866 5079 non
900 5037 1023 5078 cum
1054 5022 1127 5086 vi,
1161 5020 1428 5089 siquidem
1485 5031 1584 5072 nec
1637 5017 1813 5086 pisces
1841 5032 1869 5070 a

305 5117 513 5190 laqueis
559 5130 680 5171 cum
715 5117 765 5170 vi
800 5116 1095 5170 trahuntur
1145 5112 1384 5182 quandiu
1431 5118 1487 5164 et
1531 5109 1869 5176 capiuntur:

301 5223 477 5277 neque
506 5206 748 5263 diabolus
781 5212 886 5262 vim
917 5209 1047 5262 facit
1076 5203 1409 5268 hominibus,
1447 5199 1540 5255 sed
1598 5199 1866 5254 hortatur.

301 5298 417 5354 Non
444 5301 588 5355 enim
613 5299 874 5368 scriptum
908 5307 1010 5362 est,
1061 5299 1184 5365 quia
1218 5293 1427 5362 accepit
1464 5290 1707 5346 diabolus
1748 5303 1867 5345 ma-

371 5419 414 5450 “
447 5417 548 5474 lsa.
575 5434 662 5484 xt.,
687 5418 775 5473 26.
853 5417 897 5448 “
923 5417 1024 5474 lsa.
1051 5433 1106 5480 v,
1141 5415 1194 5468 ι.
1274 5413 1319 5445 ⁸³
1344 5410 1473 5467 ibid.

372 5510 486 5584 (93)
509 5511 631 5584 bis,
657 5511 790 5584 salit
812 5528 901 5566 cor
934 5521 1164 5584 propter.

373 5579 484 5648 ('96)
516 5580 720 5634 Tutela.
747 5581 926 5644 Forte,
957 5579 1180 5632 turbela.

373 5645 484 5722 {95)
514 5649 640 5713 δίς..
667 5652 794 5714 quid
821 5667 978 5704 suave
1004 5659 1077 5702 est
1102 5649 1158 5700 in
1185 5645 1376 5699 invidis
1401 5645 1425 5697 ?

624 5745 894 5805 l'nnoc.
945 5744 1061 5802 Gn.
1112 5740 1338 5801 XXIV.

1975 4582 2074 4637 que
2103 4566 2254 4626 debui
2279 4567 2448 4635 {acere
2478 4567 2578 4634 feci
2612 4568 2773 4620 cinere
2809 4582 2936 4619 mea:
2967 4565 3032 4620 ".
3069 4567 3203 4632 Quia
3243 4568 3386 4622 enim
3415 4584 3546 4622 cou-

1979 4659 2174 4713 trarios
2201 4659 2588 4728 exspectationi
2621 4658 2795 4722 attulit
2827 4658 3057 4724 fructus,
3089 4660 3185 4722 ait,
3232 4658 3541 4714 Subducam

1976 4748 2200 4803 imbrem
2233 4750 2299 4801 ab
2317 4763 2379 4803 ea
2406 4765 2421 4802 :
2453 4747 2636 4815 utquid
2670 4747 2811 4818 enim
2835 4747 3042 4816 pluvias
3072 4747 3122 4802 ei
3149 4749 3316 4803 vinea:
3356 4749 3408 4802 in
3437 4764 3543 4818 qua

1979 4855 2084 4893 non
2116 4846 2414 4907 exsurgunt
2438 4837 2683 4892 fructus?
2715 4837 2781 4891 Et
2807 4837 2932 4901 alia,
2965 4839 3161 4908 inquit,
3190 4839 3371 4893 omnia
3403 4855 3545 4908 qutu-

1978 4943 2190 4998 cunque
2219 4927 2318 4981 feci
2351 4928 2416 4981 ad
2445 4927 2919 4982 fructificationem
2951 4927 3087 4996 ejus,
3121 4929 3367 5000 quasdam
3415 4930 3538 4999 qni-

1979 5020 2098 5074 dem
2134 5017 2397 5083 auferam,
2429 5017 2672 5088 qum-dam
2708 5027 2886 5072 autem
2923 5027 3184 5082 evertam,
3219 5027 3276 5072 ut
3315 5032 3418 5072 non
3445 5032 3536 5073 cu-

1977 5106 2190 5161 stodita:
2237 5109 2404 5176 spina:
2445 5115 2500 5162 et
2543 5106 2714 5160 imbre
2746 5105 2932 5176 rigata;
2982 5105 3266 5162 florescant
3303 5124 3320 5163 :
3353 5119 3446 5162 aut
3475 5121 3543 5163 ex

1978 5197 2212 5268 negatiis
2243 5211 2333 5252 aut
2361 5213 2428 5254 ex
2461 5197 2758 5265 Scripturis
2805 5199 3184 5253 condiscamus
3219 5198 3541 5268 religiosita-

1978 5299 2106 5344 tem.
2144 5290 2188 5344 A
2230 5291 2460 5361 negotiis
2492 5290 2706 5358 quidem
2735 5290 3010 5345 videamus
3035 5291 3280 5344 mortalia
3315 5303 3371 5344 ut
3401 5305 3546 5346 mor-

2047 5494 2161 5564 (96)
2192 5491 2381 5564 Lectio.
2451 5493 2611 5564 Forte
2637 5493 2842 5548 electio.

2048 5559 2163 5631 (97)
2219 5562 2406 5616 Grzcce
2453 5561 2616 5617 fuisse
2678 5564 2914 5628 videtur,
2976 5561 3127 5634 παρὰ
3192 5559 3546 5632 προσδοκίαν,

1975 5644 2164 5707 praeter
2186 5634 2644 5702 exspectationem.

3145 5723 3223 5783 38
