4098 6398
583 308 722 370 ιτῧῦ

583 434 731 497 talia,
771 430 1106 486 transeuntia
1126 438 1192 484 ‘ut
1214 434 1545 486 transeuntia
1594 452 1607 486 :

582 536 663 579 sta
712 535 803 579 aut
858 524 1165 589 inhonesta,
1202 522 1283 577 vel
1316 540 1346 576 a
1382 526 1609 592 negotiis
1656 538 1711 580 et
1746 525 2007 593 alitteris
2042 527 2153 596 (98)

582 616 898 680 vide.,Deus
934 625 1155 683 propter
1188 617 1617 671 misericordiam
1650 618 1731 672 sui
1763 618 1954 672 scribit
1982 620 2156 673 Immi-

582 722 683 763 nes
712 706 1083 761 inobedieutes
1108 720 1231 761 esse
1262 722 1367 761 non
1399 708 1829 763 debere.~Putas
1861 706 2158 777 fatigantur

583 800 803 868 quidam
835 813 956 852 esse
977 799 1202 867 pudici?
1235 798 1349 855 Non
1381 801 1575 854 mirum
1600 811 1780 853 autem
1814 800 1856 853 si
1883 799 2157 854 libidinosi

588 908 696 948 non
729 893 914 947 satiati
941 895 1053 962 jam
1091 905 1331 949 cessant.
1372 895 1429 949 Si
1467 896 1609 949 enim
1637 896 1718 948 his
1742 895 1833 963 qui
1869 896 2002 949 bene
2030 910 2158 948 cur-

584 997 717 1043 runt
759 989 913 1042 labor
956 998 1061 1052 est,
1112 989 1196 1042 his
1231 990 1320 1057 qui
1361 988 1499 1042 male
1531 999 1759 1042 currunt
1806 1004 1901 1042 cur
1932 987 2159 1041 satietas

586 1095 692 1135 non
742 1080 1021 1134 habetur?
1068 1080 1349 1150 Fatigatur
1383 1080 1504 1148 quis
1554 1078 1761 1133 faciens
1793 1080 1971 1145 bene;
2019 1078 2159 1132 male

584 1181 764 1225 autem
796 1170 1004 1224 faciens
1046 1185 1151 1223 non
1176 1170 1452 1223 satiatur?
1506 1169 1689 1236 Ειμιιιε
1727 1171 1778 1223 in
1820 1184 1985 1222 cursu
2041 1167 2156 1221 eiii-

584 1260 727 1314 eitur
758 1261 961 1314 sudans
988 1277 1003 1324 ;
1037 1268 1090 1313 et
1112 1260 1286 1313 malus
1320 1274 1547 1313 currens
1579 1269 1736 1327 putas
1764 1275 1868 1312 non
1902 1258 2162 1327 fatigatur

586 1352 643 1406 in
664 1352 897 1406 sudore?
916 1351 1032 1405 Non
1056 1353 1198 1405 enim
1226 1361 1430 1404 tantum
1450 1352 1705 1419 exprimit
1722 1364 1915 1403 cursus
1938 1364 2159 1416 equum,

587 1452 849 1511 quantum
876 1458 969 1496 eos
1003 1443 1094 1511 qui
1145 1441 1351 1495 malitia
1400 1451 1649 1495 utuntur.
1695 1430 1915 1495 Cessate
1947 1456 1977 1493 a
2010 1440 2165 1493 mali-

588 1533 681 1587 tiis
724 1535 944 1597 vestris,
1001 1541 1055 1585 et
1108 1532 1302 1586 iterum
1351 1533 1601 1586 odientes
1647 1529 2161 1600 malumj‘ungimini

587 1624 751 1677 bono.
794 1621 907 1675 Non
942 1621 1161 1690 prodest
1196 1622 1402 1675 malitia
1433 1623 1613 1685 malo;
1649 1621 1849 1675 malum
1875 1622 2018 1674 enim
2054 1632 2160 1682 est,

588 1715 800 1770 etiamsi
829 1715 1128 1769 sentiamus
1166 1723 1260 1767 aut
1288 1729 1395 1768 non
1428 1714 1752 1768 sentiamus.
1786 1713 1955 1782 Magis
1981 1721 2158 1766 autent

1253 312 1517 368 EL'SEBll
1559 311 2032 368 CESARIENSIS
2070 311 2222 367 opp.
2266 312 2445 366 ms
2485 312 2571 365 tv.
2606 345 2670 353 _
2711 298 3132 367 uoc'n‘at'tca.

3702 314 3842 369 “96

1658 448 1759 488 non
1800 434 1950 488 vides
1985 435 2152 489 hone-
2184 445 2228 500 Α
2258 436 2433 490 visio!
2472 436 2559 489 ubi
2615 444 2737 489 sunt
2779 434 2965 490 oculi?
3003 450 3037 489 o
3082 435 3238 489 bona!
3291 433 3686 490 adhortationis
3717 450 3844 489 sen—

2260 530 2387 583 sus!
2428 528 2516 581 uhi
2544 529 2781 582 sensus?
2810 527 2897 581 ubi
2935 525 3247 596 cogitatus?
3298 523 3440 591 Quid
3481 526 3843 594 reprehendi-

2264 620 2334 675 sti
2370 619 2456 672 illa
2486 618 2509 671 Ἰ
2540 619 2669 687 quid
2708 617 2971 686 agnovisti
2994 617 3207 670 'in-istis
3231 617 3253 667 ’ἶ
3290 616 3377 669 ubi
3404 617 3694 671 annotinos
3712 632 3841 671 cur-

2260 727 2375 773 sus,
2406 720 2466 764 ut
2498 721 2553 764 et
2576 724 2889 778 perseveres
2922 709 2974 762 in
3020 708 3272 777 praesenti
3319 722 3462 761 anno
3501 708 3554 761 in
3592 722 3754 761 coeno
3789 716 3843 762 te

2260 804 2482 857 volvens
2530 802 2554 857 ?
2609 802 2697 855 ubi
2749 812 2875 855 sunt
2928 816 3049 871 quas
3104 801 3440 856 manducasti
3502 808 3627 854 ante
3675 800 3843 853 istum

2262 895 2424 959 diem,
2461 904 2520 948 ut
2571 892 2796 947 festines
2843 891 2956 963 (99)
3008 902 3063 945 et
3102 891 3308 945 hodie?
3338 906 3499 960 quem
3528 890 3769 944 fructum
3812 904 3843 944 ι

2263 986 2489 1039 libidine
2543 985 2826 1054 accepisti,
2885 994 2941 1037 ut
2999 983 3199 1037 iterum
3251 982 3317 1035 ad
3375 983 3545 1049 ipsam
3583 980 3848 1049 injuriatn

2264 1076 2495 1131 curras?
2548 1076 2604 1129 Si
2661 1086 2839 1129 autem
2900 1090 2998 1129 nos
3049 1074 3259 1128 hortari
3308 1084 3488 1127 vestra
3536 1072 3849 1126 obedientia

2262 1168 2447 1234 vultis,
2480 1166 2770 1221 ostendere
2802 1165 2878 1236 (l)
2908 1167 3022 1234 ipso
3066 1179 3231 1233 opere
3271 1162 3496 1216 fructus
3548 1161 3847 1215 sermonis.

2263 1257 2415 1313 Nunc
2447 1272 2625 1311 autem
2667 1267 2721 1311 et
2754 1272 2846 1309 vos
2892 1255 3250 1309 adhortamini
3298 1254 3439 1308 :sed
3490 1264 3703 1321 tempus
3741 1264 3850 1305 non

2266 1351 2552 1421 permittit.
2602 1347 2744 1402 Deus
2773 1359 2953 1401 autem
3000 1347 3191 1399 liberet
3216 1360 3311 1399 vos
3338 1346 3406 1399 ab
3437 1347 3583 1398 omni
3618 1345 3849 1406 malitia,

2265 1449 2319 1493 et
2368 1438 2574 1507 repleat
2624 1452 2722 1491 vos
2777 1437 2888 1490 suis
2936 1435 3115 1498 bonis,
3153 1446 3210 1489 ut
3244 1433 3483 1488 al'l'eratis
3528 1432 3769 1489 fructum
3798 1433 3849 1484 in

2264 1532 2564 1585 centesimo
2595 1538 2649 1583 et
2676 1527 3013 1595 sexagesimo
3049 1536 3103 1581 et
3139 1526 3416 1580 tricesimo
3444 1540 3697 1586 numero.
3754 1538 3852 1594 per

2265 1622 2544 1677 Christum
2604 1618 2743 1686 ejus,
2797 1630 2895 1687 per
2944 1630 3105 1684 quem
3153 1624 3239 1670 est
3286 1615 3398 1669 lieo
3442 1613 3591 1668 Patri
3642 1614 3846 1685 gloria,

2266 1716 2461 1776 honor,
2516 1710 2825 1779 imperium,
2880 1709 3165 1778 maiestas,
3212 1722 3335 1763 cum
3381 1706 3585 1776 Spiritu
3626 1716 3852 1771 sancto,

591 1807 954 1861 sentientibus
994 1806 1223 1875 simplex
1271 1813 1376 1869 est,
1430 1819 1535 1859 non
1572 1806 1933 1859 sentientibus
1981 1813 2159 1857 autem
2196 1785 2234 1839 Β
2268 1814 2321 1859 et
2357 1817 2500 1857 nunc
2547 1811 2601 1856 et
2642 1814 2875 1870 semper,
2916 1810 2969 1855 et
3011 1815 3104 1870 per
3148 1799 3333 1855 omnia
3387 1798 3581 1854 saecula
3617 1797 3853 1853 saeculo-

590 1898 808 1969 duplex.
846 1896 1103 1965 Respicite
1146 1898 1199 1949 in
1240 1897 1409 1949 altum
1450 1897 1619 1950 oculis
1662 1896 1865 1960 uestris,
1897 1905 1944 1949 et
1993 1895 2162 1948 ridete

588 1989 705 2057 quis
745 1989 1014 2042 constituit
1044 1989 1219 2041 omnia
1256 1988 1356 2041 ista
1392 1987 1457 2043 “.
1484 1988 1528 2044 Ο
1568 1989 1721 2043 bona:
1760 1986 2153 2042 adhbrtationis

2270 1910 2409 1951 rum.
2437 1894 2629 1946 Amen.

624 2123 3847 2168 2W

588 2154 746 2169 δι’...

1569 2337 2126 2455 EUSEBII
2204 2334 2895 2449 PAMPHILI

1380 2576 1558 2663 DE
1664 2574 2481 2666 OPERIBUS
2588 2572 3074 2666 BONIS

1483 2765 1589 2826 Ex
1619 2762 1911 2842 Epistula
1943 2761 2133 2823 Pauli
2160 2763 2240 2823 ad
2269 2763 2633 2825 Corinthios
2662 2763 2960 2837 secunda,

1945 2929 2180 2991 LIBER
2226 2928 2508 2989 NONUS.

662 3225 1140 3286 Resurrectionem
1196 3224 1411 3279 Domini
1465 3232 1521 3279 et
1562 3236 1872 3293 regressum
1922 3221 2039 3289 ejus
2095 3221 2162 3276 ad
2193 3228 2235 3284 c
2272 3230 2435 3275 tutem
2469 3231 2731 3290 quantum
2766 3223 2831 3277 ad
2861 3238 2982 3277 eum
3021 3223 3113 3293 qui
3149 3222 3455 3277 videbatur.
3492 3220 3557 3277 Et
3587 3237 3697 3277 xxx
3724 3224 3851 3279 totis

592 3319 760 3374 ctnlos
793 3318 925 3387 ipsis
954 3314 1125 3370 oculis
1180 3312 1427 3367 videntes
1475 3311 1726 3381 apostoli,
1773 3310 2165 3365 dubitationem

594 3425 756 3481 quam
812 3407 1291 3479 ante-passionem
1346 3406 1619 3459 habebant
1676 3404 2067 3471 deposuerunt,
2116 3409 2170 3455 et

566 3515 809 3557 .omnem
847 3498 1291 3554 incredulitatem
1327 3511 1356 3548 a
1392 3510 1451 3549 se
1480 3493 1823 3563 pepulerunt.
1864 3491 1985 3561 Ipso
2023 3493 2169 3547 enim

594 3595 713 3648 visu
748 3592 851 3647 sibi
883 3591 1017 3645 satis
1054 3589 1317 3642 facientes
1354 3586 1478 3655 quia
1505 3586 1804 3638 resurrexit
1856 3593 1911 3638 et
1960 3600 2173 3638 assum-

593 3693 719 3753 ptus
744 3683 810 3736 ad
844 3681 1011 3737 cmlos
1037 3688 1119 3733 est
1160 3679 1442 3741 Dominus,
1473 3674 1562 3727 alii
1593 3690 1690 3743 pro
1714 3675 1834 3728 aliis
1862 3673 2039 3728 effecti
2068 3689 2170 3728 no-

595 3781 841 3827 scuntur.
871 3770 1067 3825 Petrus
1089 3767 1234 3822 enim
1270 3782 1365 3836 pro
1388 3766 1719 3833 juramentis
1762 3775 1817 3818 et
1850 3764 2169 3833 abnegatio-

598 3864 778 3924 nibus,
817 3873 997 3930 praeco
1050 3856 1231 3912 mundi
1283 3854 1505 3909 en‘cctns
1531 3864 1633 3909 est.
1687 3852 1835 3907 Visio
1867 3854 2009 3908 enim
2046 3867 2169 3906 eum

600 3953 967 4009 firmissimam
1000 3960 1210 4021 petram
1238 3946 1437 4011 effecit,
1474 3947 1545 3999 ita
1582 3954 1639 3999 ut
1669 3946 1721 3998 in
1750 3960 1869 3999 eum
1901 3958 1955 3998 et
1984 3944 2173 3999 Eccle-

606 4047 685 4098 sia
717 4044 1099 4105 wdiﬁcarelur,
1130 4050 1182 4095 et
1210 4041 1325 4110 ipse
1352 4046 1559 4107 martyr
1605 4038 1896 4090 exsisteret
1939 4034 2166 4090 Christi.

608 4133 849 4188 Thomas
886 4145 1120 4200 quoque,
1158 4130 1245 4197 qui
1282 4136 1337 4182 et
1387 4136 1509 4195 post
1559 4129 2040 4192 resurrectionem,
2073 4140 2172 4178 an-

605 4238 819 4294 tequam
852 4224 1279 4291 experimentum
1314 4220 1607 4286 acciperet,
1641 4217 1838 4272 dubius
1873 4228 2016 4285 erat,
2048 4217 2173 4287 quia

608 4315 757 4370 misit
787 4314 981 4384 digitos
1012 4325 1138 4365 suos
1170 4309 1223 4363 in
1271 4308 1627 4362 foraminibus
1658 4307 1963 4370 clavorum,
2000 4316 2055 4361 et
2093 4306 2171 4360 si-

595 4407 765 4461 bimet
799 4404 899 4475 ipsi
937 4402 1072 4456 satis
1100 4399 1248 4466 fecit,
1280 4398 1563 4452 Dominum
1592 4412 1715 4450 eum
1746 4406 1799 4450 et
1834 4396 2000 4451 Deum
2038 4411 2173 4450 con-

599 4497 782 4552 fessus
834 4503 937 4550 est.
986 4494 1119 4548 Erat
1167 4491 1314 4546 enim
1357 4488 1671 4544 incredibile
1698 4489 1862 4540 Deum
1892 4488 2176 4543 advenisse

599 4592 928 4658 incorpore,
958 4595 1013 4641 et
1034 4586 1310 4641 hominem
1341 4582 1507 4636 videri
1544 4580 1823 4636 ccelestem
1854 4597 1868 4632 :
1896 4589 2013 4633 erat
2066 4596 2172 4634 non
2208 4574 2251 4629 D

600 4682 952 4744 credendum,
985 4679 1110 4749 quia
1137 4694 1205 4733 ex
1234 4677 1442 4747 virgine
1490 4684 1609 4729 erat
1648 4670 1901 4726 nativitas
1932 4670 2049 4739 ejus
2087 4686 2175 4725 se-

599 4776 832 4830 cundum
854 4788 1094 4828 carnem.
1109 4772 1203 4827 lsti
1224 4773 1369 4825 enim
1388 4767 1732 4825 conscientiae
1751 4765 2173 4820 satisfactionem

602 4864 714 4920 sola
766 4863 1001 4922 habebat
1026 4876 1147 4931 quae
1176 4858 1657 4930 pepereratvirgo.
1702 4855 1944 4910 Necdum
1997 4864 2174 4909 autem

603 4966 798 5010 natura
845 4951 1170 5014 testabatur,
1225 4964 1400 5018 neque
1452 4956 1625 5000 mater
1680 4947 1916 5001 habebat
1972 4944 2174 5012 aliquid

601 5045 708 5100 tale
756 5044 1066 5113 semetipsa,
1118 5054 1290 5109 neque
1337 5038 1402 5092 de
1448 5037 1532 5092 his
1571 5052 1690 5106 quae
1739 5038 2015 5099 deorsum,
2080 5034 2173 5089 sed

600 5136 787 5191 omnia
817 5144 973 5189 erant
999 5131 1361 5187 incredibilia.
1395 5130 1581 5185 Gratia
1609 5129 1752 5183 enim
1786 5138 1904 5184 erat
1956 5128 2176 5183 inenarc

603 5224 812 5287 rabilis,
842 5234 896 5277 et
928 5220 1260 5292 indulgentia
1293 5218 1649 5273 incredibilis.
1695 5216 1811 5270 Alia
1844 5217 1985 5270 enim
2018 5223 2177 5269 erant

602 5332 724 5387 qua:
748 5308 1109 5368 videbantur:
1160 5311 1252 5384 qui
1300 5310 1445 5364 enim
1498 5309 1799 5377 videbatur,
1835 5322 1960 5362 vere
1991 5316 2043 5359 et
2074 5308 2173 5362 ho-

603 5412 806 5465 minem
860 5406 1203 5462 ostendebat.
1254 5403 1397 5458 Nihil
1447 5404 1590 5458 euim
1644 5401 1928 5458 differebat
1975 5400 2041 5454 ab
2071 5400 2175 5453 alio

604 5501 826 5557 homine
860 5506 1124 5569 quantum
1150 5496 1219 5550 ad
1248 5497 1420 5550 visum
1447 5513 1460 5549 :
1492 5497 1616 5567 quia
1659 5493 1973 5550 continebat
2005 5493 2179 5546 virtu-

674 5595 719 5625 “
758 5594 857 5647 lsa.
889 5605 981 5654 XL,
1020 5589 1110 5644 26.

677 5684 789 5756 (98)
816 5683 1071 5756 Γραφῶν,
1104 5681 1414 5756 scripturis.

676 5749 787 5823 (99)
818 5749 873 5809 ld
910 5749 1014 5818 est,
1045 5751 1288 5819 epularis.
1323 5749 1436 5805 Vox
1466 5751 1716 5808 barbara.

2272 3309 2429 3363 annis
2462 3323 2569 3363 non
2607 3308 2810 3364 fecerat
2845 3312 3078 3381 signum,
3123 3320 3182 3365 ut
3232 3312 3408 3381 primo
3456 3311 3712 3367 suaderet
3741 3328 3842 3367 no-

2272 3400 2355 3454 bis
2393 3400 2519 3469 quia
2571 3415 2796 3461 carnem
2860 3404 3172 3472 assumpsit,
3222 3412 3277 3457 et
3323 3404 3648 3458 concederet
3696 3405 3844 3458 carni

2272 3491 2533 3560 prolicere
2563 3492 2614 3546 in
2647 3502 2828 3557 astate,
2858 3501 2912 3546 et
2935 3508 3039 3547 non
3086 3494 3151 3548 de
3199 3508 3258 3548 se
3310 3494 3573 3562 suspicari
3604 3495 3754 3563 quod
3796 3504 3848 3547 et

2272 3585 2615 3650 suspicavere
2643 3584 2857 3653 quidam
2892 3584 3132 3639 hairetici
3165 3601 3178 3638 :
3207 3594 3260 3638 et
3302 3586 3403 3639 ista
3432 3585 3847 3653 dispensatione

2276 3676 2413 3729 facta
2452 3676 2723 3745 prazbebal
2752 3688 2807 3731 et
2854 3678 2957 3731 hoc
3002 3678 3461 3732 incredulitatem.
3501 3676 3652 3731 Nihil
3701 3680 3849 3732 enim

2277 3768 2507 3837 amplius
2556 3769 2848 3836 putabatur
2883 3784 3023 3833 esse,
3076 3785 3239 3839 quam
3296 3769 3343 3823 is
3388 3769 3480 3837 qui
3539 3770 3847 3823 videbatur.

2273 3859 2410 3914 Nam
2464 3869 2517 3914 et
2581 3861 2649 3915 ad
2700 3861 3027 3929 baptismum
3073 3858 3298 3915 Joannis
3342 3860 3593 3913 veniebat
3626 3877 3642 3913 :
3672 3860 3853 3928 bapti-

2275 3968 2449 4007 smum
2489 3961 2666 4005 autem
2704 3966 2807 4004 non
2854 3961 2972 4005 erat
3010 3950 3235 4021 simplex
3277 3969 3291 4005 :
3330 3950 3665 4020 ptenitentia:
3708 3950 3854 4003 enim

2276 4052 2395 4098 erat
2417 4043 2762 4110 baptismum,
2787 4042 3038 4110 quodque
3066 4041 3242 4095 adhuc
3269 4041 3439 4109 magis
3461 4040 3740 4094 hominem
3767 4055 3858 4093 os-

2280 4136 2549 4195 tendebat,
2587 4149 2748 4203 quam
2788 4148 2909 4186 eum
2942 4132 3035 4201 qui
3068 4131 3452 4186 occultabatur
3500 4130 3552 4183 in
3600 4130 3852 4184 homine.

2282 4230 2448 4282 Erant
2484 4228 2648 4297 igitur
2676 4230 2777 4283 ista
2822 4230 3212 4299 impedimenta
3247 4226 3392 4291 ﬁdei,
3424 4241 3545 4294 qua:
3583 4225 3855 4279 videban-

2281 4329 2388 4383 tur,
2424 4334 2542 4388 quae
2573 4320 2796 4382 ﬁebant,
2823 4334 2972 4387 esca,
3020 4334 3267 4383 somnus,
3321 4318 3602 4386 provectio
3653 4318 3857 4381 anatis,

2280 4411 2331 4463 in
2368 4419 2508 4464 terra
2536 4410 2921 4465 deambulatio.
2969 4410 3025 4464 Si
3065 4419 3245 4465 autem
3272 4408 3430 4463 vellet
3458 4418 3513 4463 et
3539 4406 3714 4461 Mater
3773 4410 3859 4461 di-

2280 4515 2421 4565 cere,
2455 4500 2589 4568 Quia
2617 4502 2770 4569 virgo
2805 4517 3031 4556 manens
3078 4516 3202 4556 eum
3250 4500 3412 4554 enixa
3471 4514 3588 4553 sum
3626 4517 3641 4564 ;
3687 4501 3859 4553 unius

2285 4592 2529 4647 mulieris
2561 4604 2748 4646 contra
2780 4603 3033 4647 naturam
3086 4592 3452 4647 testimonium
3483 4591 3665 4645 minus
3714 4591 3867 4644 vale-

2285 4693 2387 4749 ret,
2413 4692 2468 4736 et
2496 4668 2729 4737 maxime
2763 4684 2903 4753 apud
2939 4682 3175 4738 Judaeos.
3221 4681 3317 4736 His
3346 4682 3511 4751 igitur
3550 4681 3721 4735 tantis
3763 4683 3869 4735 im-

2286 4774 2612 4842 pedimentis
2643 4773 2954 4827 constitutis
2994 4773 3059 4826 ad
3090 4773 3270 4839 fidem,
3300 4774 3539 4825 arduum
3597 4780 3724 4824 erat
3776 4786 3870 4823 su-

2284 4865 2415 4932 scipi
2446 4865 2878 4931 prmdicatiouem
2908 4882 2922 4919 :
2953 4872 3006 4917 et
3039 4863 3273 4917 maxime
3303 4862 3429 4930 quia
3446 4862 3535 4929 qui
3571 4861 3872 4914 videbatur

2284 4968 2390 5005 non
2420 4963 2534 5006 erat
2565 4953 2657 5022 qui
2694 4963 2747 5007 et
2774 4953 3085 5007 dicebatur:
3115 4953 3557 5023 przedicationem
3583 4952 3875 5020 prmbebat

2284 5044 2419 5097 nihil
2455 5046 2649 5113 suscipi
2690 5044 2886 5100 debere
2914 5063 3036 5116 quae
3084 5045 3407 5099 videbantur
3446 5062 3459 5097 :
3502 5044 3731 5097 credere
3772 5058 3877 5095 au-

2287 5145 2394 5188 tem
2444 5135 2569 5204 quia
2623 5136 2674 5189 in
2727 5136 2994 5205 principio
3050 5144 3168 5188 erat
3211 5131 3475 5197 Verbum,
3521 5142 3572 5186 et
3621 5130 3872 5186 Verbum

2285 5234 2402 5279 erat
2448 5227 2661 5289 vivens,
2716 5237 2770 5280 et
2820 5226 2960 5281 Deus
3010 5235 3125 5281 erat
3174 5222 3460 5289 Verbum;
3493 5223 3608 5277 haec
3654 5221 3731 5276 ad
3783 5223 3875 5276 illa

2282 5330 2402 5383 quae
2431 5315 2877 5383 inspiciebantur,
2914 5314 3113 5368 nullam
3146 5311 3468 5367 videbantur
3493 5312 3701 5365 habere
3734 5326 3875 5365 cono

2284 5406 2614 5459 sensionem.
2666 5390 3131 5471 Quemadmodum
3168 5418 3302 5475 ergo
3342 5404 3394 5458 id
3441 5402 3583 5471 quod
3618 5402 3873 5458 incredi-

2287 5495 2391 5549 bile
2431 5506 2513 5550 cst
2541 5494 2770 5550 edicitur
2799 5497 3081 5563 credibile,
3129 5496 3244 5566 ipse
3292 5495 3421 5551 dicit
3462 5492 3732 5551 Dominus
3768 5492 3877 5550 :Si

2362 5678 2437 5746 tl)
2468 5676 2676 5743 Melius,
2701 5680 2972 5733 ostntditc.
