4100 6456
331 321 354 375 l
375 320 466 375 l9?

1641 315 1728 373 DE
1767 314 2106 373 OPERIBUS
2147 311 2360 372 BONIS.

3456 317 3586 372 “98

329 454 488 506 Opera
522 453 623 490 non
656 435 797 504 facio
832 452 948 507 qua?
976 433 1160 489 nulla:
1187 434 1324 489 alius
1350 430 1501 504 facit,
1524 436 1682 491 nolite
1707 436 1915 490 credere
1944 442 1990 494 Α
2019 433 2113 503 qui
2143 432 2308 486 etiam
2339 429 2631 485 mandabat
2660 429 2863 484 curatis
2904 442 2970 482 ne
3006 428 3246 484 dicerent
3279 428 3440 485 alicui
3467 445 3589 498 qua:

330 531 461 584 mihi
500 531 564 584 ⁸⁵.
610 530 762 585 Sicut
817 531 961 584 enim
1015 530 1159 597 quod
1203 529 1494 584 videbatur
1535 530 1699 584 dabat
1749 529 1907 583 fidem

330 623 455 690 quia
509 622 672 674 homo
727 630 871 682 erat,
931 620 1002 673 ita
1061 622 1187 672 dum
1236 628 1582 688 operaretur,
1636 619 1910 690 praebebat

329 714 660 783 agnitionem
716 715 843 784 quia
903 713 1063 768 Deus.
1115 712 1448 779 Dormiebat,
1492 711 1910 768 describebatur

329 806 494 860 homo
519 823 534 871 ;
572 805 844 860 suscitans
863 817 1041 858 autem
1071 815 1338 871 mortuos,
1365 805 1692 858 ostendebat
1715 805 1904 858 Demu.

330 898 447 952 Non
483 900 630 954 enim
663 913 886 953 somnus
917 896 1135 966 quidem
1169 900 1495 968 suggerebat
1541 896 1776 951 hominis
1812 909 1909 948 na-

327 999 531 1054 turam,
562 991 890 1046 resurrectio
920 998 1101 1043 autem
1134 997 1470 1042 mortuorum
1512 1003 1619 1043 non
1653 988 1909 1041 ostende-

332 1085 423 1135 hat
461 1082 627 1135 Deum
654 1081 830 1136 vivum
853 1097 918 1136 ex
946 1082 1164 1135 vivente
1188 1081 1298 1136 Dco
1325 1099 1336 1134 :
1373 1095 1546 1149 neque
1571 1081 1908 1133 manducans

329 1174 548 1238 quidem
593 1172 886 1227 exhibebat
939 1168 1235 1238 hominem,
1298 1187 1363 1227 ex
1415 1171 1606 1240 paucis
1653 1173 1796 1224 enim
1829 1170 1908 1240 (2)

329 1259 563 1328 panibus
612 1275 842 1328 pascens
890 1261 1056 1314 millia
1132 1261 1410 1314 hominum
1459 1275 1564 1314 non
1614 1259 1912 1314 exhibebat

332 1351 497 1404 Deum
543 1368 556 1402 :
610 1367 786 1420 neque
837 1353 957 1407 navi
1012 1353 1230 1422 quidem
1279 1353 1534 1422 navigare
1590 1352 1912 1407 ostendebat

330 1443 646 1520 hominem;
706 1444 757 1496 in
796 1443 1026 1498 summis
1078 1453 1255 1500 autem
1309 1445 1564 1499 ﬂuctibus
1607 1444 1908 1509 ambulare,

330 1548 437 1590 non
489 1532 808 1588 ostendebat
852 1535 1018 1589 Deum
1080 1536 1264 1590 maris.
1320 1534 1426 1590 Sed
1475 1538 1615 1590 sicut
1661 1535 1911 1590 humana;

331 1631 541 1676 natura:
578 1621 915 1677 formabatur
949 1635 1008 1679 ut
1034 1625 1312 1680 diceretur
1355 1625 1540 1690 homo,
1593 1626 1664 1680 ita
1713 1626 1912 1678 divini-

333 1714 461 1768 tatis
494 1714 610 1781 ejus
637 1729 801 1784 Opera
831 1717 1236 1772 abscondebam
1261 1726 1314 1773 et
1339 1719 1636 1773 hominem.
1672 1717 1776 1772 Sed
1811 1720 1907 1771 ad-

2013 525 2155 593 passi
2191 523 2420 578 fuissent
2451 522 2585 576 bene
2619 522 2718 590 (5).
2746 521 3119 576 Conservabat
3163 519 3307 575 enim
3356 521 3586 589 dignita-

2010 622 2120 667 tem
2152 611 2590 675 resurrectionis,
2632 619 2686 666 et
2717 611 3072 682 regressionis
3105 625 3217 666 suae
3248 611 3314 665 ad
3344 610 3585 672 Patrem,

2012 713 2063 759 et
2092 705 2357 758 adventus
2386 702 2618 773 Spiritus
2640 703 2836 758 sancti.
2875 703 3016 769 Quid
3055 703 3199 756 enim
3243 703 3416 773 magis
3457 719 3587 756 sua-

2012 795 2173 849 debat
2203 793 2497 863 discipulos
2534 793 2675 862 ejus,
2715 793 2760 847 si
2795 793 2909 863 ipse
2952 791 3156 848 faceret
3191 791 3368 863 signa,
3409 803 3516 848 aut.
3541 795 3587 850 si

2011 899 2076 939 ex
2110 882 2242 953 ipsis
2264 883 2531 952 praeberet
2556 883 2806 937 virtutem
2833 881 3010 937 facere
3038 883 3243 952 majora
3274 899 3438 952 quam
3472 883 3590 952 ipse

2011 975 2278 1030 faciebat?
2308 976 2482 1045 Ipsum
2512 975 2656 1030 enim
2704 975 2886 1029 facere
2919 974 3093 1044 signa,
3127 984 3186 1029 ut
3219 985 3347 1045 puta
3390 976 3589 1046 ejicere

2011 1067 2276 1122 daemonia
2308 1083 2336 1120 a
2369 1066 2692 1135 corporibus
2735 1066 3024 1134 possessis,
3068 1075 3379 1135 suspectum
3427 1082 3456 1119 a
3489 1064 3590 1120 Ju-

2013 1160 2140 1214 daeis
2162 1167 2244 1213 est
2262 1158 2388 1227 quia
2423 1158 2476 1210 in
2510 1157 2814 1213 Beelzebub
2842 1159 2944 1212 hoc
2969 1156 3118 1211 facit.
3145 1157 3379 1227 Cupiens
3403 1169 3584 1212 autem

2013 1265 2238 1321 arguere
2267 1250 2388 1318 quia
2419 1249 2511 1303 Dei
2539 1263 2700 1316 opera
2727 1247 2958 1318 principi
2992 1247 3382 1302 daemoniorum
3409 1248 3586 1302 ascri-

2012 1343 2144 1396 bunt
2177 1343 2369 1407 Judaci,
2421 1351 2475 1396 et
2522 1339 2759 1394 maxime
2798 1354 2861 1395 ea
2911 1354 3032 1408 quae
3079 1340 3366 1394 adversum
3406 1339 3582 1409 ipsum

2011 1434 2307 1504 principem
2348 1433 2736 1487 datmoniorum
2766 1439 2820 1484 et
2848 1430 2968 1499 ejus
3001 1432 3300 1487 exercitum
3345 1429 3569 1495 ﬁebant,

2013 1525 2235 1578 adduxit
2266 1526 2316 1577 in
2352 1524 2587 1578 medium
2625 1523 2692 1576 de
2724 1521 3003 1590 discipulis
3042 1522 3177 1584 suis,
3222 1529 3275 1575 et
3312 1521 3450 1576 dixit
3481 1538 3494 1574 :
3528 1521 3591 1576 Si

2011 1633 2103 1684 ego
2133 1617 2185 1669 in
2229 1615 2512 1669 Beelzebub
2545 1616 2699 1684 ejicio
2735 1615 3018 1678 daemonia,
3063 1613 3163 1682 filii
3207 1613 3362 1668 uestri
3399 1613 3454 1666 in
3487 1628 3590 1681 quo

2012 1709 2224 1778 ejiciunt
2265 1707 2346 1760 W?
2379 1707 2491 1761 Hoc
2520 1716 2623 1772 eSt,
2658 1707 2744 1760 isti
2781 1707 2885 1760 mei
2934 1705 3180 1775 discipuli
3204 1706 3295 1772 qui
3333 1719 3400 1760 ex
3436 1706 3591 1759 vobis

330 1803 604 1858 mirabilia
642 1783 856 1872 quidem
885 1820 1005 1875 qua:
1033 1817 1165 1860 ante
1195 1807 1502 1875 passionem
1541 1823 1693 1861 suam
1740 1806 1908 1862 facie-
1941 1783 1980 1836 Β
2012 1811 2157 1867 sum,
2192 1802 2242 1853 in
2273 1815 2379 1869 (lth
2417 1794 2676 1866 Olitiiultl?
2705 1797 2840 1864 QUia
2878 1797 3044 1868 igitur
3083 1811 3144 1852 ea
3189 1811 3311 1867 quae
3355 1795 3423 1851 ab
3469 1796 3590 1866 ipso

329 1894 444 1958 bat,
478 1895 800 1950 ostendebat
833 1898 959 1964 quia
1005 1898 1203 1952 divina:
1239 1900 1459 1954 virtutis
1503 1910 1645 1954 esset
1704 1901 1905 1955 adven-

331 1997 418 2040 tus
459 2005 470 2041 :
513 1988 579 2041 de
610 1989 1007 2042 resurrectione
1065 2005 1242 2046 autem
1279 1991 1394 2058 ejus
1427 1992 1575 2062 signa
1597 1989 1740 2062 ‘qure
1769 2009 1908 2063 prae-

330 2085 634 2152 cesserant,
668 2093 774 2132 non
805 2078 1058 2133 omnibus
1099 2080 1429 2134 exhibebant
1483 2082 1736 2134 virtutem
1769 2090 1821 2136 et
1847 2082 1910 2135 ti-

331 2170 454 2221 dem
492 2170 909 2224 resurrectionis
933 2170 1072 2239 ejus,
1103 2171 1197 2224 sed
1231 2186 1369 2240 opus
1401 2180 1522 2225 erat
1568 2172 1692 2226 aliis
1741 2171 1910 2240 signis

330 2275 452 2328 qum
489 2276 550 2315 ea
585 2260 866 2315 firmarent
911 2280 923 2314 :
980 2261 1107 2329 quia
1135 2276 1244 2316 non
1271 2262 1447 2316 solum
1493 2277 1730 2331 prmsens
1756 2274 1909 2318 ante-

330 2367 493 2421 quam
529 2361 808 2420 pateretur
832 2362 1090 2422 operatus
1123 2362 1208 2407 cst
1233 2353 1506 2408 mirabilia
1533 2371 1546 2407 :
1577 2355 1670 2409 sed
1705 2355 1829 2424 quia
1855 2364 1908 2410 et

326 2453 572 2498 mortuos
614 2445 919 2509 suscitavit,
966 2453 1020 2498 et
1069 2445 1185 2514 ipse
1242 2460 1532 2516 resurgens
1563 2447 1903 2502 n‘tirilicatur.

328 2534 434 2589 l'hi
460 2548 590 2604 ergo
622 2535 720 2587 ista
753 2541 877 2588 sunt
905 2535 1177 2588 mirabilia
1218 2549 1339 2604 quae
1390 2545 1511 2604 post
1551 2542 1910 2593 resurrectio-

326 2642 452 2681 nem
519 2636 676 2682 erant
737 2627 986 2682 facienda
1033 2629 1057 2682 ?
1115 2643 1290 2697 neque
1363 2627 1505 2682 enim
1559 2630 1907 2700 semetipsum

326 2717 530 2773 mundo
575 2718 836 2780 ostendit,
887 2733 1062 2788 neque
1097 2717 1321 2773 .ludaeis.
1379 2718 1437 2772 Si
1487 2719 1652 2787 igitur
1679 2735 1785 2774 non
1815 2735 1908 2776 os-

330 2809 500 2862 tendit
529 2811 911 2878 semetipsum,
937 2808 1211 2878 quomodo
1231 2819 1408 2878 potest
1430 2810 1552 2879 quis
1576 2811 1758 2866 dicere
1782 2812 1907 2880 quia

331 2901 538 2954 faciens
576 2901 845 2956 mirabilia
895 2901 1214 2958 credibilem
1272 2901 1402 2956 fecit
1444 2902 1907 2957 resurrectionem

327 3006 480 3044 suam
507 2992 530 3044 ?
560 2990 760 3047 Judaeis
792 2994 936 3048 enim
963 2995 1314 3063 semetipsum
1347 3009 1450 3048 non
1493 2995 1904 3060 demonstravit,

287 3131 296 3135 _
329 3099 399 3139 ne
430 3083 620 3155 duplex
658 3087 726 3140 ab
756 3085 836 3141 eis
861 3085 1241 3156 irreligiositas
1276 3094 1600 3141 tentaretur.
1654 3086 1762 3140 Sed
1799 3100 1904 3140 non
1935 3117 1976 3173 α

329 3186 582 3244 poterant
614 3176 833 3232 nolente
862 3176 996 3242 Deo,
1031 3187 1085 3231 et
1109 3191 1213 3232 non
1239 3177 1568 3231 concedente
1594 3175 1902 3245 Unigenito,

329 3267 566 3321 secundo
607 3283 730 3323 eum
759 3266 974 3338 aﬁlgere
1002 3268 1148 3323 cruci
1177 3286 1190 3323 :
1216 3268 1487 3336 siquidem
1523 3281 1625 3322 nec
1675 3267 1906 3336 primam

329 3358 612 3412 audaciam
647 3359 1024 3429 perfecissent,
1069 3359 1172 3413 nisi
1223 3357 1387 3412 Pater
1429 3358 1812 3421 concessisset,
1855 3368 1908 3412 et

327 3449 498 3503 Filius
538 3450 897 3520 permisisset.
943 3450 1048 3504 Sed
1101 3450 1316 3504 interim
1346 3449 1603 3504 alacritas
1647 3450 1782 3503 mala
1811 3451 1907 3503 du-

330 3538 453 3608 plex
492 3539 772 3595 habuisset
805 3540 1030 3593 malitiae
1076 3539 1313 3593 fructum
1353 3557 1365 3591 :
1405 3537 1518 3592 sive
1552 3538 1696 3592 enim
1727 3537 1908 3609 allige-

330 3641 454 3683 rent
489 3629 709 3696 iterum,
740 3630 856 3684 sive
890 3645 999 3683 non
1031 3628 1333 3698 alligarent,
1355 3627 1556 3681 vellent
1585 3637 1798 3690 autem;
1827 3628 1909 3682 in-

332 3721 489 3777 terim
518 3722 618 3791 ipsi
654 3721 921 3791 duplicem
947 3721 1214 3776 haberent
1249 3720 1614 3789 iniquitatem.
1647 3718 1779 3773 Erat
1811 3734 1908 3774 au-

331 3821 440 3868 tem
464 3823 518 3869 et
535 3814 678 3883 quod
705 3812 866 3868 ﬂebat
897 3812 1139 3868 secundo
1161 3810 1492 3883 superfluum
1517 3829 1529 3864 :
1559 3810 1727 3866 semel
1750 3811 1895 3866 enim

331 3907 668 3961 reconditum
700 3914 818 3960 erat
848 3915 907 3959 ut
931 3904 1268 3974 dispensatio
1285 3901 1653 3972 compleretur
1681 3902 1761 3958 :si
1788 3903 1908 3972 qui-

331 4004 454 4054 dem
486 4015 584 4054 nec
623 3997 880 4068 possibile
913 4005 1030 4051 erat
1054 4004 1177 4068 post
1205 3995 1663 4050 resurrectionem
1709 4009 1908 4063 corpus

335 4093 480 4160 quod
503 4090 614 4159 jam
647 4088 1110 4144 immortalitatem
1161 4087 1338 4142 fuerat
1385 4086 1665 4154 adeptum,
1704 4085 1904 4139 iterum

339 4184 621 4238 incurrere
650 4190 899 4236 mortem.
934 4178 1042 4234 Sed
1077 4179 1220 4234 sicut
1244 4177 1480 4232 animam
1521 4177 1701 4233 nullus
1731 4187 1910 4246 potest

329 4275 580 4330 occidere
611 4272 736 4343 quia
765 4281 851 4328 est
872 4270 1217 4334 immortalis.
1241 4270 1318 4324 ita
1349 4280 1403 4325 et
1420 4283 1638 4340 corpus,
1669 4285 1792 4324 cum
1825 4269 1908 4323 in-

328 4367 518 4421 dutum
593 4364 754 4420 fuerit
828 4362 1272 4428 immortalitate,
1331 4362 1489 4417 istam
1543 4363 1910 4432 habetlpost

2015 1894 2232 1953 fiebant,
2269 1899 2490 1961 propter
2535 1890 2801 1943 malitiam
2851 1888 3265 1958 suscipientium
3312 1887 3585 1942 aliis.ha-

2012 1979 2214 2034 hebant
2253 1978 2622 2046 suspiciones:
2660 1977 2939 2045 discipulis
2982 1979 3094 2033 suis
3146 1979 3325 2034 omnia
3371 1991 3591 2032 conser-

2012 2070 2192 2133 vabat,
2227 2078 2285 2121 ut
2339 2082 2617 2138 praecones
2662 2067 3082 2123 resurrectionis
3126 2077 3369 2124 mortuos
3417 2068 3592 2122 susci-

2013 2171 2206 2227 tantes,
2253 2177 2424 2216 caecos
2472 2161 2732 2217 facientes
2787 2163 3006 2230 videre,
3063 2163 3272 2218 claudis
3321 2165 3592 2220 donantes

2013 2253 2312 2318 ambulare,
2337 2264 2391 2307 et
2415 2254 2654 2322 leprosos
2679 2254 3056 2322 cnnmdantes,
3080 2269 3394 2310 sermonum
3417 2256 3595 2328 digni-

2012 2355 2172 2399 tatem
2227 2360 2323 2414 per
2377 2345 2643 2400 mirabilia
2695 2347 3068 2401 ostenderent.
3127 2349 3267 2412 Quid
3317 2349 3462 2402 enim
3516 2350 3592 2402 ita

2012 2446 2220 2506 poterat
2243 2435 2481 2490 Lazarus
2514 2445 2634 2505 post
2661 2444 2895 2504 quatuor
2917 2438 3032 2492 dies
3074 2452 3365 2507 resurgens
3385 2452 3416 2491 a
3443 2452 3593 2492 mor-

2015 2533 2121 2587 tuis
2157 2533 2396 2602 praebere
2427 2533 2493 2586 ad
2520 2531 2676 2586 fidem
2712 2530 2797 2586 his
2825 2530 2914 2600 qui
2945 2531 3216 2596 viderant,
3237 2547 3401 2601 quam
3442 2540 3502 2585 ut
3538 2545 3595 2586 et

2016 2628 2114 2698 ipsi
2141 2626 2386 2697 discipuli
2425 2641 2548 2681 cum
2588 2626 2724 2680 alios
2758 2626 3091 2681 suscitarent
3135 2640 3232 2696 per
3271 2626 3595 2693 semetipsos

2015 2729 2257 2776 mortuos
2299 2717 2648 2788 prmbebant?
2685 2716 2751 2772 Et
2792 2718 2919 2787 quid
2971 2718 3075 2774 tale
3105 2720 3168 2772 ad
3209 2718 3369 2772 ﬁdem
3400 2718 3591 2778 valuit.

2015 2819 2070 2863 ut
2112 2809 2370 2864 Dominus
2398 2824 2500 2864 non
2545 2808 2770 2864 edoctus
2816 2809 3028 2864 litteras
3066 2809 3291 2879 legeret,
3329 2820 3592 2878 quantum

2019 2901 2207 2956 Petrus
2238 2917 2342 2956 non
2379 2901 2602 2956 edoctus
2625 2901 2863 2972 linguam
2894 2902 3078 2966 ttllam,
3115 2901 3253 2956 forte
3279 2917 3345 2955 ne
3376 2902 3610 2971 quidem

2012 2994 2344 3064 ctpatriam,
2392 2995 2530 3049 bene
2571 2995 2720 3050 omni
2775 2995 3089 3064 loqueretur
3129 2995 3333 3065 lingua,
3380 3004 3435 3048 et
3473 3010 3594 3046 om.

2014 3101 2136 3141 nem
2172 3086 2419 3140 audiret?
2456 3086 2612 3142 Unde
2637 3095 2692 3142 et
2721 3086 2930 3142 Lazaro
2981 3099 3320 3156 resurgente,
3371 3095 3418 3140 et
3471 3086 3594 3140 aliis

2015 3178 2306 3248 aliquantis
2359 3178 2588 3233 mortuis
2626 3177 2905 3234 suscitatis
2957 3177 3119 3233 etiam
3158 3178 3316 3233 ctecis
3362 3177 3593 3231 videnti-

2015 3269 2137 3331 bus,
2175 3270 2269 3323 sed
2295 3278 2350 3322 et
2381 3268 2470 3321 illo
2500 3267 2593 3338 qui
2642 3268 2714 3322 ita
2757 3267 2938 3323 fuerat
2987 3283 3148 3323 natus
3197 3267 3488 3337 recipiente
3517 3266 3596 3318 vi-

2016 3371 2156 3423 sum,
2182 3357 2292 3411 imo
2322 3356 2622 3424 accipiente
2644 3397 2659 3422 ,
2703 3358 3011 3412 emundatis
3044 3357 3210 3412 etiam
3247 3357 3491 3426 plurimis
3519 3355 3596 3407 le-

2016 3449 2213 3516 prosis,
2271 3458 2328 3504 et
2387 3448 2592 3503 sanatis
2654 3448 2897 3505 millibus
2968 3449 3282 3516 hominum,
3365 3449 3598 3518 negabat

2017 3539 2232 3606 Petrus,
2253 3551 2307 3596 et
2334 3541 2553 3608 iurabat
2582 3556 2648 3597 ne
2672 3540 2889 3610 quidem
2932 3548 2991 3594 ut
3022 3540 3296 3595 hominem
3337 3555 3396 3594 se
3426 3541 3595 3608 seire.

2016 3632 2151 3701 Quia
2186 3644 2366 3690 autem
2396 3637 2544 3692 venit
2597 3636 2838 3706 Spiritus
2879 3642 3101 3690 sanctus
3139 3635 3337 3689 missus
3373 3650 3399 3685 a
3436 3633 3593 3694 Filio,

2016 3737 2072 3780 et
2095 3726 2342 3782 cocll‘ecit
2387 3727 2532 3783 intus
2565 3728 2914 3784 sanctiﬁcans
2945 3727 3155 3791 virtus,
3191 3725 3328 3781 alius
3361 3741 3460 3796 pro
3492 3727 3598 3778 alia

2020 3817 2192 3873 factus
2233 3819 2446 3885 Petrus,
2494 3831 2549 3875 et
2585 3821 2698 3890 jam
2746 3819 2950 3888 Spiritu
3003 3818 3326 3887 baptizatus,
3363 3833 3466 3872 non
3510 3832 3599 3872 so-

2017 3909 2127 3964 lunt
2159 3926 2263 3964 non
2291 3919 2451 3981 negat
2481 3912 2546 3965 ad
2564 3926 2749 3967 vocem
2772 3911 2982 3981 puella},
3006 3913 3099 3965 sed
3136 3918 3192 3963 et
3227 3910 3372 3962 omni
3407 3909 3600 3978 populo

2018 3999 2225 4054 resistit
2267 4019 2278 4053 :
2313 4008 2367 4054 et
2397 4001 2487 4070 qui
2533 4011 2694 4058 antea
2748 4016 2806 4056 se
2855 4001 3244 4064 abscondebat,
3293 4015 3436 4054 nunc
3476 4015 3600 4054 cum

2021 4090 2214 4144 fiducia
2247 4091 2314 4143 ad
2350 4090 2612 4147 terminos
2644 4107 2817 4161 usque
2849 4102 3008 4146 terra:
3047 4091 3330 4160 praedicat,
3356 4099 3414 4144 et
3440 4093 3601 4146 docet

2019 4180 2323 4236 universos.
2355 4181 2434 4237 lta
2467 4184 2733 4239 adventus
2765 4183 3228 4254 Spiritus'sancti,
3257 4184 3350 4254 qui
3389 4183 3601 4253 ingres-

2021 4282 2116 4324 sus
2163 4271 2335 4325 estin
2395 4272 2708 4343 discipulos,
2761 4283 2817 4329 et
2861 4273 3074 4340 ellecit,
3130 4274 3593 4329 resurrectionem

2021 4360 2235 4417 Domini
2261 4373 2316 4418 et
2346 4366 2771 4435 assumptionem
2816 4365 2987 4422 visam
3035 4366 3371 4436 prmdicavit,
3404 4375 3459 4419 et
3484 4365 3602 4433 ejus

331 4459 786 4514 resurrectionem
809 4455 1244 4527 promissionem.
1268 4453 1420 4520 Quod
1442 4453 1584 4508 enim
1604 4452 1912 4507 immortale
1947 4471 1990 4526 ι)
2020 4453 2275 4508 virtutem
2315 4457 2678 4511 annuntiavit.
2722 4458 2855 4512 Cum
2887 4457 3030 4512 enim
3068 4456 3314 4512 coell‘ecit
3338 4457 3599 4525 Spiritus,

331 4550 664 4619 indulgentia
694 4548 898 4604 factum
926 4557 1030 4610 est,
1059 4561 1163 4601 non
1195 4547 1505 4616 potestiam
1537 4546 1912 4614 interemptio-

331 4657 455 4695 nem
487 4640 554 4694 ab
575 4639 883 4694 hominibus
911 4636 1263 4708 pati..ludaais
1306 4635 1470 4706 igitur
1496 4645 1620 4707 post
1666 4650 1915 4690 resurre-

331 4732 533 4786 tionem
576 4746 683 4785 non
731 4744 789 4784 se
828 4729 1114 4784 ostendere
1154 4728 1466 4791 Dominum,
1520 4727 1794 4796 parcentis
1827 4733 1915 4781 est

327 4826 531 4881 Judaeis
557 4841 572 4879 :
601 4823 694 4893 qui
733 4823 876 4878 enim
926 4821 1356 4891 Hierosolymam
1399 4818 1636 4882 deﬂevit,
1680 4833 1912 4889 procur-

329 4933 455 4972 rere
506 4916 736 4986 duplicia
771 4915 946 4978 mala;
991 4930 1098 4968 non
1141 4914 1324 4969 facere
1368 4920 1550 4966 autem
1599 4911 1774 4981 signa,
1823 4920 1917 4966 aut

331 5008 602 5062 modicum
633 5006 760 5076 quid
800 5005 1079 5076 discipulis
1103 5003 1412 5065 ostendere,
1437 5011 1496 5055 ut
1521 5010 1649 5071 puta
1678 5000 1910 5071 piscium

329 5096 515 5150 subito
536 5093 935 5150 multitudinem
961 5105 1197 5164 captam,
1223 5101 1318 5147 aut
1347 5091 1495 5146 aliud
1527 5091 1730 5162 aliquid
1764 5093 1904 5157 tale;

328 5204 436 5244 non
477 5196 597 5243 erat
640 5187 1022 5242 ostentationis
1059 5195 1291 5256 tempus,
1336 5197 1510 5253 neque
1557 5183 1910 5253 semetipsum

327 5278 688 5332 ostendentis.
724 5275 908 5346 Neque
935 5276 1081 5331 enim
1117 5289 1240 5330 eum
1281 5273 1485 5329 laceret
1533 5279 1660 5327 ante
1700 5274 1908 5341 passio-

329 5382 454 5422 nem
510 5367 780 5424 mirabilia
837 5368 1128 5432 Dominus,
1183 5373 1467 5421 ostentans
1520 5377 1580 5418 se
1639 5362 1909 5432 faciebat,

399 5533 445 5580 ιι
471 5549 628 5605 ποίη),
653 5565 706 5614 χ’
733 5549 834 5614 37;
869 5564 957 5616 xv,
983 5547 1072 5602 21.
1150 5547 1194 5578 “
1225 5545 1357 5602 Lttf'.
1389 5562 1465 5614 Xl,
1503 5546 1584 5602 l9.

434 5671 484 5736 Ξ)
526 5669 700 5724 Enim.
737 5669 924 5733 Forte,
951 5678 1144 5723 autem.

405 5670 485 5813 ξὸ)
528 5738 747 5796 Phrasis
784 5739 995 5805 Grtcca,
1038 5739 1144 5793 an»

2022 4554 2419 4602 transmutatus
2453 4557 2540 4603 est
2576 4549 2766 4602 Petrus
2803 4566 2817 4602 :
2864 4557 3007 4604 totus
3052 4549 3272 4615 clamat,
3320 4548 3433 4618 jam
3492 4565 3599 4604 nou

2022 4652 2246 4709 negans,
2283 4641 2376 4694 sed
2417 4639 2718 4709 praedicans
2761 4638 3122 4696 Salvatorem.
3159 4641 3471 4711 Stephanus
3502 4657 3600 4696 au-

2025 4737 2212 4784 temet
2242 4729 2356 4799 ipse
2398 4729 2524 4784 silet
2557 4731 2622 4784 ad
2667 4731 2889 4801 lapides,
2943 4741 2999 4786 et
3050 4732 3335 4787 Dominum
3387 4749 3603 4788 annun-

2024 4818 2142 4883 tiat,
2170 4833 2331 4888 quem
2380 4821 2446 4876 ad
2479 4821 2760 4876 dexteram
2785 4822 2982 4877 .Patris
3020 4831 3254 4878 stantem
3301 4837 3604 4893 conspexe-

2016 4920 2102 4964 rat
2149 4925 2163 4962 :
2219 4918 2276 4963 et
2323 4909 2464 4964 alius
2516 4911 2660 4966 aliud
2716 4912 3091 4982 eloquebatur,
3128 4923 3184 4970 et
3226 4914 3347 4970 sine
3396 4914 3599 4970 solatio

2017 5008 2172 5053 erant
2209 5002 2415 5070 negotia
2461 5001 2796 5059 Judzcorum.
2860 5005 3015 5060 Sicut
3085 5008 3230 5060 enim
3292 5007 3346 5060 in
3398 5007 3606 5062 diluvio

2019 5091 2239 5146 interim
2281 5093 2498 5159 quidem
2547 5093 2657 5149 Noe
2698 5110 2803 5150 non
2848 5097 3175 5154 credebatur
3216 5097 3342 5152 dum
3401 5096 3609 5153 faceret

2021 5196 2206 5236 arcam
2241 5205 2252 5238 :
2286 5200 2408 5239 cum
2439 5196 2620 5241 autem
2653 5188 2836 5243 subito
2865 5197 3036 5244 totum
3081 5189 3279 5245 cmlum
3326 5189 3604 5245 emitteret

2023 5273 2234 5341 ﬂuvios,
2267 5285 2412 5333 terra
2447 5286 2626 5334 autem
2663 5291 2944 5338 eructaret
2963 5296 3154 5354 aquas,
3177 5293 3232 5338 et
3259 5282 3384 5339 inde
3416 5289 3603 5337 arcta-

2029 5375 2181 5423 retur
2209 5369 2562 5428 incredulitas
2610 5381 2667 5430 et
2701 5375 2768 5432 de
2796 5375 2936 5434 catlo
2967 5383 3021 5432 et
3053 5375 3118 5432 de
3157 5384 3302 5430 terra
3339 5375 3408 5429 ab
3447 5371 3607 5443 aquis

528 5738 747 5796 Phrasis
784 5739 995 5805 Grtcca,
1038 5739 1196 5793 ἅτινα
1228 5740 1286 5792 εὑ
1326 5739 1390 5792 ἂν
1436 5738 1657 5803 ἔπαθον,
1690 5753 1808 5809 qua
1845 5738 1909 5795 hc

2015 5737 2104 5793 icia
2129 5735 2479 5806 accepissent.
