4098 6398
561 309 696 364 H99

553 436 613 480 ut
652 420 1038 493 pmfocaretur
1081 415 1218 484 :Jta
1259 421 1314 466 et
1372 425 1467 478 per
1497 407 1774 477 apostolos
1804 403 1977 460 Judaei
2037 419 2132 458 an-

551 513 926 588 gustiabantur
982 522 1090 564 non
1139 503 1449 566 credentes,
1505 509 1562 555 et
1618 496 1962 554 admirabilia
1999 497 2137 551 indi-

551 614 778 676 gnantes
802 621 820 658 :
855 601 1100 655 videntes
1128 597 1270 652 enim
1295 596 1402 651 ‘isti
1428 608 1495 649 ne
1519 592 1596 663 (4)
1625 591 1844 662 quidem
1895 597 2135 643 mortuos

551 698 844 754 suscitatos
908 693 975 746 ab
1033 689 1295 761 Apostolo
1351 695 1740 756 exsurgentes,
1802 699 1899 753 per
1973 682 2134 736 alium

551 787 776 844 claudos
815 781 1178 845 ambulantes,
1221 793 1316 849 per
1362 777 1590 833 alterum
1624 776 1728 829 alia
1778 774 1929 843 signa
1985 787 2136 828 com-

555 879 726 950 pleta,
758 885 815 932 et
837 891 934 946 per
968 874 1133 928 alium
1169 870 1384 940 linguas
1422 869 1705 923 audientes
1741 865 2138 935 plurimas;ar—

551 972 686 1026 ctati
718 970 986 1024 meatibus
1011 965 1318 1023 istiusmodi
1349 965 1790 1034 signorum,quao
1829 959 1892 1014 de
1923 973 2135 1014 sursum

555 1061 820 1133 apostolis
845 1060 1059 1115 fuerant
1081 1060 1303 1121 donata,
1332 1055 1519 1109 eadem
1547 1069 1665 1123 qua:
1690 1053 1742 1106 in
1775 1061 1916 1106 terra
1950 1050 2138 1103 viden-

559 1167 637 1210 tes
672 1151 961 1218 mirabilia,
1013 1150 1102 1219 qui
1137 1146 1251 1201 ausi
1299 1144 1518 1199 fuerant
1560 1144 1876 1213 magistrum
1924 1138 2138 1210 affigere

555 1246 728 1312 cruci,
768 1243 962 1299 incerti
994 1250 1149 1298 erant
1195 1241 1324 1310 quid
1365 1237 1611 1292 facerent
1667 1232 1947 1304 discipulis
1991 1234 2133 1300 ejus.

540 1343 670 1408 ~Qua
699 1341 868 1409 igitur
903 1337 968 1392 de
997 1349 1182 1395 causa.
1214 1332 1314 1389 sub
1338 1328 1630 1401 praesentia
1653 1326 1869 1395 quidem
1901 1323 2134 1387 Domini,

553 1442 608 1487 et
641 1429 871 1502 apostoli
905 1429 1218 1482 dubitantes
1242 1423 1444 1477 fuerint
1472 1418 1762 1488 aliquoties
1786 1416 2002 1471 oblatos
2027 1413 2132 1469 sibi

545 1539 660 1577 uton
715 1521 958 1591 potuisse
1003 1531 1230 1579 curare;
1279 1520 1402 1583 post
1447 1507 1904 1566 resurrectionem
1957 1513 2136 1558 autem

545 1626 611 1670 -et
672 1613 879 1683 majora
931 1625 1092 1680 quam
1156 1607 1414 1663 Dominus
1467 1602 1598 1657 fecit
1645 1600 1797 1668 signa
1853 1595 2030 1650 facere
2060 1593 2136 1664 (5)

557 1706 849 1786 discipuli?
881 1705 980 1760 sub
1013 1703 1126 1772 ejus
1146 1704 1288 1756 enim
1324 1695 1612 1768 praesentia
1642 1694 1763 1747 ideo
1795 1689 1927 1745 nihil
1959 1688 2137 1742 facere

556 1781 873 1868 potuerunt,
911 1797 1036 1866 quia
1064 1794 1353 1864 oportebat
1379 1787 1639 1858 ampliora
1682 1785 1836 1853 signa
1867 1781 1934 1836 ad
1972 1781 2136 1834 satis~
2165 1802 2210 1856 Β

558 1891 849 1945 factionem
904 1882 1316 1940 resurrectionis
1368 1878 1595 1933 servari.
1651 1874 1706 1928 Si
1746 1874 1890 1927 enim
1942 1869 2136 1925 antici-

557 1990 748 2052 pantes
775 1979 878 2033 sub
917 1975 1204 2047 praesentia
1256 1970 1468 2026 Domini
1515 1968 1807 2032 fecissent;
1851 1979 1971 2031 qtue
2013 1973 2136 2033 post

557 2071 1010 2128 resurrectionem
1065 2066 1180 2132 ejus
1227 2063 1422 2118 fecisse
1472 2061 1748 2125 videntur,
1786 2056 2136 2111 habebantet

558 2153 662 2220 ista
701 2163 983 2218 destruere
1013 2157 1207 2220 Judaei,
1248 2161 1510 2224 quantum
1536 2153 1600 2207 ad
1633 2152 1778 2222 ipsos
1820 2159 1875 2205 et
1907 2147 2025 2202 aliis
2071 2163 2134 2201 ea

552 2255 739 2311 valere
770 2250 1191 2322 suspicionibus.
1223 2247 1380 2302 Nunc
1404 2256 1583 2300 autem
1615 2259 1720 2298 non
1752 2251 1998 2313 possunt.
2022 2239 2137 2294 Sub

553 2345 842 2419 praasentia
873 2343 1017 2398 enim
1046 2340 1259 2396 Domini
1286 2353 1452 2392 unum
1480 2338 1777 2392 daemonem
1806 2334 2004 2404 ejicere
2027 2347 2134 2386 non

553 2449 807 2510 poterant
839 2435 1066 2506 apostoli
1107 2451 1123 2489 :
1155 2442 1275 2502 post
1307 2430 1747 2486 resurrectionen
1777 2435 1958 2480 autem
1993 2422 2134 2492 ejus,

554 2548 662 2588 non
693 2529 865 2586 solum
883 2527 980 2593 illi,
1007 2526 1099 2580 sed
1130 2533 1183 2578 et
1206 2524 1258 2577 hi
1284 2523 1376 2592 qui
1407 2523 1474 2576 ab
1504 2521 1609 2575 illis
1634 2519 1787 2574 istius
1811 2517 2024 2572 virtutis
2051 2532 2136 2572 se-

553 2639 678 2680 men
711 2627 1055 2690 acceperunt,
1076 2616 1317 2685 ejiciunt.
1335 2615 1392 2668 Si
1417 2613 1560 2668 enim
1585 2612 1817 2667 etdubia
1842 2617 2136 2676 erantquae

551 2726 682 2774 ante
746 2711 1057 2786 passionem
1094 2707 1549 2779 praedicabantur,
1614 2705 2020 2777 protensionem
2057 2700 2134 2773 (6)

525 2805 745 2860 .habuit
778 2802 1127 2859 incredulitas
1159 2797 1418 2868 majorem
1444 2805 1564 2864 post
1586 2797 1919 2866 passionem.
1953 2793 2134 2847 Incre-

556 2898 868 2956 dibilissimi
895 2897 1040 2954 enim
1069 2893 1266 2955 Judaei,
1289 2900 1552 2960 ponentes
1589 2890 1688 2944 sibi
1727 2887 2038 2944 scandalum
2075 2887 2130 2940 in

556 2992 672 3062 ipsa
702 2989 951 3059 passione
976 2986 1210 3048 Domini,
1240 2984 1494 3040 dicebant
1527 2999 1542 3034 :
1588 2980 1649 3036 Si
1687 2978 1862 3033 Filius
1901 2977 1995 3032 Dei
2035 2986 2133 3042 est,

557 3081 836 3136 descendat
870 3081 1006 3132 nuru:
1027 3079 1091 3131 de
1111 3092 1263 3130 cruce
1285 3075 1354 3127 “7.
1391 3074 1448 3128 Si
1475 3068 1616 3127 enim
1642 3086 1747 3126 non
1773 3067 2133 3134 descenderit,

1206 291 1493 350 'EUSEBII
1534 285 2013 344 (IAZSAIHENSIS
2047 283 2198 340 ΟΡΡ.
2239 283 2420 336 PARS
2459 281 2545 336 IV.
2587 307 2649 318 —
2687 277 3109 334 DOGMAsTlCA.

3683 280 3815 336 1210

2233 391 2351 454 Non
2375 399 2520 454 enim
2555 396 2824 454 insomnia
2854 405 3012 452 erant
3045 393 3197 464 regni
3229 408 3352 464 spes
3387 411 3399 448 :
3442 396 3533 450 sed
3569 407 3814 467 suspecta

2239 490 2435 544 fuisset
2485 487 2823 558 prtedicatio,
2877 487 2922 542 si
2976 499 3138 564 regna
3198 485 3416 554 quidem
3462 486 3814 554 praedicarent

2239 583 2499 648 coelestia,
2525 582 2590 637 de
2638 581 2720 637 his
2759 590 2938 636 autem
2986 577 3168 636 essent
3222 580 3433 634 solliciti
3479 597 3598 646 quae
3633 583 3685 636 in
3720 584 3816 637 huc

2237 678 2345 732 vita
2379 677 2651 731 habentur
2697 691 2710 729 :
2749 677 2841 731 sed
2875 676 3060 730 statim
3113 676 3364 743 operibus
3412 676 3712 731 formantes
3740 678 3813 747 (9)

2238 769 2572 833 suasionem,
2605 767 2841 835 undique
2881 767 2946 820 ad
2988 782 3149 820 unam
3179 768 3528 821 concordiam
3577 767 3814 822 conflue-

2239 862 2392 918 bant.
2425 859 2668 929 Apostoli
2703 858 2918 928 quidem
2947 873 3042 927 per
3077 857 3344 912 mirabilia
3377 859 3819 926 firmabantprae-

2239 952 2563 1007 dicationem
2596 969 2610 1005 :
2636 951 2918 1005 credentes
2942 958 3147 1015 autem,
3196 965 3261 1004 ex
3288 965 3353 1006 eo
3383 951 3526 1018 quod
3558 950 3817 1004 distrahe-

2237 1043 2367 1097 bant
2394 1057 2487 1096 sua
2514 1083 2528 1109 ,
2560 1057 2624 1098 ex
2671 1056 2736 1096 eo
2775 1042 2916 1111 quod
2946 1041 3128 1096 omnia
3163 1040 3361 1094 dabant
3400 1041 3718 1107 praesentia,
3753 1057 3816 1094 ex

2237 1150 2303 1189 eo
2345 1137 2488 1204 quod
2537 1135 2717 1190 omnia
2754 1135 2822 1187 ad
2862 1147 3026 1204 regna
3080 1131 3344 1186 cmlurum
3381 1132 3814 1198 transferebant;

2240 1235 2367 1279 ante
2397 1226 2688 1281 adventum
2721 1225 2888 1294 ipsius
2918 1223 3068 1292 regni
3101 1223 3460 1277 testabantur.
3497 1222 3591 1278 His
3634 1225 3816 1292 itaque

2239 1317 2408 1386 gestis
2456 1325 2764 1386 repetamus
2821 1329 3063 1379 sensum,
3110 1323 3164 1368 et
3219 1314 3502 1368 videamus
3554 1315 3646 1384 qui
3699 1326 3816 1370 erat

2241 1419 2370 1461 tunc
2397 1408 2534 1476 apud
2567 1403 2999 1475 Hierosolymam
3038 1412 3234 1466 status,
3263 1419 3381 1473 qua:
3431 1403 3660 1468 turbela,
3699 1405 3817 1472 quis

2240 1499 2421 1553 fervor
2453 1496 2834 1551 insanientium
2858 1494 3165 1549 Judaeorum
3195 1512 3209 1548 :
3245 1495 3512 1563 siquidem
3541 1505 3614 1548 ‘et
3660 1495 3751 1548 filii
3787 1509 3818 1548 a

2240 1591 2483 1659 patribus
2532 1587 2847 1642 recedentes
2911 1586 3129 1640 sibilant
3182 1587 3246 1640 ad
3303 1585 3485 1650 fidem,
3525 1594 3580 1640 et
3628 1587 3750 1640 filiae
3787 1602 3818 1640 θ

2245 1681 2454 1734 sinibus
2487 1688 2718 1733 malrum
2755 1678 2820 1732 ad
2854 1678 3011 1731 fidem
3045 1677 3338 1731 currebant
3369 1675 3594 1738 Christi,
3623 1687 3680 1730 et
3704 1687 3816 1730 tur-

2239 1772 2355 1826 bela
2380 1779 2499 1825 erat
2526 1770 2666 1840 apud
2691 1769 2937 1823 infideles
2968 1767 3189 1837 ubique.
3232 1767 3326 1822 Ille
3375 1769 3519 1822 enim
3545 1769 3819 1824 irasceba-

2243 1874 2328 1916 tur
2369 1862 2498 1923 filio.
2543 1860 2666 1930 quia
2727 1859 3022 1931 sapientior
3073 1859 3215 1928 patri
3265 1874 3362 1913 suo
3405 1861 3696 1930 apparuit:
3731 1860 3819 1914 illa

2239 1965 2417 2010 autem
2461 1953 2748 2020 abjiciebat
2803 1952 2990 2017 filium,
3042 1951 3168 2020 quia
3220 1951 3411 2006 matris
3463 1951 3820 2006 incredulitas

2240 2063 2345 2100 non
2399 2045 2775 2101 conscntiebat
2827 2043 2984 2108 fidei};
3057 2052 3112 2098 et
3142 2043 3312 2098 frater
3343 2043 3655 2098 minabatur
3707 2043 3819 2097 fra-

2241 2149 2306 2192 trt
2332 2156 2346 2203 ;
2371 2139 2483 2207 jam
2533 2149 2711 2192 autem
2749 2150 2802 2192 et
2832 2137 3083 2193 dominus
3139 2150 3319 2190 servo.
3355 2135 3495 2206 ignis
3539 2135 3684 2190 enim
3734 2135 3822 2188 illa

2237 2247 2397 2301 quem
2427 2231 2860 2286 misitDominus
2885 2229 3067 2296 Jesus,
3112 2229 3326 2298 aliquos
3368 2228 3585 2296 quidem
3619 2228 3820 2296 tetigit,

2239 2323 2452 2392 aliquos
2485 2330 2665 2375 autem
2695 2321 2963 2390 despexit,
2992 2330 3046 2376 et
3073 2319 3320 2389 implevit
3355 2319 3564 2373 turbela
3616 2321 3816 2373 civita-

2243 2426 2371 2480 tem,
2405 2413 2577 2480 vicos,
2606 2414 2857 2484 regiones
2889 2422 2944 2469 et
2977 2413 3186 2468 domos.
3217 2411 3350 2466 Erat
3392 2420 3569 2467 autem
3611 2411 3822 2466 turbela

2237 2504 2557 2574 quibusdam
2593 2505 2809 2573 quidem
2842 2503 2911 2558 ad
2935 2504 3158 2565 bonum,
3187 2502 3513 2573 quibusdam
3545 2511 3727 2557 autem
3753 2503 3825 2555 ad

2237 2596 2434 2664 duplex
2461 2593 2683 2649 malum.
2719 2592 2796 2648 llli
2817 2595 2962 2648 enim
3000 2594 3090 2663 qui
3134 2593 3525 2661 figurabautur,
3563 2598 3613 2646 et
3635 2605 3824 2657 perse-

2237 2690 2506 2744 cntionem
2533 2687 2892 2750 sustinebant,
2917 2694 2970 2741 et
2987 2700 3108 2740 cum
3153 2684 3335 2738 laetitia
3375 2685 3555 2738 omnia
3576 2683 3647 2739 ob
3669 2697 3826 2754 Spem

2237 2781 2388 2850 regni
2419 2779 2661 2835 caelestis
2685 2777 3062 2848 patiebantur;
3087 2776 3226 2829 mala
3255 2790 3372 2845 qum
3389 2775 3738 2843 putabantur,
3770 2775 3824 2829 in

2235 2870 2395 2926 bonis
2443 2870 2542 2926 sibi
2583 2868 2854 2923 thesauris
2897 2865 3277 2921 recondebam.
3323 2865 3645 2934 Quicunque
3676 2864 3823 2918 enim

2237 2961 2559 3016 videbantur
2587 2960 2757 3030 legem
2799 2958 3079 3013 vindicare
3122 2955 3351 3025 Muysei,
3380 2955 3512 3024 legis
3544 2967 3828 3008 sermones

2238 3052 2555 3122 ignorantes
2588 3050 2862 3105 contraria
2904 3048 3002 3118 legi
3036 3046 3414 3117 operabantur.
3449 3045 3552 3100 Per
3573 3059 3638 3100 ea
3675 3044 3823 3098 enim

562 3172 656 3241 sed
687 3177 931 3224 mortuus
962 3165 1144 3228 fuerit,
1173 3163 1442 3233 inquiunt,
1468 3169 1679 3215 mortua
1718 3158 1827 3213 erit
1847 3165 1902 3212 et
1930 3157 2127 3212 virtus.
2161 3141 2202 3199 (ἶ
2237 3161 2357 3214 quin
2388 3142 2773 3215 gloriabantur,
2789 3159 2883 3213 per
2905 3142 3018 3212 ipsa
3042 3145 3491 3211 etarguebantur.
3511 3138 3820 3209 Eratigitur

556 3263 696 3332 Quia
733 3275 863 3330 ergo
895 3258 1076 3329 passio
1110 3255 1376 3327 protendit
1421 3253 1501 3323 (7)
1536 3265 1723 3306 eorum
1777 3248 2132 3320 incredulita-

562 3367 693 3417 tem,
724 3352 932 3421 majora
970 3357 1148 3404 autem
1183 3346 1337 3416 signa
1373 3343 1681 3399 efﬁciuntur
1706 3356 1806 3411 per
1843 3340 2138 3410 discipulos

561 3447 628 3500 ad
664 3442 1130 3500 confirmationem
1161 3439 1422 3493 adventus
1456 3435 1620 3504 ejus;
1648 3433 1821 3504 magis
1857 3443 2036 3488 autem
2072 3435 2141 3490 ad

553 3535 1028 3592 confirmationem
1097 3527 1433 3585 incredibilis
1484 3526 1944 3594 resurrectionis,
1999 3521 2144 3580 acci-

551 3629 776 3699 pientes
810 3621 1236 3679 satisfactionem
1284 3633 1348 3673 ex
1402 3619 1635 3673 adventu
1675 3617 1910 3688 Spiritus
1941 3616 2140 3680 sancti,

565 3731 622 3774 et
657 3715 883 3788 apostoli
931 3714 1137 3768 fuerant
1198 3711 1398 3774 vocati,
1452 3711 1638 3765 statim
1682 3708 1941 3778 operibus
2003 3707 2138 3775 ipsis

543 3809 922 3864 ostendebant
978 3814 1240 3875 quantum
1302 3811 1485 3871 posset
1546 3801 1832 3871 praesentia
1909 3799 2146 3868 Spiritus

563 3899 768 3954 sancti.
801 3897 986 3951 Primo
1006 3894 1224 3961 quidem
1248 3893 1372 3962 quia
1397 3893 1523 3945 dum
1560 3899 1743 3946 essent
1776 3887 1954 3953 multi,
1981 3905 2144 3944 unum

539 3995 721 4042 terant
751 3986 942 4056 spiritu
995 3992 1050 4037 et
1096 3981 1278 4036 anima
1319 3996 1330 4032 :
1380 3979 1507 4050 quia
1555 3994 1696 4034 unus
1733 3987 1788 4032 et
1841 3978 1979 4032 idem
2030 3987 2148 4033 erat

566 4077 824 4146 Spiritus,
856 4075 946 4145 qui
985 4076 1082 4128 has
1108 4072 1427 4130 efficientias
1471 4070 1768 4125 dividebat.
1807 4067 1960 4124 Sicut
2001 4070 2144 4124 enim

566 4166 773 4234 lapides
809 4173 864 4220 et
909 4164 1107 4218 lateres
1137 4162 1287 4216 tnulti
1336 4160 1610 4227 conjuncti
1661 4167 1716 4214 et
1760 4159 2044 4229 compositi
2094 4159 2148 4215 in

566 4253 868 4310 aedificatus
903 4249 981 4322 (8)
1019 4265 1185 4303 unum
1220 4257 1275 4303 et
1327 4249 1569 4304 membra
1637 4248 1796 4318 plura
1877 4257 2149 4318 prmcepto

570 4345 891 4402 aediﬁcantis
919 4345 972 4400 in
997 4357 1158 4397 unam
1192 4340 1568 4410 compaginem
1605 4340 1922 4395 adunantur
1956 4359 1969 4394 :
2000 4340 2072 4395 ita
2097 4349 2151 4396 et

573 4437 803 4506 apostoli
842 4449 951 4490 uno
997 4431 1256 4502 baptizati
1295 4428 1500 4500 Spiritu
1541 4430 1933 4498 separationem
1965 4429 2149 4485 multi-

562 4528 780 4583 tudinis
815 4529 1202 4596 deposuerunt.
1252 4520 1651 4590 Conjunctione
1691 4531 1871 4576 autem
1925 4521 2148 4590 spiritus

569 4617 792 4684 arctati,
830 4631 996 4670 unum
1041 4623 1199 4670 erant
1232 4627 1424 4668 omnes
1454 4620 1510 4666 et
1547 4611 1741 4681 spiritu
1777 4619 1834 4667 et
1882 4612 2066 4666 anima
2095 4620 2150 4666 et

570 4707 933 4764 consensione
969 4714 1024 4761 et
1073 4704 1387 4762 concordia.
1445 4703 1512 4758 Et
1567 4718 1674 4758 non
1736 4701 1909 4758 solum
1961 4702 2016 4756 in
2066 4702 2150 4758 his

569 4815 695 4867 quae
723 4799 792 4855 ab
818 4800 963 4854 intus
978 4806 1106 4854 sunt
1134 4811 1326 4864 unum,
1357 4796 1452 4850 sed
1477 4795 1641 4851 etiam
1671 4804 1727 4852 et
1754 4795 1822 4850 ab
1850 4794 1936 4850 his
1964 4809 2084 4864 qua:
2117 4809 2149 4850 a

573 4893 711 4948 foris
737 4900 887 4956 sunt,
918 4888 1316 4961 praedicabatur
1337 4902 1526 4944 eorum
1555 4887 1738 4942 anima
1759 4897 1812 4941 et
1836 4886 2148 4942 concordia.

574 4985 896 5054 Quicunque
917 4983 1086 5049 enim,
1117 4981 1316 5052 inquit,
1363 4994 1527 5050 agros
1564 4979 1843 5035 habebant
1891 4987 1986 5033 aut
2017 4977 2151 5035 alias

574 5091 727 5146 opes,
749 5074 861 5145 iam
889 5091 994 5133 non
1039 5089 1137 5130 sua
1179 5073 1439 5144 putabant
1488 5086 1609 5142 qua:
1657 5070 1946 5140 aliquando
1995 5078 2152 5125 erant

577 5182 706 5234 sua;
735 5167 830 5222 sed
855 5167 912 5222 in
942 5178 1232 5222 commune
1256 5162 1620 5233 proferentes,
1647 5170 1700 5216 et
1733 5161 1865 5230 ipsis
1894 5160 2150 5230 operibus

579 5271 727 5328 spem
778 5256 1184 5320 confirmantes,
1244 5254 1617 5310 distrahebant
1658 5267 1838 5324 agros,
1875 5252 2154 5308 venunda-

581 5351 712 5407 bant
757 5363 907 5418 opes,
963 5347 1338 5402 distrahebant
1379 5344 1560 5401 omnia
1607 5358 1726 5414 quae
1782 5342 2151 5413 possidebant.

652 5446 696 5478 "’
730 5443 918 5498 Matth.
959 5457 1128 5504 xxv",
1167 5441 1256 5495 40.

651 5536 728 5600 (Α)
761 5533 860 5590 Ne.
898 5531 1057 5586 Forte
1077 5549 1234 5586 nunc.

651 5606 728 5671 (5t
765 5604 980 5658 Facere.
1017 5600 1200 5667 Forte,
1234 5603 1426 5671 fecere.

673 5675 728 5739 6)
766 5675 1064 5729 Ἐπίτασιν.

647 5678 730 5817 t7)
773 5745 1058 5799 Ἐπιτείνει

636 5797 654 5830 1

686 5745 730 5816 ἲ)
773 5745 1079 5799 Ἐπιτείνει.

2191 3294 2198 3302 _
2237 3235 2438 3290 Judzeis
2475 3235 2586 3302 ipsa
2625 3234 2830 3288 veritas
2882 3247 3007 3287 nox.
3057 3231 3450 3286 lnterfecerunt
3472 3231 3617 3286 enim
3640 3240 3696 3285 et
3729 3231 3826 3285 ob-

2234 3327 2545 3398 jurgarunt,
2578 3333 2632 3380 et
2657 3321 3006 3380 descendenti
3030 3322 3096 3376 de
3123 3336 3286 3378 cruce
3313 3321 3569 3375 dixerunt
3594 3320 3669 3380 ei.
3720 3333 3827 3374 non

2240 3420 2542 3476 descendit.
2587 3417 2876 3473 Descendit
2920 3423 3101 3470 autem
3136 3413 3204 3467 ad
3247 3411 3476 3478 inferos,
3512 3423 3570 3466 et
3619 3413 3826 3482 majora

2240 3523 2326 3568 est
2377 3519 2654 3581 operatus.
2735 3507 2791 3563 Si
2859 3508 3006 3563 enim
3067 3506 3448 3561 descendisset
3511 3507 3579 3558 de
3645 3519 3827 3568 cruce,

2240 3612 2500 3674 poterant
2529 3602 2709 3656 dicere
2735 3599 2860 3668 quia
2893 3598 3192 3653 moriturus
3222 3606 3310 3651 est
3351 3597 3403 3650 in
3444 3611 3508 3650 eo
3535 3594 3672 3667 (10),
3705 3610 3828 3648 cum

2243 3711 2350 3751 non
2387 3702 2530 3750 esset
2569 3703 2838 3748 mortuus.
2880 3690 3141 3745 Dlalitiose
3161 3691 3304 3744 enim
3343 3696 3394 3742 ct
3432 3687 3676 3742 Iudaicae
3718 3703 3832 3740 ma-

2246 3785 2579 3843 chinationis
2605 3795 2724 3840 erat
2753 3783 3044 3855 suspicari,
3079 3792 3136 3836 ut
3165 3781 3327 3836 etiam
3355 3782 3468 3836 hzec
3491 3779 3760 3848 fingerent
3780 3786 3831 3831 et

2246 3879 2515 3933 audirent.
2547 3875 2698 3929 Nunc
2727 3884 2910 3928 autem
2954 3872 3082 3942 quia
3127 3885 3306 3940 neque
3347 3869 3564 3924 diabolo
3622 3884 3827 3938 propo-

2247 3968 2396 4024 nenti
2446 3966 2722 4036 possibilia
2766 3965 3048 4025 ohediunt,
3096 3977 3272 4032 neque
3297 3959 3413 4029 ejus
3456 3959 3581 4014 filiis
3621 3963 3712 4030 qui
3745 3973 3832 4012 vo-

2247 4059 2454 4114 luntate
2485 4057 2604 4127 ejus
2637 4056 2730 4110 filii
2787 4056 3151 4120 habebantur,
3200 4053 3430 4123 prmbuit
3465 4052 3608 4122 quod
3665 4050 3832 4106 locuti

2249 4162 2396 4207 sunt.
2428 4148 2563 4204 Cum
2596 4149 2740 4204 enim
2772 4156 2956 4218 posset
2992 4145 3345 4211 descendere,
3388 4160 3496 4199 non
3528 4143 3834 4210 descendit,

2250 4260 2320 4298 ne
2358 4242 2706 4297 intercideret
2755 4239 3179 4309 dispensationis
3231 4252 3439 4304 curam,
3481 4251 3657 4306 neque
3696 4251 3836 4306 pra-

2251 4334 2408 4391 beret
2456 4334 2656 4389 Judaris
2712 4342 2770 4386 ut
2805 4332 2992 4387 iisdem
3046 4330 3296 4386 obedisse
3343 4330 3636 4384 videretur.
3693 4327 3836 4394 Quid

2255 4427 2400 4482 enim
2432 4435 2549 4480 erat
2587 4423 2855 4480 didicilius
2883 4439 2914 4479 e
2956 4436 3117 4478 cruce
3157 4423 3484 4477 descendere
3509 4421 3708 4485 Deum,
3737 4430 3832 4474 aut

2181 4498 2224 4553 θ
2252 4519 2322 4573 ab
2365 4517 2554 4574 inferis
2605 4517 2898 4574 ascendere
2944 4515 3254 4571 viventem?
3285 4515 3425 4582 Ergo
3475 4528 3582 4568 non
3614 4525 3841 4583 propter

2254 4609 2749 4681 itnpossibilitatem
2781 4609 3061 4664 excusatio
3089 4608 3316 4671 exstitit,
3343 4605 3437 4662 sed
3475 4615 3694 4675 propter
3723 4607 3840 4660 dis.

2255 4703 2630 4773 pensationem
2657 4701 2947 4773 permissio
2983 4700 3142 4755 morti
3167 4699 3288 4762 fuit,
3324 4707 3382 4752 ut
3411 4698 3617 4767 majora
3648 4707 3840 4750 osten-

2255 4797 2408 4852 deret
2434 4810 2599 4867 quam
2631 4795 2704 4849 illl
2750 4794 2955 4866 precati
3004 4801 3148 4849 sunt.
3187 4791 3326 4862 ‘Ego
3375 4800 3554 4845 autem
3600 4789 3846 4846 libenter

2256 4897 2442 4944 mente
2491 4901 2716 4942 recurro
2765 4885 2831 4941 ad
2881 4885 3033 4951 illud,
3081 4899 3202 4940 cum
3243 4883 3420 4938 adhuc
3471 4897 3661 4938 recens
3719 4893 3846 4938 erat

2256 4979 2442 5051 passio
2467 4978 2699 5044 Christi,
2731 4993 2924 5034 recens
2954 4977 3118 5034 etiam
3156 4985 3213 5031 et
3235 4973 3543 5031 Judzeorum
3583 4976 3842 5030 audacia.

2257 5070 2456 5128 Petrus
2479 5071 2624 5127 enim
2654 5070 2976 5147 loquebatur
3003 5084 3110 5125 non
3141 5082 3204 5123 ea
3229 5081 3349 5136 quae
3372 5076 3501 5121 ante
3527 5065 3846 5136 passionem

2233 5182 2235 5184 ·
2262 5163 2500 5229 dicebat,
2540 5171 2596 5218 et
2629 5161 2858 5232 apostoli
2893 5162 3256 5224 testabantur,
3286 5169 3342 5214 et
3361 5157 3531 5213 Judaei
3561 5158 3848 5222 dolebant.

2261 5263 2316 5309 et
2349 5252 2460 5322 jam
2512 5267 2620 5310 non
2671 5251 2941 5306 habebant
2993 5251 3079 5306 cui
3130 5256 3421 5320 erogarent
3466 5247 3749 5318 pecunias,
3788 5257 3856 5303 ut

2269 5343 2599 5398 resurrectio
2622 5342 2992 5397 occultaretur
3021 5358 3034 5396 :
3072 5340 3271 5396 milites
3297 5339 3439 5396 enim
3470 5338 3856 5395 custodientes

2332 5529 2407 5586 (8)
2444 5527 2563 5585 Ms..
2584 5525 2844 5593 mdiﬁciis.

2330 5598 2406 5661 (9)
2439 5596 2533 5648 Ms.
2548 5635 2560 5654 .
2590 5598 2878 5664 [innantem

2329 5669 2439 5738 (f0)
2472 5665 2571 5721 Eo.
2611 5665 2769 5721 Forte
2795 5682 2877 5722 ea.
