4098 6398
312 398 444 459 {SM

1634 395 1718 448 _E
1756 390 2099 450 OPERIBUS
2140 388 2362 447 BONIS.

3432 396 3572 455 1202

312 521 637 583 acceperant
674 513 799 580 ista,
835 512 975 567 sicut
1016 519 1068 567 et
1115 505 1356 583 proditor
1403 511 1591 571 ludas.
1628 512 1887 569 Sciebant
1913 517 1966 578 Α
1993 505 2413 577 cedonas.‘Qute
2457 517 2637 566 autem
2667 509 3102 581 probatiol'quia
3160 510 3400 568 tribulati
3452 526 3560 568 non

311 607 457 665 enim
499 603 666 658 Judaei
689 605 975 660 adversum
1001 619 1061 658 se
1097 605 1286 672 duplas
1322 605 1449 660 dare
1479 605 1752 675 pecunias.
1783 605 1884 660 De-

309 697 505 752 derunt
532 703 588 749 et
610 695 1008 764 adonegandam
1039 695 1453 750 resurrectionis
1481 695 1636 750 ﬁdem
1665 713 1678 750 :
1708 695 1884 749 sciunt

309 790 506 858 quippe
535 796 588 842 et
623 789 754 842 dare
805 786 966 851 male,
1003 795 1056 840 et
1085 787 1337 854 accipere
1372 803 1475 842 non
1508 789 1666 843 bene.
1701 787 1890 855 Siqui?

308 881 427 935 dem
462 888 517 933 et
549 878 748 947 Joseph
802 878 1168 932 distrahentes
1212 888 1539 948 acceperunt
1583 893 1688 933 non
1724 877 1880 945 bene,

303 982 358 1026 ct
412 971 696 1025 Dominum
744 985 906 1025 causa
945 971 1269 1040 proditionis
1322 981 1591 1035 emerunt,
1625 981 1681 1025 et
1718 973 1886 1026 abne-

304 1067 522 1132 gatione
572 1062 991 1116 resurrectionis
1045 1065 1332 1116 adversum
1374 1077 1432 1116 se
1477 1071 1880 1129 compararunt.

302 1150 359 1206 In
395 1155 532 1208 mala
564 1155 705 1208 enim
737 1154 1057 1208 mercatoria
1081 1155 1346 1216 meditati,
1383 1155 1740 1222 perditionem
1779 1154 1884 1210 sibi

303 1256 665 1316 procurarunt
696 1256 1030 1314 perpetuam.
1063 1247 1167 1301 Sed
1195 1247 1260 1300 ad
1287 1245 1481 1301 Judam
1531 1248 1746 1318 quidem
1798 1248 1884 1301 l'u-

305 1352 421 1392 rem
463 1338 570 1390 vim
629 1338 899 1390 habebant
950 1336 1225 1408 pecunia);
1282 1337 1349 1390 ad
1402 1352 1524 1391 eum
1579 1346 1755 1391 autem
1791 1338 1882 1405 qui

301 1429 536 1488 dicebat.
583 1428 823 1482 Pecunia
866 1438 920 1482 et
966 1442 1155 1480 aurum
1203 1442 1307 1481 non
1358 1435 1442 1482 est
1491 1428 1644 1492 mihi,
1681 1428 1882 1482 nullam

304 1520 544 1573 habebat
581 1519 784 1573 malitia
833 1519 1111 1584 virtutem,
1169 1520 1264 1572 sed
1327 1520 1758 1589 angustahantur
1788 1534 1878 1574 sa-

301 1610 556 1664 cerdotes
575 1608 897 1677 et-populus.
926 1617 978 1661 et
1005 1606 1212 1660 turbela
1239 1615 1358 1661 erat
1381 1607 1663 1662 bonorum.
1695 1607 1883 1677 Neque

300 1700 448 1754 enim
478 1713 637 1768 quem
678 1699 1201 1766 comprehenderunt
1223 1699 1336 1764 jam
1369 1699 1666 1765 habebant,
1703 1714 1884 1769 neque

298 1806 461 1860 quem
483 1790 1117 1858 detinuerunt:undique
1149 1791 1293 1844 enim
1319 1791 1544 1860 spiritus
1574 1790 1881 1844 scaturiens

1987 614 2273 666 cesserunt
2309 601 2588 660 charitati.
2633 600 2734 668 Qui
2789 603 2933 656 enim
2982 617 3088 657 non
3146 602 3491 670 tribulatur,-
3520 607 3570 661 si

1989 697 2505 758 subministraverit,
2556 693 2752 750 similis
2790 704 2876 749 est
2905 693 2979 748 illi
3025 695 3117 764 qui
3155 696 3282 751 dum
3333 698 3571 752 mandu-

1986 801 2098 855 cat,
2129 805 2188 845 ea
2223 803 2342 858 qua:
2384 786 2724 854 superaverit.
2770 785 2952 840 donat.
3003 787 3105 854 Qui
3157 797 3336 843 autem
3393 789 3573 844 adhuc

1986 881 2153 939 esurit
2212 887 2267 932 et
2319 877 2644 946 compatitur
2682 893 2713 930 e
2765 890 2903 944 pane
2949 891 3070 941 suo,
3120 876 3208 930 ille
3253 887 3336 931 est
3383 877 3570 932 fratris

1986 981 2194 1028 amator
2227 989 2239 1025 :
2264 969 2526 1037 siquidem
2552 976 2606 1022 et
2636 967 2736 1020 sub
2772 968 2996 1021 Domino
3018 966 3170 1034 Iesu,
3200 985 3320 1022 cum
3347 969 3565 1038 quidam

1988 1067 2271 1120 mitterent
2306 1061 2468 1115 multa
2513 1060 2564 1113 in
2614 1061 2813 1129 templo
2861 1076 2926 1114 ex
2976 1061 3059 1115 his
3096 1077 3215 1130 qua:
3267 1061 3564 1126 habebant,

1987 1158 2145 1211 vidua
2186 1156 2291 1208 duo
2327 1154 2545 1207 mittens
2584 1151 2791 1205 minuta
2831 1167 3019 1220 omnes
3062 1154 3339 1221 superavit
3375 1153 3426 1206 in
3468 1154 3566 1206 do-

1987 1249 2092 1302 nis.
2127 1248 2191 1301 Et
2220 1254 2368 1300 certe
2403 1244 2528 1312 quid
2553 1252 2706 1297 erant
2740 1244 2827 1296 illa
2869 1245 2974 1297 duo
3003 1244 3208 1297 minuta
3250 1259 3371 1313 qua:
3405 1244 3564 1297 vidua

1986 1337 2178 1392 misit?
2206 1335 2475 1402 Quantum
2508 1333 2572 1385 ad
2603 1347 2714 1386 rem
2746 1333 2964 1402 quidem
2999 1335 3132 1388 satis
3163 1351 3327 1405 parva
3358 1354 3372 1388 :
3403 1349 3571 1402 quan-

1988 1440 2098 1484 tum
2137 1429 2200 1483 ad
2234 1427 2568 1480 alacritatem
2610 1433 2791 1478 autem
2835 1424 2990 1480 valde
3021 1443 3236 1495 magna.
3266 1426 3386 1480 Non
3419 1426 3566 1480 enim

1985 1519 2050 1574 ad
2092 1520 2144 1573 id
2208 1517 2477 1586 inspicere
2527 1515 2786 1570 debemus
2831 1517 2975 1585 quod
3026 1516 3212 1569 datum
3247 1527 3351 1581 est,
3389 1519 3482 1573 sed
3519 1520 3569 1574 si

1985 1610 2113 1681 quid
2141 1610 2318 1664 eidem
2366 1609 2680 1663 derelictum
2725 1617 2826 1663 est.
2873 1606 2938 1662 Et
2969 1608 3045 1661 ita
3087 1609 3426 1664 admirabilis
3477 1609 3572 1666 ille

1985 1702 2074 1770 qui
2107 1708 2347 1769 superat.
2376 1698 2494 1752 Non
2519 1699 2717 1768 quippe
2739 1698 3088 1768 quzerendum
3113 1708 3195 1753 est
3220 1700 3264 1753 si
3292 1701 3566 1756 modicum

1985 1800 2067 1846 est
2097 1793 2235 1861 quod
2268 1806 2298 1843 a
2336 1791 2497 1843 vidua
2529 1792 2708 1851 datur.
2743 1790 2838 1844 sed
2870 1791 2913 1844 si
2963 1790 3164 1857 aliquid
3204 1792 3253 1846 ei
3313 1793 3566 1846 relictum

298 1880 618 1934 fonticabat.
653 1878 718 1932 Et
744 1878 934 1932 Petrus
961 1879 1178 1947 quidem
1198 1879 1362 1933 istinc
1394 1874 1612 1933 aliunde
1639 1879 1799 1943 alius,
1825 1889 1879 1934 et
1910 1878 1954 1933 Β
1985 1891 2086 1936 est.
2130 1880 2187 1934 Si
2218 1880 2361 1934 enim
2397 1879 2536 1933 laeta
2569 1879 2739 1933 fuerit
2764 1880 3104 1947 comparatio
3132 1879 3200 1934 de
3226 1879 3304 1933 eis
3324 1895 3443 1948 qua:
3471 1895 3561 1934 re-

297 1974 442 2028 alter
473 1987 539 2026 ex
567 1970 652 2024 illa
685 1979 858 2039 parte,
885 1981 934 2024 et
981 1971 1069 2037 qui
1099 1974 1325 2024 necdum
1367 1971 1670 2024 crediderat
1699 1972 1878 2025 initia-

297 2065 394 2117 bat
420 2065 678 2119 clamare.
715 2065 782 2118 Et
802 2063 941 2116 illius
966 2061 1180 2131 quidem
1204 2059 1366 2124 illius,
1399 2059 1618 2114 alterius
1643 2061 1772 2123 ﬁlia,
1806 2061 1882 2114 al-

295 2155 475 2210 terius
513 2156 746 2224 conjux;
790 2165 837 2208 et
867 2154 1011 2206 illius
1046 2153 1236 2206 domus
1265 2152 1378 2220 ipse
1409 2151 1797 2218 paterfamilias
1829 2160 1882 2206 et

295 2261 494 2300 servus
563 2257 616 2299 et
659 2245 857 2298 famula
918 2244 1066 2314 (ll);
1109 2243 1345 2311 undique
1385 2240 1617 2311 Spiritus
1663 2241 1881 2297 fructus

294 2336 633 2392 scaluriebat
687 2352 838 2392 suus.
898 2335 1013 2390 Non
1075 2344 1283 2388 tantum
1335 2333 1480 2387 enim
1533 2335 1883 2403 permittebat

291 2427 502 2483 Judazis
538 2428 828 2490 visionem,
858 2438 1122 2496 quantum
1161 2425 1520 2495 perditionem
1562 2441 1877 2493 agnoscere.

294 2516 428 2572 Hmc
453 2533 574 2572 cum
623 2519 696 2571 ita
744 2517 936 2573 ﬁerent
985 2520 1123 2586 apud
1162 2517 1435 2581 Judaaam;
1479 2524 1697 2585 oportet
1734 2517 1878 2571 enim

292 2610 586 2665 ostendere
616 2624 715 2664 nos
755 2609 896 2662 unde
925 2611 990 2662 ad
1031 2609 1130 2663 hos
1159 2623 1346 2663 sumus
1382 2609 1632 2663 conversi
1667 2623 1880 2662 sermo-

294 2716 430 2768 nes;
472 2702 584 2771 jam
637 2717 742 2756 non
790 2711 907 2756 erat
948 2701 1206 2770 possibile
1254 2701 1337 2755 bis
1387 2701 1478 2770 qui
1535 2702 1879 2756 crediderant

292 2792 544 2855 Christo,
607 2791 749 2862 apud
800 2791 1040 2846 Judeam
1096 2791 1241 2861 pasci
1275 2812 1286 2846 :
1319 2792 1584 2860 siquidem
1639 2791 1683 2845 si
1735 2799 1881 2846 esset

290 2884 424 2954 quis
452 2880 614 2947 ﬁlius,
646 2875 970 2948 ejiciebatur
1011 2897 1042 2936 e
1087 2884 1248 2937 domo
1299 2884 1424 2952 quia
1472 2882 1646 2938 iactus
1705 2882 1884 2937 fuerat

289 2974 476 3030 ﬁdelis
517 2976 604 3030 :si
633 2975 824 3039 frater,
867 2991 975 3029 non
1029 2975 1263 3030 habebat
1308 2977 1610 3044 portionem
1644 2974 1879 3029 hazredi-

292 3067 456 3131 tatis,
514 3066 639 3136 quia
691 3065 802 3134 jam
853 3066 1088 3122 habebat
1138 3076 1347 3136 partem
1395 3067 1545 3138 regni
1591 3067 1876 3122 ccelestis:

286 3165 347 3212 et
420 3155 544 3210 ﬁlire
599 3155 1028 3220 abdicabantur,
1083 3165 1138 3210 et
1203 3155 1343 3210 servi
1413 3158 1876 3220 emcndabantnr,

1987 1973 2113 2028 licta
2141 1980 2290 2038 sunt,
2330 1970 2576 2026 invenies
2624 1971 2818 2025 divites
2864 1972 3084 2040 quidem
3135 1972 3269 2025 nihil
3311 1973 3561 2038 dedisse;

1984 2065 2140 2130 plura
2177 2067 2321 2118 enim
2365 2073 2491 2119 sunt
2519 2079 2640 2133 qua:
2675 2063 2865 2118 relicta
2896 2070 3025 2118 sunt
3070 2064 3180 2128 eis;
3221 2065 3436 2117 viduam
3469 2078 3574 2117 au-

1986 2166 2093 2211 tem
2153 2165 2322 2210 totam
2381 2156 2703 2210 substantiae
2755 2154 3069 2210 facultatem
3127 2157 3362 2212 dedisse.
3425 2157 3574 2226 Ergo

1983 2248 2120 2302 nihil
2159 2249 2330 2318 magis
2366 2256 2468 2310 est,
2503 2249 2547 2302 si
2585 2249 2705 2316 quis
2735 2249 2942 2302 habens
2974 2248 3136 2301 donat
3169 2266 3185 2306 :
3225 2251 3317 2303 sed
3350 2250 3394 2304 si
3441 2249 3574 2317 quis

1985 2355 2090 2395 non
2141 2340 2325 2404 habet,
2366 2347 2523 2406 urget
2576 2339 2898 2394 charitatem
2948 2349 3006 2394 ut
3057 2341 3239 2393 faciat.
3283 2338 3357 2392 l'ta
3386 2351 3441 2395 et
3473 2338 3561 2393 illa

1982 2432 2164 2496 vidua,
2209 2444 2330 2498 quae
2363 2427 2599 2497 suscepit
2632 2428 2799 2481 Eliam
2831 2427 3081 2482 infamem
3124 2427 3263 2499 (1'5),
3299 2444 3328 2481 a
3363 2428 3568 2498 pugillo

1983 2525 2201 2596 pollinis
2235 2523 2504 2592 primitias
2541 2522 2774 2577 oﬂereus
2811 2524 3109 2590 prophetzn,
3154 2532 3208 2576 et
3254 2524 3369 2591 ipsa
3409 2533 3570 2592 pasta-

1982 2626 2059 2670 est
2091 2625 2142 2670 et
2176 2613 2292 2684 plus
2322 2613 2534 2667 caneris
2562 2612 2766 2665 habuit.
2794 2612 2869 2666 lta
2906 2621 2960 2666 et
2993 2610 3337 2676 Macedones,
3372 2612 3464 2680 qui
3502 2611 3567 2665 in

1982 2705 2149 2760 multo
2193 2705 2562 2770 experimento
2600 2702 2964 2756 tribulationis
2996 2701 3164 2770 :quia
3205 2702 3352 2755 enim
3388 2701 3562 2756 multa

1982 2805 2100 2851 erat
2121 2795 2259 2864 apud
2288 2794 2404 2848 illos
2429 2793 2707 2848 trilmlatio
2739 2793 3040 2846 inediarum
3065 2809 3080 2857 ;
3107 2791 3392 2845 incurrunt
3411 2792 3556 2844 enim

1981 2898 2368 2953 nonut-nquam
2419 2871 2550 2937 tal'es
2592 2881 2900 2936 hominibus
2941 2880 3360 2943 tribulationes;
3403 2877 3559 2932 altis-

1980 2977 2116 3031 sima
2139 2975 2414 3030 tribulatio
2448 2988 2715 3028 summam
2749 2971 3072 3026 charitatem
3104 2971 3341 3024 ostendit
3369 2989 3384 3025 :
3431 2973 3574 3037 quiat

1981 3067 2035 3119 in
2067 3065 2230 3118 multo
2256 3063 2633 3132 experimento,
2666 3062 2866 3130 inquit,
2897 3060 3260 3114 tribulationis
3283 3059 3564 3114 abundan-

1983 3158 2056 3209 tia
2074 3156 2258 3225 gaudii
2277 3169 2457 3208 eorum
2476 3154 2545 3206 ⁸ο.
2585 3151 2858 3218 Quantum
2894 3151 3039 3206 enim
3067 3151 3135 3205 ad
3171 3165 3304 3219 opes
3326 3159 3575 3218 spectat.

286 3247 629 3304 sustinentes
707 3260 898 3316 poenas
957 3246 1084 3316 quia
1153 3245 1359 3301 ﬁdeles.
1423 3245 1546 3301 llaec
1607 3260 1727 3300 cum
1795 3247 1870 3300 ita
1902 3242 1943 3299 Β
1985 3245 2260 3299 tribulatio
2292 3245 2511 3298 erateis
2548 3253 2856 3311 :quantum
2888 3251 3067 3295 autem
3108 3241 3175 3294 ad
3205 3241 3572 3305 charitatem,

286 3347 608 3405 agerentur,
644 3347 698 3392 et
721 3335 834 3404 jam
865 3351 970 3390 non
1011 3333 1322 3390 sullicerent
1361 3335 1546 3390 ﬁdeles
1593 3336 1731 3406 apud
1772 3334 1872 3390 ,1η-

286 3430 467 3484 daeam
520 3441 745 3496 pascere
797 3425 1198 3480 multitudinem
1248 3427 1584 3480 credentium
1620 3425 1869 3488 Christo;

283 3517 522 3589 apostoli
557 3517 912 3587 przcdicautes
933 3518 1175 3587 gentium
1207 3516 1655 3586 complacuerunt
1681 3524 1736 3570 et
1769 3517 1874 3570 hoc

289 3612 505 3665 donare
539 3609 784 3664 ﬁdelibus
803 3609 894 3678 qui
927 3610 978 3662 in
1001 3607 1253 3679 gentibus
1286 3609 1652 3674 habebantur,
1681 3617 1738 3662 ut
1765 3608 1872 3662 col-

288 3701 528 3772 ligerent
563 3703 826 3770 quasdam
862 3701 1115 3769 pecunias
1142 3707 1197 3754 et
1239 3714 1389 3767 opes,
1413 3707 1467 3753 et
1495 3699 1772 3753 mitterent
1806 3699 1872 3752 ad

282 3791 533 3848 Iudaeam
583 3791 936 3845 credentibus
967 3790 1185 3845 Christo
1217 3808 1230 3844 :
1263 3800 1322 3845 ut
1356 3805 1449 3845 eos
1490 3805 1626 3859 quos
1651 3790 1872 3844 abdica-

286 3893 488 3938 verant
521 3892 776 3951 parentes
808 3882 877 3936 ob
901 3880 1082 3946 ﬁdem,
1121 3896 1215 3936 eos
1253 3890 1540 3951 pascerent
1568 3889 1752 3950 gentes
1780 3895 1877 3936 ne-

283 3973 536 4031 cessaria
556 3973 914 4043 destinantes.
941 3972 1008 4026 Et
1034 3971 1362 4043 colligebant
1396 3973 1658 4042 pecunias
1683 3973 1776 4043 qni
1804 3989 1873 4028 ex

284 4066 544 4136 gentibus
570 4066 637 4120 ob
668 4064 956 4118 alimonias
987 4063 1193 4117 scilicet
1231 4073 1547 4118 sanctorum
1597 4065 1692 4134 qui
1729 4064 1874 4132 apud

283 4155 724 4227 Hierosolymam
752 4155 1125 4209 morabantur.
1169 4154 1240 4209 Et
1277 4155 1379 4209 ista
1422 4169 1567 4208 nunc
1613 4169 1737 4223 pars
1791 4161 1875 4208 est

279 4261 414 4318 quae
461 4247 619 4300 hodie
671 4246 809 4300 lecta
857 4245 910 4301 in
961 4244 1204 4314 Epistula
1251 4244 1427 4310 Pauli,
1472 4246 1727 4299 videtur:
1763 4259 1870 4298 non

278 4338 448 4393 valde
501 4353 627 4393 cara
693 4337 850 4408 (l3),
913 4338 1056 4391 sicut
1139 4336 1283 4391 facta
1359 4345 1486 4392 sunt
1553 4353 1671 4407 qua:
1747 4345 1873 4392 ante

276 4429 576 4498 pradicata
625 4438 772 4482 sunt.
828 4427 1222 4496 Evangelizans
1251 4427 1414 4498 igitur
1444 4427 1736 4497 Apostolus
1767 4427 1872 4483 Co-

278 4522 520 4579 :inthios
577 4537 673 4591 per
739 4520 968 4575 aliorum
1043 4517 1498 4580 sollicitudinem,
1557 4531 1759 4586 eosque
1804 4517 1871 4572 ad

274 4609 522 4665 similem
576 4608 936 4662 imitationem
987 4605 1304 4671 adhortans,
1368 4614 1426 4660 ut
1472 4604 1725 4660 alacriter
1763 4606 1869 4660 im-

274 4701 558 4771 pertirent
631 4698 884 4752 ﬁdelibus
959 4699 1050 4766 qui
1123 4697 1263 4766 apud
1344 4694 1588 4752 Judzeam
1673 4706 1870 4766 erant,

273 4792 489 4862 quique
560 4791 793 4844 abdicati
861 4804 892 4843 a
957 4789 1073 4842 suis
1137 4788 1460 4842 necessariis
1532 4787 1868 4859 indigebant,

272 4897 388 4940 nec
438 4881 574 4936 ullas
632 4880 1027 4951 promissiones
1071 4877 1324 4934 Judaicas
1370 4889 1463 4934 aut
1520 4880 1870 4938 haereditates

272 4971 559 5028 habebant
597 4989 610 5024 :
650 4971 771 5024 ideo
803 4970 1052 5025 scribens
1083 4968 1152 5023 ad
1186 4983 1280 5023 eos
1325 4968 1524 5022 Paulus
1559 4971 1630 5024 ita
1679 4971 1808 5025 dicit
1846 4989 1860 5026 :

273 5063 488 5120 Notam
515 5073 688 5116 autem
721 5062 863 5115 vobis
904 5062 1064 5130 facio,
1100 5061 1314 5129 fratres,
1349 5062 1574 5128 gratiam
1614 5061 1710 5115 Dei
1749 5077 1867 5132 quae

267 5159 410 5210 data
439 5164 515 5209 est
548 5157 600 5207 in
635 5153 886 5208 Ecclesiis
918 5152 1269 5217 Macedoniw,
1314 5151 1440 5221 quia
1481 5152 1536 5204 in
1571 5152 1734 5205 multo
1775 5167 1867 5206 ex-

266 5255 572 5316 perimento
602 5245 956 5297 tribulationis
986 5243 1314 5297 abundantia
1348 5243 1532 5312 gaudii
1574 5257 1778 5307 eorum,
1814 5251 1866 5295 et

266 5337 548 5392 altissima
571 5346 853 5404 paupertas
887 5348 1069 5386 eorum
1103 5334 1387 5386 abundavit
1417 5335 1471 5386 in
1500 5332 1712 5386 divitias
1739 5334 1867 5386 sim-

265 5428 533 5498 plicitatis
567 5443 747 5481 eorum
775 5427 842 5484 ".
879 5426 1137 5482 Scriberis
1176 5425 1470 5481 Corinthiis
1510 5425 1701 5491 probat
1748 5423 1862 5479 Ma-

1901 4578 1948 4634 D

351 5566 403 5598 ⁸³
427 5564 464 5618 Il
491 5566 616 5619 Cor.
655 5581 770 5631 vnt,
798 5565 909 5633 1,2.
985 5565 1030 5598 δ’
1061 5563 1188 5622 ibid.
1218 5564 1272 5619 2.
1349 5565 1392 5597 ⁵ο
1421 5555 1560 5620 ibid.
1628 5564 1670 5596 ⁸¹
1698 5563 1825 5622 ibid.
1855 5563 1906 5621 4.

423 5704 469 5776 li
498 5704 620 5776 ξε..
657 5707 884 5776 frrniilia.

358 5773 472 5844 (12)
503 5773 664 5830 Cara.
703 5774 887 5839 Forte,
916 5779 1084 5830 clara.

1975 3339 2251 3408 gaudium.
2289 3337 2428 3390 Dare
2469 3337 2612 3391 enim
2643 3351 2711 3390 ex
2744 3335 2827 3389 his
2856 3351 2975 3405 quae
3004 3335 3118 3402 ipse
3150 3350 3254 3388 non
3286 3333 3468 3396 habet,
3502 3346 3566 3388 et

1977 3446 2097 3484 cum
2122 3430 2316 3500 gaudio
2343 3430 2493 3496 dare,
2521 3431 2635 3485 haec
2673 3437 2755 3484 est
2778 3445 2989 3484 summa
3028 3428 3322 3484 credulitas
3349 3429 3415 3484 de
3439 3442 3554 3484 cm-

1977 3519 2205 3575 lestibus
2244 3520 2448 3590 regnis.
2498 3519 2734 3589 Cupiens
2764 3534 2893 3590 ergo
2929 3521 3216 3574 ostendere
3263 3519 3558 3588 Apostolus

1975 3619 2178 3678 quanta
2226 3610 2306 3664 eis
2346 3618 2462 3664 erat
2513 3595 2801 3678 angustia,
2853 3617 2908 3664 et
2953 3621 3213 3680 quantum
3249 3608 3557 3679 gaudebant

1977 3701 2166 3755 dantes
2216 3715 2284 3756 ex
2319 3715 2383 3756 eo
2413 3700 2553 3769 quod
2607 3715 2712 3754 non
2741 3699 3054 3764 habebant;
3107 3701 3162 3753 in
3210 3700 3378 3752 multo
3423 3699 3564 3754 dicit.

1976 3793 2346 3862 experimento
2379 3791 2745 3846 tribulationis
2775 3791 3107 3850 abundantia
3133 3791 3314 3860 gaudii
3339 3805 3564 3853 eorum,

1978 3892 2032 3938 et
2063 3883 2324 3938 altissima
2375 3891 2666 3952 paupertas
2695 3896 2912 3937 eorum.
2949 3881 3228 3936 Altissima
3263 3891 3556 3950 paupertas

1979 3975 2238 4029 radicitus
2269 3989 2362 4028 eos
2395 3974 2527 4027 nihil
2552 3973 2755 4029 habere
2781 3973 3074 4040 signiﬁcat.
3119 3973 3442 4036 Abundavit,
3468 3973 3555 4026 in-

1979 4067 2118 4136 quit,
2151 4068 2204 4119 in
2233 4067 2430 4121 divitiis
2469 4067 2830 4136 simplicitatis
2875 4081 3078 4120 eorum.
3105 4063 3272 4119 Multa
3310 4064 3557 4134 probatio

1980 4157 2342 4212 tribulationis
2371 4174 2386 4210 :
2417 4158 2513 4212 sed
2563 4157 2846 4236 abundans
2869 4198 2884 4222 ,
2925 4157 3123 4226 inquit,
3155 4157 3410 4226 gaudium
3463 4171 3557 4211 eo-

1979 4257 2190 4313 rnm,et
2219 4247 2484 4302 altissima
2518 4257 2816 4318 paupertas.
2841 4262 3030 4302 eorum
3065 4267 3079 4303 :
3114 4256 3169 4301 et
3199 4245 3556 4309 abundantia,

1979 4340 2188 4409 inquit,
2226 4339 2540 4393 divitiarum
2572 4339 2939 4408 simplicitatis
2971 4352 3177 4393 eorum.
3205 4337 3285 4391 Ab
3313 4337 3558 4391 adversis

1978 4431 2184 4500 accepit
2230 4415 2708 4498 comparationem,
2757 4427 3048 4485 ostendens
3078 4427 3202 4496 quia
3237 4427 3401 4480 multa
3434 4428 3557 4496 qui-

1978 4520 2098 4576 dem
2128 4520 2409 4575 tribulatio
2433 4528 2552 4576 erat
2582 4521 2725 4589 apud
2765 4535 2860 4574 eos
2893 4518 3216 4580 inediarum,
3259 4531 3366 4570 non
3404 4525 3553 4570 tanta

1977 4622 2154 4668 autem
2188 4621 2452 4681 quantum
2501 4619 2556 4666 et
2602 4610 2881 4681 gaudium.
2932 4609 3000 4663 Et
3043 4607 3306 4663 altissima
3335 4608 3557 4677 quidem

1976 4715 2301 4776 paupertas,
2349 4704 2443 4759 sed
2472 4703 2672 4759 divitia:
2700 4700 3088 4770 simplicitatis,
3116 4702 3243 4767 quia
3266 4698 3554 4752 secundum

1977 4797 2221 4852 virtutem
2253 4794 2618 4850 testimonium
2645 4793 2911 4863 perhibeo,
2941 4800 2990 4845 et
3022 4806 3178 4858 super
3201 4791 3331 4843 vires
3356 4790 3423 4842 ⁸⁸.
3446 4790 3557 4843 ιΙοιτ

1975 4889 2123 4944 enim
2171 4896 2293 4953 est,
2343 4895 2396 4942 et
2422 4885 2773 4940 tribulatione
2812 4882 3102 4938 voluntarii
3152 4880 3414 4935 fuerunt:
3452 4894 3554 4933 non

1974 4979 2082 5032 vim
2129 4977 2318 5047 passi,
2356 4976 2448 5030 sed
2479 4991 2600 5030 cum
2647 4973 2812 5029 multa
2846 4971 3233 5026 exhortatione
3261 4970 3559 5024 obsecrant-

1974 5077 2078 5123 tes.
2108 5067 2226 5122 Non
2263 5067 2435 5122 solum
2470 5066 2614 5121 enim
2660 5079 2690 5119 a
2742 5063 2901 5118 nobis
2935 5077 3041 5117 non
3065 5069 3197 5116 sunt
3242 5059 3555 5122 obsecrati,

1975 5159 2068 5214 sed
2100 5167 2154 5214 et
2186 5159 2287 5228 ipsi
2313 5160 2693 5213 obsccrarunt.
2733 5155 2841 5208 Sed
2873 5169 2992 5207 cum
3024 5151 3213 5217 multa,
3237 5151 3434 5220 inquit,
3467 5166 3562 5204 esc-

1974 5249 2271 5303 ltortatione
2321 5248 2649 5302 obsecrantes
2699 5254 2945 5315 rogantes
2977 5259 3069 5298 nos
3091 5241 3160 5296 ".
3217 5240 3354 5309 Quia
3410 5239 3556 5295 enim

1973 5354 2098 5394 cum
2149 5338 2316 5393 multa
2358 5337 2734 5392 obsecratione
2769 5336 2974 5390 dictum
3001 5375 3016 5400 ,
3051 5333 3276 5388 dubium
3330 5332 3553 5384 videba-

1975 5440 2085 5496 tur,
2121 5437 2303 5485 utrum
2335 5428 2652 5484 Macedones
2684 5434 2968 5498 rogassent
3003 5423 3281 5497 apostolos
3306 5420 3556 5490 suscipe—

2050 5706 2160 5774 (l3)
2194 5703 2475 5773 Infamem.
2507 5702 2689 5772 Forte,
2724 5706 2774 5758 in
2803 5705 2963 5774 (ante.
