4098 6398
549 408 687 464 1⁸203

1221 405 1487 463 EUSEBII
1530 397 2001 464 CIESARlENSlS
2042 404 2191 463 OPP.
2234 404 2413 466 PARS
2454 407 2542 466 IV.
2584 441 2654 449 —
2693 408 3113 467 DOGMATICA.

3674 415 3809 473 12M

545 541 608 582 re
636 526 703 580 ab
731 523 863 608 ipsis
898 536 1016 593 qua:
1037 521 1362 589 oﬂ'erebaut,
1398 531 1491 577 aut
1524 523 1751 594 apostoli
1780 523 2129 588 Macedonas,
2168 528 2213 587 Α
2243 527 2602 593 manducans,
2623 527 2905 583 nobiscum
2926 528 3220 583 dormiens.
3240 508 3315 583 Ex
3357 530 3513 587 nobis
3540 544 3809 603 Sputatus,

543 626 606 672 ut
627 630 748 672 sese
770 613 1069 685 panderent
1099 614 1167 668 ad
1202 614 1461 681 dandum,
1479 614 1600 669 ideo
1617 615 1777 669 dicit:
1804 615 1937 668 Cum
1961 614 2127 668 multa

542 707 913 764 exhortatione
957 705 1289 759 obsecrantes
1316 721 1431 769 nos,
1480 707 1757 773 offerentes
1784 706 2036 775 gaudium
2079 714 2126 758 et

543 795 967 851 communionem
1022 795 1302 848 ministerii
1335 796 1473 865 quod
1504 795 1563 863 ﬁt
1614 796 1668 849 in
1716 807 1946 850 sanctos.
2009 795 2126 848 Non

542 887 688 941 enim
714 886 889 956 rogari
917 886 1041 955 quis
1072 886 1231 942 debet
1264 889 1330 940 ad
1366 886 1826 950 misericordiam,
1851 888 1942 941 scd
1971 901 2131 957 roga-

547 993 605 1033 re
635 977 815 1047 potius
846 985 905 1031 ut
936 976 1305 1032 communicet
1338 977 1461 1032 aliis
1503 996 1515 1031 :
1550 986 1600 1031 et
1632 995 1741 1032 non
1781 981 1915 1032 sicut
1948 996 2131 1048 spera-

544 1073 711 1123 vimus
736 1070 820 1135 ";
860 1077 1185 1137 superarunt
1223 1069 1370 1123 enim
1403 1078 1458 1124 et
1488 1079 1728 1124 nostram
1762 1072 2130 1139 exspectatios

548 1176 693 1216 nem.
730 1160 868 1227 Quid
896 1176 1025 1231 ergo
1050 1161 1074 1214 ?
1102 1161 1405 1217 Senserunt
1440 1161 1665 1231 apostoli
1699 1161 1933 1231 inopiam
1954 1161 2131 1218 Mace-

549 1254 769 1319 donum,
812 1262 865 1306 ct
894 1253 1109 1322 pigebat
1142 1268 1235 1308 eos
1266 1254 1447 1308 dicere
1473 1253 1673 1323 aliquid
1700 1271 1713 1319 ;
1744 1253 2005 1321 apostolis
2030 1269 2131 1307 aus

552 1351 658 1395 tem
699 1343 1002 1398 tacentibus
1025 1358 1129 1396 non
1160 1342 1417 1398 tacebant
1438 1343 1529 1412 qui
1557 1344 2008 1409 obsecrabantur,
2040 1344 2131 1397 sed

549 1435 852 1503 semetipsos
876 1476 889 1497 ,
924 1434 1100 1503 inquit
1142 1475 1158 1499 ,
1203 1436 1459 1489 dederunt
1494 1435 1665 1503 primo
1722 1434 1978 1500 Domino,
2015 1436 2132 1489 dein

549 1536 598 1579 et
626 1526 771 1578 nobis
820 1542 913 1595 per
940 1524 1257 1579 voluntatem
1306 1524 1402 1579 Dei
1431 1542 1445 1577 :
1479 1526 1584 1578 hoc
1632 1535 1752 1588 est,
1787 1527 1985 1581 donum
2038 1526 2130 1580 Dei

549 1617 699 1671 venit
727 1618 793 1671 ad
828 1632 941 1681 eos,
973 1619 1193 1671 hortans
1238 1631 1333 1672 eos
1355 1616 1420 1671 ad
1452 1631 1617 1687 Opera
1652 1618 1816 1682 bona,
1848 1628 1904 1671 ut
1940 1618 2133 1672 exhor—

551 1718 721 1759 temur
748 1704 945 1769 Titum,
976 1718 1028 1760 ut
1061 1707 1505 1777 quemadmodum
1523 1709 1700 1777 erepit,
1725 1710 1799 1762 ita
1823 1718 1872 1762 et
1893 1709 2132 1777 perﬁciat

550 1799 603 1849 in
625 1814 711 1851 vos
754 1797 979 1866 gratiam
1003 1797 1155 1851 istam
1182 1798 1248 1849 ⁸³.
1280 1798 1417 1864 Quid
1434 1798 1535 1853 sibi
1568 1799 1683 1853 vult
1714 1807 1769 1851 ut
1803 1800 2136 1852 exhortemur

2233 635 2262 673 a
2305 619 2461 674 nobis
2483 627 2566 673 est
2598 628 2799 681 tentus,
2843 634 2870 672 a
2904 618 3059 672 nobis
3104 620 3516 686 condemnatus,
3546 637 3805 693 quantum

2227 709 2295 763 ad
2328 716 2579 762 naturam
2629 707 2948 761 humanam.
2994 705 3251 761 Proficiat
3299 718 3479 764 autem
3532 725 3713 770 sermo
3744 718 3810 769 ad

2229 808 2449 853 caetera.
2482 796 2738 866 lujuriam
2765 811 2959 866 passus
2988 807 3089 863 est,
3138 813 3313 853 caesus
3337 809 3439 863 est,
3464 812 3681 870 sputum
3718 822 3811 861 ac—

2231 892 2614 963 ccpit,-illusus
2639 901 2744 955 est,
2772 890 2961 945 aﬂixus
2984 900 3066 945 est
3094 892 3266 955 cruci,
3296 893 3364 946 fel
3396 905 3449 948 et
3480 907 3693 950 acetum
3731 898 3814 953 bi-

2232 985 2332 1039 bit.
2365 984 2503 1050 Quid
2523 984 2827 1038 invenietur
2856 984 2908 1036 iu
2933 992 3357 1039 commutatione
3388 996 3549 1039 tanta:
3578 989 3810 1057 gratiae?

2230 1073 2396 1127 lstam
2427 1073 2591 1144 igitur
2621 1073 2852 1142 gratiam
2896 1086 2995 1126 nos
3019 1075 3316 1128 admonens
3347 1078 3662 1145 Apostolus,
3683 1080 3817 1133 hor-

2234 1173 2379 1218 tatur
2426 1165 2491 1218 ad
2527 1178 2687 1232 opera
2737 1164 2899 1218 bona.
2937 1164 3098 1217 Scitis
3128 1167 3289 1227 enim,
3332 1167 3523 1236 inquit,
3578 1174 3811 1239 gratiam

2233 1254 2445 1308 Domini
2473 1256 2645 1308 nostri
2666 1253 2797 1307 Jcsu
2827 1252 3050 1320 Christi,
3081 1258 3203 1323 quia
3246 1271 3458 1325 propter
3494 1277 3600 1325 ros,
3626 1273 3680 1315 et
3706 1281 3814 1318 non

2232 1358 2455 1415 propter
2486 1362 2564 1411 se,
2601 1346 2748 1413 inops
2798 1345 2973 1414 factus
3020 1357 3091 1399 est
3129 1364 3256 1400 cum
3275 1360 3404 1403 esset
3442 1352 3606 1417 dires,
3643 1364 3697 1406 ut
3728 1371 3816 1409 vos

2232 1437 2376 1491 illius
2410 1439 2591 1507 inopia
2618 1440 2804 1491 divites
2831 1438 3012 1490 essetis
3044 1438 3111 1491 π.
3135 1438 3191 1493 Si
3226 1441 3342 1494 haec
3374 1440 3496 1495 fecit
3532 1446 3815 1512 magister,

2235 1529 2337 1583 ista
2387 1530 2705 1584 condiscant
2743 1529 3034 1597 discipuli,
3075 1541 3121 1583 et
3168 1532 3469 1597 consilium,
3502 1534 3695 1603 inquit,
3767 1541 3821 1591 in

2236 1618 2333 1671 isto
2363 1619 2428 1671 do
2460 1618 2507 1649 ³⁸
2544 1637 2555 1671 :
2590 1618 2692 1672 hoc
2718 1626 2820 1681 est,
2855 1618 2921 1670 ad
2943 1617 3301 1671 imitationem
3326 1620 3531 1673 Christi
3559 1636 3819 1689 provoco.

2237 1712 2353 1767 Hoc
2382 1714 2519 1765 enim
2562 1712 2704 1765 vobis
2742 1721 2816 1765 est
2864 1710 3012 1764 utile.
3069 1710 3199 1762 Illud
3250 1712 3392 1763 enim
3441 1727 3545 1764 nou
3602 1712 3823 1768 Christo

2194 1810 2200 1822 ‘
2237 1814 2355 1858 erat
2408 1803 2560 1866 utile,
2600 1803 2790 1872 quique
2828 1819 2930 1856 non
2984 1804 3155 1855 solum
3198 1801 3413 1869 facere,
3468 1808 3556 1857 sed
3596 1813 3643 1857 et
3690 1806 3825 1859 velle

553 1887 728 1942 Titum
762 1889 786 1942 .9
832 1889 965 1955 Quia
1006 1890 1149 1943 enim
1180 1930 1194 1955 ,
1241 1891 1454 1959 inquit,
1499 1891 1733 1945 vidimus
1785 1890 2133 1946 Macedonum
2168 1880 2209 1935 Β
2239 1896 2464 1962 coepistis
2510 1895 2574 1947 ab
2614 1911 2754 1947 anno
2781 1894 2975 1962 priore.
3029 1893 3232 1947 Facere
3273 1908 3377 1947 non
3412 1904 3494 1948 est
3529 1895 3703 1964 majus
3729 1907 3827 1948 aut

552 1980 766 2033 divitias
800 1979 1206 2048 simplicitatis;
1241 1992 1299 2034 ut
1333 1996 1438 2036 non
1472 1982 1819 2036 vinceremini
1874 1982 1925 2036 in
1957 1981 2132 2045 bonis,

556 2070 863 2141 rogavimus
902 2070 1085 2124 Titum
1115 2072 1301 2126 venire
1350 2074 1417 2127 ad
1451 2087 1546 2127 vos
1571 2112 1585 2137 ,
1627 2083 1680 2128 et
1712 2089 1871 2143 pares
1898 2088 1991 2128 vos
2024 2072 2135 2127 elli-

553 2179 679 2219 cere
711 2164 775 2219 ad
811 2164 1161 2227 Macedonas,
1194 2173 1249 2217 ct
1283 2165 1560 2218 exhortari
1597 2179 1662 2218 ne
1695 2164 2077 2234 relinquamini
2105 2180 2133 2218 a

552 2256 758 2311 divitiis
789 2255 976 2326 gratis:
1028 2254 1331 2324 hujus:Et
1374 2257 1511 2308 sicut
1561 2259 1613 2309 in
1660 2258 1803 2310 omni
1853 2258 2135 2311 abundatis

551 2349 681 2417 ﬁde,
706 2359 752 2401 et
777 2363 1035 2413 sermone,
1055 2359 1108 2400 et
1133 2347 1349 2401 scientia
1371 2389 1385 2413 ,
1414 2358 1459 2400 et
1487 2350 1628 2400 omni
1656 2348 2011 2401 sollicitudine
2037 2390 2051 2413 ,
2089 2358 2135 2401 et

552 2443 768 2509 insuper
794 2448 964 2492 vestra
999 2441 1053 2492 in
1099 2456 1192 2493 nos
1222 2439 1499 2503 charitate,
1554 2450 1606 2492 ut
1633 2449 1681 2492 et
1737 2441 1788 2491 in
1830 2442 1930 2493 hac
1966 2441 2137 2509 gratia

554 2531 833 2585 abundetis
865 2530 931 2584 ⁸⁸.
966 2530 1019 2584 In
1053 2531 1195 2593 aliis,
1240 2532 1436 2600 inquit,
1479 2532 1733 2584 omnibus
1776 2530 2138 2584 circumveni-

556 2624 667 2678 tis:
705 2632 763 2675 ut
802 2638 908 2678 non
944 2632 1125 2677 autem
1160 2622 1653 2676 circumvenientes
1707 2620 1759 2673 in
1799 2622 1944 2684 aliis,
1981 2622 2137 2675 dere-

540 2714 874 2784 .liuquamini
912 2713 966 2766 in
1004 2713 1352 2780 quibusdam,
1384 2712 1758 2775 etcxuamini,
1805 2712 1989 2780 rogavi
2042 2712 2137 2765 Ti—

562 2818 694 2870 tum,
729 2794 866 2859 utin
900 2805 1156 2859 omnibus
1201 2804 1494 2872 primatum
1532 2806 1761 2859 teneatis
1792 2824 1804 2859 :
1844 2804 1965 2857 Non
1987 2805 2138 2873 quasi

557 2900 822 2966 imperans
849 2898 988 2961 dico,
1018 2897 1108 2950 sed
1134 2907 1345 2965 propter
1378 2896 1606 2949 aliorum
1628 2876 2049 2949 sollicitudinem
2067 2897 2138 2960 ³⁸,

561 2991 663 3043 hoc
694 2999 775 3042 est
815 2987 1167 3041 Macedonum
1216 2988 1450 3041 alienum
1484 3002 1498 3040 :
1532 2988 1576 3041 si
1626 2989 1923 3041 secundum
1966 2988 2139 3056 impe-

561 3079 701 3134 rium
736 3078 888 3147 ﬁunt,
923 3078 1245 3133 videbuntur
1280 3093 1344 3132 ex
1399 3076 1721 3131 necessitate
1752 3077 1865 3130 ﬁcri
1892 3117 1906 3140 ,
1936 3086 1988 3131 ct
2033 3092 2138 3130 non

480 3152 485 3157 δ
564 3173 765 3227 habent
809 3172 1043 3227 fructum
1097 3189 1107 3223 :
1156 3171 1249 3224 scd
1282 3180 1498 3239 propter
1548 3169 1773 3222 aliorum
1815 3168 2139 3222 sollicitudi-

560 3280 683 3320 nem
714 3306 728 3331 ,
755 3274 802 3318 et
835 3274 1019 3318 vestra:
1047 3263 1322 3316 charitatis
1366 3262 1635 3329 ingenium
1676 3260 1957 3330 probamus
1993 3275 2009 3312 :
2038 3261 2141 3315 hoc

558 3365 676 3417 est,
710 3355 1064 3408 admonemus
1097 3368 1194 3407 vos
1246 3352 1601 3407 Macedonum
1653 3353 1957 3406 claritatem
2002 3351 2139 3421 (14),

563 3456 623 3500 ut
650 3446 932 3500 audientes
961 3446 1026 3497 ad
1065 3444 1296 3497 similem
1346 3444 1581 3497 veniatis
1610 3443 1807 3496 zelum.
1843 3442 1978 3508 Quia
2012 3458 2141 3512 ergo

565 3536 631 3589 de
662 3535 904 3603 pecuniis
934 3533 1231 3602 propositio
1275 3542 1431 3596 erat,
1467 3542 1521 3585 et
1555 3533 1620 3586 de
1663 3533 1917 3602 operibus
1946 3534 2138 3595 bouis;

566 3627 791 3695 cupiens
833 3640 927 3679 eos
966 3624 1162 3679 docere
1192 3626 1482 3693 Apostolus
1531 3626 1655 3694 quia
1691 3625 1821 3678 nihil
1858 3624 2004 3692 digni
2059 3634 2143 3675 at-

563 3732 669 3783 que
701 3716 811 3783 (Ιέ)
853 3716 1122 3784 recepturi
1174 3717 1346 3779 estis,
1384 3726 1438 3768 et
1489 3717 1613 3783 quia
1664 3716 1714 3769 in
1765 3715 1851 3769 bis
1889 3715 2144 3770 Dominus

564 3808 711 3872 prior
741 3807 906 3875 cmpit
931 3846 946 3871 ,
977 3815 1030 3861 et
1063 3806 1305 3860 debitum
1351 3806 1627 3860 reddimus
1679 3815 1734 3859 et
1770 3820 1873 3860 non
1911 3790 2141 3876 gratiam

564 3898 1035 3965 prteseminatnus,
1065 3896 1198 3951 dicit
1231 3913 1245 3948 :
1279 3896 1445 3951 Scitis
1485 3897 1623 3949 enim
1650 3897 1880 3966 gratiam
1928 3895 2143 3950 Domini

567 3990 731 4043 nostri
773 3989 902 4044 Jesu
949 3987 1185 4054 Christi,
1220 3989 1346 4057 quia
1396 3998 1614 4056 propter
1662 4004 1756 4041 nos
1787 3988 1934 4055 inops
1973 3986 2147 4057 factus

564 4089 662 4144 est,
688 4095 804 4132 cum
834 4080 975 4132 dives
1003 4088 1131 4132 esset
1166 4077 1232 4134 ".
1259 4078 1396 4144 Quia
1425 4080 1566 4133 enim
1592 4080 1657 4132 de
1687 4080 1933 4148 pecuniis
1957 4080 2148 4135 dandis

563 4179 684 4225 erat
714 4170 763 4224 ei
798 4184 978 4224 sermo
1004 4208 1018 4232 ,
1052 4170 1269 4238 pigebat
1305 4180 1483 4223 autem
1526 4169 1721 4225 divites
1769 4169 1887 4241 (l6)
1914 4171 2145 4239 aperiri;

563 4260 813 4328 opposuit
841 4259 1152 4324 Dominum,
1180 4261 1272 4328 qui
1306 4274 1433 4315 vere
1468 4261 1637 4324 dives,
1674 4263 1828 4331 inops
1858 4276 1956 4331 pro
1990 4262 2147 4317 nobis

565 4353 745 4407 tactus
782 4362 887 4416 est,
914 4362 974 4407 ut
1008 4353 1073 4406 ad
1107 4353 1464 4407 imitationem
1520 4354 1611 4406 Dei
1646 4356 1939 4409 suscitaret
1970 4355 2146 4409 homi-

567 4462 685 4500 nes.
711 4445 875 4500 Scitis
900 4448 1057 4514 enim,
1086 4447 1280 4516 inquit,
1318 4448 1550 4516 gratiam
1586 4445 1801 4499 Domini
1828 4448 1994 4500 nostri
2020 4446 2150 4501 Iesu

2238 1989 2374 2044 velle
2408 1987 2517 2060 (l8)
2550 1986 2684 2041 ?l|le
2709 1997 2889 2039 autem
2917 1986 3088 2053 majus
3121 2001 3244 2041 esse
3271 1988 3457 2041 dicens
3484 1988 3618 2041 velle
3654 2004 3825 2055 quam

2236 2080 2436 2140 facere.
2478 2081 2552 2133 ita
2581 2094 2703 2134 cum
2765 2078 2846 2132 eis
2902 2077 3143 2145 loquitur
3175 2093 3273 2144 per
3320 2078 3629 2147 epistolam.
3682 2080 3825 2145 Quid

2234 2176 2317 2221 est
2340 2183 2469 2236 ergo
2497 2166 2640 2234 quod
2668 2164 2863 2219 dicitur
2886 2163 2952 2217 ad
2982 2179 3099 2228 eos,
3132 2181 3267 2232 quos
3288 2166 3539 2219 hortatur
3562 2167 3628 2218 ad
3658 2183 3829 2234 opera

2236 2258 2419 2313 bona?
2465 2258 2602 2325 Quia
2648 2257 2791 2310 enim
2822 2254 3098 2309 faciebant
3133 2257 3375 2323 quidem,
3412 2274 3513 2310 non
3545 2257 3829 2311 habebant

2237 2358 2415 2402 autem
2443 2362 2472 2402 e
2513 2364 2605 2401 sua
2661 2347 2924 2403 electione
2956 2358 3013 2402 ut
3065 2348 3205 2403 ultro
3244 2348 3518 2415 facerent;
3571 2351 3827 2402 hortatur

2236 2454 2328 2494 eos
2366 2449 2422 2491 ut
2458 2438 2599 2493 ultro
2648 2450 3036 2509 proponerent,
3073 2439 3173 2493 hoc
3216 2452 3297 2495 est
3334 2451 3392 2494 ut
3424 2457 3530 2495 non
3562 2443 3831 2495 admoue-

2238 2540 2444 2596 rcutur,
2478 2532 2569 2586 sed
2602 2541 2659 2584 ut
2682 2531 2826 2585 ultro
2878 2532 3242 2599 complerent.
3271 2533 3375 2597 Qui
3408 2550 3509 2587 non
3541 2533 3711 2586 solum
3742 2535 3829 2601 [a-

2237 2638 2369 2685 cere,
2398 2622 2589 2691 inquit,
2618 2624 2708 2675 sed
2736 2622 2934 2676 et‘relle
2976 2625 3209 2691 cwpistis
3246 2624 3309 2677 ab
3356 2641 3493 2677 anno
3525 2626 3701 2692 priore
3729 2626 3778 2655 "
3812 2640 3827 2676 :

2242 2713 2399 2767 Nunc
2448 2730 2570 2766 vero
2625 2723 2672 2766 et
2725 2713 2868 2782 facta
2905 2715 3138 2783 per/icite
3192 2732 3209 2770 :
3268 2726 3322 2767 ut
3377 2717 3828 2785 quemadmodum

2239 2814 2511 2872 promptus
2540 2806 2747 2857 animus
2778 2816 2851 2857 est
2882 2805 3163 2859 voluntatis
3193 2847 3208 2870 ,
3257 2808 3331 2859 ita
3360 2818 3406 2859 et
3434 2807 3698 2875 perﬁciat?
3766 2822 3831 2860 ac

2240 2910 2300 2947 eo
2345 2894 2482 2961 quod
2510 2893 2707 2947 habetis
2740 2895 2807 2947 εν.
2840 2894 3107 2949 Praecedit
3134 2906 3414 2965 promptus
3443 2899 3662 2950 animus
3696 2912 3829 2966 per-

2245 2987 2556 3041 fectionem.
2590 2987 2691 3053 Qui
2741 2988 2884 3041 enim
2920 2987 3135 3041 nolebat
3176 2989 3305 3041 dare
3354 3003 3449 3040 sua
3482 3029 3494 3047 ,
3527 2990 3832 3042 necessita-

2247 3092 2352 3134 tem
2396 3096 2499 3133 nou
2530 3081 2766 3134 habebat
2822 3080 3211 3149 compulsionis
3243 3081 3550 3148 :siquidcm
3588 3096 3691 3133 non
3729 3098 3831 3133 ex-

2246 3172 2387 3224 actio
2413 3171 2506 3226 sed
2542 3172 2840 3225 admonitio
2874 3181 3012 3234 erat,
3044 3182 3101 3225 ut
3128 3156 3582 3241 quemadmodum
3641 3187 3826 3239 promv

2247 3278 2369 3334 pius
2404 3265 2614 3318 animus
2652 3275 2734 3317 est
2766 3264 3085 3326 voluntatis,
3140 3265 3210 3317 ita
3241 3274 3292 3316 et
3328 3264 3622 3331 perliciatis
3654 3279 3719 3317 ex
3766 3281 3832 3319 eo

2246 3355 2387 3424 quod
2422 3355 2650 3409 habetis.
2695 3353 2847 3421 Quod
2877 3355 3018 3408 enim
3063 3355 3105 3407 si
3140 3365 3420 3422 proruptus
3463 3366 3545 3407 est
3574 3356 3829 3422 quidem,

2246 3462 2350 3500 non
2384 3446 2581 3501 habeat
2615 3455 2819 3511 autem,
2845 3455 2898 3498 et
2936 3444 3109 3498 defuit
3138 3456 3193 3497 ιιι
3233 3446 3554 3512 perliceret;
3591 3461 3693 3497 non
3728 3446 3832 3499 de-

2248 3541 2434 3595 relicta
2483 3549 2566 3593 est
2608 3539 2725 3608 ejus
2756 3539 3028 3591 voluntas.
3086 3537 3360 3603 Qumritur
3399 3538 3543 3590 enim
3578 3553 3680 3589 non
3706 3538 3835 3604 quis

2247 3632 2374 3700 quid
2410 3631 2627 3697 habeat,
2660 3630 2754 3683 sed
2784 3631 2906 3698 quis
2937 3629 3063 3696 quid
3093 3629 3243 3681 velit.
3276 3627 3412 3693 Quid
3436 3636 3617 3680 autem
3646 3627 3692 3679 si
3721 3645 3831 3681 non

2247 3723 2406 3777 habet
2436 3723 2579 3791 quis,
2604 3722 2947 3789 descripserit
2975 3730 3152 3774 autem
3198 3721 3298 3773 sibi
3327 3730 3379 3773 ct
3425 3721 3643 3783 dixerit,
3679 3721 3834 3790 quia,

2248 3815 2292 3870 si
2320 3815 2647 3884 possiderem
2686 3821 2937 3876 tantum,
2974 3820 3148 3865 totum
3202 3812 3386 3866 darem
3445 3811 3779 3882 pauperibus
3814 3812 3845 3865 ἵ

2249 3915 2510 3975 quantum
2542 3905 2608 3958 ad
2639 3903 2977 3958 alacritatem
3023 3902 3239 3971 quidem
3271 3913 3475 3971 spectat
3505 3944 3519 3969 ,
3566 3913 3621 3956 et
3652 3903 3838 3971 possi-

2250 3996 2340 4050 det
2366 4004 2421 4049 et
2471 3994 2636 4050 dedit.
2690 3993 2880 4049 Omnis
2913 3995 3055 4048 enim
3084 3995 3289 4049 fructus
3321 3995 3373 4048 in
3406 3994 3683 4048 alacritate
3753 4005 3840 4048 est

2249 4086 2478 4155 positus.
2515 4085 2911 4155 Nonnunquam
2970 4086 3114 4140 enim
3168 4087 3259 4156 qui
3294 4085 3467 4152 dant,
3522 4086 3843 4141 mercedem

2252 4191 2358 4229 non
2390 4176 2590 4230 habent
2618 4215 2633 4241 ,
2687 4185 2942 4245 tanquam
2974 4166 3221 4229 dederint
3256 4197 3266 4230 :
3299 4178 3389 4249 qui
3420 4186 3592 4228 autem
3628 4190 3845 4243 prapo.

2252 4275 2503 4330 suerunt,
2533 4281 2697 4334 super
2725 4267 2936 4326 dantes.
2965 4265 3106 4332 Quid
3134 4267 3279 4321 enim
3323 4267 3367 4319 si
3419 4267 3510 4319 dat
3534 4267 3731 4335 aliquis
3791 4278 3849 4321 ct

2254 4356 2610 4411 murmurat?
2648 4356 2774 4425 quid
2851 4356 2894 4409 si
2947 4357 3189 4424 przebet,
3239 4356 3440 4425 pigrior
3474 4368 3648 4408 autem
3698 4356 3849 4408 est?

2253 4445 2390 4512 Quid
2428 4457 2608 4501 autem
2642 4447 2685 4501 si
2743 4463 2849 4501 non
2911 4447 3077 4501 habet
3130 4446 3292 4514 quis,
3345 4446 3458 4499 vult
3512 4444 3741 4499 tamen?
3790 4457 3851 4499 ut

569 4538 786 4603 Christi,
809 4540 935 4607 quia
978 4548 1190 4607 propter
1221 4554 1313 4592 nos
1341 4538 1488 4605 inops
1522 4536 1692 4606 factus
1730 4546 1803 4591 est
1838 4553 1955 4590 cum
2007 4547 2146 4592 esset
2183 4562 2225 4616 ι)
2254 4538 2713 4607 quemadmodum
2752 4547 3034 4607 promptus
3083 4546 3167 4590 est
3191 4578 3206 4602 ,
3245 4537 3459 4605 inquit,
3493 4537 3703 4589 animus
3741 4550 3850 4589 vo-

571 4631 731 4693 dives,
765 4639 819 4681 ut
852 4628 1000 4681 illius
1019 4628 1201 4696 inopia
1225 4645 1310 4682 vos
1334 4628 1519 4681 divites
1540 4628 1735 4682 essetis.
1770 4626 1825 4681 Si
1864 4628 1980 4682 haec
2014 4628 2152 4684 Deus

572 4730 791 4788 prOpter
821 4719 1091 4788 homines,
1119 4735 1221 4774 nec
1246 4718 1504 4787 tequalia;
1549 4718 1593 4773 si
1625 4728 1801 4773 tamen
1838 4728 1925 4773 est
1953 4719 2156 4788 aliquid

571 4812 801 4880 mquale.
838 4810 971 4877 Quis
997 4812 1140 4866 enim
1172 4820 1415 4865 nostrum
1447 4820 1623 4881 potest
1657 4826 1685 4863 a
1711 4811 1819 4867 Deo
1856 4812 1966 4883 (t7)
1998 4813 2158 4867 homo

572 4904 688 4956 tieri
717 4902 743 4957 ἳ
774 4903 851 4957 lla
881 4903 1023 4957 enim
1056 4902 1211 4956 lieret
1250 4902 1475 4970 aequale,
1528 4904 1572 4955 si
1612 4913 1791 4958 tamen
1822 4913 1875 4958 et
1907 4919 2038 4958 crux
2072 4920 2159 4959 se-

572 5003 834 5061 queretur
891 4994 982 5047 tali
1027 5002 1240 5047 natura.
1295 4993 1364 5047 Et
1414 4995 1584 5049 teneri
1618 4996 1760 5049 enim
1792 5034 1808 5060 ,
1839 5004 1892 5050 et
1940 5005 2155 5065 sputum

574 5082 844 5151 accipere,
869 5093 924 5137 et
958 5082 1129 5148 illudi,
1162 5093 1217 5136 et
1246 5083 1624 5148 condemnari,
1651 5094 1706 5138 et
1725 5086 1883 5148 mori,
1916 5086 2156 5139 debitum

573 5174 795 5242 quidem
833 5182 1043 5228 tantum
1098 5183 1314 5242 poterat
1369 5189 1491 5229 esse
1528 5190 1543 5231 :
1586 5175 1702 5229 haec
1755 5184 1935 5229 autem
1981 5177 2163 5231 dimit-

575 5278 719 5329 tens,
751 5272 807 5319 et
858 5280 1011 5320 suam
1046 5265 1271 5337 gloriam
1315 5266 1652 5321 abscondens
1681 5306 1694 5329 ,
1723 5269 2018 5337 assumpsit
2064 5284 2163 5323 no-

577 5365 746 5410 stram
780 5355 1202 5427 ignobilitatem,
1234 5357 1517 5413 nobiscum
1552 5358 1854 5425 ambulans,
1884 5360 2163 5416 nobiscum

649 5514 1130 5608 "itcrat-muns.
1196 5544 1243 5575 ’³
1286 5544 1417 5599 ibid.
1445 5543 1497 5597 6.
1574 5543 1849 5600 “ibid.7.
1916 5546 2179 5601 "ibid.8.

582 5608 625 5640 “
660 5610 792 5666 ibid.
834 5611 918 5666 12.

654 5702 766 5766 (Η)
799 5703 1125 5755 Claritalem.
1156 5704 1324 5758 Forte
1343 5705 1675 5759 charitatem.

657 5770 768 5839 (15)
798 5774 979 5839 Atque.
1016 5772 1174 5828 Forte
1205 5776 1272 5826 ad
1301 5792 1359 5829 ett
1387 5791 1526 5839 quat.

662 5842 1139 5913 (16)Ανοίγεσθα“ι,
1172 5846 1226 5901 id
1256 5855 1357 5911 cst,
1391 5842 1592 5901 latitius
1625 5844 1851 5913 aperiret

482 5932 585 5991 λη..

580 5992 953 6335 ι

2258 4630 2480 4684 luntatis
2505 4670 2520 4695 ,
2571 4630 2643 4683 ita
2681 4639 2736 4684 et
2769 4628 3069 4699 perﬁciatis
3101 4643 3167 4681 ex
3207 4642 3273 4681 eo
3323 4628 3463 4694 quod
3514 4626 3750 4681 habetis.
3792 4625 3856 4680 Si

2257 4722 2395 4775 enim
2445 4720 2697 4774 alacritas
2729 4720 2997 4789 proposita
3032 4729 3145 4783 est;
3198 4730 3251 4771 ut
3303 4735 3367 4771 ea:
3407 4735 3464 4771 eo
3512 4719 3649 4787 quod
3681 4718 3853 4774 habet

2261 4812 2370 4879 det,
2399 4824 2610 4882 accepta
2639 4822 2713 4867 est
2742 4812 2786 4843 “
2816 4829 2830 4865 :
2859 4822 3067 4865 tantum
3116 4818 3395 4878 promptus
3426 4812 3637 4864 animus
3658 4810 3757 4872 sit,
3800 4823 3857 4866 et

2263 4911 2457 4957 caetera
2491 4912 2789 4970 sequuntur
2816 4917 2921 4954 non
2950 4916 3015 4956 ex
3047 4916 3111 4955 eo
3144 4904 3284 4968 quod
3322 4916 3424 4953 non
3458 4900 3636 4953 habet.
3672 4900 3859 4955 Nemo

2265 4995 2430 5061 enim,
2488 4994 2685 5064 inquit,
2720 4993 2914 5062 QtltBt‘il
2945 4992 3088 5061 quod
3136 5008 3240 5047 non
3290 4992 3495 5055 habes,
3558 4991 3651 5045 sed
3678 5004 3752 5045 ex
3792 5008 3859 5047 eo

2267 5088 2409 5155 quod
2438 5088 2629 5143 habes.
2662 5085 2778 5140 Non
2814 5088 2954 5141 enim
2979 5086 3082 5140 hoc
3104 5096 3208 5149 esu,
3246 5085 3440 5153 inquit,
3471 5083 3613 5153 quod
3645 5088 3859 5153 quaeri-

2270 5187 2357 5232 tur
2379 5194 2409 5231 a
2448 5179 2625 5245 nobis,
2658 5190 2717 5232 ut
2746 5193 2843 5232 vos
2883 5178 3098 5247 quidem
3129 5176 3487 5238 evacuemini,
3523 5174 3611 5227 alii
3666 5185 3861 5230 autem

2270 5270 2530 5323 ditentur.
2560 5268 2683 5323 Non
2704 5269 2843 5323 enim
2876 5280 2929 5321 ut
2966 5269 3086 5322 aliis
3117 5268 3477 5337 refrigerium,
3504 5267 3645 5319 vobis
3673 5278 3862 5319 autem

2272 5359 2542 5414 tribulatio
2578 5360 2643 5413 sit
2674 5375 2692 5412 :
2722 5360 2814 5414 sed
2848 5359 3134 5413 secundum
3160 5357 3541 5428 wqualitatcm,
3575 5355 3784 5423 inquit,
3810 5361 3865 5408 in

2257 5546 2302 5579 ιο
2336 5542 2466 5598 nuit.
2496 5542 2549 5595 9.
2627 5539 2833 5594 "ibid.
2893 5539 2939 5571 ιε
2970 5536 3099 5591 ibid.
3132 5535 3212 5589 to.
3269 5534 3314 5565 ι’
3352 5532 3479 5587 ibid.
3525 5531 3739 5585 “ibid.
3776 5532 3865 5587 tt.

2357 5701 2467 5769 (l7)
2501 5701 2554 5755 Id
2578 5708 2679 5764 est,
2708 5712 2772 5753 ex
2810 5701 2939 5762 Deo,
2973 5698 3081 5750 ἀπὸ
3118 5698 3275 5769 Θεοῦ,

2356 5762 2466 5842 (18)
2503 5773 2605 5826 Aut
2632 5762 2777 5827 velle.
2812 5769 2973 5826 Forte
3006 5784 3163 5835 quam
3191 5767 3341 5835 velle,
3374 5762 3627 5833 ἧθέλειν.
