4098 6398
250 419 388 480 i203

1488 415 1577 473 DE
1617 417 1960 475 OPElilliUS
2000 418 2220 477 BONIS.

3378 427 3399 481 i
3410 426 3515 484 208

243 535 494 608 pra-senti
520 545 749 600 tenqrore
779 534 845 588 ⁶¹.
886 530 998 586 Non
1029 571 1044 595 ,
1098 531 1273 600 inquit
1304 570 1319 596 ,
1353 531 1457 587 hoc
1494 532 1616 588 dico
1641 575 1657 600 ,
1693 534 1828 588 Date
1861 537 1905 593 A
1935 533 2112 586 dinem
2145 543 2383 587 nostram
2409 533 2474 587 ".
2500 531 2555 586 In
2601 545 2703 600 qua
2737 548 2794 589 re
2820 533 2900 589 sic
2927 550 3024 590 nos
3051 537 3402 603 arctavimus,
3435 557 3505 596 ne

244 631 430 685 omnia
457 641 577 695 quae
611 626 820 681 habetis
847 662 864 690 ,
909 636 964 679 et
992 640 1087 679 vos
1119 624 1389 680 ellicituiui
1429 641 1698 695 pauperes
1725 667 1739 690 ,
1780 636 1834 680 et

245 722 386 776 alios
411 722 598 774 ditate.
640 717 745 774 Sed
786 721 916 788 quid
948 719 1080 772 aio?
1111 720 1208 784 Qni
1240 719 1403 772 habet
1436 720 1568 772 duas
1601 718 1832 786 tunicas,

246 817 446 871 habeat
494 829 656 869 uitam
684 855 700 880 ,
729 813 819 866 det
853 821 1030 865 autem
1066 828 1170 865 non
1209 811 1430 866 habenti
1477 826 1660 872 unam,
1697 822 1746 865 et
1777 810 1836 863 fit

244 908 550 975 aequalitas.
610 904 713 958 Sed
745 920 809 957 ea:
848 897 1427 971 wqualitatepinquit,
1481 903 1535 955 in
1587 901 1835 970 prtesenti

246 1005 500 1065 tempore.
555 994 612 1049 In
675 993 949 1062 praesenti.
1011 994 1200 1060 inquit,
1237 994 1340 1048 vita
1382 1004 1558 1047 vestra
1595 993 1836 1045 abundat

243 1089 318 1144 ad
351 1089 560 1143 illormu
595 1086 854 1155 inopiam.
882 1085 982 1152 Qui
1017 1085 1200 1149 habet,
1251 1085 1466 1155 inquit,
1516 1085 1649 1138 duas
1681 1084 1830 1138 tuui-

245 1197 366 1248 cas,
393 1198 552 1237 unam
599 1181 925 1251 superﬂuam
949 1221 964 1246 ,
1009 1181 1058 1234 is
1087 1182 1178 1250 qui
1215 1197 1313 1234 nec
1345 1197 1504 1235 unam
1536 1181 1696 1236 habet
1727 1198 1832 1236 non

189 1333 192 1335 Α
247 1273 499 1336 fraudet;
531 1285 587 1326 ut
619 1289 725 1326 una
766 1283 851 1325 tua
903 1271 1172 1341 superflua
1225 1289 1328 1326 nou
1368 1274 1441 1328 sit
1469 1273 1564 1326 tibi
1609 1273 1831 1338 inutilis,

246 1363 346 1419 sed
385 1363 472 1417 fiat
502 1363 610 1416 alio
643 1363 804 1417 utilis.
829 1361 928 1417 Sea
954 1379 1017 1416 ea:
1034 1363 1332 1432 cequalitate
1364 1364 1418 1416 in
1440 1366 1683 1430 prarsenti
1712 1376 1838 1418 tem-

246 1469 380 1524 pore
402 1463 574 1507 vestra
619 1455 945 1506 abundantia
967 1453 1202 1521 suppleat
1245 1453 1456 1507 illorum
1493 1457 1721 1523 inopiam
1755 1457 1839 1508 ":

251 1543 360 1599 hoc
389 1554 472 1597 est
497 1583 512 1606 ,
550 1545 789 1596 abundat
835 1545 917 1598 his
951 1546 1039 1612 qui
1071 1561 1135 1597 ex
1168 1545 1418 1614 gentibus
1445 1557 1570 1601 sunt
1607 1565 1620 1600 :
1657 1548 1837 1602 mitta-

250 1646 344 1690 tur
377 1635 461 1690 his
485 1635 575 1702 qui
619 1646 746 1690 sunt
789 1636 930 1704 apud
962 1634 1203 1690 Judzeam
1230 1677 1245 1700 ,
1277 1639 1369 1705 qui
1418 1649 1642 1708 propter
1668 1639 1829 1694 Chri-

248 1736 395 1782 stum
429 1727 858 1796 persecutionem
888 1727 1158 1782 sustinent
1187 1749 1198 1781 :
1233 1739 1287 1782 ut
1337 1740 1384 1783 et
1421 1730 1636 1784 illorum
1670 1735 1837 1784 abun-

247 1819 461 1880 dantia,
492 1817 719 1887 spiritus
753 1827 940 1886 utpote
970 1820 1164 1888 gratia,
1196 1819 1264 1872 sit
1288 1821 1354 1874 ad
1385 1831 1577 1874 vestrae
1599 1820 1834 1889 inopiam

1940 622 2066 690 quis
2101 638 2200 678 nos
2232 622 2505 688 vituperet
2538 623 2590 677 in
2635 624 2738 678 hac
2780 625 3136 695 amplitudine
3185 643 3305 696 qua:
3357 629 3518 684 mitti-

1937 721 2145 766 stratur
2197 728 2293 782 per
2343 729 2465 769 nos.
2513 714 2648 780 Quia
2687 713 2832 768 enim
2892 715 3144 784 colligere
3193 719 3454 784 pecunias
3488 737 3520 773 a

1937 800 2198 857 fratribus
2220 813 2472 874 acceptas
2501 804 2788 858 videbatur
2805 802 2959 858 malis
2986 805 3350 874 suspicionem
3367 807 3517 871 dare,
3601 815 3604 820 '

1937 888 2070 943 dicit
2096 891 2217 944 ideo
2255 893 2377 959 quia
2409 892 2755 947 sollicitiores
2785 891 3046 960 eligentes
3077 894 3321 950 misimus
3347 912 3362 950 :
3393 898 3518 965 quia

1936 980 2317 1051 circumspecti
2345 982 2548 1036 fuimus
2585 999 2650 1037 ne
2689 982 2811 1052 quis
2839 985 3260 1050 reprehenderet
3292 986 3344 1040 id
3375 989 3518 1056 quod

1937 1074 2140 1138 fiebat;
2180 1089 2250 1128 ue
2276 1075 2398 1143 quis
2420 1073 2588 1130 ludas
2613 1076 2870 1131 inventus
2894 1074 3192 1141 iuraretur,
3221 1086 3276 1131 et
3308 1079 3519 1148 vitupe-

1936 1176 2084 1220 raret
2133 1167 2490 1221 ministerium
2535 1177 2801 1223 nostrum.
2852 1167 3196 1222 Praiidemus
3230 1169 3365 1221 enim
3400 1185 3518 1238 qua:

1938 1257 2072 1312 bona
2102 1270 2246 1322 sunt,
2290 1275 2392 1311 non
2438 1270 2642 1312 tantum
2676 1277 2854 1315 coram
2911 1261 3018 1314 Deo
3067 1260 3156 1328 qui
3186 1260 3336 1314 novit
3387 1276 3518 1316 con-

1937 1354 2243 1416 scientiam,
2284 1353 2376 1406 sed
2418 1361 2465 1405 et
2491 1369 2672 1406 coram
2724 1353 3023 1407 hominibus
3055 1354 3099 1385 ⁸⁸
3133 1372 3148 1407 :
3183 1361 3240 1405 ut
3277 1367 3342 1406 ne
3374 1353 3516 1420 quis,

1939 1443 2134 1509 inquit,
2163 1446 2504 1496 occasionem
2550 1444 2824 1509 acciperet
2855 1442 3226 1506 vituperandi.
3271 1439 3517 1496 Misimus

1939 1543 2111 1586 autem
2154 1546 2273 1584 cum
2308 1531 2415 1584 illis
2447 1540 2493 1583 et
2530 1531 2752 1599 fratrem
2786 1545 3050 1594 nostrum,
3082 1550 3239 1601 quem
3273 1535 3520 1602 probavi-
3577 1555 3580 1560 ν

1938 1642 2054 1678 mus
2081 1626 2135 1677 in
2169 1625 2348 1678 multis
2397 1641 2534 1694 sirpe
2580 1626 2870 1680 sollicitum
2902 1642 3012 1680 esse
3043 1627 3108 1679 ‘°.
3142 1626 3335 1680 Statim
3373 1626 3516 1680 enim

1940 1715 2030 1780 qui
2077 1713 2312 1767 dedisset
2342 1716 2601 1783 pecunias
2641 1723 2854 1784 poterat
2912 1730 3032 1770 esse
3077 1725 3360 1783 suspectus
3392 1716 3518 1784 quia

1941 1807 2032 1872 qui
2067 1793 2263 1874 accipit
2299 1805 2560 1864 lneratur.
2590 1815 2644 1860 et
2672 1821 2777 1859 non
2815 1805 3020 1876 perfert
3052 1807 3116 1860 ad
3159 1821 3270 1861 rem
3304 1807 3370 1860 ad
3398 1822 3520 1876 quae

249 1909 402 1973 ﬁdei,
430 1917 488 1962 ut
514 1907 608 1962 nat
645 1909 928 1978 aequalitas
955 1927 967 1963 ε
997 1924 1093 1964 vos
1123 1924 1187 1964 εχ
1218 1911 1304 1964 [ηε
1333 1927 1452 1979 qua:
1485 1912 1698 1965 habetis
1739 1926 1825 1979 pe.
1870 1901 1910 1960 Β
1941 1897 2108 1961 dedit,
2133 1911 2187 1951 et
2215 1897 2419 1967 pigrior
2449 1896 2784 1952 efﬁciebatur
2807 1899 2873 1951 ad
2907 1899 3140 1952 dandum
3171 1915 3187 1953 :
3219 1899 3339 1952 ideo
3371 1915 3522 1954 com-

249 2003 451 2068 cuniis,
479 2003 552 2058 illi
582 2017 648 2056 ex
675 2003 876 2072 quibus
896 2002 1095 2058 habent
1125 2004 1303 2058 donis.
1329 2003 1392 2058 Et
1411 2004 1624 2058 illorum
1654 2005 1834 2076 inopia

249 2094 555 2164 replebitur
594 2102 776 2148 vestra
805 2094 1181 2161 abundantia;
1213 2106 1389 2150 vestra
1436 2107 1616 2151 autem
1654 2099 1834 2169 inopia

251 2181 585 2237 abundantia
628 2181 698 2236 sit
724 2182 964 2246 illorum,
999 2194 1056 2234 ut
1092 2185 1183 2237 fiat
1209 2185 1527 2253 aequalitas;
1581 2189 1837 2256 pecunia-

250 2289 378 2328 rum
411 2273 628 2342 quidem
657 2289 685 2326 a
725 2275 880 2329 vobis
910 2275 962 2328 in
992 2275 1130 2341 illos,
1164 2262 1518 2332 donationum
1561 2289 1738 2334 autem
1769 2282 1836 2334 ah

251 2361 364 2416 illis
398 2362 451 2415 in
486 2378 580 2416 vos
604 2403 621 2426 ,
659 2364 792 2430 sjcut
847 2366 1098 2429 scriptum
1135 2376 1208 2419 est
1251 2380 1270 2420 :
1305 2366 1408 2432 Qui
1446 2369 1704 2434 multum,
1735 2387 1836 2426 non

254 2453 583 2514 abundavit;
623 2463 669 2505 et
700 2452 790 2521 qui
826 2454 1112 2515 modicum,
1146 2471 1248 2508 non
1279 2457 1450 2522 defuit
1475 2459 1556 2510 illi
1587 2459 1653 2512 “.
1693 2460 1840 2514 Scri-

253 2552 408 2611 ptum
441 2552 546 2606 est,
574 2544 696 2611 quia
736 2543 989 2611 populus,
1025 2545 1150 2598 dqu
1193 2547 1675 2611 transisset'mare,
1699 2560 1842 2604 esset

254 2631 312 2686 in
349 2633 609 2695 deserto,
657 2642 712 2686 et
763 2648 937 2700 neque
992 2633 1287 2688 seminaret
1345 2651 1522 2704 neque
1561 2648 1837 2704 meterct;

256 2723 406 2776 Deus
454 2725 684 2778 reddens
729 2726 897 2778 vicem
951 2724 1090 2792 patri
1138 2740 1326 2778 eorum
1359 2727 1635 2782 Abraham
1670 2769 1686 2794 ,
1719 2745 1841 2800 pro

256 2829 446 2869 mensa
477 2815 682 2869 scilicet
715 2815 802 2869 illa
845 2831 963 2885 qua:
993 2827 1275 2885 susceptos
1301 2818 1525 2888 angelos
1551 2819 1713 2886 pavit,
1742 2836 1842 2889 pro

257 2919 400 2974 pane
443 2905 586 2973 quod
614 2907 818 2976 angelis
841 2908 1111 2976 apposuit,
1143 2921 1337 2976 panem
1369 2910 1682 2976 angelorum
1703 2928 1841 2980 prie-

260 2997 381 3049 buit
411 2997 534 3051 filiis
559 2999 794 3052 Abrahae
819 3039 834 3064 ,
872 3015 970 3067 pro
999 3014 1063 3052 eo
1093 3002 1234 3069 quod
1269 3003 1382 3070 ipse
1412 3001 1618 3072 angelis
1649 3018 1841 3071 partem

257 3090 540 3144 hominum
590 3091 642 3144 in
702 3094 1046 3160 susceptione
1108 3105 1459 3162 apposuerat.
1522 3095 1626 3149 Isto
1681 3097 1844 3166 igitur

258 3179 441 3234 fructu
492 3197 699 3235 manna:
749 3183 1058 3236 advenienti
1106 3183 1173 3236 de
1210 3184 1350 3238 cmlo
1396 3184 1580 3238 c‘xibat
1615 3186 1843 3255 populus

259 3271 522 3340 colligens
543 3283 733 3340 parata
780 3288 876 3342 pro
910 3287 1070 3327 cursu
1097 3272 1330 3325 Aliralue
1359 3276 1646 3328 etsndore.
1682 3275 1843 3329 Colli-

259 3373 454 3432 gentes
482 3373 661 3416 autem
706 3373 763 3416 ut
790 3363 960 3417 Judaei
993 3378 1095 3415 non
1134 3362 1474 3417 sufﬁciebant
1506 3367 1557 3418 iu
1592 3381 1842 3418 mensura

261 3466 387 3518 qua
439 3451 654 3506 fuerant
688 3465 956 3522 pra-cepta
986 3454 1245 3522 colligere
1272 3494 1287 3518 ,
1331 3456 1424 3507 sed
1479 3454 1698 3521 quidam
1726 3469 1842 3506 aiu-

264 3543 434 3611 plins,
461 3542 550 3595 alii
593 3545 772 3597 minus
798 3544 1126 3609 colligebant
1154 3559 1348 3597 manna
1374 3561 1389 3612 ;
1439 3544 1719 3598 venientes
1745 3560 1842 3597 au-

263 3645 373 3685 tem
399 3643 455 3685 ut
483 3643 882 3700 meusurareut,
915 3637 980 3688 ad
1014 3635 1386 3704 aequalitatem
1434 3637 1848 3689 adducebantur

264 3723 444 3778 inviti.
479 3724 578 3791 Qui
615 3725 758 3777 enim
791 3728 942 3794 plura
977 3726 1269 3796 collegerat
1314 3727 1366 3780 in
1410 3743 1680 3790 mensura,
1727 3743 1845 3780 atu-

266 3815 408 3882 plius
432 3830 536 3869 nou
568 3816 801 3870 habebat
830 3833 844 3882 ;
875 3821 964 3886 qui
1011 3828 1191 3871 autem
1241 3818 1440 3881 minus,
1476 3817 1609 3871 nihil
1639 3817 1848 3870 minue-

264 3907 429 3960 batur
458 3922 578 3960 cum
618 3917 1019 3962 mensurarent.
1081 3908 1185 3962 Ista
1240 3908 1404 3978 igitur
1439 3897 1850 3976 comparatione

262 4005 569 4065 opportune
597 4012 726 4051 usus
756 4007 840 4052 est
871 3997 1162 4068 Apostolus
1191 3997 1403 4062 dicens,
1433 3998 1567 4051 sicut
1596 3998 1850 4066 scriptum

263 4096 346 4145 cst
375 4103 394 4141 .'
430 4085 534 4153 Qui
575 4087 820 4152 multum,
858 4106 960 4142 non
1008 4090 1333 4154 abundavit;
1376 4100 1428 4143 et
1450 4091 1540 4158 qui
1565 4088 1849 4151 modicum,

265 4195 375 4233 non
415 4179 583 4248 defuit
618 4179 718 4234 illi.
750 4180 852 4246 Qui
904 4181 1048 4235 enim
1100 4181 1325 4234 multum
1379 4179 1595 4248 collegit
1633 4193 1850 4241 manna,

265 4286 379 4327 non
415 4270 746 4336 abundavit;
783 4274 1147 4326 mensurando
1178 4273 1320 4326 enim
1376 4271 1443 4325 ad
1491 4269 1850 4338 azqttalitatem

265 4347 423 4416 venit
456 4372 550 4416 :et
581 4363 672 4432 qui
723 4364 995 4418 modicum
1051 4363 1312 4432 collegit,
1359 4376 1464 4415 non
1504 4359 1673 4414 defuit
1722 4357 1851 4425 illi;

267 4455 399 4511 dum
428 4465 841 4509 mensuraretur
866 4455 1032 4516 enim,
1060 4455 1368 4524 replebatur
1398 4454 1444 4507 ei
1475 4453 1618 4522 quod
1648 4451 1851 4506 deerat.

1941 1988 2160 2041 mendat
2190 2003 2287 2042 eos
2312 1987 2401 2055 qui
2437 1988 2587 2042 missi
2613 1996 2759 2051 sunt,
2797 1996 2855 2041 ut
2889 2003 2993 2040 non
3019 1987 3392 2043 destrueretur
3422 1988 3521 2042 do-

1938 2077 2183 2132 nantium
2229 2079 2506 2134 alacritas.
2553 2077 2800 2132 Misimus
2852 2088 3026 2131 autem
3054 2118 3069 2140 ,
3114 2078 3233 2142 ait,
3264 2095 3382 2132 cum
3413 2079 3522 2133 illis

1939 2172 2156 2240 fratrem
2202 2183 2437 2224 nostrum
2478 2185 2631 2238 quem
2675 2169 3009 2236 probavimus
3064 2169 3118 2220 in
3171 2169 3349 2220 multis
3388 2184 3525 2233 sa'ps

1939 2260 2229 2314 sollicitum
2267 2277 2398 2322 esse,
2435 2275 2576 2310 nunc
2611 2269 2784 2310 autent
2812 2255 3176 2310 sollicitiorem
3207 2255 3525 2322 conﬁdentia

1940 2353 2105 2406 multa
2135 2353 2188 2405 in
2223 2369 2340 2419 vos,
2357 2351 2463 2404 sive
2486 2366 2579 2418 pro
2613 2348 2734 2402 Tito
2765 2349 2856 2411 qui
2879 2356 2956 2402 est
2992 2347 3169 2400 socius
3199 2361 3343 2398 meus
3390 2354 3438 2398 et
3471 2345 3524 2397 iit

1941 2446 2082 2500 vobis
2113 2446 2327 2515 adjutor
2370 2445 2435 2497 ad
2477 2458 2714 2510 pra-scus
2743 2442 3102 2496 ministerium
3130 2481 3146 2504 ,
3171 2442 3278 2494 sive
3331 2441 3527 2508 fratres

1901 2581 1903 2583 ,
1943 2535 2107 2587 nostri
2140 2534 2360 2600 apostoli
2393 2531 2751 2585 Ecclesiarum
2779 2530 2965 2599 gloria:
3001 2527 3222 2584 Christi.
3253 2528 3392 2595 Ergo
3417 2544 3524 2582 non

1943 2643 2040 2681 vos
2067 2628 2244 2696 pigeat
2278 2627 2343 2679 ad
2369 2626 2812 2686 ostentationem,
2841 2637 2962 2692 quae
2981 2624 3052 2676 sit
3078 2621 3318 2677 charitas
3347 2631 3526 2676 vestra

1941 2726 1995 2772 et
2027 2728 2207 2771 nostra
2239 2716 2409 2784 gloria
2438 2731 2534 2784 pro
2583 2715 2756 2770 vobis.
2791 2713 3202 2768 Prtevenieutes
3231 2713 3400 2778 enim,
3443 2713 3527 2766 in-

1943 2809 2086 2877 quit,
2123 2807 2336 2876 gloriati
2386 2821 2577 2861 sumus
2611 2808 2663 2860 in
2696 2807 2819 2861 illos
2844 2807 3196 2860 ostendentes
3247 2805 3298 2858 in
3333 2803 3526 2858 faciem

1946 2899 2314 2953 Eeclesiarum
2357 2921 2369 2952 :
2396 2907 2450 2951 et
2481 2898 2727 2950 homines
2751 2898 2967 2966 quidem
2996 2895 3418 2951 commendarit.
3455 2893 3531 2948 De

1951 2990 2068 3057 ipso
2123 2997 2304 3041 autem
2359 2986 2575 3053 negotio
2606 2987 2900 3040 exhortans
2942 2999 3036 3038 eos
3064 2985 3236 3038 dicit:
3275 2983 3416 3037 Nam
3467 2985 3534 3037 ds

1947 3077 2239 3130 ministerio
2269 3075 2409 3144 quod
2440 3076 2498 3143 ﬁt
2533 3076 2588 3127 in
2630 3083 2843 3127 sanctos
2880 3074 3030 3140 ipsos
3063 3073 3156 3141 qui
3208 3081 3363 3124 erant
3392 3073 3532 3140 apud

1948 3166 2380 3235 Hierosolymam
2406 3205 2421 3230 ,
2453 3180 2518 3218 ca:
2547 3163 2843 3216 abundanti
2889 3172 2964 3215 est
3012 3162 3140 3214 mihi
3185 3163 3414 3215 scribere
3443 3177 3538 3213 vo-

1871 3237 1911 3292 (ἶ
1949 3260 2028 3311 bis
2058 3257 2124 3310 '°.
2148 3257 2260 3311 Cur
2287 3271 2349 3308 ex
2388 3253 2732 3307 abundanti?
2766 3253 2891 3305 Scio
2928 3255 3062 3305 enim
3098 3263 3394 3316 promptum
3411 3254 3534 3304 ani-

1947 3364 2089 3400 mum
2118 3360 2361 3400 vestrum.
2395 3343 2566 3410 Quem
2599 3359 2702 3396 non
2738 3341 2910 3395 solum
2940 3343 3074 3406 scio,
3107 3343 3200 3394 sed
3238 3353 3288 3394 et
3333 3345 3398 3394 de
3430 3356 3534 3409 quo

1946 3437 2146 3505 glorior
2163 3437 2227 3488 de
2246 3434 2385 3488 vobis
2409 3441 2550 3498 apud
2580 3431 2922 3493 Macedonas,
2944 3431 3070 3500 quia
3090 3430 3292 3483 Achaia
3318 3446 3533 3498 prccpa-

1949 3537 2067 3580 ruta
2094 3536 2168 3580 est
2198 3525 2261 3578 ab
2290 3541 2428 3577 anno
2458 3525 2654 3592 priore.
2690 3522 2758 3576 Et
2791 3535 2894 3574 non
2924 3522 3045 3574 dico
3075 3536 3202 3590 quia
3233 3520 3534 3574 secundum

1948 3617 2349 3672 muuilationem
2400 3613 2754 3668 Macedonum
2810 3613 3021 3667 debetis
3058 3627 3156 3664 vos
3204 3611 3535 3676 adhortari;

1951 3711 2045 3764 sed
2081 3708 2354 3763 temulatio
2389 3716 2560 3760 vestra
2604 3714 2851 3773 provocat
2879 3704 3160 3779 plurimos.
3200 3701 3342 3768 Ergo
3369 3702 3539 3757 nolite

1953 3801 2067 3855 fieri
2102 3797 2328 3855 secundi
2360 3797 2452 3852 sed
2488 3797 2647 3864 primi
2681 3836 2696 3860 ,
2747 3795 3011 3849 habentes
3051 3791 3425 3848 secundarios.
3479 3791 3537 3845 Si

1953 3894 2121 3963 igitur
2156 3906 2261 3944 non
2304 3897 2388 3942 est
2417 3901 2642 3941 necesse
2687 3887 2956 3952 scribere,
2990 3885 3119 3954 quid
3156 3882 3328 3937 mittis
3359 3882 3384 3935 ἲ
3416 3881 3542 3936 Misi

1955 3994 2130 4037 autem
2158 3981 2386 4050 fratres,
2418 3994 2480 4031 ne
2508 3978 2563 4031 in
2586 3993 2646 4031 eo
2669 3979 2807 4046 quod
2835 3976 3131 4046 gloriamur
3150 3974 3215 4027 de
3241 3973 3544 4034 vobis,eva-

1953 4085 2137 4129 cuetur
2162 4075 2216 4126 in
2245 4071 2344 4123 hac
2366 4076 2515 4137 parte
2536 4083 2557 4133 ;
2588 4077 2666 4130 ut,
2689 4065 3133 4136 quemadmodum
3159 4064 3421 4130 dixeram,
3447 4079 3544 4132 pa-

1955 4167 2058 4221 rati
2083 4166 2196 4220 sitis
2216 4163 2284 4216 ".
2315 4161 2569 4214 Dubietas
2615 4158 2760 4212 enim
2793 4174 2808 4211 :
2839 4155 2941 4221 Ne,
2978 4157 3022 4208 si
3045 4157 3278 4209 venerint
3304 4194 3318 4218 ,
3347 4154 3542 4223 inquit,

1956 4274 2157 4312 mecum
2182 4252 2519 4316 Macedones,
2547 4262 2593 4304 et
2627 4251 2916 4304 invenerint
2950 4265 3038 4302 vos
3073 4249 3384 4317 imparatos,
3409 4263 3542 4300 con-

1960 4348 2248 4418 fundamur
2293 4360 2387 4397 nos
2413 4359 2433 4405 ;
2464 4341 2736 4412 quomodo
2770 4338 2870 4394 nos
2900 4340 2990 4408 qui
3047 4340 3212 4392 fuerit
3257 4338 3542 4406 gloriatura,

1957 4453 2050 4496 aut
2078 4441 2290 4496 dicatur
2317 4438 2392 4490 ita
2421 4446 2474 4490 ut
2503 4451 2606 4488 non
2633 4435 2874 4487 dicamus
2901 4447 2988 4485 vos
3024 4433 3078 4484 in
3111 4431 3407 4484 substantia
3437 4430 3545 4482 ista

266 4546 351 4601 Ita
390 4554 446 4600 et
492 4560 637 4599 nunc
667 4545 760 4599 fiat
808 4545 1089 4615 mqualitas
1121 4518 1192 4598 ex
1225 4559 1418 4598 tnanna
1449 4518 1552 4598 isto
1591 4543 1711 4597 fidei
1750 4562 1762 4596 :
1800 4550 1844 4596 et

1959 4530 2373 4604 gloriﬁcationis
2429 4527 2574 4582 dico.
2633 4523 3007 4577 Necessarium
3060 4536 3183 4587 ergo
3249 4518 3545 4574 existimavi

268 4636 473 4705 quibus
521 4635 798 4689 abundant
847 4650 978 4703 opes
1009 4675 1024 4699 ,
1057 4634 1278 4688 mittant
1310 4633 1393 4688 his
1422 4633 1511 4701 qui
1561 4631 1804 4699 indigent
1838 4646 1852 4683 :

270 4727 473 4795 quibus
495 4735 676 4780 autem
704 4727 948 4781 abundat
979 4727 1177 4795 gratia,
1204 4725 1611 4780 eommunicent
1647 4722 1731 4777 his
1764 4721 1857 4790 qui

272 4833 383 4874 nan
405 4820 602 4874 habent
618 4820 864 4888 gratiam.
891 4817 1106 4872 Gratias
1125 4828 1297 4871 autem
1320 4817 1424 4870 Deo
1449 4818 1540 4886 qui
1565 4815 1708 4868 dedit
1725 4829 1861 4867 eant-

273 4917 394 4965 dem
431 4912 839 4965 sollicitudinem
879 4928 975 4979 pro
1007 4911 1147 4964 vobis
1185 4914 1236 4964 in
1268 4913 1423 4964 corde
1462 4909 1569 4962 Titi
1601 4909 1644 4938 εδ
1683 4926 1695 4959 ;
1729 4923 1861 4973 (Ιιιυθ

276 5005 422 5057 nium
457 5004 870 5058 exhortationem
897 5003 1107 5073 quidem
1151 5003 1376 5068 suscepit
1402 5018 1419 5064 ;
1448 5000 1537 5054 sed
1568 5015 1683 5052 cum
1710 4991 1868 5072 solti'u‘

276 5094 438 5146 citior
464 5106 593 5148 esset
635 5096 698 5148 de
734 5097 876 5148 vobis
899 5136 914 5159 ,
965 5095 1102 5148 ultro
1151 5095 1416 5162 profectus
1457 5105 1530 5144 est
1585 5085 1652 5141 ad
1683 5105 1768 5142 vos
1793 5087 1857 5140 ⁸⁸.

278 5182 474 5238 Omnia
516 5184 676 5247 ultro,
733 5184 1056 5238 Macedones
1088 5183 1250 5248 ultro,
1284 5181 1437 5235 Titus
1472 5181 1634 5233 ultro.
1685 5175 1862 5230 Eliici-

280 5275 438 5341 mini,
489 5274 686 5344 inquit,
717 5285 772 5330 et
808 5290 904 5329 vos
934 5275 1097 5329 ultro.
1139 5273 1269 5328 Post
1297 5275 1410 5329 haec
1437 5281 1616 5326 autem
1651 5269 1780 5324 dicit
1807 5277 1861 5322 et

281 5381 444 5432 quem
469 5382 592 5420 cum
640 5366 829 5421 eodem
865 5367 1098 5428 miserit,
1140 5375 1193 5419 et
1226 5365 1451 5421 laudans
1473 5379 1568 5418 eos
1617 5363 1863 5416 testimo-

284 5458 393 5510 niis
425 5461 811 5515 commendans
833 5476 971 5531 quos
1005 5460 1249 5520 miserat,
1277 5459 1422 5512 addit
1458 5472 1472 5510 :
1505 5457 1570 5510 In
1605 5457 1704 5508 hac
1739 5468 1864 5521 gra-

282 5551 363 5601 tia
395 5551 732 5606 ministratur
754 5571 846 5623 per
882 5569 975 5609 nos
1005 5556 1059 5608 in
1103 5554 1329 5626 gloriam
1353 5551 1474 5618 Dei,
1515 5559 1564 5604 et
1599 5546 1865 5604 sollicitu-

364 5762 410 5791 "
434 5760 475 5813 ll
495 5759 621 5813 Cor.
642 5775 762 5820 vm,
796 5760 881 5822 l3,
917 5759 999 5812 Μ.
1077 5757 1121 5788 ⁸³
1164 5755 1293 5810 ibid.
1320 5753 1410 5808 Ἡ.
1516 5751 1560 5782 ³⁸
1593 5751 1720 5806 ibid.
1755 5750 1840 5804 15.

1964 4641 2150 4694 rogare
2175 4621 2365 4689 fratres
2390 4630 2443 4672 ut
2473 4627 2689 4686 pergant
2725 4615 2794 4667 ad
2822 4630 2932 4680 vos,
2984 4623 3031 4666 et
3078 4609 3386 4680 prwparent’
3421 4618 3546 4662 ante

1965 4717 2278 4788 promissam
2335 4708 2746 4764 benedictionem
2805 4721 2908 4758 non
2957 4703 3109 4772 quasi
3165 4701 3444 4755 avaritiam
3472 4699 3542 4750 ⁷³.

1967 4810 2068 4876 Qui
2105 4807 2249 4862 enim
2288 4806 2403 4867 dat,
2445 4800 2643 4868 accipit
2673 4797 2880 4866 magis;
2913 4805 2967 4850 et
3013 4794 3103 4864 qui
3129 4793 3344 4846 videtur
3376 4789 3548 4844 dona-

1941 4917 2048 4966 .re,
2081 4896 2442 4953 heuedicitur.
2472 4891 2838 4959 Praeparatam
2872 4895 3054 4940 autem
3079 4899 3218 4944 esse.
3252 4883 3448 4952 inquit,
3470 4881 3546 4935 ita

1965 5001 2024 5048 ut
2049 4988 2481 5046 benedictionem
2513 4999 2618 5038 non
2649 4982 2804 5051 quasi
2853 4979 3159 5034 avaritiam.
3189 4973 3267 5028 Ne
3301 4975 3424 5043 quis
3449 4987 3548 5042 pu-

1968 5091 2064 5150 tet,
2098 5082 2194 5145 ait,
2225 5078 2506 5134 avaritiam
2535 5089 2654 5130 esse
2677 5073 2817 5142 quod
2841 5071 3103 5139 accipitur
3143 5069 3208 5121 ad
3235 5066 3539 5121 necessita-

1973 5183 2080 5228 tem
2114 5179 2448 5225 sanctorum.
2480 5165 2598 5219 Hoc
2627 5174 2804 5218 autem
2835 5163 2953 5216 dico
2987 5161 3236 5231 quoniam
3260 5160 3347 5228 qui
3394 5171 3550 5227 parce

1972 5265 2215 5328 seminat,
2251 5277 2409 5331 parce
2432 5269 2480 5314 et
2501 5266 2696 5312 metet:
2733 5255 2824 5325 qui
2856 5254 3075 5308 seminat
3108 5250 3542 5306 benedictionem,

1973 5356 2380 5412 benedictionem
2419 5361 2466 5405 ct
2499 5359 2673 5404 metet.
2706 5345 3073 5414 Unusquisque
3110 5343 3246 5396 sicut
3278 5338 3549 5409 proposuit

1976 5450 2132 5502 corde
2162 5446 2324 5515 faciat
2349 5444 2419 5498 ⁷⁸.
2474 5441 2589 5495 Non
2618 5440 2762 5494 enim
2794 5438 2964 5492 virtus
3013 5449 3149 5504 opus
3173 5443 3287 5498 est,
3315 5432 3408 5485 sed
3439 5428 3553 5482 ani-

1978 5555 2098 5597 mus
2154 5546 2458 5610 promptus.
2516 5528 2981 5599 Quemadmodum
3037 5540 3166 5597 ergo
3213 5524 3372 5578 debet
3429 5520 3553 5588 quis

1949 5747 2153 5804 “ibid.
2196 5746 2280 5802 ιδ.
2389 5745 2433 5776 σε
2475 5739 2714 5796 ibid.l7.
2793 5734 2994 5791 "ibid.
3033 5732 3112 5788 19.
3203 5701 3422 5783 '6'ibid.
3458 5723 3550 5778 2|-

273 5829 619 5913 \"ibiddl.
699 5814 816 5885 τοίι
865 5814 988 5886 Cor.
1029 5843 1106 5895 ιι,
1141 5825 1272 5896 1,2.
1348 5823 1548 5882 “ibid.
1595 5823 1646 5876 δ.
1725 5819 1920 5876 “ibid.
1957 5819 2010 5874 5.
2089 5817 2134 5849 τ·
2167 5817 2297 5872 ibid.
2330 5814 2382 5868 ο.
