4052 6468
578 365 3096 438 illm..—

1421 625 2213 760 PRZEFATI
2239 632 2404 764 Ο.

1909 904 1978 906 νγ
2169 904 2228 909 _

340 1050 502 1127 Qua
531 1051 867 1116 Lectorem
901 1072 1298 1134 praemonere
1326 1064 1645 1138 Oporteat,
1677 1077 1806 1122 non
1842 1066 1972 1126 tam
2005 1068 2128 1127 mei
2165 1070 2455 1130 muneris
2489 1075 2763 1135 ornandi
2814 1079 3021 1156 gratia
3043 1126 3061 1153 ,
3094 1101 3289 1160 quam
3338 1092 3405 1146 ut
3453 1087 3561 1148 ille

253 1154 640 1218 instructior
676 1157 754 1218 ad
787 1157 1124 1238 legendum
1161 1160 1446 1239 accedat,
1481 1164 1699 1241 paucis
1737 1167 2099 1246 expediam.
2152 1171 2661 1237 Commentarios
2715 1178 2776 1238 in
2809 1154 3071 1257 Isaiam,
3105 1154 3180 1246 ac
3213 1187 3558 1248 Jeremiam

251 1258 710 1366 complectitur
751 1265 1024 1366 quartus
1062 1263 1180 1366 iste
1210 1263 1872 1345 Hieronymianorum
1901 1287 2171 1347 operum
2211 1278 2445 1335 tomus.
2482 1278 2691 1355 Atque
2723 1281 2814 1340 illi
2845 1284 3101 1360 quidem
3135 1288 3245 1364 qui
3281 1289 3556 1366 priorem

251 1360 640 1441 PrOphetam
672 1363 1023 1444 explicant,
1053 1364 1268 1427 decem
1299 1373 1360 1427 et
1395 1376 1540 1430 octo
1568 1371 1714 1430 libri
1749 1378 1900 1432 sunt
1933 1393 1947 1432 :
1977 1393 2256 1453 quorum
2295 1379 2586 1457 quintus.
2624 1385 2733 1461 qui
2771 1385 2987 1448 decem
3019 1360 3317 1452 Visiones
3355 1393 3558 1454 histo-

251 1464 387 1527 rica
419 1465 884 1544 explanatione
924 1469 1364 1546 prosequitur,
1397 1470 1503 1530 diu
1538 1479 1888 1551 antequam
1928 1475 1991 1536 in
2036 1478 2417 1540 universum
2460 1483 2845 1564 Prophetam
2894 1490 3179 1553 scribere
3218 1493 3279 1553 S.
3329 1495 3560 1558 Doctor

252 1567 672 1642 instituisset,
702 1570 783 1631 ab
815 1569 954 1650 ipso
985 1575 1080 1632 est
1114 1572 1561 1645 elucubratus,
1594 1575 1760 1637 hanc
1788 1576 2014 1639 sedulo
2050 1582 2349 1658 exigente
2380 1601 2642 1663 operam
2666 1590 2959 1652 Amabile
2985 1596 3200 1656 nescio
3227 1616 3357 1676 quo
3387 1600 3562 1659 Pan-

249 1670 469 1732 noniaa
505 1671 790 1752 regionis
831 1673 1160 1754 episcopo,
1193 1675 1378 1756 cujus
1417 1683 1475 1738 et
1505 1679 1755 1739 nomini
1809 1681 2210 1744 inscribitur.
2255 1687 2477 1748 Postea
2539 1709 2681 1750 cum
2722 1691 2782 1752 in
2830 1711 2896 1754 se
2935 1670 3280 1778 recepisset
3327 1701 3560 1764 Isaiam

248 1793 337 1839 ex
372 1777 628 1860 integro
661 1796 1015 1858 exponere,
1053 1799 1200 1843 eum
1237 1799 1500 1861 quoque
1532 1783 1768 1845 librum
1797 1785 2277 1849 Commentario
2313 1791 2612 1869 inseruit,
2649 1813 2727 1855 nc
2761 1815 2955 1874 quam
3000 1777 3191 1865 antea
3231 1806 3562 1884 explicue-

247 1883 354 1939 rat
391 1895 618 1939 earum
643 1878 987 1941 Visionum
1024 1880 1365 1944 historiam
1395 1882 1729 1962 superﬂuo
1766 1887 2152 1966 replicaret:
2181 1891 2521 1972 solamque
2556 1897 2716 1957 adeo
2749 1916 3084 1980 anagogeu
3123 1878 3374 1968 duobus
3408 1912 3561 1971 sub-

248 1985 705 2064 sequentibus,
743 1991 929 2048 sexto
966 2003 1042 2051 ac
1099 1989 1400 2067 septimo,
1431 2010 1542 2070 per
1576 1993 1798 2055 eadem
1837 1994 2175 2057 Visionum
2222 2001 2435 2078 capita
2483 2021 2850 2077 recurrens,
2888 2011 3315 2086 praetermissa
3348 2011 3562 2076 histo-

247 2087 379 2162 ria,
421 2087 782 2168 investigat.
825 2088 983 2148 Eum
1023 2107 1219 2170 porro
1250 2091 1532 2153 diximus
1581 2093 1646 2153 in
1679 2094 1856 2157 Notis
1889 2095 2378 2180 Chronologicis
2417 2103 2494 2164 ad
2528 2107 2869 2183 epistolam
2929 2109 2995 2170 in
3051 2120 3270 2174 nostra
3327 2133 3563 2176 recen-

248 2190 575 2253 sione68
634 2192 712 2253 ad
763 2209 1009 2255 annum
1060 2197 1387 2272 pertinere
1462 2196 1619 2276 397,
1673 2215 1870 2276 quam
1926 2204 2236 2280 epocbam
2289 2205 2341 2264 si
2388 2205 2602 2268 denuo
2657 2209 2762 2270 hic
2827 2212 3097 2274 velimus
3157 2220 3560 2295 argumentis

245 2294 567 2374 experiri,
602 2296 796 2357 nimis
830 2299 1031 2358 multa
1069 2297 1336 2360 dicenda
1393 2299 1547 2376 sint,
1597 2302 2073 2382 repetendaque
2105 2323 2291 2386 aegra:
2329 2308 2745 2389 valetudinis,
2787 2312 2851 2373 in
2890 2332 3086 2392 quam
3135 2319 3558 2399 subsequenti

245 2417 430 2464 anno
471 2401 908 2483 Hieronymus
973 2403 1217 2478 incidit,
1275 2409 1425 2466 nota
1477 2405 1903 2488 Chronologis
1958 2416 2146 2472 antea
2210 2429 2337 2472 non
2401 2413 2880 2496 animadversa,
2934 2422 3357 2502 multaquein
3419 2443 3560 2487 eam

245 2521 388 2609 rem
418 2505 674 2585 longius
705 2506 1116 2581 arcessenda,
1152 2525 1298 2586 quae
1353 2506 1433 2568 ad
1489 2509 1816 2572 laudatam
1875 2511 2240 2592 epistolam,
2297 2522 2357 2576 et
2412 2515 2490 2576 ad
2529 2518 2605 2577 71
2670 2527 2733 2581 et
2793 2521 2873 2581 7:2
2936 2534 3300 2604 Opportune
3355 2532 3559 2609 magis

244 2608 738 2672 edisseruimus.
798 2611 988 2673 Nunc
1051 2610 1251 2692 ipsius
1315 2610 1772 2675 Commentarii
1823 2613 1888 2674 in
1951 2615 2330 2678 universum
2389 2620 2770 2698 Pr0phetam
2823 2631 2975 2685 astas
3031 2631 3375 2704 quaerenda
3421 2608 3557 2690 est:

245 2714 422 2794 quod
461 2720 675 2776 tamen
714 2721 935 2796 utpote
965 2717 1139 2797 longi
1178 2717 1394 2799 Operis
1427 2716 1711 2778 studium
1766 2735 1896 2781 non
1950 2721 2060 2780 uni
2115 2738 2293 2782 anno
2328 2723 2768 2802 ascripserim,
2804 2727 3083 2788 maxime
3123 2749 3266 2790 cum
3319 2738 3381 2791 et
3416 2731 3559 2792 aliis

246 2821 404 2877 tunc
436 2816 637 2878 fuisse
662 2819 838 2881 curis
869 2819 1245 2896 distentum,
1275 2824 1338 2880 et
1371 2818 1772 2880 notariorum
1802 2819 2138 2882 laborasse
2196 2821 2437 2898 inopia,
2470 2822 2746 2901 denique
2788 2831 2972 2886 aetate
3021 2832 3082 2889 et
3120 2831 3409 2909 corporis
3445 2832 3560 2891 im-

250 2920 608 2984 becillitate
639 2921 1003 2986 confectum
1032 2943 1101 2986 se
1133 2923 1194 2984 in
1227 2922 1720 2985 Praefationibus
1752 2922 2068 2983 librorum
2099 2923 2290 2984 dicat.
2320 2925 2400 2984 At
2436 2925 2592 2986 satis
2626 2926 2884 3003 quidem
2914 2929 3162 2990 erudite
3199 2931 3560 2993 Tillemon-

245 3023 378 3086 tius
417 3025 741 3104 inceptum
786 3045 950 3106 opus
997 3044 1169 3088 anno
1215 3025 1336 3088 ιιο8
1366 3026 1914 3105 subsequentibus
1961 3042 2136 3086 nono
2178 3031 2292 3087 aut
2326 3025 2574 3088 decimo
2611 3045 2808 3105 supra
2846 3031 3557 3110 quadringentesimum

252 3130 587 3210 eXpletum
619 3132 1104 3212 perfectumque
1139 3133 1494 3194 arbitratus
1529 3133 1649 3191 est.
1702 3129 2081 3206 Conjecerat
2135 3129 2305 3190 enim
2357 3128 2727 3190 Stilichonis
2762 3148 3013 3206 necem,
3056 3149 3202 3210 quae
3234 3135 3385 3195 anni
3439 3133 3560 3195 1:08

242 3245 470 3292 mense
502 3231 796 3311 Augusto
843 3237 1096 3312 patrata
1128 3237 1250 3306 est,
1278 3229 1570 3292 denotari
1625 3229 1688 3291 in
1727 3230 2044 3295 undecimi
2092 3231 2240 3291 libri
2277 3230 2655 3293 Praefatione
2687 3233 2762 3291 iis
2818 3233 3055 3310 verbis,
3087 3236 3325 3312 quibus
3358 3254 3426 3298 se
3476 3240 3558 3299 ab

243 3331 525 3414 impacta
587 3335 942 3412 calumnia,
979 3335 1152 3415 quod
1209 3337 1560 3397 barbarum
1595 3335 1866 3395 Romani
1901 3333 2129 3394 ducem
2158 3336 2481 3395 exercitus
2521 3334 2953 3414 suggillasset,
3001 3344 3232 3416 purgat
3259 3343 3554 3402 sanetiss.

241 3438 508 3510 Doctor,
563 3438 695 3502 Nec
733 3448 847 3516 est,
905 3438 1232 3518 inquiens,
1265 3435 1577 3516 generalis
1612 3434 1969 3515 disputatio
2024 3434 2220 3495 unius
2266 3431 2551 3514 personae
2583 3433 2827 3516 injuria
2854 3456 2874 3496 :
2911 3455 3045 3517 qua:
3099 3457 3236 3498 cum
3287 3438 3554 3521 benigno

242 3557 524 3602 meorum
556 3540 769 3604 studio
810 3549 1160 3615 caveretur,
1201 3540 1319 3600 Dei
1340 3537 1594 3619 judicio
1640 3544 1890 3617 repente
1923 3534 2172 3597 sublata
2201 3543 2311 3597 est.
2347 3536 2614 3610 Verum,
2650 3543 2718 3596 ut
2747 3536 2882 3598 haec
2915 3556 3225 3616 perquam
3260 3545 3557 3618 proxima

242 3641 497 3703 veritati
543 3641 917 3721 conjectura
945 3642 1050 3714 sit,
1103 3657 1250 3701 eum
1287 3638 1548 3717 quidem
1585 3636 1824 3698 librum
1857 3636 2226 3698 Stilichonis
2284 3637 2709 3716 posteriorem
2766 3642 2970 3699 morte
3002 3639 3178 3700 ἁπλῶς
3205 3660 3368 3715 esse,
3423 3663 3550 3706 non

242 3747 463 3805 autem
495 3747 743 3821 quanto
775 3741 1080 3821 temporis
1112 3740 1348 3820 spatio,
1371 3738 1774 3800 indicaverit.
1803 3737 2238 3812 Quamobrem
2276 3739 2511 3799 certior
2541 3741 2742 3800 multo
2772 3738 2911 3820 ejus
2941 3743 3202 3820 epochaa
3235 3747 3400 3805 ratio
3431 3754 3554 3814 est.

240 3863 392 3925 qum
424 3863 506 3907 ex
537 3844 816 3907 aliarum
846 3844 1011 3906 serie
1035 3841 1561 3904 lucubrationum
1600 3840 1949 3919 colligitur,
1985 3846 2046 3901 et
2084 3858 2230 3902 cum
2262 3841 2484 3920 primis
2516 3843 2975 3904 Commentarii
3019 3845 3082 3905 in
3119 3845 3547 3922 Ezechielem,

243 3971 438 4034 quem
475 3969 622 4014 cum
680 3949 932 4014 ineunti
981 3966 1156 4011 anno
1192 3946 1306 4008 Mt
1339 3946 1771 4021 ascribamus,
1812 3961 1928 4023 pro
1955 3951 2129 4006 certo
2163 3963 2424 4023 quoque
2451 3945 2784 4017 habemus,
2819 3948 3102 4009 Auctore
3134 3950 3274 4027 ipso
3315 3950 3554 4030 ﬁdeju-

241 4055 432 4117 bente
461 4055 524 4116 in
558 4053 968 4130 Prmfatione,
1001 4069 1223 4114 recens
1261 4051 1523 4128 expleto
1553 4049 1617 4108 in
1647 4047 1883 4108 Isaiam
1918 4045 2418 4118 Commentario,
2469 4045 2862 4105 inchoatum.
2899 4046 3162 4125 Finitis,
3203 4049 3436 4127 inquit,
3487 4052 3555 4113 in

240 4155 477 4218 Isaiam
504 4153 703 4217 decem
733 4160 792 4214 et
815 4160 958 4215 octo
989 4149 1548 4232 Explanationum
1573 4144 2024 4223 voluminibus,
2060 4145 2141 4206 ad
2183 4145 2626 4208 Ezechiel......
2672 4148 2942 4208 transire
2969 4148 3416 4227 cupiebam.....
3458 4156 3551 4217 Et

241 4279 377 4323 ecce
405 4258 611 4321 subito
643 4275 811 4321 mors
838 4258 991 4320 mihi
1018 4254 1428 4325 Pammachii,
1467 4261 1648 4334 atque
1675 4248 2019 4324 Marcellae,
2051 4250 2346 4311 Romana:
2374 4247 2550 4310 urbis
2579 4247 2849 4326 obsidio,
2894 4249 3358 4333 multorumque
3399 4259 3551 4335 fra—

246 4369 416 4424 trum
440 4369 499 4423 et
539 4377 835 4423 sororum
869 4358 1170 4422 dormitio
1216 4355 1517 4418 nuntiata
1545 4359 1658 4426 est,
1687 4359 1748 4412 et
1779 4357 2032 4421 caetera,
2065 4367 2211 4427 qua:
2257 4367 2388 4408 uno
2427 4355 2648 4410 tenore
2697 4351 3214 4427 subsequuntur,
3251 4353 3550 4433 idemque

237 4470 494 4544 tempus
529 4463 891 4544 designant.
925 4461 1222 4524 Vicissim
1262 4477 1341 4520 ne
1374 4457 1591 4537 Operis
1620 4455 1880 4516 initium
1903 4458 2053 4515 ante
2088 4452 2802 4532 quadringentesimum
2827 4452 3145 4515 decimum
3183 4464 3395 4535 putes,
3425 4461 3546 4523 hoc

239 4574 416 4628 vetat
444 4584 602 4629 sane
639 4565 1225 4627 luculentissimum
1257 4545 1694 4622 testimonium
1726 4557 1792 4617 in
1829 4554 2322 4617 Commentariis
2361 4554 2424 4613 in
2459 4553 2670 4631 ipsum
2707 4553 2944 4615 Isaiam
2994 4556 3183 4616 tertio
3209 4560 3421 4620 statim
3464 4563 3543 4622 li—

237 4669 399 4728 bro:
439 4667 530 4727 De
557 4665 672 4728 hac
718 4666 972 4729 Visione
1004 4663 1390 4744 (Seraphim)
1422 4669 1563 4722 ante
1590 4678 1789 4722 annos
1822 4657 2078 4722 circiter
2121 4657 2396 4737 triginta
2451 4675 2590 4716 cum
2647 4675 2828 4718 essem
2870 4657 3456 4742 Constantinopoli,
3487 4676 3542 4728 et

235 4771 413 4851 apud
451 4772 652 4833 virum
684 4767 1258 4850 eloquentissimum
1287 4766 1664 4846 Gregorium
1696 4765 2176 4828 Nazianzenum
2207 4772 2357 4824 tunc
2393 4761 2659 4842 ejusdem
2689 4760 2863 4823 urbis
2889 4761 3246 4842 episcopum
3284 4777 3545 4832 sancta-

235 4889 383 4933 rum
408 4870 897 4949 Scripturarum
930 4869 1162 4932 studiis
1198 4869 1508 4941 erudirer,
1537 4867 1667 4930 scio
1699 4887 1790 4928 me
1820 4867 2054 4929 brevem
2085 4866 2375 4940 dictasse,
2411 4866 2804 4946 subitumque
2838 4874 3203 4936 tractatum,
3244 4879 3317 4930 ut
3349 4892 3541 4953 expe-

229 4979 571 5039 rimentum
597 4994 876 5056 caperem
911 4977 1224 5057 ingenioli
1255 4977 1392 5038 mei.
1454 4977 1534 5038 Hi
1567 4975 1738 5037 enim
1768 4975 2032 5056 triginta
2073 4973 2270 5034 ferme
2308 4972 2462 5034 anni
2513 4973 2594 5032 ab
2643 4972 3040 5051 octogesimo
3077 4972 3284 5049 primo
3331 4994 3540 5055 eoque

233 5080 448 5142 medio
483 5098 682 5159 supra
721 5081 1242 5142 trecentesimum
1273 5078 1683 5158 computandi
1713 5087 1866 5137 sunt
1900 5098 1915 5138 :
1959 5094 2090 5154 quo
2123 5082 2408 5155 tempore
2451 5072 2798 5151 Gregorius
2835 5072 3024 5152 regiae
3082 5074 3258 5134 urbis
3314 5079 3541 5142 cathe-

230 5183 417 5245 dram
458 5185 688 5258 tenuit,
743 5201 776 5245 a
811 5184 986 5245 Maio
1017 5182 1260 5245 scilicet
1300 5187 1444 5263 post
1480 5181 1864 5258 abrogatum
1894 5179 2252 5240 Maximum
2285 5175 2599 5256 Cynicum
2647 5175 2722 5235 ad
2769 5174 3012 5234 Julium
3049 5195 3362 5254 mensem,
3405 5200 3538 5259 quo

231 5306 379 5351 sese
412 5287 551 5367 ipse
583 5288 645 5348 in
676 5286 1079 5348 mcumenico
1105 5284 1393 5347 Concilio
1424 5282 1769 5347 abdicavit.
1810 5283 2020 5361 Atque
2053 5281 2236 5352 adeo,
2274 5286 2341 5340 ut
2385 5280 2833 5341 brevissimam
2869 5279 3183 5340 rationem
3227 5283 3429 5357 ineas,
3460 5307 3538 5351 ac

235 5399 428 5471 putes
461 5390 867 5472 trigesimum
905 5389 1025 5451 dici
1081 5387 1358 5450 rotundo
1397 5404 1695 5463 numero,
1751 5386 1861 5463 qui
1912 5401 2124 5445 annus
2161 5383 2354 5444 fuerit
2401 5379 2975 5459 undetrigesimus,
3027 5397 3168 5442 eam
3217 5401 3536 5448 summam

232 5495 566 5564 conﬁcias,
603 5503 669 5556 ut
697 5494 924 5557 saltem
960 5493 1206 5556 decimo
1237 5507 1434 5572 supra
1486 5488 2203 5570 quadringentesimum
2255 5503 2430 5549 anno
2478 5486 2801 5563 inceptam
2853 5483 2994 5564 ejus
3033 5485 3362 5564 prephette
3393 5489 3535 5554 Ex-

229 5599 674 5680 plauationem
714 5597 998 5659 fatearis.

309 5701 432 5777 Qui
472 5699 640 5762 hanc
668 5700 1005 5776 excipiunt
1047 5698 1110 5758 in
1151 5695 1494 5757 Jeremiam
1528 5691 2062 5763 Commentarios,
2127 5689 2272 5751 aliis
2345 5686 2618 5749 subinde
2664 5687 3291 5766 elucubrationibus,
3341 5706 3538 5772 prout

228 5823 335 5869 res
369 5803 642 5873 ferebat,
675 5801 1121 5882 interpellatus
1146 5799 1209 5861 S.
1244 5799 1482 5861 Doctor
1506 5815 1616 5877 per
1643 5795 1980 5859 intervalla
2007 5792 2324 5855 dictavit:
2359 5789 2609 5868 hocque
2650 5788 2780 5850 fere
2817 5796 3213 5868 postremum
3257 5799 3354 5853 est
3389 5796 3530 5876 ejus

229 5905 475 5988 ingenii
503 5902 978 5965 monimentum
1024 5909 1086 5964 et
1131 5901 1342 5979 labor,
1370 5917 1568 5980 quem
1611 5897 1722 5961 ﬁni
1773 5895 2144 5979 proximum
2201 5909 2401 5967 mors,
2431 5895 2547 5955 aut
2582 5908 2728 5969 quin
2763 5893 3030 5952 mortem
3067 5893 3320 5972 prasivit
3361 5913 3534 5975 (egra

510 6009 792 6072 ΡΑτιοι.
843 6005 1076 6069 XXIV.

3001 5998 3029 6058 1
