4052 6466
267 371 338 426 I3
1740 383 2136 442 PREFA'I‘IO.
3511 394 3582 451 Η

267 496 600 569 moveant,
628 509 750 556 nec
786 494 914 557 tam
947 495 1250 575 expedita
1283 501 1540 564 ratione
1562 509 1890 578 constant,
1923 510 1992 566 ut
2015 505 2323 568 lectorem
2353 519 2392 568 a
2419 511 2862 590 prmconcepta
2896 507 3097 590 vulgo
3129 509 3452 575 sententia
3471 509 3581 575 de-

255 591 510 674 jiciant.

343 697 557 778 Major
583 700 792 763 multo
823 702 1174 781 scrupulus
1213 703 1278 766 in
1309 723 1385 768 eo
1415 713 1507 768 est
1535 707 1707 786 quod
1745 709 2131 790 Appendicis
2161 711 2302 772 loco
2330 709 2795 776 su‘bnectimus.
2847 711 3006 774 Cum
3047 713 3216 775 enim
3263 714 3325 776 id
3358 733 3579 779 susce-

260 797 578 876 perimus,
607 805 681 861 ut
713 799 872 860 nihil
901 817 1126 864 eorum
1163 810 1749 884 praetermittamus,
1772 826 1917 888 quae
1944 809 2025 872 ad
2050 811 2418 874 universam
2445 809 3114 896 Hieronymianorum
3136 835 3407 898 operum
3440 821 3584 882 eol-

255 899 606 963 lcctionem
627 903 1494 990 jurepertineant,0rigenis
1517 911 1583 972 in
1611 909 1846 974 Isaiam
1880 911 2196 975 Homilias
2230 931 2375 992 quae
2402 918 2755 993 supersunt
2777 915 3040 978 omnino
3064 935 3325 993 novem,
3348 917 3581 982 Latine

257 1005 416 1066 olim
445 1010 840 1091 explicatas,
870 1030 1224 1094 suppresso
1255 1015 1632 1098 Interpretis
1672 1019 1960 1098 nomine,
2007 1017 2179 1098 quod
2227 1019 2371 1083 illas
2404 1019 2620 1083 Critici
2660 1019 2949 1101 impense
2980 1020 3146 1083 docti
3178 1017 3580 1106 Hieronymo

251 1109 588 1187 tribuant,
629 1131 1032 1198 quamquam
1063 1140 1280 1200 secus,
1319 1130 1386 1186 ut
1434 1129 1776 1206 probatum
1809 1127 2006 1200 imus,
2040 1144 2142 1188 res
2188 1126 2450 1202 habeat,
2483 1125 2616 1188 huc
2666 1126 2943 1191 adscitas
2983 1127 3324 1207 jussimus,
3359 1136 3581 1209 utpote

255 1213 576 1276 ver-uitem
626 1219 922 1282 sobolem
979 1227 1308 1304 germanis
1349 1226 1582 1289 fetibus
1621 1228 2014 1291 subservire.
2052 1227 2174 1303 Qui
2227 1228 2374 1290 illas
2420 1244 2456 1290 a
2510 1227 2892 1309 Hieronymi
2951 1229 3202 1294 calamo
3255 1231 3580 1312 profectas

253 1313 511 1390 volunt,
551 1323 618 1379 ut
651 1321 1000 1403 plerosque
1035 1326 1199 1389 alios
1237 1331 1556 1408 omittam,
1597 1329 1904 1411 prmcipui
1943 1337 2092 1392 sunt
2130 1330 2220 1392 rei
2271 1330 2611 1392 litterariae
2642 1330 2992 1407 triumviri,
3021 1330 3357 1406 Erasmus,
3387 1331 3582 1396 Hue—

248 1417 414 1489 tins,
449 1432 526 1481 ae
558 1421 1036 1488 'I‘illemontius.
1079 1430 1288 1508 Atque
1325 1431 1634 1493 Erasmus
1669 1431 1928 1510 quidem
1960 1449 2042 1492 ex
2073 1448 2149 1492 eo
2176 1431 2430 1510 probat,
2466 1431 2635 1510 quod
2667 1432 2805 1510 ipse
2841 1430 2904 1493 S.
2945 1432 3184 1493 Doctor
3215 1436 3488 1495 testetur
3517 1435 3584 1495 in

245 1518 570 1604 Cataloge
599 1525 733 1588 tale
759 1528 1092 1610 quidpiam
1125 1550 1204 1594 ex
1225 1533 1720 1596 Commentariis
1753 1534 2055 1615 Origenis
2090 1535 2154 1594 in
2183 1535 2420 1597 Isaiam
2451 1535 2680 1597 Latine
2712 1553 2779 1597 se
2804 1533 3180 1612 reddidisse,
3214 1539 3323 1600 ubi
3351 1557 3586 1601 recen-

245 1623 400 1687 sitis
435 1623 878 1708 duodeviginti
909 1633 976 1692 in
1013 1632 1356 1696 Jeremiam
1395 1641 1589 1714 atque
1616 1633 2022 1698 Ezechielem
2054 1633 2378 1710 Homiliis,
2416 1621 2580 1714 quas
2617 1634 2694 1696 de
2727 1633 2949 1697 Graeco
3001 1633 3371 1699 Adamantii
3403 1635 3588 1699 Lati—

251 1741 376 1789 nas
411 1731 678 1813 fecerat,
713 1734 875 1798 alias
923 1737 1134 1818 jungit
1170 1740 1259 1800 De
1309 1738 1659 1819 Seraphim,
1697 1747 1752 1800 et
1791 1738 2066 1802 Osanna.
2117 1737 2196 1799 Et
2247 1755 2404 1801 vero
2438 1738 2513 1800 de
2563 1737 2965 1818 Seraphimis
3011 1739 3330 1801 stantibus
3387 1758 3586 1820 super

253 1833 496 1895 solium
527 1834 784 1899 Domini
815 1838 972 1901 Isai.
1014 1859 1100 1914 v1,
1127 1840 1193 1916 2,
1225 1843 1404 1921 prior
1431 1843 1704 1904 istarum
1743 1859 1887 1920 quae
1923 1845 2272 1922 supersunt
2307 1841 2738 1902 Homiliarum
2765 1841 2922 1920 agit.
2952 1839 3161 1915 Quam
3187 1841 3330 1904 leve
3364 1848 3584 1905 tamen

247 1941 719 2015 argumentum
746 1937 870 2004 hoc
897 1944 983 2005 sit
1017 1941 1097 2005 ad
1138 1944 1541 2023 probandum
1581 1950 1644 2006 et
1675 1945 1987 2023 reliquas,
2021 1962 2166 2022 qum
2193 1944 2353 2008 alias
2383 1943 2682 2006 Visiones
2720 1948 3059 2022 enarrant,
3103 1943 3583 2026 Hieronymum

249 2037 503 2102 habere
527 2039 977 2124 interpretem,
1004 2065 1194 2108 nemo
1220 2064 1349 2108 non
1373 2049 1590 2109 sentit.
1621 2047 1739 2108 Sed
1769 2047 1924 2108 illud
1957 2048 2250 2125 apprime
2287 2047 2544 2120 falsum,
2579 2048 2840 2110 laudato
2869 2046 2942 2109 de
2966 2046 3297 2129 Seraphim
3322 2056 3587 2131 syntag-

251 2145 433 2201 mate
465 2143 795 2221 quidpiam
826 2145 1118 2209 denotari
1147 2149 1348 2219 aliud,
1392 2166 1588 2228 quam
1617 2167 1762 2228 qum
1791 2149 1878 2213 ita
1921 2148 2303 2212 inscribitur
2331 2151 2410 2211 ad
2427 2152 2781 2214 Damasum
2812 2151 3114 2231 epistola,
3143 2170 3220 2214 ac
3243 2169 3588 2215 numerum

253 2244 326 2303 in
359 2250 584 2308 nostra
612 2249 997 2313 recensione
1027 2251 1341 2313 decimum
1372 2259 1671 2316 octavum
1707 2258 1884 2314 tenet
1915 2275 1931 2316 :
1961 2270 2236 2332 quaeque
2273 2260 2526 2316 tantum
2563 2256 2770 2328 abest,
2808 2259 2878 2315 ut
2924 2257 3006 2316 ab
3042 2256 3263 2336 aliquo
3287 2255 3585 2337 Origenis

253 2351 540 2410 tractatu
573 2349 912 2431 desumpta
946 2356 1039 2417 sic
1073 2354 1299 2416 Latine
1329 2356 1641 2418 adornata
1672 2357 1776 2431 sit,
1811 2359 1884 2417 ut
1911 2359 2125 2435 potius
2168 2361 2396 2420 contra
2442 2355 2644 2436 ipsius
2685 2357 2986 2437 Origenis
3025 2358 3410 2422 sententiam
3453 2377 3584 2420 non

251 2451 459 2511 semel
491 2460 754 2532 pugnet.
793 2454 1246 2518 Verosimilior
1273 2458 1506 2520 Huetio
1546 2458 1919 2538 conjectura
1953 2458 2208 2537 capitur
2255 2478 2334 2519 ex
2371 2460 2563 2540 stylo,
2604 2459 2988 2538 deiectuque
3034 2460 3386 2522 dictionum
3416 2476 3588 2538 qua-

253 2552 765 2634 mmdam,-quas
789 2557 1222 2636 frequentius,
1256 2561 1365 2629 ait,
1394 2560 1513 2620 sibi
1537 2560 1971 2640 Hieronymus
1990 2561 2305 2622 asciscere
2322 2569 2515 2624 amat.
2539 2561 2712 2637 Quas
2737 2561 3059 2638 profertin
3079 2563 3473 2641 exemplum,
3492 2562 3588 2624 hie

253 2660 416 2716 sunt
451 2675 466 2714 :
498 2655 858 2733 nosco-usus,
902 2658 1296 2733 Dominicus,
1330 2663 1841 2742 nuncupativus;
1869 2662 2261 2742 principale,
2295 2681 2412 2744 pro
2444 2681 2521 2725 eo
2565 2663 2739 2742 quod
2776 2670 2868 2725 est
2895 2667 2953 2720 τὸ
2979 2666 3296 2739 ἡγεμονικὸν;
3322 2665 3588 2744 princi-

257 2757 414 2835 pari
439 2756 666 2833 alicui,
688 2760 1097 2838 principalis,
1129 2759 1494 2840 Prophetes.
1519 2763 1918 2840 repromitto,
1948 2763 2382 2840 repromissio,
2416 2761 3413 2843 speculatorias,turpiloquium,
3454 2763 3590 2823 Za-

259 2858 476 2935 imhs,
517 2871 748 2923 cuncta
782 2863 1301 2943 Evangeliornm.
1364 2865 1500 2943 Ego
1549 2883 1701 2925 vero
1751 2883 1832 2925 ex
1881 2864 1983 2925 his
2021 2863 2315 2943 quaedam
2365 2864 2688 2943 sequioris
2741 2861 3109 2924 Latinitatis
3143 2863 3486 2938 vocabula,
3521 2870 3591 2925 ut

256 2968 441 3032 sunt,
460 2963 966 3041 mncupatious,
986 2964 1376 3044 principari,
1409 2964 1898 3043 speculatorias,
1933 2962 2422 3044 turpiloquium,
2455 2974 2684 3025 cuncta
2711 2961 3241 3042 Et'angeliorum,
3269 2974 3463 3043 atque
3487 2965 3588 3026 his

261 3063 533 3141 similia,
561 3064 797 3124 nedum
827 3064 1270 3143 irequent'iora
1307 3083 1447 3126 esse
1477 3064 1548 3126 in
1590 3065 1972 3144 Hieronymi
2006 3065 2287 3142 scriptis,
2320 3084 2607 3146 pernego
2644 3083 2914 3144 prorsus
2955 3066 3263 3128 inveniri.
3313 3065 3591 3144 Reliqua

265 3165 318 3226 si
357 3165 622 3244 quando
653 3164 928 3227 fortasse
951 3171 1337 3241 (occurrant,
1361 3183 1491 3227 non
1523 3165 1662 3244 ejus
1699 3167 1962 3244 propria
1996 3183 2136 3228 esse
2155 3166 2505 3243 contendo,
2537 3168 2646 3228 sed
2669 3167 2764 3228 illi
2790 3184 2938 3228 cum
2969 3168 3280 3228 universo
3299 3166 3591 3254 Scripto-

259 3284 412 3328 rum
441 3266 590 3345 ejus
631 3266 746 3328 levi
772 3265 979 3327 choro
1007 3267 1414 3328 communia.
1444 3265 1552 3326 Ait
1576 3263 1806 3325 deinde
1849 3281 1996 3326 eum
2035 3282 2219 3328 nona
2251 3282 2330 3325 ex
2359 3264 2463 3325 his
2507 3265 2571 3324 in
2629 3263 2864 3327 Isaiam
2902 3263 3208 3326 IIomiIiis
3253 3274 3587 3344 postrema

255 3367 368 3428 sui
399 3375 582 3447 parte
614 3373 912 3430 truncata
929 3368 1007 3428 sit
1029 3367 1291 3428 ineditis
1320 3384 1499 3446 mque
1523 3382 1598 3427 ac
1623 3382 1769 3426 mss.
1806 3365 2008 3436 libris,
2029 3365 2223 3444 eique
2239 3363 2620 3444 supplenda:
2639 3363 2920 3426 detracta
2946 3363 3099 3425 dlim
3125 3363 3322 3426 fuerit
3342 3369 3590 3443 postre—

261 3485 373 3531 ma
397 3485 560 3548 pars
591 3469 890 3531 Bomilim
922 3469 1138 3531 itidem
1169 3487 1359 3531 nona:
1394 3470 1456 3530 in
1480 3469 1850 3540 Jeremiam,
1884 3485 2081 3548 quam
2129 3485 2320 3528 nemo
2365 3467 2640 3548 dubitat,
2672 3466 3047 3548 Hieronymi
3095 3468 3590 3548 interpretatio—

259 3589 417 3637 ‘nem
445 3591 624 3647 esse,
655 3573 840 3635 facile
885 3573 1021 3635 ﬁeri
1051 3573 1372 3652 potuisse,
1411 3579 1480 3633 ut
1507 3571 1824 3633 librarius
1859 3571 2235 3647 imprudens
2286 3570 2364 3632 ad
2415 3569 2901 3632 describendam
2945 3577 3345 3648 postremam
3395 3571 3580 3634 illius

262 3683 546 3756 partem,
589 3677 884 3756 in'hujus
916 3683 1311 3756 postremam
1341 3692 1505 3737 casu
1533 3674 1870 3742 inciderit;
1905 3672 2059 3736 hinc
2095 3689 2248 3733 vero
2274 3691 2412 3733 non
2448 3673 2640 3734 inane
2673 3673 2842 3734 sumi
2879 3679 3336 3754 argumentum
3362 3672 3589 3735 Homi-

260 3778 507 3840 diarum
542 3780 610 3841 in
637 3781 876 3844 Isaiam
899 3801 1033 3843 non
1067 3799 1250 3844 secus
1287 3781 1702 3860 interpretem
1731 3778 1932 3839 fuisse
1959 3777 2432 3858 Hieronymum
2479 3794 2552 3840 ac
2599 3775 3034 3839 Homiliarum
3083 3779 3154 3838 in
3204 3777 3582 3840 Jeremiam.

273 3883 563 3946 ﬁxisset
592 3885 748 3948 hinc
779 3885 1213 3968 coiiigi,qaod
1242 3883 1526 3964 profecto
1556 3901 1758 3946 unum
1781 3884 2016 3963 potest,
2045 3881 2369 3960 conjec‘tas
2397 3881 2464 3940 in
2501 3898 2701 3941 unum
2725 3879 3274 3960 Origenianorum
3301 3880 3586 3958 Operum

259 3987 705 4066 exemplarin
747 3995 1096 4064 utrumque
1129 3987 1514 4069 prOphetam
1546 3985 1896 4062 Homilies,
1927 3983 2107 4044 nulla
2135 3984 2537 4064 interpretis,
2569 3988 2642 4043 ut
2690 3982 2995 4044 usuvenit
3025 3983 3096 4043 in
3149 3985 3436 4062 antiquis
3495 3983 3586 4044 li-

263 4090 433 4166 ‘bri's,
471 4091 579 4153 sed
622 4092 906 4154 auctoris
961 4094 1212 4153 ratione
1263 4091 1487 4152 habita
1516 4089 1755 4167 :‘idque
1812 4103 2014 4147 unum
2064 4086 2256 4146 veteri
2303 4084 2579 4150 librario
2623 4084 2830 4146 fraudi
2864 4083 3089 4159 fuisse,
3124 4085 3298 4164 q—uod
3337 4102 3586 4147 nonum

264 4198 555 4274 utraque
595 4197 808 4257 locum
835 4195 1184 4256 obtineret.
1221 4191 1336 4254 Sed
1364 4195 1496 4272 jam
1529 4189 1931 4251 Tiil‘lemon-tii
1963 4192 2344 4268 argumenta
2375 4185 2846 4266 eXpendamu-s.
2880 4185 3180 4260 Ruﬁnus,
3213 4187 3303 4248 ait
3329 4187 3467 4262 ille,
3511 4194 3590 4248 ut

262 4294 518 4359 favoris
550 4298 994 4377 in’Origenem
1019 4296 1401 4376 Hieronymi
1434 4295 1732 4374 exemplo
1758 4292 2190 4372 suspicionem
2225 4295 2555 4371 purgaret,
2591 4309 2739 4354 eum
2791 4291 3017 4354 scribit
3071 4292 3138 4352 in
3193 4292 3445 4354 Prmfat.
3507 4292 3587 4354 ad

265 4397 516 4461 {iturum
535 4399 622 4460 αθ
639 4398 1019 4478 Principiis,
1047 4397 1224 4459 ultra
1255 4396 1656 4476 septuaginta
1689 4393 2431 4473 Iibeltos‘Origenis,quos
2449 4391 2865 4454 Homi‘leticos
2887 4391 3254 4470 appellavit,
3291 4401 3587 4455 transtu—

267 4501 443 4564 lisse.
477 4502 886 4564 Si'ratien-em
909 4499 1098 4562 ineas
1127 4518 1210 4560 ex
1249 4499 1578 4574 oumi’bus,
1605 4496 2084 4576 duodetriginta
2119 4496 2184 4555 in
2207 4496 2554 4562 Jeremiam
2584 4501 2644 4556 et
2668 4494 3098 4569 Ezec’hielem,
3120 4496 3392 4576 triginta
3423 4514 3585 4576 quo-

259 4619 403 4682 ‘q'ue
423 4615 662 4664 novem
709 4601 773 4662 in
800 4602 1070 4670 Lucam,
1091 4607 1238 4661 tum
1261 4601 1512 4662 duabus
1539 4602 1602 4660 in
1621 4599 1970 4661 “Canticum
2000 4597 2438 4670 Canticorum,
2471 4597 2735 4658 nonnisi
2770 4598 3111 4678 sexaginta
3141 4615 3376 4661 novem
3401 4618 3588 4662 sum-

259 4723 451 4768 nam
481 4703 945 4782 coniiciasrnt
987 4703 1153 4764 nihil
1195 4703 1364 4768 adeo
1399 4704 1480 4765 sit
1529 4705 1821 4775 dubium,
1877 4701 2314 4764 numerandas
2350 4701 2546 4763 simul
2592 4718 2732 4763 esse
2792 4700 2946 4763 istas
3011 4702 3074 4761 in
3121 4701 3387 4779 Isaiam,
3420 4721 3585 4783 quas

257 4803 662 4869 nominatim
685 4804 808 4864 tli-b.
843 4819 893 4864 π
929 4803 1407 4868 Invectivarum
1437 4821 1624 4865 num.
1653 4803 1760 4878 26,
1798 4803 1890 4865 ait
1919 4803 2127 4865 fuisse
2163 4805 2279 4866 abs
2309 4803 2727 4884 Hieronymo,
2770 4821 2916 4875 cum
2957 4803 3192 4867 Latine
3229 4806 3618 4874 redderem,

274 4918 408 4983 tur,
436 4908 780 4972 Catho'lico
817 4910 1066 4987 sensui,
1090 4907 1485 4989 quibusdam
1510 4909 1897 4982 immutatis,
1935 4907 2475 4970 accommodatas.
2507 4906 2601 4967 De
2632 4905 2755 4967 hoc
2790 4898 2996 4966 altero
3027 4907 3397 4968 testimonio
3432 4925 3584 4971 mox

259 5007 487 5073 licam
520 5029 534 5070 :
573 5027 750 5071 nunc
777 5007 856 5072 ad
879 5013 1158 5089 primum
1191 5011 1365 5088 quod
1393 5028 1475 5072 ex
1510 5026 1762 5071 summa
1791 5007 2133 5071 coniicitur
2164 5012 2648 5089 argumentum,
2681 5007 2843 5068 nihil
2877 5007 2998 5069 hoc
3017 5009 3266 5070 mirum
3287 5028 3430 5073 esse
3453 5012 3584 5084 aio,

269 5111 331 5174 εἰ
365 5125 535 5190 quas
587 5114 930 5191 sexaginta
965 5128 1202 5172 novem
1256 5130 1398 5174 esse
1446 5110 1835 5190 colligimus,
1879 5109 2157 5172 'Ruﬁnus
2196 5112 2431 5173 dixerit
2479 5111 2649 5173 ultra
2695 5109 3124 5190 septuaginta,
3166 5119 3234 5173 ut
3283 5117 3585 5192 rotundo,

275 5214 454 5294 quod
479 5212 628 5275 ﬁeri
667 5221 862 5286 amat,
894 5231 1170 5276 numero
1199 5220 1491 5276 uteretur
1525 5239 1540 5278 :
1579 5213 1874 5276 nonnihil
1901 5215 2093 5277 etiam
2121 5220 2573 5296 exaggeraret,
2617 5233 2749 5294 quo
2777 5216 2912 5294 ipse
2943 5218 3384 5279 excusabi‘lior
3414 5217 3588 5278 vide-

251 5325 463 5380 τειοι·
483 5319 557 5378 in
575 5316 1154 5398 ‘Origenic'is'libris
1179 5319 1400 5380 Latine
1434 5317 1964 5397 interpretandis,
2000 5318 2050 5378 si
2085 5318 2227 5396 plus
2266 5319 2540 5397 jactaret
2589 5317 3038 5381 adversarium
3095 5320 3155 5379 in
3192 5319 3414 5381 eadem
3467 5333 3589 5396 pa-

267 5422 898 5484 ‘l'aash'a-exercitmn.
926 5423 1135 5484 Potuit
1166 5422 1248 5502 (α’)
1281 5428 1336 5483 et
1358 5423 1684 5484 invidiosa
1707 5420 2040 5502 diligentia
2067 5421 2348 5500 objicere
2370 5437 2515 5499 qum
2538 5428 2887 5482 occurrunt
2904 5424 3316 5494 ἀποσπασμάτια
3331 5421 3587 5500 scriptis

261 5527 808 5608 Hiero-nymianis
833 5545 925 5588 ex
964 5528 1346 5589 Adamantio
1387 5525 1762 5587 intermixta
1798 5545 1812 5584 :
1853 5525 2106 5604 quidvis
2149 5525 2412 5586 tandem
2449 5523 2622 5585 aliud
2669 5541 2744 5586 eo
2793 5525 3114 5604 explendo
3173 5543 3466 5602 numero,
3513 5532 3589 5587 ut

269 5645 435 5694 Tete
479 5627 730 5690 dixerit
776 5631 1113 5710 presbyter
1159 5629 1618 5710 Aquileiensis,
1676 5629 1863 5692 liceat
1915 5630 2316 5709 excogitare,
2355 5645 2552 5707 quam
2602 5627 2774 5707 quod
2830 5629 3086 5703 volunt,
3143 5629 3461 5692 Homil'ias
3511 5631 3584 5692 in

256 5733 550 5807 Isaiam,
581 5747 733 5810 quae
759 5732 964 5795 null-a3
992 5737 1166 5808 su'n’t,
1205 5731 1774 5814 comprehendisse
1807 5753 1823 5794 :
1857 5737 1918 5794 et
1946 5749 2108 5812 quas
2151 5731 2269 5812 (sic
2305 5730 2564 5811 opinor)
2610 5730 2664 5793 si
2708 5737 2937 5810 praeter
2972 5734 3315 5812 sexaginta
3355 5752 3584 5799 novem

348 5883 424 5953 (αἱ⁸
460 5879 630 5953 Potuit
649 5887 706 5953 et
728 5880 988 5953 '[ractat‘us
1024 5882 1198 5953 decem
1227 5885 1274 5953 in
1305 5881 1546 5953 Psalmos,
1584 5893 1708 5946 quos
1731 5880 1793 5932 ab
1831 5874 2066 5946 Origenis
2099 5882 2271 5935 Graeco
2298 5881 2560 5934 translatos
2600 5883 2649 5932 in
2688 5881 2910 5935 latinum
2945 5881 3098 5936 fuisse
3119 5885 3216 5936 abs
3252 5885 3550 5953 Hieronymo
3571 5918 3591 5952 ,

285 5941 492 6014 propius
515 5943 577 5993 ad
601 5941 748 5994 ﬁdem
774 5952 867 6007 est,
894 5945 957 5996 ob
982 5945 1148 5999 oculos
1171 5947 1420 5998 habuisse.
