4078 6328
505 312 573 369 15
1956 310 2352 370 ΡΒιΕῐιἊΊῚΟ.
3738 314 3804 370 l6

501 425 800 490 laudatas
830 425 1144 504 novisset,
1166 424 1299 507 jam
1335 441 1465 488 non
1513 424 1950 506 septuaginta,
1988 427 2098 490 sed
2132 428 2302 490 ultra
2329 429 2656 506 octoginta
2691 426 2960 506 obliqua
2994 427 3105 492 illa
3150 427 3493 491 sedulitate
3535 425 3808 490 laudas-

505 536 627 594 set.
663 530 1134 593 Testimonium
1167 547 1363 608 porro
1405 529 1562 592 illud
1600 545 1684 592 ex
1720 529 2006 592 secundo
2055 531 2530 594 lnvectivarum
2569 549 2747 593 num.
2790 531 2895 610 26,
2949 549 3348 612 quamquam
3402 532 3566 594 alios
3605 532 3806 594 multo

505 633 716 714 magis
752 631 1084 698 sollicitat,
1121 647 1252 692 non
1289 630 1650 693 dissimulo.
1703 630 1992 710 Opponit
2035 631 2435 713 Hieronymo
2467 629 2766 704 Ruﬁnus,
2795 632 2969 711 quod
3025 633 3226 694 multa
3263 650 3347 694 ex
3395 630 3701 713 Origenis
3733 631 3808 692 li-

507 734 667 806 bris,
697 749 843 811 qua:
873 729 1274 792 Christianas
1302 747 1496 792 aures
1525 731 1905 810 movissent,
1940 732 2002 793 in
2035 732 2564 813 interpretatione
2622 733 2857 796 Latina
2915 738 3027 796 aut
3078 737 3332 813 penitus
3379 734 3805 808 subtraxerit,

501 841 614 899 aut
646 832 982 896 commodo
1012 849 1207 894 sensu
1240 832 1584 911 explicarit
1629 853 1643 893 :
1695 852 1971 914 cumque
2017 834 2267 914 aliquot
2313 835 2380 896 in
2428 835 2598 898 hanc
2649 853 2784 898 rem
2831 838 3131 916 exempla
3173 836 3576 915 adduxisset,
3622 837 3805 910 ch,

502 938 736 1015 inquit,
770 944 826 996 et
856 934 1024 998 mille
1050 933 1181 997 alia
1209 934 1305 997 his
1333 936 1568 998 similia
1591 936 1658 997 in
1683 934 2319 1016 interpretationibus
2348 937 2499 1008 tuis,
2531 936 2660 998 sive
2689 937 2756 999 in
2783 936 2877 999 his
2900 937 3056 1016 ipsis
3087 936 3396 1000 Homiliis
3431 935 3523 1018 (in
3541 935 3804 1017 Lucam)

501 1038 632 1100 sive
661 1037 729 1099 in
754 1038 1051 1112 Ieremia,
1089 1036 1186 1098 vel
1215 1037 1282 1100 in
1317 1037 1516 1115 Isau,
1543 1037 1814 1099 maxime
1844 1047 2048 1099 autem
2075 1037 2146 1099 in
2166 1036 2492 1100 Ezechiele
2519 1037 2925 1101 subtraxisti.
2952 1039 3090 1101 Hoc
3121 1039 3367 1103 scilicet
3395 1039 3685 1120 palmare
3714 1044 3810 1100 est

497 1149 961 1222 argumentum
992 1141 1071 1205 ad
1105 1142 1422 1206 Homilias
1454 1144 1517 1204 in
1549 1143 1788 1205 Isaiam
1815 1142 2342 1221 Hieronymiante
2373 1142 2890 1222 interpretationi
2924 1142 3383 1213 ascribendas;
3419 1159 3571 1205 nam
3597 1149 3658 1203 et
3679 1142 3810 1204 Ho-

499 1245 698 1309 milim
729 1250 907 1322 sunt,
949 1243 1121 1324 quod
1152 1263 1339 1307 nemo
1371 1245 1706 1322 dubitarit,
1737 1263 1960 1324 easque
1993 1245 2108 1307 abs
2140 1245 2538 1326 Hieronymo
2568 1251 2746 1306 certo
2789 1247 3031 1307 certius
3076 1245 3144 1306 in
3175 1245 3474 1308 Latinum
3510 1263 3593 1307 ex
3632 1244 3811 1310 Ada-

403 1386 405 1388 -
499 1349 752 1411 manlio
783 1347 1041 1427 refusae,
1069 1367 1215 1428 quas
1250 1350 1620 1428 praecedunt
1650 1348 1968 1430 proxime,
2003 1363 2078 1409 ac
2118 1348 2613 1426 subsequuntur
2654 1347 2719 1408 in
2748 1347 3124 1422 Jeremiam,
3150 1354 3212 1409 et
3259 1347 3326 1410 in
3369 1347 3805 1412 Ezechielem.

496 1456 799 1516 Attamen
833 1472 964 1515 non
1001 1471 1143 1516 eam
1174 1453 1373 1516 fuisse
1422 1451 1634 1514 Ruﬁni
1682 1456 1992 1528 mentem,
2029 1450 2319 1528 nihilque
2363 1450 2544 1512 illum
2599 1450 2674 1511 de
2711 1449 3010 1512 Homiliis
3067 1451 3131 1511 in
3170 1449 3411 1514 Isaiam
3451 1450 3808 1532 cogitasse;

503 1556 615 1618 sed
643 1556 818 1619 aliud
859 1556 1142 1620 voluisse
1172 1555 1550 1635 Hieronymi
1585 1554 1899 1634 scriptum
1931 1554 1996 1613 in
2048 1569 2195 1614 eum
2231 1551 2615 1633 Pmphelam
2645 1552 3046 1631 cavillari,et
3097 1571 3216 1632 pro
3251 1560 3428 1616 certo
3467 1553 3706 1630 habeo,
3746 1558 3812 1614 et

499 1658 728 1736 paucis
770 1657 1168 1718 demonstro.
1222 1655 1582 1734 Scripserat
1615 1653 1678 1714 S.
1711 1655 1951 1715 Doctor
1998 1651 2076 1715 ad
2108 1652 2460 1714 Damasum
2511 1656 2878 1727 tractatum,
2933 1654 3070 1715 sive
3098 1655 3440 1734 epistolam
3480 1655 3550 1716 in
3587 1663 3810 1720 nostra

494 1760 884 1823 recensione
921 1759 1021 1835 18,
1059 1759 1133 1821 de
1170 1758 1504 1837 Seraphim
1540 1774 1686 1836 quae
1712 1756 1897 1818 Isaiae
1929 1756 2110 1818 Visio
2143 1760 2240 1818 est
2271 1772 2412 1834 cap.
2449 1765 2634 1817 sexto
2667 1775 2682 1816 :
2718 1774 2998 1835 eumque
3037 1757 3274 1827 locum,
3309 1757 3421 1820 ubi
3451 1759 3582 1822 duo
3614 1757 3805 1822 Sera-

495 1863 678 1943 phim
709 1863 949 1927 stantia
987 1864 1052 1924 in
1085 1862 1358 1924 circuitu
1389 1861 1632 1930 throni,
1667 1867 1729 1921 et
1766 1860 2118 1922 clamantia
2153 1859 2642 1938 describuntur,
2681 1876 2825 1938 quae
2870 1857 3184 1939 Origenes
3239 1867 3633 1940 exposuerat
3674 1861 3810 1922 Do-

498 1963 754 2024 minum
789 1968 1084 2025 nostrum
1112 1962 1336 2024 Jesum
1367 1960 1722 2036 Christum,
1753 1968 1816 2022 et
1838 1959 2153 2038 Spiritum
2185 1966 2507 2034 sanctum,
2545 1961 2654 2022 ille
2687 1980 2807 2039 pro
2835 1967 3048 2024 vetere
3078 1979 3157 2024 ac
3190 1979 3360 2023 novo
3395 1964 3810 2026 Testamento

497 2072 598 2129 est
632 2066 1123 2144 interpretatus,
1148 2063 1264 2126 illa
1295 2062 1644 2139 sententia,
1677 2065 1742 2122 in
1793 2080 1990 2140 quam
2019 2062 2224 2124 (ἓτωεὶ
2250 2063 2594 2142 Latinique
2625 2065 2866 2142 passim
2894 2069 3380 2145 concesserant,
3417 2065 3638 2127 multis
3692 2067 3811 2126 im-

489 2167 792 2247 probata.
834 2167 1063 2228 Postea
1096 2183 1212 2226 nec
1243 2163 1439 2226 semel
1465 2181 1612 2225 cum
1643 2162 1843 2226 veluti
1880 2161 2180 2242 Origenis
2232 2170 2612 2243 symmystes
2660 2161 2975 2242 injuriose
3014 2165 3096 2226 ab
3141 2165 3392 2226 aemulis
3440 2164 3811 2228 traducere-

493 2276 629 2341 tur,
671 2275 991 2348 quantum
1020 2268 1102 2330 ab
1137 2266 1277 2347 ejus
1307 2267 1560 2346 placitis
1590 2266 2001 2342 abhorreret,
2034 2265 2154 2325 hoc
2181 2265 2321 2343 ipso
2357 2265 2656 2346 exemplo
2683 2267 3151 2344 comprobavit.
3182 2267 3250 2329 Id
3295 2267 3510 2330 videre
3541 2275 3634 2330 est
3661 2286 3810 2332 cum

503 2370 692 2450 alibi,
722 2378 856 2432 tum
887 2369 1213 2450 prtecipue
1241 2369 1428 2450 epist.
1476 2366 1580 2439 ΒΕ,
1615 2369 1690 2430 ad
1725 2367 2214 2430 Pammachium
2239 2374 2299 2429 et
2324 2367 2682 2445 Oceanum,
2720 2387 2898 2430 num.
2935 2367 2998 2442 3,
3051 2370 3188 2440 ubi,
3240 2371 3321 2432 In
3371 2370 3657 2440 lectione,
3711 2371 3809 2431 in-

489 2478 659 2556 quit,
690 2477 887 2552 Isaia,
922 2475 991 2539 in
1019 2494 1140 2558 qua
1169 2473 1292 2536 duo
1329 2473 1658 2554 Seraphim
1689 2471 2025 2534 clamantia
2077 2470 2547 2549 describuntur,
2591 2472 2703 2535 illo
2733 2472 3060 2553 (Origene)
3090 2472 3547 2554 interpretante
3573 2473 3811 2536 Filium

498 2586 560 2640 et
602 2579 920 2660 Spiritum
953 2584 1261 2648 sanctum,
1298 2593 1508 2637 nonne
1540 2593 1648 2656 ego
1686 2575 2109 2636 detestandam
2135 2573 2592 2655 expositionem
2641 2576 2712 2636 in
2737 2575 2862 2637 duo
2894 2577 3288 2639 Testamenta
3328 2579 3624 2641 mutavi?
3673 2579 3812 2640 Ha-

493 2683 675 2746 bctur
705 2681 866 2745 liber
902 2681 973 2744 in
1001 2679 1286 2742 manibus
1312 2687 1460 2740 ante
1488 2678 1721 2758 viginti
1757 2696 1958 2739 annos
1994 2676 2218 2739 editus.
2253 2676 2374 2738 Hic
2400 2677 2734 2738 enimvero
2769 2677 3028 2739 libellus
3065 2683 3187 2754 est,
3222 2697 3338 2741 seu
3375 2684 3689 2742 tractatus
3731 2678 3810 2741 de

503 2787 693 2850 Isaiae
725 2785 1020 2862 Visione,
1049 2802 1243 2863 quem
1272 2788 1451 2846 notat
1482 2781 1756 2844 Ruﬁnus
1788 2805 1804 2845 :
1837 2782 1972 2844 haec
1995 2779 2390 2861 Origeniana
2428 2781 2540 2843 illa
2571 2781 2886 2860 opinatio,
2915 2799 3115 2860 quam
3142 2783 3253 2855 ait,
3288 2784 3410 2845 sibi
3443 2783 3812 2864 permisisse

501 2891 976 2971 Hieronymum
1007 2889 1090 2948 ab
1127 2905 1204 2949 eo
1236 2905 1431 2966 quem
1462 2885 1836 2964 praeferebat
1872 2901 2098 2956 sensu,
2159 2883 2238 2946 ad
2287 2884 2624 2945 meliorem
2669 2890 3071 2946 convertere.
3138 2884 3345 2948 Νυιιω
3380 2886 3484 2948 hic
3513 2885 3814 2948 Homilite

503 3006 660 3060 sunt
693 2996 756 3056 in
787 2993 1022 3056 Isaiam
1057 3013 1072 3053 :
1107 2991 1405 3069 nihilque
1443 2991 1507 3050 in
1542 3007 1619 3051 eo
1648 2987 2080 3048 laborandum
2109 2992 2180 3047 ut
2212 2987 2276 3046 in
2305 3004 2533 3048 earum
2561 2986 2794 3066 prima,
2819 2986 2991 3066 quod
3025 2987 3176 3050 facit
3209 2988 3694 3066 Tillemontius,
3715 2987 3813 3049 lo-

506 3116 655 3160 cum
685 3092 1024 3158 commoda
1058 3089 1596 3172 interpretatione
1627 3087 1923 3160 oblitum,
1963 3095 2077 3147 aut
2113 3085 2307 3164 plane
2339 3086 2820 3149 diasimulatum
2848 3090 3160 3169 reperias.

579 3203 700 3266 Sed
731 3206 824 3279 ut,
854 3198 1142 3281 explosis
1162 3215 1309 3278 quae
1337 3196 1478 3257 illas
1503 3194 1882 3256 astruebant
1907 3189 2334 3270 argumentis,
2357 3188 2614 3250 demum
2637 3195 2695 3249 et
2723 3206 2957 3251 causas
2991 3191 3344 3251 nonnullas
3379 3189 3814 3268 proferamus,

498 3307 738 3386 quibus
777 3309 1050 3379 constet,
1079 3301 1480 3379 Hieronymo
1513 3296 1770 3376 penitus
1807 3291 2271 3372 abjudicandas
2301 3311 2315 3350 :
2343 3291 2659 3371 Optimum
2684 3290 2840 3351 illud
2871 3309 3019 3352 cum
3048 3290 3268 3372 primis
3298 3309 3442 3353 esse
3471 3291 3659 3353 velim
3693 3308 3823 3355 an—

511 3410 711 3492 tiquis
741 3406 1169 3489 scriptoribus
1201 3397 1712 3464 internoscendis
1741 3398 2220 3474 argumentum,
2259 3393 2430 3473 quod
2464 3412 2542 3454 ex
2575 3393 2743 3473 stylo
2771 3394 3074 3455 sumitur.
3105 3394 3272 3455 Tum
3305 3411 3402 3455 nae
3423 3393 3531 3456 ille
3558 3394 3624 3456 in
3663 3394 3824 3456 Hie-

501 3513 891 3596 ronymiana
920 3509 1197 3575 lectione
1227 3506 1414 3584 plane
1452 3502 1688 3580 hospes
1716 3498 1824 3576 sit,
1853 3497 1966 3576 qui
1999 3497 2464 3569 semilatinum,
2497 3494 2734 3596 nequid
2772 3494 2915 3573 plus
2945 3494 3177 3567 dicam,
3212 3494 3662 3573 interpretem,
3704 3513 3823 3574 pro

500 3593 903 3693 Hieronymo
937 3610 1194 3672 habeat.
1219 3605 1523 3679 Huetius,
1551 3599 1810 3679 opinor,
1843 3615 1991 3658 cum
2019 3614 2099 3657 ex
2123 3614 2200 3660 eo
2227 3596 2524 3675 quaedam
2550 3593 2818 3658 adduxit
2851 3595 3075 3658 medias
3106 3595 3471 3658 Latinitatis
3504 3597 3824 3660 vocabula

506 3719 590 3783 ad
643 3718 1159 3797 praeconceptam
1190 3705 1568 3789 Opinionem
1620 3698 2065 3771 asserendam,
2101 3715 2299 3776 quam
2343 3699 2557 3776 potius
2595 3697 2796 3760 everti
2849 3697 3250 3760 ostendimus
3302 3701 3822 3780 comparatione,

508 3821 717 3887 multo
750 3826 976 3882 tamen
1023 3813 1152 3875 illis
1199 3808 1508 3888 sequiora
1540 3802 1773 3867 callide
1801 3799 2229 3862 dissimularit
2265 3821 2280 3860 :
2315 3801 2490 3878 quod
2543 3817 2746 3880 genus
2808 3805 2985 3879 sunt,
3021 3801 3414 3882 ﬁguraliter,
3457 3801 3824 3879 invenibile,

509 3923 676 3990 illud
705 3921 1130 4001 negotiorum,
1161 3933 1279 3994 pro
1313 3910 1478 3976 illud
1503 3907 1622 3986 rei,
1657 3904 2137 3986 magniloquax,
2169 3904 2490 3983 sufﬁciens
2518 3903 2666 3971 isto,
2701 3920 2819 3984 pro
2848 3900 2963 3963 hac
2993 3911 3325 3965 contentus
3368 3922 3461 3983 re,
3492 3909 3688 3984 atque
3729 3905 3828 3968 his

509 4027 788 4100 similia;
827 4023 1020 4103 hujus
1051 4020 1223 4082 enim
1252 4014 1591 4096 elegantiae
1619 4015 1793 4074 totus
1835 4014 1934 4072 est
1973 4025 2188 4071 sermo
2221 4009 2540 4087 reliquus,
2583 4009 3050 4084 subobscurus,
3100 4010 3595 4091 incompositus,
3635 4029 3716 4072 ne
3751 4009 3830 4073 de

523 4126 786 4210 syntaxi
837 4125 1047 4186 dicam
1083 4126 1198 4183 aut
1223 4119 1492 4199 agresti,
1519 4122 1634 4178 aut
1665 4114 1744 4176 ad
1783 4113 2077 4177 Graecum
2106 4112 2256 4175 ﬁcta
2278 4114 2639 4194 pueriliter.
2674 4113 2888 4193 Stylus
2919 4114 3061 4189 iste,
3091 4115 3143 4177 si
3169 4115 3339 4195 quod
3377 4116 3587 4177 sentio
3626 4113 3827 4194 proti-

516 4231 640 4294 teri
675 4228 888 4296 liceat,
919 4222 1133 4285 Ruﬁni
1170 4226 1294 4295 est,
1336 4237 1530 4298 quem
1579 4223 1641 4278 et
1671 4216 1955 4277 maxime
1982 4213 2394 4294 Origenianis
2447 4215 2703 4293 scriptis
2751 4215 2981 4276 Latine
3028 4215 3530 4296 interpretandis
3575 4216 3827 4278 dedisse

528 4347 824 4412 operam,
856 4333 920 4390 et
949 4327 1246 4388 barbarae
1283 4319 1626 4382 locutionis
1664 4325 1796 4380 tam
1825 4335 1992 4397 saepe
2024 4314 2321 4377 accusari
2354 4315 2591 4376 scimus
2626 4317 2742 4378 abs
2779 4316 3208 4400 Hieronymo,
3248 4326 3318 4379 ut
3343 4318 3422 4380 de
3452 4318 3692 4381 Graecis
3723 4319 3832 4378 bo-

523 4437 626 4496 nis
659 4432 892 4494 Latina
924 4430 1150 4492 fecisse
1177 4425 1500 4487 diceretur
1528 4437 1658 4481 non
1689 4419 1886 4480 bona.
1914 4415 2097 4490 Quod
2133 4415 2183 4477 si
2221 4432 2353 4476 rem
2383 4431 2504 4477 acu
2541 4415 2745 4495 tetigi,
2776 4417 2981 4479 miror
3015 4418 3245 4499 magis,
3276 4417 3584 4480 Ruﬁnum
3622 4417 3835 4498 ipsum
3923 4493 3928 4496 _

523 4537 806 4616 propriis
869 4531 1102 4594 fetibus
1141 4545 1256 4609 pro
1292 4525 1505 4586 aliena
1547 4519 1769 4582 sobole
1807 4514 2246 4598 supponendis
2283 4515 2571 4577 adhiberi
2607 4515 3075 4597 ﬁdejussorem.
3129 4521 3274 4582 Jam
3311 4537 3464 4582 vero
3495 4518 3666 4601 (qute
3707 4518 3838 4582 alia

529 4645 685 4703 sunt
715 4637 1045 4700 rationum
1083 4633 1437 4703 momenta,
1460 4631 1530 4686 ut
1562 4640 1600 4684 a
1625 4619 2156 4702 Hieronymianis
2190 4621 2675 4701 removeantur)
2699 4621 2762 4683 S.
2793 4623 2980 4685 Pater
3007 4642 3155 4686 cum
3182 4631 3414 4687 caetera
3441 4624 3505 4684 in
3526 4622 3839 4704 Catalogo

529 4741 961 4817 recensuerit,
992 4753 1138 4816 quae
1163 4753 1248 4797 ex
1275 4732 1559 4814 Origene
1600 4726 1813 4788 fuerat
1843 4724 2332 4804 interpretatus,
2365 4723 2797 4786 Homiliarum
2851 4724 2914 4784 in
2952 4725 3186 4788 Isaiam
3213 4741 3570 4804 numquam
3608 4722 3840 4785 memi-

535 4847 634 4907 nit
668 4863 684 4905 :
716 4859 930 4922 neque
958 4840 1280 4918 integrum
1317 4840 1412 4896 est
1453 4830 1734 4910 opinari,
1763 4833 1906 4907 post
1941 4825 2322 4906 Catalogum
2345 4843 2612 4889 manum
2636 4844 2861 4888 earum
2894 4827 3412 4906 interpretationi
3437 4825 3840 4900 admovisse;

537 4950 620 5012 ab
655 4964 733 5008 eo
767 4945 943 5007 enim
978 4949 1266 5020 tempore
1295 4933 1695 5016 Origeniana
1728 4929 2024 4992 doctrina
2075 4929 2144 4990 in
2199 4927 2492 4989 haeresim
2531 4927 2932 5006 prolabente,
2966 4927 3054 4988 ita
3088 4927 3262 4988 illam
3304 4927 3524 4986 animo
3555 4926 3842 5003 exSpuit,

535 5057 610 5112 ut
644 5047 979 5110 confutare
1015 5042 1254 5122 potius,
1292 5055 1487 5120 quam
1519 5033 1765 5096 Latinis
1805 5032 2154 5112 propinare
2189 5031 2458 5091 auribus
2485 5029 2784 5108 deinceps
2820 5025 3161 5088 studuerit.
3195 5024 3286 5086 Ad
3313 5023 3449 5085 haec
3488 5025 3552 5085 in
3587 5026 3743 5103 ipsis
3777 5029 3844 5089 in

541 5149 778 5213 Isaiam
815 5143 1338 5215 Commentariis,
1386 5155 1532 5202 cum
1565 5134 1838 5196 subinde
1865 5132 2005 5211 ejus
2039 5131 2356 5193 versionis
2401 5128 2982 5193 commemoranda:
3017 5127 3241 5188 fuisset
3283 5125 3517 5186 nedum
3561 5131 3844 5205 occasio,

541 5254 652 5318 sed
684 5251 1059 5323 necessitas,
1097 5261 1456 5324 numquam
1500 5236 1832 5300 meminit:
1867 5242 1929 5298 et
1980 5236 2044 5296 in
2077 5233 2459 5296 Prasfatione
2492 5231 2726 5310 prioris
2757 5231 2901 5290 libri
2935 5247 3080 5291 cum
3127 5227 3297 5308 ipsas
3334 5226 3552 5289 laudet
3582 5229 3847 5310 viginti-

546 5355 821 5438 quinque
851 5349 1173 5416 Homilias
1207 5345 1504 5424 Origenis
1537 5343 1600 5402 in
1635 5341 1810 5402 hunc
1846 5338 2251 5420 prophetam,
2287 5355 2366 5397 ne
2394 5337 2589 5397 verbo
2620 5333 2880 5415 quidem
2911 5351 2994 5438 ex
3023 5331 3149 5392 illis
3185 5332 3594 5438 novemgistas
3616 5335 3846 5401 Latine

548 5435 585 5522 5
617 5477 684 5520 se
715 5435 993 5522 redditas
1024 5455 1265 5514 monet.
1296 5447 1587 5525 Denique
1615 5449 1680 5508 et
1707 5443 1982 5522 Prologo
2014 5448 2235 5503 carent
2257 5440 2555 5501 Humilia:
2587 5441 2746 5514 istae,
2778 5436 2949 5516 quod
2985 5453 3185 5497 unum
3223 5451 3363 5496 esse
3396 5435 3738 5500 discrimen
3768 5441 3847 5502 ad

544 5554 1198 5642 Hieronymianasah
1230 5551 1511 5613 aliorum
1542 5541 2188 5626 interpretationibus
2212 5537 2742 5601 internoscendas
2777 5541 2954 5598 notat
2983 5534 3312 5597 Gelasius:
3338 5543 3560 5598 carent
3585 5556 3848 5617 quoque

542 5685 702 5728 mss.
733 5638 1143 5736 auctoritate,
1192 5662 1305 5720 aut
1358 5653 1589 5717 veteris
1639 5651 1916 5732 alicujus
1956 5646 2304 5710 testimonii
2357 5643 2670 5725 suﬂ'ragio
2701 5663 2716 5702 :
2753 5644 2950 5720 atque
2982 5647 3050 5703 ut
3085 5639 3282 5702 semel
3311 5638 3542 5714 dicam,
3590 5641 3676 5702 ita
3731 5644 3846 5705 abs

547 5766 930 5846 Hieronymi
985 5760 1252 5844 ingenio
1299 5753 1637 5832 dissident,
1673 5761 1743 5817 ut
1778 5750 2004 5816 mirari
2055 5767 2182 5813 non
2229 5747 2545 5822 desinam,
2581 5745 2987 5807 doctissimos
3023 5742 3194 5806 viros
3254 5741 3495 5807 habere
3543 5743 3686 5807 illas
3732 5764 3847 5823 pro

515 5863 1073 5946 ’Hicronymianis
1107 5857 1420 5942 potuisse.
