4052 6484
204 423 268 478 l7
888 420 1547 482 COMMENTARIOBUM
1586 423 1656 482 IN
1698 424 1939 482 ISAIAM
1975 424 2399 484 PROPHETAM
2438 425 2826 486 PROLOGUS.
3429 427 3496 483 18

276 538 554 600 Tomum
587 537 827 602 claudit
859 540 936 601 In
970 541 1207 604 Isaiam
1238 540 1510 621 parvula
1545 541 1928 606 abbreviatio
1947 542 2022 606 de
2048 543 2347 625 capitulis
2374 546 2622 626 paucis,
2656 544 2840 625 cujus
2869 548 3186 624 quantum
3209 547 3508 626 oporteat

199 643 273 706 ad
313 644 679 706 faciendum
718 644 796 706 de
825 646 1103 708 Auctore
1141 648 1528 726 periculum,
1562 666 1736 719 nunc
1766 649 2048 728 primum
2097 649 2163 710 in
2211 651 2422 711 lucem
2457 649 2731 711 edimus.
2784 650 3149 712 Ascribitur
3203 649 3312 712 illa
3360 647 3508 727 qui-

197 748 339 807 dem
369 746 771 828 Hieronymo
802 747 863 808 in
892 748 1286 811 Veronensis
1320 751 1730 814 bibliotheca:
1753 752 2236 830 antiquissimo,
2271 759 2468 832 atque
2485 754 2742 834 optimae
2765 771 2909 814 cum
2942 754 3164 833 primis
3190 759 3358 816 notte
3377 769 3502 814 ms.

196 849 390 921 libro,
431 849 544 928 qui
579 867 854 910 numero
877 847 955 909 Ωιι
985 869 1068 913 ex
1107 853 1295 932 nigro
1327 853 1544 915 colore
1573 854 1755 932 (sunt
1785 855 1955 916 enim
1987 875 2064 918 ex
2095 858 2298 918 rubro
2328 857 2464 937 alii)
2499 865 2925 939 praenotatur,
2955 867 3013 920 et
3045 858 3341 936 quaedam
3375 857 3508 920 alia

197 952 487 1013 continet
516 969 668 1016 vere
703 951 1236 1034 Hieronymiana.
1277 955 1706 1018 Nihilosecius
1741 973 1870 1018 non
1921 963 2077 1036 puto
2114 958 2177 1019 in
2229 976 2305 1021 eo
2352 959 2808 1035 laborandum,
2838 969 2926 1022 ‘ut
2965 957 3256 1023 adductis
3304 976 3508 1039 argu-

199 1056 432 1117 mentis
469 1054 631 1118 falso
666 1055 843 1117 illam
874 1059 1223 1135 probemus
1261 1077 1495 1138 magno
1526 1059 1924 1140 Hieronymo
1959 1062 2180 1133 tribui,
2220 1078 2256 1123 a
2293 1062 2481 1142 cujus
2509 1079 2819 1143 germana
2855 1065 2996 1143 ipsa
3039 1063 3105 1124 in
3143 1062 3320 1123 hunc
3357 1078 3508 1141 pro-

202 1157 464 1236 phetam
490 1157 968 1236 Explanatione
999 1159 1428 1238 supposititite
1472 1159 1713 1221 fraudis
1743 1161 2060 1239 arguitur.
2096 1161 2368 1238 Abunde
2414 1163 2569 1223 satis
2617 1164 2872 1225 erudito
2909 1163 3158 1225 Lectori
3208 1161 3317 1239 sit,
3364 1177 3513 1223 eam

201 1279 330 1322 non
365 1260 637 1321 omnino
668 1262 1019 1323 oscitanter
1043 1261 1358 1324 lustrasse
1384 1263 1614 1335 oculis,
1649 1282 1727 1325 ne
1769 1263 1985 1326 fucum
2013 1265 2134 1327 sibi
2163 1284 2242 1327 ex
2278 1266 2398 1329 hac
2425 1269 2763 1330 vetustatis
2801 1267 3108 1328 memoria
3133 1263 3271 1326 fieri
3306 1265 3514 1345 patia-

200 1367 340 1436 tur;
379 1365 442 1420 et
474 1360 666 1438 plane
698 1359 1037 1440 intelligat,
1073 1363 1428 1424 studiosum
1457 1365 1826 1444 quempiam
1860 1365 2171 1444 pleraque
2200 1366 2416 1428 omnia
2455 1386 2539 1430 ex
2583 1368 2868 1447 genuino
2900 1369 3280 1449 Hieronymi
3313 1365 3512 1429 Com-

202 1462 527 1526 mentario
561 1463 948 1545 sublegisse,
991 1463 1294 1544 junxisse
1343 1472 1560 1528 autem
1600 1485 1730 1528 non
1782 1466 1967 1530 valde
2020 1467 2311 1531 felicibus
2346 1469 2685 1549 auspiciis,
2734 1470 3100 1550 partimque
3151 1467 3381 1532 additis
3436 1483 3515 1530 ac

205 1572 439 1655 partim
476 1573 781 1637 detractis
820 1575 1059 1653 verbis,
1103 1592 1222 1638 suo
1267 1574 1379 1638 illa
1421 1575 1684 1654 ingenio
1719 1581 2079 1655 coaptasse.

281 1732 1298 1740 .._.__H_,._______________-
1315 1729 3477 1769 *MEEEEW

217 1769 457 1783 Μ]
346 1769 395 1770 Vi
430 1769 443 1770 γ
491 1769 1036 1783 ,Τις-*Ῠὴῗήῑὲγ-ῄ-ογῗ
928 1769 993 1770 77
1003 1769 1015 1770 Π
1037 1769 1226 1787 Τ--υψγγίὶᾟῗ
1243 1777 1258 1782 ο
1277 1779 1290 1782 -
1305 1769 1331 1783 ri
1345 1769 1407 1782 ,ι-ῖ
1424 1769 3290 1782 Ῠ-ο-φ--οσ-ο--ι--ιι-υο--ψ-Ὗ
3306 1769 3467 1779 ’.ῤ’-

1315 1731 1604 1739 __—————-———

619 1775 846 1783 .___._-—-—
863 1775 1226 1787 *σο-’.ψη
1243 1777 1258 1782 -
1277 1779 1290 1782 -
1305 1778 1316 1783 λ,
1345 1775 1403 1782 ...-

813 1931 958 2048 S.
1033 1933 1756 2049 EUSEBII
1833 1927 2682 2048 HIEBONY
2699 1929 2919 2042 Ml

1313 2148 1879 2212 STRIDONENSIS
1921 2149 2416 2213 PRESBYTERI

1000 2333 2748 2465 COMMENTARIORUM

442 2590 684 2748 ΙΝ
820 2582 1661 2750 ISAIAM
1788 2582 3302 2753 PROPHETAM

1227 2851 1542 2934 LIBRI
1613 2850 2527 2942 DUODEVIGINTI.

1271 3028 1797 3063 -———-———G

1902 3031 2430 3067 φ-

1503 3168 2217 3351 amotoque.

305 3603 436 3674 1-3
451 3597 702 3668 Expletis
721 3597 924 3668 lllongo
941 3597 1027 3650 vix
1053 3594 1366 3665 temporein
1384 3592 1670 3649 duodecim
1692 3592 1829 3649 Pro-
1858 3596 1904 3654 A
1937 3591 2160 3659 auxilio,
2189 3608 2310 3664 qua:
2337 3591 2530 3649 diebus
2561 3608 2626 3649 ac
2666 3593 2913 3649 noctibus
2938 3595 2990 3649 in
3037 3594 3134 3652 Dei
3164 3596 3282 3668 lege
3311 3597 3542 3652 medita-

235 3696 425 3766 phetas
450 3693 640 3764 viginti
672 3690 1116 3763 explanationum
1166 3687 1345 3753 libris,
1370 3699 1422 3742 et
1467 3687 1520 3741 in
1550 3686 1827 3741 Danielem
1936 3689 2026 3754 ris,
2064 3699 2118 3742 et
2142 3689 2396 3759 templum
2422 3703 2484 3745 es
2508 3687 2743 3758 Spiritus
2768 3690 2962 3755 sancti,
3000 3690 3253 3747 imitabor
3301 3704 3540 3763 patrem-

233 3784 676 3851 Commentariis,
704 3786 852 3856 cogis
884 3798 1003 3848 me,
1033 3782 1188 3850 virgo
1218 3780 1418 3835 Christi
1454 3779 1825 3845 Eustochium,
1936 3781 2192 3848 familias,
2215 3784 2306 3854 qui
2337 3783 2405 3837 de
2437 3783 2691 3838 thesauro
2713 3799 2814 3840 suo
2841 3783 3048 3854 profert
3073 3799 3209 3838 nova
3237 3795 3292 3841 et
3311 3796 3494 3840 vetera
3519 3803 3537 3852 ;

235 3884 469 3940 transire
491 3881 558 3936 ad
579 3880 773 3936 Isaiam
805 3896 819 3933 :
849 3887 904 3933 et
933 3876 1077 3947 quod
1129 3887 1330 3930 sancite
1359 3875 1516 3928 matri
1550 3883 1658 3928 tua:
1687 3873 1831 3928 Puu-
1939 3887 1993 3930 et
2023 3891 2277 3945 sponsam
2306 3875 2577 3930 dicentem
2608 3876 2662 3930 in
2690 3876 2917 3931 Cantico
2957 3878 3303 3932 Canticorum
3340 3899 3353 3933 :
3383 3877 3540 3932 Nova

237 3978 323 4043 Ire,
357 3975 485 4029 dum
516 3972 746 4034 viveret,
778 3970 1048 4041 pollicitus
1083 3985 1224 4033 sum,
1257 3968 1350 4022 tibi
1393 3967 1642 4022 reddere.
1679 3965 1833 4034 Quod
1941 3979 1988 4024 et
2017 3981 2206 4036 vetera,
2233 3970 2501 4039 fratruelis
2525 3987 2688 4035 meus,
2713 3967 2738 4007 τι
2764 3972 2958 4025 servavi
2981 3971 3073 4026 tibi
3095 3968 3270 4043 (Cant.
3296 3986 3390 4036 vn,
3424 3970 3538 4042 l5);

236 4068 456 4139 quidem
485 4077 538 4124 et
569 4063 942 4122 eruditissimo
967 4063 1089 4116 viro
1117 4060 1144 4098 δ
1178 4060 1331 4114 fratri
1364 4070 1454 4112 tuo
1488 4058 1836 4113 Pammachio
2161 4067 2346 4134 sicque
2374 4079 2639 4133 exponam
2673 4064 2898 4129 Isaiam,
2932 4076 2987 4119 ut
3016 4065 3166 4119 illum
3213 4081 3320 4120 non
3363 4065 3542 4120 solum

241 4161 562 4234 promisisse
592 4174 678 4213 me
709 4155 966 4220 memini;
996 4169 1229 4224 cumque
1257 4153 1311 4207 in
1357 4151 1554 4206 affectu
1606 4167 1699 4220 par
1726 4150 1834 4216 δίε,
1945 4157 2306 4226 Prophetam,
2351 4156 2446 4211 sed
2489 4157 2880 4225 evangelistam
2949 4167 3002 4211 et
3069 4157 3391 4228 Apostolum
3446 4157 3546 4214 do-

239 4255 415 4311 vincis
449 4251 757 4322 prtesentia.
793 4249 976 4319 Itaque
1007 4257 1060 4302 ct
1091 4247 1183 4302 tibi
1235 4255 1289 4302 et
1321 4246 1393 4299 illi
1435 4261 1528 4314 per
1570 4255 1621 4298 te
1673 4243 1840 4298 reddo
1945 4264 2120 4305 ceam.
2165 4249 2285 4319 Ipse
2341 4251 2482 4304 enim
2522 4250 2590 4305 de
2620 4265 2682 4307 se
2724 4263 2777 4306 et
2817 4251 2887 4306 de
2938 4253 3152 4307 caeteris
3198 4253 3550 4322 evangelistis

239 4347 383 4420 quod
423 4346 629 4408 deheo,
674 4344 936 4397 obediens
989 4339 1189 4394 ChriSIi
1238 4339 1547 4410 praeceptis,
1594 4337 1682 4406 qui
1715 4335 1839 4390 ait:

1948 4345 2022 4398 ait
2055 4360 2073 4396 :
2106 4343 2273 4410 Quam
2300 4344 2521 4413 speciosi
2553 4344 2704 4412 pedes
2728 4346 3192 4416 euangelizantium
3219 4346 3547 4411 bona,evan-

243 4442 570 4500 Scrutamini
602 4439 902 4510 Scripturas
937 4433 1117 4505 (Joan.
1147 4450 1197 4500 v,
1228 4434 1355 4503 59);
1390 4442 1465 4498 et,
1518 4431 1763 4497 Quaerite,
1794 4441 1842 4485 et
1949 4437 2283 4506 gelizantium
2314 4454 2492 4508 pacem
2519 4436 2656 4508 (lsa.
2691 4453 2782 4504 ιη,
2812 4439 2891 4507 7).
2923 4438 2991 4493 Et
3012 4438 3078 4492 ad
3107 4439 3281 4508 ipsum
3305 4439 3458 4508 quasi
3483 4438 3552 4494 ad

242 4534 511 4590 invenietis
540 4530 754 4606 (Matth.
787 4545 884 4594 vn,
913 4527 1024 4599 76).
1059 4527 1136 4582 Ne
1179 4527 1310 4581 illud
1357 4526 1570 4579 audiam
1602 4541 1722 4580 cum
1751 4525 1846 4580 Ju-
1952 4530 2277 4598 Apostolum
2302 4529 2542 4599 loquitur
2571 4530 2716 4586 Deus
2751 4549 2764 4585 :
2801 4531 2963 4598 Quem
2992 4533 3214 4598 mittam,
3245 4542 3295 4588 et
3320 4533 3432 4604 quis
3454 4533 3549 4588 ibit

245 4631 379 4685 datis
407 4647 421 4682 :
460 4626 690 4689 Erratis,
723 4623 1002 4678 nescientes
1051 4621 1378 4693 Scripturas,
1409 4634 1568 4690 neque
1607 4619 1846 4672 virtutem
1953 4622 2022 4676 ad
2043 4623 2292 4695 pepulum
2318 4623 2516 4678 istaut?
2545 4623 2614 4678 Et
2637 4624 2726 4678 ille
2749 4624 3030 4695 respondit
3062 4643 3073 4678 :
3109 4623 3246 4681 Ecce
3277 4641 3394 4699 ego,
3423 4628 3550 4681 mit-

247 4718 580 4792 Dei(.llatth.
610 4714 948 4785 xxu,29).Si
972 4712 1279 4784 enimjuxta
1302 4711 1604 4782 apostolum
1623 4709 1846 4766 Paulum
1954 4722 2001 4768 te
2020 4731 2100 4767 me
2116 4714 2250 4781 (lsa.
2283 4730 2359 4780 vr,
2390 4717 2468 4785 8).

247 4815 316 4886 (ll
343 4813 466 4869 Cor.
500 4829 537 4874 ι,
560 4810 654 4880 24)
676 4809 929 4865 Christus
957 4806 1050 4862 Dei
1077 4806 1247 4861 virtus
1268 4812 1372 4869 est,
1406 4803 1610 4873 Deique
1633 4802 1849 4872 sapieu-
2028 4806 2324 4878 Nullusque
2347 4818 2521 4880 putet,
2556 4825 2643 4866 me
2670 4810 2962 4867 voluminis
2992 4812 3146 4867 istius
3172 4824 3555 4884 argumentum

249 4910 354 4973 tia;
404 4917 458 4960 et
508 4905 601 4976 qui
632 4902 808 4958 nescit
849 4900 1194 4970 Scripturas,
1229 4899 1402 4955 nescit
1451 4898 1544 4954 Dei
1592 4898 1848 4952 virtutem
1958 4898 2108 4955 brevi
2158 4914 2358 4971 cupere
2401 4915 2658 4957 sermone
2703 4903 3179 4973 comprehendere
3213 4922 3227 4958 :
3259 4919 3381 4960 cum
3433 4905 3558 4961 uni-

250 5007 482 5074 ejusque
508 5000 833 5072 sapientiam
865 5016 877 5050 :
915 4997 1183 5068 ignoratio
1229 4997 1670 5065 Scripturarum,
1702 4998 1854 5063 igno-
1884 5008 1933 5068 Β
1962 5007 2120 5048 versa
2146 4993 2358 5049 Domini
2386 5005 2728 5051 sacramenta
2782 5013 3028 5067 praesens
3069 4998 3351 5069 Scriptura
3396 5001 3566 5055 conti-

255 5101 394 5155 ratio
420 5095 624 5153 Christi
672 5103 782 5149 est.
815 5091 967 5149 Unde
1018 5090 1329 5146 orationum
1374 5099 1586 5143 tuarum
1619 5098 1640 5126 ο
1690 5087 1858 5143 fultus
1969 5097 2130 5155 neat;
2167 5096 2224 5144 et
2266 5099 2372 5144 tam
2424 5098 2587 5146 natus
2635 5091 2704 5145 de
2743 5090 2965 5161 Virgine
3012 5091 3355 5158 Emmanuel,
3403 5107 3569 5165 quam

327 5274 353 5302 ε
386 5263 684 5330 Exegimus
723 5261 888 5317 hosce
917 5257 1443 5330 Commentariorum
1478 5255 1529 5330 in
1568 5253 1765 5330 Isaiam
1797 5252 1864 5307 li-
1969 5254 2194 5330 spiritus
2218 5252 2483 5330 vocabulo
2508 5252 2634 5321 dici,
2666 5267 2771 5308 non
2802 5253 2983 5309 carnis
3012 5271 3025 5309 :
3055 5253 3268 5330 tametsi
3300 5254 3563 5330 Paulinae,

258 5337 386 5391 hros
420 5339 486 5389 ad
510 5323 752 5390 codicem
778 5333 1142 5389 Palatinatnm
1164 5329 1284 5392 I72,
1308 5339 1420 5382 tum
1452 5327 1617 5382 alium
1649 5323 1867 5379 Vatica-
1972 5341 2092 5394 qua:
2121 5324 2470 5380 Pammachio
2496 5333 2787 5396 nupserat,
2839 5341 2967 5381 vere
3013 5339 3171 5382 soror
3213 5325 3568 5382 Eustochium

263 5423 390 5462 uum
408 5406 830 5463 3‘22.Maximam
850 5419 1066 5475 quoque
1089 5417 1278 5456 eorum
1299 5409 1505 5475 partem
1526 5397 1866 5454 consulimus
1976 5397 2095 5475 fuit.

262 5495 384 5534 cum
432 5479 644 5532 ttuolms
670 5469 1069 5534 Ambro~iauis,
1102 5475 1272 5528 altero
1316 5471 1354 5526 S
1397 5473 1595 5534 littera,
1627 5477 1683 5524 et
1716 5485 1865 5523 num.
2049 5480 2073 5541 ς
2093 5469 2320 5541 Palatia.
2343 5469 2465 5535 I72,
2501 5470 2751 5541 salvatus,
2779 5483 2880 5539 pro
2905 5469 3090 5541 fultus.

264 5552 356 5616 45,
390 5552 562 5604 altero
606 5550 648 5604 E
687 5559 744 5603 et
789 5548 856 5604 εδ
889 5545 1222 5616 ριίυιιοιειιίε.
1279 5543 1380 5599 Ubi
1415 5559 1545 5616 vero
1592 5541 1871 5616 codicibus
2019 5539 2077 5616 __d
2125 5540 2335 5616 Servavi
2378 5541 2490 5595 tibi.
2533 5539 2912 5616 Quamplures
2944 5557 3078 5616 mss.
3124 5540 3339 5595 codices
3389 5539 3582 5616 legunt

265 5611 410 5689 aliis,
436 5622 528 5693 qui
577 5638 742 5675 unum
790 5611 1144 5693 aut'alterutn
1198 5626 1405 5693 tantum
1435 5615 1873 5693 Hic-rOnytniaua:
1981 5613 2316 5693 alio_rnodo,
2347 5622 2402 5666 et
2437 5613 2715 5693 contrario
2732 5627 2909 5693 sensu
2947 5611 3146 5693 :__Nova
3189 5621 3235 5693 et
3272 5620 3442 5693 vetera
3470 5613 3581 5681 [ra-

270 5683 432 5766 hnjns
454 5683 818 5763 expositiotiis
851 5689 1428 5766 lihrnmcontiuerent,
1466 5687 1544 5740 usi
1572 5683 1786 5750 sumus,
1810 5683 1878 5738 il-
1983 5684 2163 5766 trueiis
2188 5700 2328 5766 meus
2355 5686 2573 5766 servavit
2618 5683 2764 5766 mihi.
2796 5685 2862 5766 At
2888 5684 3092 5766 nullam
3127 5684 3269 5766 inter
3303 5687 3580 5766 variantes

269 5755 358 5822 los
379 5767 493 5821 suis
515 5755 759 5836 quosque
787 5764 918 5818 locis
950 5761 1253 5817 laudamus.
1983 5755 2250 5812 lectiones
2285 5757 2642 5824 interpretum
2673 5755 3086 5826 deprehendere
3121 5755 3266 5825 potui
3283 5799 3311 5836 ,Δ
3331 5771 3452 5825 qua:
3483 5760 3582 5812 tir—

349 5858 374 5897 δ
418 5830 617 5912 Ἐνίῖιτὶ
671 5830 788 5919 tuo,
833 5867 942 5911 etc.
1000 5854 1250 5910 Fratrem
1300 5849 1585 5931 Eustochii
1630 5848 1883 5931 Pamma-
1984 5849 2312 5931 marethauc
2337 5847 3022 5931 sententiam.lnllebrmo
3055 5830 3374 5931 legimus')"

280 5931 465 5988 "chimn
509 5938 668 5983 \ocat
709 5928 775 5982 lli
796 5941 1076 6000 -rouytuus
1098 5968 1112 5989 ,
1154 5924 1284 6000 quia
1296 5924 1497 6000 eidem
1529 5919 1882 6000 Pammachio
1985 5920 2243 6000 {sap/tanti
2267 5921 2434 5986 Iecha,
2462 5920 2513 5976 id
2538 5932 2642 5984 εει,
2673 5920 2868 5974 servavi
2895 5919 3010 5986 tibi,
3040 5921 3174 5986 sive,
3201 5919 3445 5976 abscondi
3467 5919 3584 5976 tibi.

283 6011 552 6075 nupserat
583 6001 817 6056 Paulina
850 5991 1003 6055 soror
1031 5991 1329 6054 Eustachii.
1359 5995 1718 6051 MARTIAﬁ.—-
1749 5991 1881 6046 Puta
1987 5991 2255 6046 Maurum.
