4052 6446
511 356 580 415 19

1762 356 1821 413 S.
1866 355 2137 419 EUSEBII
2173 355 2557 423 NIERONYMI

3739 355 3811 412 ΞΘ

507 469 805 526 illustrium
841 476 1085 540 patrator
1116 483 1345 541 operum
1388 476 1552 543 atque
1595 469 1874 543 signorum
1912 489 1925 524 :
1958 486 2106 526 mor-
2140 486 2188 555 Α
2216 472 2384 545 '5)?et
2412 472 2589 531 David
2604 472 2822 547 sapiens
2851 481 2968 533 crat
2996 472 3088 547 qui
3116 472 3454 547 gloriabatur
3475 473 3533 533 in
3555 472 3809 533 Pssimo:

512 576 638 621 tuus
670 579 731 620 ac
759 564 1029 636 sepultus,
1055 574 1109 620 et
1140 576 1433 637 resurgens
1457 572 1483 602 ⁸
1506 566 1574 620 ab
1600 561 1811 632 inferis,
1841 575 1895 621 et
1918 564 2104 626 Salva-

511 667 601 714 tor
639 659 1015 714 universarum
1061 658 1305 729 gentium
1348 658 1694 729 praedicetur.
1730 659 1873 728 Quid
1917 660 2110 731 loquar

512 751 583 808 de
611 750 865 824 physica,
896 748 1075 807 ethice
1100 759 1157 808 et
1184 749 1213 790 δ
1253 748 1465 823 logica?
1491 750 1763 824 Quidquid
1794 761 2107 809 sanctarum

512 856 601 903 est
629 848 1034 918 Scriptumum
1068 863 1083 901 ι
1119 847 1385 919 quidquid
1428 839 1608 919 potest
1650 847 1885 902 humana
1929 846 2110 917 lingua

510 938 784 1012 proferre,
826 946 883 995 et
913 942 1221 996 mortalium
1270 953 1467 998 sensus
1502 942 1783 1013 accipere,
1824 941 1935 996 isto
1959 940 2115 995 volu-

511 1038 662 1094 mina
702 1037 1033 1094 continetur.
1066 1038 1147 1095 De
1191 1040 1349 1109 cujus
1391 1042 1671 1113 mysteriis
1718 1050 1954 1099 testatur
1996 1042 2115 1113 ipse

511 1130 606 1200 qui
649 1130 872 1201 scripsit
898 1144 911 1187 ε
938 1129 1011 1186 Et
1047 1132 1145 1189 erit
1183 1132 1327 1188 vobis
1354 1134 1485 1188 visio
1511 1135 1773 1203 autuiutn,
1806 1138 1942 1192 sicut
1962 1138 2117 1192 verba

512 1222 635 1281 libri
672 1226 914 1298 signati:
953 1242 1109 1295 quem
1142 1244 1262 1283 cum
1301 1228 1539 1285 dederint
1570 1232 1756 1287 scienti
1787 1232 2006 1299 litteras,
2033 1232 2117 1287 dio

515 1326 631 1374 cent
660 1334 678 1374 :
704 1316 841 1392 Lege
880 1320 1055 1377 istum.
1104 1320 1170 1379 Et
1205 1321 1582 1394 respondebit:
1621 1322 1745 1379 Non
1785 1341 2015 1397 possunt,
2044 1326 2118 1383 si-

516 1420 707 1479 gnatus
729 1420 803 1466 est
824 1409 985 1468 enim.
1019 1410 1085 1469 Et
1108 1412 1319 1471 dabitur
1343 1414 1472 1472 liber
1493 1416 1743 1473 nescienti
1768 1417 1969 1474 litteras
1989 1434 2008 1473 :
2030 1419 2086 1473 di
2096 1450 2116 1462 -

518 1513 760 1575 ceturque
788 1505 854 1568 ei,
879 1504 1009 1578 lege,
1035 1516 1085 1561 et
1112 1510 1462 1579 respondebit,
1502 1512 1678 1566 nescio
1718 1511 1919 1569 litteras
1961 1512 2114 1587 (lsai.

517 1611 670 1661 xxnv,
703 1597 792 1663 ll,
822 1597 938 1671 12).
979 1599 1105 1656 Sive
1137 1601 1297 1672 igitur
1323 1602 1468 1658 hunc
1515 1604 1713 1660 librum
1756 1605 1975 1662 dederis
2019 1624 2118 1663 ne-

516 1689 715 1745 scienti
740 1690 957 1749 litteras
987 1693 1201 1765 Populo
1228 1697 1533 1766 nationum,
1556 1698 1921 1767 respondebit
1952 1718 1967 1756 :
2000 1699 2119 1756 Non

516 1797 743 1851 possum
789 1783 972 1855 legere
1009 1803 1022 1840 :
1056 1789 1182 1858 quia
1225 1804 1335 1843 non
1367 1788 1528 1845 didici
1566 1790 1779 1847 litteras
1809 1790 2119 1863 Scriptura-

2212 567 2422 625 Incerta
2443 580 2489 624 et
2513 570 2712 635 occulta
2733 570 3001 641 sapientia:
3027 579 3129 625 tua:
3166 568 3507 640 manilestasli
3534 566 3661 629 mihi
3689 566 3809 642 (Ps.

2211 677 2264 731 ι,
2299 662 2382 735 8),
2401 660 2676 734 quomodo
2703 661 2982 735 Sapientes
3007 660 3294 732 Prophetas
3326 661 3499 717 instar
3528 660 3811 719 brutorum

2212 754 2569 810 animantium
2619 754 2745 826 quid
2777 753 3051 823 dicerent,
3085 753 3446 827 ignorabant?
3475 754 3731 829 Legimus
3761 762 3819 812 et.

2214 843 2266 902 in
2298 847 2407 902 alio
2433 846 2682 916 Apostoli
2713 847 2837 903 loco
2859 866 2873 904 :
2898 847 3129 920 Spiritus
3159 846 3543 921 Pmphetarum
3577 844 3817 919 PrOphe-

2216 942 2283 997 tis
2306 938 2335 979 ά
2357 940 2575 1016 subjecti
2614 951 2733 997 sunt
2760 942 2806 1017 (Ι
2827 941 2948 997 Cor.
2976 957 3089 1009 xxv,
3120 942 3213 1013 3‘2)
3246 956 3262 997 ε
3298 950 3357 997 ut
3388 942 3439 997 in
3462 956 3556 996 sua
3585 940 3821 995 habeant

2218 1042 2513 1104 potestate,
2549 1034 2767 1105 quando
2806 1043 3044 1103 taceant,
3077 1032 3295 1106 quando
3325 1031 3631 1107 loquantur.
3664 1029 3825 1101 Quod

2218 1126 2266 1182 si
2292 1127 2377 1182 cui
2412 1126 2632 1182 videtur
2658 1126 2961 1195 inﬁrmum,
2997 1126 3131 1184 illud
3159 1128 3403 1199 ejusdem
3433 1128 3682 1199 Apostoli
3727 1144 3825 1183 au-

2221 1220 2371 1278 diat:
2403 1220 2683 1293 Propheta
2714 1224 2821 1278 duo
2845 1232 2935 1278 aut
2962 1232 3062 1279 tres
3094 1224 3391 1295 loquantur,
3418 1232 3468 1279 et
3495 1223 3588 1278 alii
3627 1224 3827 1298 dijudi-

2223 1326 2332 1371 cent
2364 1335 2382 1371 ;
2414 1317 2460 1371 si
2483 1327 2652 1373 autem
2680 1316 2773 1372 alii
2802 1316 2956 1387 fuerit
2996 1317 3273 1376 revelatum
3320 1316 3538 1383 «denti,
3570 1316 3711 1389 prior
3748 1326 3830 1371 too

2223 1418 2330 1467 ceat
2356 1407 2406 1482 (l
2413 1409 2522 1471 bid.
2541 1449 2557 1477 ,
2578 1407 2694 1482 29).
2714 1410 2831 1479 Qua
2847 1419 3076 1482 possunt
3098 1409 3311 1467 ratione
3329 1411 3618 1477 retierre,‘
3631 1424 3757 1467 eum
3771 1409 3829 1469 in

2223 1501 2432 1557 ditione
2450 1501 2519 1559 sit
2535 1501 2761 1573 spiritus
2772 1501 2863 1573 qui
2887 1502 3123 1573 loquitur
3139 1518 3237 1579 per
3250 1502 3669 1573 Prophetas,vel
3684 1511 3831 1561 tace-

2224 1609 2284 1649 re
2299 1595 2379 1647 vel
2400 1594 2618 1650 dicere?
2642 1594 2700 1650 Si
2724 1610 2852 1665 ergo
2867 1594 3241 1666 intelligebant
3260 1610 3380 1666 qua:
3401 1595 3677 1661 dicebant,
3695 1594 3834 1668 5-6

2222 1699 2420 1747 cuncta
2436 1691 2717 1762 sapienti?
2740 1692 3083 1762 rationisque
3106 1699 3232 1745 sunt
3257 1690 3437 1758 plena.
3456 1689 3567 1745 Nec
3584 1704 3682 1746 aer
3697 1702 3832 1746 voce

2222 1785 2471 1855 pulsatus
2502 1785 2567 1840 ad
2600 1798 2763 1841 aures
2792 1799 2982 1839 eorum
3013 1782 3404 1855 perveniebat;
3444 1783 3541 1839 sed
3575 1782 3722 1838 Deus
3753 1782 3835 1837 lo-

517 1891 678 1941 rum;
708 1877 825 1933 sive
856 1878 1077 1935 dederis
1105 1880 1321 1939 Scribis
1351 1891 1410 1940 et
1458 1882 1775 1953 Plurimis,
1814 1886 1908 1959 qui
1953 1886 2121 1959 aegis
2150 1895 2200 1957 Β
2224 1880 2498 1947 quebstur
2541 1878 2595 1935 in
2644 1880 2831 1935 animo
2872 1876 3295 1949 Prophetarum,
3324 1876 3475 1946 juxta
3518 1874 3647 1930 illud
3685 1874 3832 1947 quod

517 1968 733 2024 litteras
764 1985 928 2027 nosse
955 1987 1014 2027 se
1039 1973 1269 2043 iactant,
1304 1976 1711 2047 respondebunt
1743 1996 1755 2032 :
1787 1976 1901 2033 Non
1930 1994 2124 2050 possu-

522 2078 646 2120 mus
673 2064 855 2136 legere
885 2085 898 2120 :
926 2068 1054 2138 quia
1085 2070 1332 2140 signatus
1355 2079 1437 2127 est
1459 2070 1616 2127 liber.
1643 2071 1782 2141 Quid
1822 2073 2023 2130 idcirco
2044 2075 2127 2133 eis

524 2156 771 2228 signatus
806 2160 931 2214 est?
961 2162 1220 2231 quoniam
1271 2179 1377 2218 non
1409 2172 1737 2236 receperunt
1794 2181 1917 2220 eum
1963 2181 2123 2236 quem

526 2251 757 2321 signavit
788 2252 950 2309 Pater
980 2254 1141 2326 (Joan
1170 2272 1242 2323 vr,
1276 2256 1371 2331 27)
1409 2276 1422 2312 :
1455 2258 1547 2329 qui
1578 2258 1760 2316 habet.
1782 2261 1993 2317 clavem
2025 2261 2129 2318 Da-

527 2345 620 2400 vid
655 2361 668 2399 :
702 2346 1000 2418 Quinperit,
1036 2359 1084 2402 et
1114 2365 1262 2403 nemo
1275 2350 1501 2417 claudit;
1530 2353 1617 2423 qui
1646 2344 1867 2421 claudit,
1904 2362 1952 2408 et
1982 2366 2133 2410 nemo

537 2439 702 2509 aperit
736 2437 924 2510 (Apoc.
958 2453 1035 2507 ιιι,
1072 2439 1149 2500 7).

600 2529 789 2602 Neque
809 2547 959 2599 vero,
982 2545 1003 2572 ε
1021 2543 1077 2593 ut
1093 2532 1379 2593 Montanus
1391 2550 1515 2593 eum
1533 2536 1743 2595 insanis
1756 2535 1971 2595 feminis
1984 2553 2133 2597 som-

531 2627 671 2695 niat,
686 2625 977 2697 Prophetas
994 2627 1047 2687 in
1062 2629 1259 2685 ecstuli
1283 2635 1409 2685 sunt
1423 2628 1541 2686 locu
1551 2630 1610 2698 ti,
1627 2636 1686 2685 ut
1699 2632 1995 2689 nescierint
2008 2634 2137 2703 quid

533 2720 912 2789 loquerentur,
944 2726 1000 2774 et
1024 2735 1145 2775 cum
1174 2722 1313 2775 alios
1357 2722 1662 2791 erudirent,
1696 2724 1796 2794 ipsi
1826 2724 2141 2795 ignorarent

533 2810 666 2880 quid
714 2810 980 2865 dicerent.
1017 2810 1091 2866 De
1112 2812 1312 2882 quibus
1339 2812 1647 2884 Aposutlus,
1678 2815 1753 2871 ait
1784 2830 1798 2872 t
1844 2815 2143 2877 Nescienm

535 2921 651 2975 qua:
676 2906 977 2976 loquantur,
996 2921 1160 2977 neque
1189 2907 1254 2960 de
1275 2907 1462 2979 quibus
1491 2909 1739 2979 aﬂirment
1757 2909 1799 2982 (1
1829 2911 1965 2968 'l'im.
1996 2912 2141 2985 1,7):

537 3000 634 3055 sed
663 2998 814 3070 juxta
834 2999 1185 3054 Salontonem
1219 3001 1309 3070 qui
1340 3000 1580 3070 loquitur
1600 3003 1653 3057 in
1683 3003 2148 3059 Proverbiis:Sa-

2227 1971 2368 2026 alius
2416 1969 2689 2041 Propheta
2724 1968 2858 2025 dicit
2894 1988 2905 2023 :
2937 1968 3165 2042 Angelus
3209 1968 3296 2040 qui
3331 1966 3634 2039 loquebatur
3664 1969 3718 2022 in
3754 1984 3835 2023 me

2229 2061 2413 2139 (Zach.
2448 2078 2496 2129 ι,
2519 2062 2611 2134 9),
2637 2070 2691 2123 et
2723 2060 3053 2118 :Clatnantes
3078 2061 3130 2114 in
3160 2058 3403 2114 cordibus
3425 2060 3634 2125 nostris,
3668 2058 3832 2126 Abba,

2229 2164 2376 2230 pater
2404 2153 2547 2227 (Gal.
2574 2171 2645 2219 tv,
2680 2154 2760 2227 6).
2795 2156 2857 2210 Et
2891 2153 3160 2211 :Audiam
3202 2153 3331 2225 quid
3381 2153 3623 2225 loquatur
3659 2153 3715 2209 in
3758 2169 3837 2207 tne

2232 2247 2488 2307 Dominus
2522 2247 2660 2303 Deus
2693 2247 2813 2321 (Ps.
2849 2263 3066 2315 Lustv,
3103 2247 3183 2317 9).

2310 2340 2462 2400 Unde
2514 2355 2635 2414 post
2662 2338 2911 2399 ltiatorim
2942 2342 3254 2409 veritatem,
3306 2342 3666 2413 spiritualitcr
3696 2341 3840 2396 acci-

2238 2436 2434 2508 pienda
2466 2447 2590 2492 sunt
2620 2436 2801 2493 omnia
2838 2452 2850 2489 :
2882 2444 2937 2492 et
2966 2438 3044 2492 sic
3073 2436 3259 2492 Judzea
3292 2447 3343 2493 et
3373 2436 3704 2505 Jerusalem,
3740 2436 3842 2492 Ba-

2240 2529 2402 2600 bylon
2434 2540 2489 2587 et
2520 2530 2874 2597 Philistltiim,
2929 2541 2985 2587 et
3035 2529 3194 2585 Moab
3223 2541 3275 2585 et
3301 2529 3621 2597 Damascus,
3676 2527 3841 2599 (Egy-

2242 2622 2728 2696 ptusetdesertum
2758 2638 2925 2693 mare,
2945 2623 3182 2681 ldumaca
3207 2632 3263 2681 et
3289 2622 3514 2693 Arabia,
3541 2622 3558 2662 τ
3587 2636 3651 2683 ac
3683 2623 3843 2679 vallis

2244 2721 2506 2786 Visionis,
2541 2730 2597 2777 et
2626 2721 2691 2776 ad
2718 2732 3025 2777 extremum
3078 2722 3277 2794 Tyrus,
3308 2729 3365 2775 ct
3388 2720 3539 2775 Visio
3596 2719 3843 2790 quadru-

2244 2815 2445 2889 pedum
2474 2814 2829 2885 intelligenda
2860 2824 3025 2879 sunt;
3083 2824 3139 2868 ut
3187 2823 3383 2869 cuncta
3442 2828 3756 2884 quaeramus
3787 2812 3841 2867 in

2248 2923 2438 2973 sensu,
2472 2915 2527 2963 et
2558 2908 2610 2963 in
2642 2909 2894 2962 omnibus
2920 2907 3027 2971 ltlS,
3058 2908 3210 2977 quasi
3242 2907 3462 2977 sapiens
3507 2905 3846 2961 architectus

2250 3003 2454 3057 Paulus
2483 3000 2953 3071 apostolusjaciat
2980 3000 3413 3063 fundamentum,
3445 2998 3589 3070 quod
3623 3014 3731 3053 non
3764 3005 3849 3053 est

541 3095 687 3162 piens
716 3090 961 3163 intelligit
987 3108 1103 3163 quis
1134 3096 1331 3163 profert
1358 3091 1422 3146 de
1448 3108 1537 3147 ore
1564 3111 1661 3148 suo
1684 3112 1703 3161 ;
1725 3106 1773 3149 et
1797 3096 1851 3149 in
1875 3097 2025 3150 labiis
2041 3097 2149 3151 suis
2253 3096 2400 3151 aliud
2428 3104 2630 3167 pratter
2656 3091 2933 3147 Christum
2957 3092 3165 3147 Jesum.
3219 3092 3508 3160 Magnique
3558 3091 3761 3147 laboris
3794 3098 3850 3145 et

543 3185 768 3253 portabit
796 3184 1064 3238 scientiam
1087 3183 1272 3256 (Prov.
1301 3200 1414 3248 xvr,
1440 3186 1740 3256 25),etiam
1772 3188 1873 3259 ipsi
1904 3187 2151 3253 sciebant
2254 3176 2438 3258 operis
2468 3196 2574 3248 est.
2603 3201 2821 3241 omnem
2854 3185 3006 3239 Isaite
3029 3185 3227 3239 librum
3262 3183 3401 3238 velle
3420 3183 3750 3248 edisserere,
3794 3184 3849 3237 in

541 3280 669 3349 quid
702 3280 969 3334 dicerent.
1001 3278 1058 3334 Si
1100 3281 1244 3334 cnim
1295 3281 1569 3352 sapientes
1614 3293 1772 3337 erant
1816 3283 2108 3356 Prophetas
2132 3329 2147 3354 ,
2179 3293 2224 3357 α
2257 3296 2367 3352 quo
2400 3279 2666 3350 maiorum
2701 3288 3011 3332 Itoslrorum
3047 3276 3259 3348 ingenia
3288 3274 3627 3330 Stldaverunl
3652 3290 3665 3328 τ
3692 3275 3851 3331 δι’τὲ-

544 3374 686 3443 quod
714 3388 913 3443 negare
941 3388 1047 3427 non
1074 3388 1371 3444 possumus
1393 3391 1407 3438 ;
1432 3383 1488 3429 et
1519 3375 1698 3430 Moses
1723 3377 1870 3430 etnni
1900 3378 2146 3433 eruditus

545 3466 810 3534 sapientia
842 3463 1169 3532 loquebatur
1212 3463 1277 3519 ad
1328 3466 1639 3532 Dominum,
1668 3475 1723 3521 et
1760 3468 2022 3523 Dominus
2060 3484 2147 3523 re-

545 3560 851 3628 spondebat
879 3559 1031 3625 citet
1078 3560 1146 3616 de
1176 3559 1400 3616 Dauiele
1435 3559 1502 3615 ad
1535 3560 1832 3631 principem
1861 3561 1987 3633 Tyri
2013 3562 2152 3618 dici-

547 3664 636 3708 tur
670 3671 683 3708 :
718 3650 985 3723 Numquid
1024 3651 1305 3721 sapientior
1341 3667 1394 3707 es
1427 3650 1646 3708 Daniels
1689 3652 1708 3723 (
1738 3652 1923 3708 Escclr.
1956 3670 2145 3723 xxvttt,

620 3850 645 3877 ιι
676 3836 919 3893 Vatican.
952 3835 1083 3901 322,
1111 3849 1425 3903 resurgensa
1444 3834 1679 3891 mortuis.

621 3909 649 3949 ιι
684 3908 868 3963 Ethice
890 3918 936 3976 et
965 3905 1270 3976 theologica.
1303 3906 1526 3961 lnantea
1542 3906 1874 3964 editislibris
1893 3907 2140 3976 habetur,

550 3984 715 4040 ethica
738 3990 781 4035 et
808 3972 977 4050 logica
1002 3995 1020 4045 ;
1047 3972 1157 4032 sed
1169 3992 1357 4032 errore
1391 3977 1712 4050 manifesto,
1741 3995 1864 4035 cum
1916 3972 2147 4048 ipsemet

549 4042 915 4121 Hieronymus
940 4042 1229 4121 theologica
1266 4042 1553 4121 prologica
1584 4042 1869 4120 legendum
1894 4042 2149 4108 statuerit

550 4119 880 4196 epistola_ad
904 4122 1124 4176 Paulam
1143 4119 1524 4196 d_e_a_lphabeto
1551 4122 1839 4196 liebraico,
1864 4124 1955 4179 ubi
1980 4125 2056 4178 ait
2079 4125 2146 4179 de

550 4190 726 4270 logica
746 4213 759 4249 :
780 4192 888 4270 [fro
908 4209 1009 4262 qua
1029 4190 1191 4270 nostri
1205 4190 1548 4270 Theologicen
1570 4193 1667 4246 sibi
1690 4195 1968 4251 vindicant.
1998 4196 2145 4253 Matt-

553 4262 777 4326 TIXN.-
791 4262 879 4338 Sic
905 4273 959 4319 et
977 4278 1107 4338 mss.
1130 4262 1375 4338 plerique
1399 4262 1696 4338 lt:tbeut_,_et
1714 4276 1925 4338 veteres
1942 4282 2159 4338 quoque

554 4340 686 4396 editi
710 4337 833 4393 libri
859 4334 1239 4402 prtelerebant.
1267 4332 1559 4404 Perperam
1592 4335 1938 4391 Martianmus
1958 4332 2034 4391 lle
2059 4332 2160 4391 suo

556 4414 688 4469 fecit
714 4405 1024 4478 Theologica
1045 4421 1112 4463 ex
1138 4418 1515 4478 prmconcepts
1530 4407 1788 4476 epioione
1805 4423 1871 4464 οι
1894 4409 2056 4478 epist.
2088 4409 2160 4465 30

558 4485 625 4541 ad
645 4481 865 4539 Paulam
890 4477 957 4534 de
979 4478 1289 4551 Alphabeto
1315 4492 1466 4532 num.
1494 4477 1545 4533 1.
1580 4484 1644 4534 At
1664 4479 1739 4535 ἱΙή
1765 4477 1981 4551 quoque
1997 4480 2161 4537 tradit

2254 3389 2441 3429 eorum
2471 3373 2617 3428 dico.
2649 3373 2919 3427 Cmterutn
2969 3371 3108 3441 apud
3142 3370 3366 3425 Latinos
3419 3367 3629 3439 grande
3681 3368 3853 3422 silen-

2256 3470 2388 3523 tium
2419 3477 2525 3533 est,
2550 3472 2749 3538 praeter
2774 3474 2977 3520 sanctae
3002 3464 3277 3519 memoriae
3308 3473 3333 3511 Β
3355 3470 3648 3534 martyrem
3663 3460 3854 3514 Victo-

2258 3562 2460 3626 rlnum,
2481 3561 2720 3631 quicum
2745 3559 3015 3629 Apostolo
3038 3558 3225 3613 dicere
3241 3563 3453 3627 poterat
3491 3572 3504 3608 :
3539 3553 3567 3595 ιι
3598 3552 3716 3609 Etsi
3757 3553 3855 3606 im-

2258 3654 2455 3725 peritus
2492 3668 2745 3719 sermone,
2787 3667 2890 3705 non
2920 3660 3089 3705 tamen
3127 3648 3383 3719 scientia(
3411 3646 3453 3703 ll
3493 3645 3614 3702 Cor.
3652 3662 3731 3714 ιι,
3765 3642 3848 3717 9).

2254 3837 2349 3892 lib.
2408 3836 2479 3892 de
2522 3835 2724 3902 Script.
2778 3834 2991 3890 Eccles.
3034 3835 3087 3889 in
3133 3832 3437 3903 Mellitone,
3478 3833 3757 3906 Apollonio
3796 3838 3854 3888 et

2252 3906 2600 3964 Tertulliaao.
2635 3907 2907 3963 Maurum.

2324 3980 2351 4018 ἀ
2392 3980 2596 4047 Palat.,
2633 3980 2889 4050 subjectus
2907 3987 3011 4050 est,
3035 3978 3163 4050 etin
3188 3993 3283 4031 sua
3304 3974 3453 4050 habet
3484 3985 3752 4047 potestate.

2330 4064 2353 4091 ο
2372 4052 2500 4107 Cant
2538 4045 2590 4105 in
2611 4045 2829 4115 ditione,
2858 4058 2963 4105 etc.
2991 4049 3217 4106 Codices
3245 4062 3376 4104 mss.
3397 4045 3512 4104 lere
3539 4064 3735 4105 omnes
3776 4045 3856 4102 le-

2253 4132 2389 4197 gunt
2406 4126 2460 4197 in
2485 4122 2706 4197 (latione
2720 4122 2793 4197 sit
2829 4123 3087 4197 Spiritus.
3114 4122 3384 4197 illinunt.

2332 4195 2350 4235 ί
2378 4196 2453 4250 Ac
2481 4196 2630 4251 uallis
2665 4193 2912 4257 Visionis,
2948 4193 3089 4250 Editi
3112 4194 3319 4249 addunt
3347 4194 3630 4261 nonnulla,
3658 4204 3852 4260 nempe

2267 4283 2329 4323 ac
2357 4268 2505 4322 vallis
2536 4267 2687 4331 Sion,
2709 4281 2829 4337 qum
2855 4267 3057 4320 absunt
3086 4266 3139 4320 in
3168 4265 3380 4322 cunctis
3406 4263 3699 4337 (iudicibus
3718 4279 3848 4337 mss.

2270 4353 2371 4393 uec
2402 4337 2654 4408 leguntur
2684 4332 2742 4391 in
2765 4335 3024 4392 Versione
3049 4336 3386 4407 Hieronymi,
3408 4335 3461 4390 in
3486 4352 3588 4404 qua
3620 4349 3737 4404 poSt
3791 4332 3855 4388 ti-

2270 4409 2441 4464 tulum
2460 4407 2655 4474 istum,
2681 4408 2827 4462 Onus
2851 4410 2905 4463 in
2930 4408 3141 4475 Arabia,
3167 4417 3567 4479 consequenter
3588 4407 3851 4479 scriptum

2270 4491 2376 4545 est,
2403 4481 2550 4536 Onus
2595 4480 2745 4535 vallis
2794 4479 3042 4536 Visionis.
3087 4480 3322 4535 Consule
3353 4476 3485 4534 tum.
3519 4480 3539 4535 l
3573 4480 3688 4536 sive
3717 4476 3851 4534 divi-

562 4554 924 4632 lliereoymus
953 4550 1088 4632 Satis
1120 4548 2026 4632 luculenter,.partiri‘philosophos
2054 4552 2162 4632 dis-
2188 4570 2244 4632 ι)
2270 4552 2811 4632 namiiibliothecam
2854 4552 2911 4632 S.
2944 4553 3280 4632 Hieronymi.
3315 4552 3587 4632 MARTiitN.

562 4616 854 4697 putatiohes
870 4636 995 4697 suas
1018 4622 1071 4697 in
1093 4616 1381 4697 physicam,
1404 4616 1640 4697 ethicam,
1673 4616 1999 4697 logicamque
2022 4638 2039 4678 :
2063 4625 2166 4678 mi—

562 4693 710 4753 nime
736 4695 978 4753 omnium
1009 4693 1349 4766 theologicam
1376 4693 1644 4766 nominat.
1677 4694 1818 4761 Quin
1849 4693 2037 4750 subdit
2067 4710 2164 4766 pro

560 4771 731 4844 logica
777 4774 993 4844 nostros
1035 4765 1296 4844 theoricen
1343 4763 1449 4844 sibi
1502 4765 1780 4844 vindicare
1815 4786 1829 4822 ι
1883 4763 2163 4844 atquein

555 4835 975 4911 restituendum,
1002 4835 1081 4893 uti
1102 4836 1349 4911 fecimus,
1366 4835 1560 4911 locum
1583 4838 1818 4892 adducto
1836 4854 1906 4911 ex
1926 4838 2164 4911 Origene

557 4904 989 4968 luculentissima
1015 4904 1326 4962 testimonio
1347 4904 1717 4963 ostendimus:
1743 4908 1887 4965 unde
1909 4904 2163 4969 ctsinuid

559 4994 773 5039 mutare
799 4996 864 5038 es
894 4980 1015 5034 aliis
1043 4992 1173 5035 mss.
1205 4978 1294 5034 hic
1320 4981 1515 5046 mavis,
1550 4978 1822 5047 Theorica,
1856 4996 1962 5037 non
1997 4978 2164 5038 Theo—

558 5058 727 5126 legica
767 5051 1179 5126 rescribendum
1222 5048 1580 5126 omnino_sit.
1616 5052 1894 5126 ilideiquat
1943 5054 1996 5111 in
2037 5070 2160 5110 eum

561 5122 741 5183 locum
782 5122 1285 5197 animadvertimus,
1315 5123 1511 5197 tumin
1542 5123 1864 5197 epistri'z‘i,
1900 5127 1968 5180 ad
2004 5127 2164 5197 Alga-

558 5200 716 5269 siaut,
735 5208 927 5269 qumst.
951 5194 1039 5263 10,
1058 5194 1112 5249 in
1138 5198 1275 5269 ttae:
1300 5194 1535 5253 maxime
1559 5211 1691 5255 vero
1711 5196 1768 5252 in
1790 5194 2161 5256 Commentar.

560 5273 615 5329 in
646 5267 1015 5338 Ecclesiasten
1041 5280 1160 5338 cap.
1197 5267 1247 5335 ι,
1274 5274 1385 5321 not.

638 5354 659 5381 ο
699 5334 766 5397 Ut
804 5332 1082 5411 Montanus
1098 5332 1244 5411 {etcl
1274 5337 1422 5411 Idem
1450 5334 1814 5411 Hieronymus
1852 5338 1969 5396 hrec
1997 5339 2163 5399 habet

565 5413 710 5468 infra
740 5414 793 5467 in
824 5428 842 5466 ι
868 5420 1030 5481 caput
1062 5409 1221 5481 ,lsaiae
1251 5426 1265 5464 :
1298 5408 1383 5481 Ea:
1415 5408 1784 5481 quoblontani
1823 5412 2162 5468 deliramenta

568 5488 888 5550 conticeant,
918 5472 1104 5565 q'uihin
1131 5472 1314 5565 σπείρει
1335 5490 1386 5565 et
1412 5472 1584 5565 cordis
1610 5481 2162 5565 amentiaﬁrophetas

567 5565 719 5627 putat
748 5548 955 5612 venturo
986 5548 1197 5609 dixisse.
1224 5548 1469 5610 Ecstasiu
1498 5548 1661 5626 igitur
1692 5552 1942 5627 intelligit
1979 5548 2161 5627 cordis

569 5632 887 5693 amentiam,
918 5640 1355 5697 quanumquam
1385 5627 1622 5696 correpti
1670 5634 1800 5695 sunt
1825 5626 1996 5682 sancti
2028 5626 2162 5683 Pro-

571 5700 785 5769 pltetza,
812 5695 1268 5770 quemadmodum
1309 5695 1617 5766 Montanus,
1664 5697 1847 5753 Prisca
1884 5708 1940 5754 et
1993 5698 2163 5770 Maxi-

575 5760 755 5838 milla,
775 5760 845 5823 et'
863 5760 1046 5824 caeteri
1074 5769 1565 5838 pseudoprophette
1598 5760 1998 5838 han‘eticorum.
2034 5768 2163 5827 Vide

570 5812 2155 5914 estsatis:stagnanti}:p'."isf;a"té;'ét.t;;

575 5911 764 5973 homii.
798 5900 869 5968 ΩΟ
908 5913 961 5966 in
994 5911 1170 5983 Epist.
1219 5910 1237 5965 l
1276 5908 1342 5964 ad
1383 5900 1513 5971 Cor.
1554 5900 1677 5987 cap.
1721 5910 1807 5975 1-2,
1841 5900 2155 5997 lliérony'm.

2336 4622 2368 4672 ’Β
2399 4620 2685 4696 Martyretn
2717 4622 3055 4696 Victorinum.
3090 4619 3434 4696 ltt'Catalogo
3465 4623 3701 4679 virorum
3735 4619 3856 4696 illo-

2270 4696 2464 4751 strium
2497 4690 2565 4750 de
2588 4694 2777 4766 eodem
2798 4693 3083 4751 Victorlno
3105 4695 3179 4750 ait
3209 4695 3267 4751 S.
3300 4690 3659 4766 lliérouymus
3690 4713 3703 4748 :
3732 4690 3853 4746 Non

2268 4784 2412 4843 teque
2442 4767 2621 4843 Latine
2642 4765 2906 4843 acﬁrazce
2925 4775 3135 4822 noverat
3159 4783 3173 4832 ;
3199 4766 3320 4843 inde
3348 4782 3522 4843 apera‘
3536 4769 3647 4838 ejus
3698 4778 3856 4843 glan-

2268 4835 2368 4914 dia
2385 4840 2638 4902 sensibus,
2664 4838 2850 4914 viliora
2879 4852 2995 4893 sunt
3024 4835 3401 4914 catapositiong
3412 4835 3857 4914 perbor‘nnnﬁpi-

2268 4913 2408 4970 Stola
2438 4926 2655 4982 quoque
2682 4909 2749 4963 ad
2771 4909 3019 4982 Magnum
3045 4926 3057 4963 :
3085 4909 3354 4982 Victorino
3376 4909 3600 4982 Martyri
3625 4910 3678 4982 in
3710 4906 3853 4982 libris

2268 4982 2378 5037 suis
2409 4980 2528 5038 licet
2549 4980 2678 5036 desit
2700 4981 2945 5043 eruditio,
2977 4998 3080 5035 non
3104 4992 3270 5036 tamen
3286 4981 3426 5034 deest
3444 4980 3750 5035 eruditionis
3772 4989 3854 5029 vo-

2269 5057 2462 5110 luntas.
2490 5055 2568 5109 De
2582 5053 2760 5125 patria
2782 5052 2943 5121 hujus
2959 5052 3222 5109 Victorini
3253 5060 3309 5106 et
3330 5050 3851 5125 Episcopatumlura

2269 5128 2519 5182 dicentur
2551 5122 2699 5178 temo
2726 5139 2778 5178 tv
2804 5136 3005 5179 nostra:
3035 5125 3312 5179 editionis.
3356 5122 3551 5178 Falsus
3582 5132 3668 5178 est
3693 5129 3853 5189 porro

2268 5212 2510 5268 nuperus
2555 5206 2746 5268 auctor
2780 5198 2872 5266 qui
2922 5197 3128 5266 putavit
3174 5195 3515 5268 Victorinum
3566 5192 3853 5268 scripsisse

2269 5270 2321 5325 in
2349 5264 2545 5327 Isaiam
2569 5264 3003 5327 Cornutentarios
3032 5283 3201 5339 usque
3232 5265 3299 5321 ad
3324 5266 3585 5339 visionem
3618 5264 3854 5339 quadra:

2269 5341 2464 5409 pedum
2496 5342 2546 5394 in
2578 5339 2817 5395 deserto.
2852 5340 2977 5399 Haec
3004 5328 3297 5406 enim,uon
3328 5340 3395 5393 de
3428 5328 3729 5399 Victorino.
3756 5328 3850 5409 sed

2268 5408 2336 5468 de
2382 5411 2616 5483 Origene
2658 5412 3008 5482 intelligenda
3054 5422 3214 5478 sunt;
3268 5412 3342 5467 uti
3383 5412 3727 5483 perspicuum
3767 5408 3852 5459 εει

2265 5481 2715 5556 αιιθημβῚθεωηιὶ
2768 5481 3276 5556 huhcdlieronymj
3337 5483 3536 5537 locum.
3584 5481 3848 5556 Mannert.

2340 5554 2367 5594 ἰ
2400 5555 2521 5631 Non
2569 5543 2719 5615 Enim
2751 5570 2895 5631 atque
2918 5554 3099 5631 Latine
3138 5543 3403 5631 occupet:
3432 5565 3668 5618 nouerat;
3704 5543 3852 5631 unde

2266 5643 2422 5700 opera
2458 5630 2572 5700 ejus
2598 5628 2818 5700 grandia
2854 5629 3106 5700 sensibus,
3137 5627 3321 5681 viliora
3341 5635 3462 5700 sunt
3490 5627 3853 5695 compositione

2267 5696 2564 5771 verborum,
2597 5696 2771 5765 inquit
2801 5699 2920 5771 ipse
2947 5699 3318 5771 Hieronymus
3340 5698 3392 5755 in
3424 5696 3703 5771 Catalogo,
3734 5700 3852 5771 qul‘

2268 5771 2368 5826 bus
2393 5770 2542 5842 paria
2576 5771 2738 5827 habet
2760 5766 3000 5841 ill-epist.
3053 5766 3242 5842 7t),'ad
3274 5767 3545 5842 Magnum,
3577 5766 3849 5842 (33316111,?!

2266 5831 3023 5974 Yictoriftlt‘itCommentarium
3051 5831 3195 5907 istud
3239 5831 3386 5907 cum'
3410 5839 3686 5916 plerisque
3730 5831 3850 5891 aliis

2266 5925 2460 5972 toleret
2548 5953 2560 5967 .

2266 5913 2560 5972 intercidit.
