4052 6456
468 356 543 414 23
1731 363 1790 421 S.
1830 363 2098 422 EUSEBII
2125 364 2511 425 HIERONYMI
3698 370 3772 427 Μ

473 475 527 529 in
554 475 715 531 titulo
744 493 757 531 :
793 476 936 532 Visio
972 492 1127 548 quam
1163 477 1294 532 vidit
1316 477 1510 547 Isaias,
1539 480 1655 535 sive
1675 479 1903 546 Abdias,
1956 496 2064 536 non
2095 484 2149 544 Α
2171 497 2274 553 qua
2296 493 2352 538 et
2372 482 2510 539 illud
2534 483 2590 539 in
2617 484 2718 541 hoc
2746 484 2943 542 eodem
2976 486 3251 556 Propheta
3280 486 3390 542 dici
3414 484 3772 542 arbitramur:

477 570 718 627 inferunt
748 571 881 643 quid
915 570 1174 627 viderint.
1208 570 1371 627 Verbi
1402 573 1574 644 gratia
1605 591 1617 628 :
1655 570 2071 630 VidiDominum

480 663 715 720 Sabaoth
736 665 996 721 sedentem
1022 681 1178 735 super
1194 666 1435 720 thronum
1466 667 1720 722 excelsum
1745 680 1793 722 et
1821 666 2073 723 eleuatum

462 750 524 810 et
549 756 828 829 Seraphim
860 758 1032 811 duoin
1059 757 1281 811 circuitu
1309 759 1455 828 ejus;
1478 758 1573 813 sed
1597 774 1718 827 quae
1739 759 1884 814 dicta
1912 769 2072 826 sunt,

477 862 722 917 narrant,
752 851 801 906 id
830 859 950 907 est:
981 850 1139 917 Audi,
1156 851 1358 915 caelum,
1395 862 1440 905 et
1466 852 1677 907 auribus
1690 854 1912 925 percipe,
1938 862 2077 907 terra

483 944 642 1016 (Isai.
674 962 747 1012 v1,
782 946 833 1010 I,
864 945 944 1016 9).
981 946 1047 999 Et
1069 961 1083 997 :
1109 943 1240 1000 Haec
1267 944 1391 998 dicit
1415 943 1667 1000 Dominus
1683 944 1825 1000 Dens
1850 946 1919 999 ad
1942 943 2076 1000 Idu—

481 1055 689 1094 mteam.
736 1038 984 1094 Auditum
1028 1039 1203 1093 audivi
1267 1054 1300 1090 a
1343 1034 1600 1102 Domino,
1636 1046 1683 1091 et
1728 1036 1953 1109 legatum
2010 1038 2077 1090 ad

481 1142 657 1205 gentes
696 1132 835 1186 misit
885 1131 1053 1203 (Abd.
1079 1130 1215 1204 t,I).
1247 1131 1531 1201 Pr0pltettc
1565 1131 1710 1186 enim
1740 1138 1766 1167 ⁸
1804 1133 1955 1199 prius
1985 1145 2081 1184 voc

479 1227 748 1281 cabantur
776 1225 1054 1291 videntes,
1087 1224 1178 1296 qui
1205 1224 1390 1280 dicere
1419 1233 1709 1294 poterant:
1742 1222 1894 1278 Oculi
1919 1224 2081 1277 nostri

479 1334 679 1390 semper
721 1318 789 1371 ad
823 1314 1307 1385 DominumH’sal.
1350 1331 1460 1383 xxv,
1510 1316 1627 1388 15).
1668 1314 1778 1371 Et:
1817 1314 1896 1369 Ad
1929 1325 1977 1370 te
2006 1312 2080 1369 le-

482 1410 597 1463 uari
628 1408 804 1464 oculos
837 1426 975 1463 meos
1004 1411 1093 1480 qui
1120 1407 1323 1464 habitas
1348 1409 1402 1462 in
1435 1407 1561 1463 ctelo
1586 1406 1763 1481 (Psal.
1789 1423 1956 1473 cxx",
2002 1406 2077 1479 i).

487 1504 646 1559 Unde
689 1512 745 1558 et
781 1502 1061 1574 Apostolis
1102 1519 1131 1557 a
1168 1502 1452 1558 Salvatore
1496 1502 1807 1574 praecipitur
1841 1520 1854 1556 :
1895 1498 2083 1555 Leuate

485 1595 662 1651 oculos
694 1604 905 1657 vestros,
938 1604 985 1650 et
1015 1595 1179 1650 videte
1217 1595 1451 1669 regiones
1484 1611 1503 1648 :
1531 1594 1654 1665 quia
1669 1597 1787 1667 jam
1810 1591 1943 1647 alba!
1962 1601 2081 1646 sunt

487 1691 556 1745 ad
589 1708 804 1746 messem
857 1691 1052 1764 (Joan.
1083 1706 1158 1757 ιν,
1206 1690 1319 1763 55).
1366 1690 1505 1745 Istos
1554 1688 1738 1743 cordis
1775 1688 1990 1750 oculos,
2028 1692 2085 1740 et

485 1800 684 1857 sponsa
716 1785 951 1842 habebat
978 1787 1029 1839 in
1063 1783 1293 1840 Cantico
1320 1783 1700 1847 Canticorum,
1733 1782 1818 1837 cui
1849 1795 2084 1853 sponsus

2176 571 2506 643 Illuminare,
2529 574 2845 645 illuminare,
2871 574 3163 634 Jerusalem
3194 594 3214 634 :
3234 579 3369 634 venit
3394 579 3530 634 enim
3545 579 3640 635 tua:
3656 588 3771 647 tua,

2176 680 2224 723 et
2251 669 2418 742 gloria
2452 669 2665 725 Domini
2688 689 2844 744 super
2882 682 2930 728 te
2953 683 3068 728 orta
3094 684 3169 729 est
3203 691 3222 729 :
3249 684 3331 743 et,
3378 673 3445 729 In
3473 683 3521 728 te
3543 690 3776 747 appare-

2179 761 2249 815 bit
2307 761 2579 833 Dominus,
2637 773 2687 820 et
2728 765 2900 838 gloria
2938 766 3081 822 illius
3102 784 3256 841 super
3285 777 3333 823 te
3359 767 3779 824 ostendetur:et

2179 855 2479 924 gradientur
2504 873 2647 928 reges
2668 858 2722 911 in
2746 856 2944 913 lumine
2971 869 3080 927 tuo,
3110 870 3157 915 et
3178 870 3362 935 gentes
3392 862 3449 915 in
3494 859 3778 929 splendore

2181 954 2267 1000 tuo
2301 962 2319 1000 :
2349 948 2559 1018 quando
2607 951 2811 1005 venient
2841 967 3019 1006 omnes
3058 952 3157 1020 ﬁlii
3197 955 3311 1026 ejus
3339 953 3404 1007 de
3432 952 3605 1024 longe,
3635 962 3681 1008 et
3711 953 3781 1024 ﬁ-

2183 1038 2267 1093 liw
2315 1038 2458 1094 illius
2486 1042 2538 1095 in
2589 1042 2813 1097 humeris
2868 1044 3235 1114 portabuntur,
3283 1055 3330 1099 et
3368 1046 3601 1117 operient
3663 1060 3783 1099 eam

2182 1136 2367 1189 cameli
2395 1136 2635 1205 Madian,
2658 1145 2705 1192 et
2731 1135 2907 1207 Epha,
2940 1136 3211 1206 a/ferentes
3257 1155 3446 1195 aurum
3466 1149 3516 1196 et
3542 1139 3658 1194 thus
3682 1154 3703 1194 :
3728 1148 3781 1193 et

2181 1243 2360 1299 greges
2384 1226 2553 1283 Cedar
2574 1231 3025 1304 congregabantur
3048 1232 3101 1287 in
3129 1230 3446 1300 Jerusalem,
3497 1241 3545 1288 et
3585 1232 3781 1287 arietes

2186 1316 2448 1374 Nabaiozh
2483 1321 2853 1390 properabant,
2888 1331 2936 1377 et
2972 1333 3120 1378 erunt
3149 1324 3430 1394 placabiles
3465 1324 3649 1380 hostia:
3689 1340 3786 1379 su-

2183 1429 2274 1484 per
2297 1413 2462 1468 altare
2487 1412 2702 1469 Domini
2732 1414 2889 1488 (lsai.
2915 1431 3062 1485 thx,
3089 1419 3112 1472 l
3139 1416 3308 1490 seqq.)

2255 1507 2520 1578 Quodque
2546 1509 2602 1564 in
2633 1509 2791 1565 titulo
2840 1511 3061 1580 ponitur
3105 1511 3462 1582 prophetasse
3505 1525 3631 1567 eum
3677 1510 3788 1565 sub

2185 1597 2309 1654 Ozia
2326 1639 2342 1664 ,
2374 1606 2431 1654 et
2474 1600 2749 1667 Joatham,
2774 1611 2830 1657 et
2854 1601 3054 1671 Achaz,
3083 1611 3139 1658 et
3161 1601 3416 1670 Ezechia,
3442 1602 3661 1675 regibus
3684 1601 3789 1658 Ju-

2186 1691 2276 1756 tla,
2312 1705 2416 1746 non
2450 1702 2507 1746 ut
2545 1693 2597 1748 in
2630 1693 2753 1749 aliis
2782 1692 3069 1765 PrOphetis
3108 1695 3335 1752 confuse
3361 1695 3784 1767 intelligendum

2186 1791 2291 1850 est,
2322 1792 2380 1838 ut
2404 1785 2711 1842 nesciamus
2745 1786 2871 1858 quid
2906 1790 3008 1843 sub
3034 1803 3143 1859 quo
3171 1789 3485 1858 specialiter
3511 1805 3639 1861 rege
3665 1790 3789 1846 dic—

485 1878 615 1934 dicit
650 1896 662 1934 :
698 1878 990 1934 Vulnerasti
1018 1895 1107 1933 cor
1134 1894 1319 1945 meum,
1352 1893 1500 1931 soror
1525 1893 1636 1931 mea
1658 1891 1866 1948 sponsa,
1892 1890 1996 1929 uno
2023 1890 2088 1929 ex
2117 1879 2165 1939 Β
2193 1884 2306 1930 tum
2340 1877 2447 1932 sit:
2490 1878 2587 1934 scd
2630 1895 2798 1950 usque
2840 1879 2909 1935 ad
2959 1880 3121 1937 finem
3174 1882 3467 1939 voluminis
3515 1883 3786 1952 scriptum

488 1968 651 2024 oculis
696 1971 797 2024 tuis
821 1970 991 2041 (Cant.
1032 1986 1104 2037 tv,
1137 1969 1231 2041 9).
1273 1969 1340 2024 Et
1378 1969 1431 2023 in
1460 1968 1760 2038 Evangelio
1805 1966 2033 2038 legimus
2067 1984 2077 2019 :

489 2060 725 2118 Lucerna
749 2064 980 2135 corporis
1000 2064 1074 2118 tui
1113 2071 1187 2117 est
1228 2061 1406 2117 oculus
1444 2073 1562 2117 tuus
1587 2060 1821 2136 (Matth.
1853 2076 1927 2127 \‘I,
1962 2057 2080 2133 2‘2).

483 2157 540 2212 In
572 2159 746 2214 veteri
778 2173 994 2228 quoque
1018 2159 1216 2214 dicitur
1242 2158 1625 2226 instrumento,
1657 2158 1802 2229 quod
1854 2156 2086 2227 papulus

488 2250 686 2305 viderit
715 2267 903 2307 vocem
936 2251 1032 2306 Dt-i
1059 2249 1262 2317 (Exod.
1297 2268 1390 2319 xx,
1424 2250 1537 2322 I8).
1564 2251 1644 2307 Ex
1690 2265 1796 2322 quo
1846 2250 2083 2305 Montani

489 2343 851 2399 deliramenta
866 2344 1197 2412 conticeant,
1216 2344 1312 2415 qui
1334 2344 1388 2399 in
1402 2344 1623 2411 ecstasi,
1641 2353 1695 2399 et
1709 2343 1891 2399 cordis
1902 2357 2088 2399 amen-

492 2435 563 2491 tia
594 2437 895 2506 Prophetas
922 2446 1075 2510 putat
1105 2452 1331 2493 ventura
1361 2438 1568 2495 dixisse
1599 2455 1612 2494 :
1643 2454 1820 2510 neque
1839 2439 1988 2493 enim
2011 2440 2090 2493 vi-

490 2529 621 2586 dere
671 2540 925 2601 poterant
962 2531 1106 2601 quod
1150 2531 1499 2603 ignorabant.
1528 2530 1655 2587 Scio
1692 2531 1957 2601 quosdam
1994 2530 2091 2587 Ju-

491 2621 665 2677 dzeam
718 2634 774 2679 et
820 2623 1127 2681 Jerusalem
1167 2625 1239 2681 de
1266 2626 1587 2681 ctelestibus
1628 2625 2006 2695 interpretari,
2036 2634 2093 2681 et

500 2713 695 2771 Isaiam
725 2716 824 2772 sub
865 2732 1093 2786 persona
1151 2718 1370 2773 Domini
1391 2717 1695 2774 Salvatoris
1726 2736 1739 2773 :
1766 2717 1795 2758 ι)
1828 2721 1973 2788 quod
1997 2735 2092 2775 ca-

498 2807 801 2875 ptivitatem
826 2807 973 2862 illius
988 2809 1280 2879 provinciae
1300 2809 1353 2863 in
1380 2819 1563 2865 nostra
1580 2821 1722 2865 terra
1741 2825 1847 2880 prae
1858 2811 2090 2877 nuntiet,

496 2910 551 2955 et
575 2910 760 2971 postea
779 2902 1013 2957 reditum
1041 2914 1062 2942 ε
1078 2917 1546 2974 conscensumque
1565 2905 1631 2957 ad
1668 2913 1909 2959 montem
1938 2919 2097 2960 sanc-

501 3003 611 3048 tum
651 2996 706 3049 in
739 2995 935 3051 diebus
973 2997 1310 3053 novissimis.
1336 2996 1470 3065 Quae
1512 3012 1611 3052 nos
1631 2997 1908 3053 contraria
1940 2997 2099 3052 Chri-

500 3087 808 3143 stianorum
839 3087 1314 3158 Iideijudicantes,
1360 3091 1612 3147 universa
1648 3091 1706 3163 9
1741 3090 2090 3160 despicimus,

499 3189 557 3235 et
581 3192 876 3253 sequentes
914 3181 1157 3238 historiae
1194 3184 1501 3252 veritatem,
1554 3185 1633 3239 sic
1670 3185 2098 3254 interpretamur

2186 1968 2439 2037 refertur,
2484 1972 2613 2042 quid
2656 1986 2907 2029 seorsum
2946 1973 3045 2029 sub
3073 1972 3225 2038 Ozia,
3255 1983 3310 2029 et
3356 1974 3484 2045 quid
3516 1974 3620 2031 sub
3649 1974 3788 2031 Joa-

2188 2063 2358 2129 tham,
2388 2069 2443 2118 et
2467 2063 2595 2135 quid
2633 2065 2735 2120 sub
2764 2065 2970 2132 Achaz,
3004 2074 3058 2119 et
3095 2065 3223 2135 quid
3256 2064 3356 2120 sub
3389 2064 3624 2122 Ezechia
3672 2066 3725 2121 ei
3757 2080 3788 2121 a

2189 2156 2417 2211 Domino
2444 2158 2740 2212 revelatum
2772 2157 2862 2212 sit.
2897 2156 3146 2214 Sciamus
3172 2172 3386 2228 quoque
3412 2156 3699 2213 Ezechiam
3732 2159 3789 2214 in

2186 2247 2488 2304 Jerusalem
2517 2247 2543 2286 ά
2570 2249 2898 2306 duodecimo
2922 2266 3066 2307 anno
3103 2250 3350 2319 Romuli,
3375 2252 3465 2323 qui
3491 2250 3575 2307 sui
3608 2253 3796 2309 nomi-

2189 2341 2275 2396 nis
2312 2342 2365 2396 in
2396 2342 2547 2397 Italia
2598 2342 2842 2399 condidit
2890 2343 3191 2409 civitatem,
3242 2358 3473 2414 regnare
3497 2343 3741 2415 cmpisse
3775 2362 3791 2401 :

2192 2445 2250 2490 ut
2280 2434 2481 2503 liquido
2509 2446 2794 2506 appareat,
2825 2445 3029 2507 quanto
3068 2437 3407 2509 antiquiores
3435 2438 3548 2493 sint
3580 2448 3795 2496 nostrae

2193 2528 2458 2594 historiae,
2505 2544 2667 2600 quam
2712 2530 2954 2600 gentium
3000 2539 3347 2587 czeterarum.
3397 2530 3797 2601 Interpretatur

2194 2630 2375 2675 autem
2416 2618 2607 2689 Isaias,
2656 2630 2679 2658 θ
2706 2620 2934 2677 salvatus
2984 2620 3193 2678 Domini
3224 2639 3242 2678 :
3271 2620 3432 2687 Juda,
3477 2625 3738 2695 confessio
3774 2640 3795 2680 :

2193 2715 2521 2783 Jerusalem,
2574 2716 2703 2772 visio
2754 2718 2897 2787 pacis
2937 2734 2955 2771 :
2999 2715 3181 2784 Ozias,
3229 2717 3482 2791 fortitudo
3522 2715 3797 2774 Domini:

2195 2809 2444 2867 Joatham
2480 2828 2494 2866 :
2526 2807 2743 2864 Domini
2771 2809 3020 2882 perfectio
3049 2826 3068 2865 :
3097 2809 3300 2876 Acltaz,
3334 2820 3509 2865 tenens
3538 2810 3656 2866 sive
3702 2826 3800 2866 ro-

2198 2906 2377 2961 bustus
2411 2922 2429 2961 :
2460 2905 2746 2971 Ezechias,
2773 2906 3049 2978 imperium
3078 2904 3307 2961 Domini.
3344 2904 3447 2972 Qui
3488 2905 3653 2975 igitur
3672 2903 3795 2960 Do-

2200 3001 2348 3057 mino
2372 3000 2701 3071 praesidente
2730 3000 2996 3068 salvatur,
3026 3009 3083 3057 et
3102 3009 3189 3056 est
3216 3000 3361 3057 filius
3384 3001 3572 3067 Amos,
3594 2997 3645 3054 id
3674 3008 3791 3067 est,

2202 3092 2361 3148 fortis
2391 3102 2555 3164 atque
2601 3093 2832 3158 robusti,
2891 3094 3070 3147 cernit
3122 3092 3480 3163 spiritualiter
3520 3092 3798 3149 visionem

2202 3185 2581 3252 confessionis,
2608 3186 2734 3240 dum
2765 3184 2984 3256 antiqua
3011 3191 3232 3256 peccata
3263 3183 3545 3255 deplangit
3569 3201 3583 3238 :
3608 3192 3666 3239 et
3697 3197 3801 3254 pa-

499 3276 878 3346 spiritnaliter,
914 3287 973 3333 ut
1010 3277 1274 3349 quidquid
1308 3278 1388 3333 illi
1426 3278 1495 3333 de
1539 3278 1753 3335 cmlesti
1791 3277 2094 3334 Jerusalem
2124 3274 2169 3338 C
2201 3281 2299 3345 cis,
2334 3279 2461 3335 dum
2495 3287 2617 3351 post
2644 3279 3022 3350 paenitentiam
3054 3279 3246 3334 transit
3280 3278 3347 3332 ad
3394 3277 3594 3343 lucem,
3627 3286 3683 3332 et
3717 3292 3800 3333 ze-

503 3368 799 3437 somniant,
832 3368 1135 3427 referamus
1161 3371 1226 3426 ad
1253 3370 1460 3426 Christi
1491 3371 1811 3439 Ecclesiam,
1842 3370 1975 3426 etad
2002 3386 2096 3427 eos

503 3464 596 3533 qui
623 3464 709 3518 vel
739 3474 961 3535 propter
983 3476 1202 3535 peccata
1232 3466 1586 3536 egrediuntur
1635 3480 1704 3522 ex
1751 3479 1835 3532 ea,
1892 3464 1977 3520 vel
2026 3466 2098 3520 ob

502 3558 885 3628 paenitentiam
938 3570 1290 3639 revertuntur
1339 3561 1405 3615 ad
1445 3560 1633 3616 sedem
1674 3559 1980 3631 pristinam,
2029 3559 2099 3616 de

577 3680 604 3709 α
644 3672 803 3745 Prius
855 3673 1187 3729 uocabantur.
1237 3672 1494 3745 Legimus
1548 3673 1567 3728 I
1612 3673 1955 3745 Regumgtx,
2010 3672 2087 3727 9:

508 3743 646 3816 Olim
673 3745 725 3816 in
750 3743 919 3799 Israel
939 3747 1012 3816 sic
1041 3743 1346 3816 loquebatur
1375 3746 1721 3816 unusquisque
1746 3743 1940 3816 vadens
1964 3759 2089 3816 con-

505 3813 677 3870 sulere
702 3815 865 3871 Deum
894 3833 913 3871 :
953 3813 1134 3871 Venite
1163 3827 1209 3871 et
1234 3833 1415 3871 eamus
1440 3813 1806 3869 adcidentem.
1842 3813 1942 3876 Qui
1958 3814 2094 3867 enim

508 3885 775 3961 Propheta
805 3890 1021 3961 dicituri
1044 3889 1217 3952 hodie.
1252 3890 1531 3961 uocabatur
1571 3886 1697 3941 olim
1733 3884 1970 3961 Videns._
2002 3883 2095 3940 Sic

504 3955 705 4027 saepius
732 3963 781 4014 in
813 3962 970 4016 libris
995 3960 1201 4029 Regum
1229 3973 1280 4016 et
1324 3958 1778 4028 Paralipomenon
1812 3955 2098 4029 Propheta

499 4034 844 4102 appellantur
884 4027 1145 4087 Videntes.
1194 4032 1356 4102 Isaias
1393 4027 1609 4099 quoque
1649 4029 1767 4085 Ilch
1799 4030 1959 4102 habet
2009 4027 2094 4102 in-

505 4099 585 4157 fra
612 4119 734 4171 cap.
764 4120 892 4165 xxx,
927 4106 993 4161 IO
1036 4124 1048 4155 ε
1094 4102 1190 4155 Dic
1221 4101 1543 4161 Videntibus.
1570 4102 1621 4156 id
1655 4112 1759 4167 est,
1792 4099 2088 4172 Prpphetis.

502 4173 638 4239 Cap.
678 4176 875 4228 iterum
910 4191 1078 4238 xxxu,
1111 4176 1166 4236 5,
1215 4183 1268 4226 et
1295 4189 1414 4241 cap.
1450 4189 1639 4231 χχχιιι,
1672 4172 1725 4237 7,
1771 4171 1964 4227 eodem
1998 4187 2095 4225 no-

506 4246 653 4300 mine
692 4244 936 4301 Videntes
963 4248 1223 4298 dicuntur
1254 4244 1563 4312 Prophetm.
1594 4244 1866 4298 MAR'I‘IAN.

575 4314 603 4354 δ
630 4316 792 4389 Quod
843 4317 1227 4389 captivitatem,
1288 4328 1399 4389 etc.
1448 4313 1932 4389 Milieuariosltoc
1968 4312 2092 4389 loco

503 4388 733 4460 castigat
777 4384 1174 4458 Hieronymus,
1220 4387 1490 4460 quihlibro
1531 4388 1730 4460 Script.
1765 4384 1975 4460 Eccles.
2033 4386 2090 4460 _i_n

505 4454 669 4527 Papia
702 4464 910 4529 respuit
939 4454 1560 4529 eautdemit—radiliouem
1593 4454 1782 4529 dicens
1815 4473 1829 4510 :
1867 4454 1966 4529 Hic
2008 4456 2092 4510 di-

2203 3381 2354 3429 terna
2404 3388 2537 3441 pace
2590 3373 2936 3443 requiescit:
2982 3381 3287 3443 cunctaque
3339 3370 3484 3426 illius
3538 3376 3797 3438 tempora

2206 3473 2491 3521 transeunt
2536 3465 2638 3521 sub
2688 3464 3007 3521 fortitudine
3061 3464 3297 3527 Domini.
3350 3473 3403 3520 et
3453 3460 3798 3535 perfectione

2207 3559 2325 3630 ejus
2373 3575 2437 3616 ac
2475 3558 2693 3615 robore.
2730 3559 2833 3631 ιο
2855 3558 3099 3630 Cumque
3143 3559 3326 3614 omnia
3377 3559 3592 3625 iecerit,
3646 3556 3800 3615 dicet

2194 3689 2378 3745 porum
2428 3671 2616 3727 librum
2641 3715 2656 3738 ,
2711 3688 2860 3743 quem
2915 3689 3010 3745 nos
3056 3670 3404 3745 in__LatinaAm
3458 3671 3691 3745 linguam
3728 3686 3799 3725 ea:

2192 3742 2376 3797 (ἐνωεο
2426 3759 2660 3797 sermone
2701 3742 3081 3797 transtulimus.
3126 3742 3429 3797 Moncndus
3472 3742 3559 3798 esi
3606 3751 3794 3797 autem

2196 3815 2366 3868 lector
2419 3814 2715 3882 Joscpltum
2775 3813 3116 3883 Scaligerum
3178 3813 3339 3867 valde
3395 3812 3795 3869 halluciuatum

2192 3883 2365 3957 fuisse
2403 3899 2527 3939 cum
2570 3885 2785 3939 vocavit
2841 3883 3119 3939 Visionem
3171 3883 3457 3957 Seraphim
3485 3927 3500 3953 ,
3566 3886 3795 3957 primam

2198 3955 2372 4012 Esaice
2400 3957 2666 4021 visionem,
2698 3972 2818 4026 quae
2845 3966 3002 4011 sexta
3031 3970 3154 4013 esse
3185 3956 3346 4011 debet
3372 3956 3530 4025 juxta
3562 3955 3794 4011 divisio-

2198 4044 2320 4083 nem
2361 4030 2759 4097 capitulorum,
2792 4027 3149 4098 ordinemque
3201 4027 3482 4083 Visionum
3515 4028 3568 4083 in
3600 4042 3794 4083 manu-

2201 4101 2419 4170 scriptis
2450 4101 2623 4169 libris,
2658 4108 2712 4171 et
2742 4100 2883 4171 apud
2915 4101 3298 4171 Hieronymum
3334 4114 3481 4171 saepe
3510 4108 3787 4155 notatum:

2203 4188 2325 4226 nam
2356 4175 2406 4226 in
2440 4174 2631 4228 codice
2668 4170 3014 4228 Cluniacensi
3048 4170 3169 4242 post
3207 4173 3362 4241 primi
3395 4170 3629 4238 Capituli
3660 4185 3794 4225 cun-

2203 4252 2409 4298 textum
2428 4253 2719 4314 stlt‘l‘ﬂtlt_9l
2743 4244 3052 4314 Hieronymi
3076 4241 3532 4309 Commentarios,
3559 4243 3793 4311 legimus

2204 4316 2306 4370 huc
2365 4314 2525 4368 modo
2575 4333 2589 4369 :
2644 4312 2784 4369 Visio
2830 4312 2987 4369 [satis
3016 4315 3263 4370 secunda.
3316 4316 3567 4368 Errorcm
3626 4327 3791 4380 porro

2199 4386 2460 4457 Scaligcri
2498 4385 2745 4440 invenies
2762 4387 2815 4440 in
2846 4385 3427 4442 Animadversionibus
3447 4385 3514 4457 ad
3536 4384 3793 4457 Chrono-

2203 4456 2373 4530 logica
2408 4457 2652 4524 Eusebii,
2686 4473 2807 4530 pag.
2842 4457 2933 4519 66.
2957 4458 3065 4513 col.
3096 4456 3165 4524 2,
3199 4457 3252 4512 in
3287 4457 3417 4530 fine.
3449 4456 3693 4530 Consule
3716 4456 3792 4511 in-

506 4534 641 4586 citur
686 4527 829 4585 mille
880 4547 1139 4607 annorum
1177 4528 1454 4607 Iudaicam
1485 4530 1705 4607 edidisse
1756 4528 2089 4607 δευτέρωσιν,
2120 4544 2173 4605 ι)
2200 4528 2281 4583 fra
2300 4527 2827 4607 _Comm_e_ntarius'iu
2855 4540 3018 4600 eaput
3048 4530 3280 4607 primum
3306 4528 3483 4607 Isaiae.
3517 4527 3788 4607 Mantuan.

507 4618 655 4674 quem
687 4606 847 4657 secuti
873 4612 995 4657 sunt
1037 4601 1301 4662 Irenteus,
1323 4609 1371 4655 et
1404 4601 1759 4674 Apollinarius
1802 4611 1851 4655 et
1895 4601 2089 4674 caeteri,

504 4672 595 4741 qui
640 4684 753 4739 post
784 4674 1208 4729 resurrectionem
1246 4674 1394 4726 aiunt
1432 4672 1488 4727 in
1525 4688 1678 4727 carne
1720 4688 1835 4726 cum
1886 4672 2093 4729 Sanctis

510 4744 790 4817 Dominam
812 4744 1543 4817 regnaturum.Terttdlianus
1569 4760 1769 4816 quoque
1795 4745 1850 4797 in
1875 4743 2012 4817 libro
2030 4745 2094 4800 de

506 4833 598 4885 spe
620 4814 886 4886 ﬁdelium:
910 4829 956 4871 et
992 4816 1292 4871 Victorinus
1320 4814 1738 4879 Petabionensis,
1772 4826 1819 4869 et
1862 4814 2091 4869 Lactan-

508 4890 609 4941 tius
640 4889 737 4943 Itac
761 4889 1001 4953 opinione
1027 4887 1307 4942 ducuntur.
1335 4887 1429 4942 llis
1449 4886 1683 4943 addeudi
1709 4886 2094 4944 suntJustiuus

509 4958 732 5031 Martyr,
755 4958 1009 5031 Clemens
1032 4958 1460 5023 Alexandrinus,
1483 4960 1855 5031 Athenagoras
1875 4966 1932 5014 et
1958 4976 2094 5013 non-

508 5030 750 5085 nulli’alii
783 5030 1091 5100 Scriptores
1112 5031 1341 5100 amiqni.
1371 5030 1647 5088 Manum.

584 5112 606 5172 (ξ
649 5104 819 5172 Antea
840 5111 958 5156 erat
995 5118 1418 5172 consensumque.

580 5168 606 5208 ά
630 5172 720 5245 In;
746 5171 1038 5229 Jerusalem
1081 5168 1419 5245 duodecimo,
1462 5181 1567 5229 etc.
1616 5172 1697 5229 Ex
1737 5174 1877 5229 libro
1909 5184 2093 5245 poste—

508 5244 653 5318 riore
681 5242 1078 5318 Clll‘OltiCOl’I'm
1114 5244 1332 5301 Eusebii
1367 5245 1484 5301 hzrc
1507 5245 1679 5318 habet
1705 5242 2089 5318 Hieronymus,

507 5315 599 5386 qui
649 5330 864 5387 semper
905 5318 958 5371 in
1015 5316 1269 5372 historica
1315 5317 1623 5372 narratione
1671 5332 1735 5372 ac
1785 5315 2092 5386 temporum

508 5389 950 5443 annotationibus
981 5387 1140 5443 ﬁdem
1177 5387 1307 5444 facit
1336 5390 1451 5445 suis
1480 5388 1644 5442 dictis
1674 5403 1738 5443 ex
1783 5388 2094 5457 huiusmodi

505 5458 942 5531 Symagmatibus
973 5460 1315 5515 Eusebianis.
1342 5462 1523 5528 Quare
1547 5461 1598 5514 in
1623 5458 1957 5531 Epistola_ad
1993 5459 2096 5512 Da-

509 5527 720 5585 masum
752 5531 822 5587 de
848 5532 1056 5587 visione
1087 5531 1395 5602 Seraphim,
1431 5540 1648 5598 tempus
1678 5533 1829 5602 regni
1860 5527 2009 5585 Ozias
2029 5543 2095 5584 ac

510 5605 805 5658 nativitatis
856 5604 1071 5658 Romuli
1114 5600 1305 5673 probat
1350 5603 1433 5659 his
1476 5603 1657 5657 verbis
1697 5619 1711 5656 :
1748 5600 1889 5654 'Post
1945 5604 2093 5672 cujus

508 5687 738 5743 mortem,
776 5675 969 5747 inquit,
994 5673 1165 5729 Isaias
1194 5674 1455 5746 PrOphera
1473 5674 1616 5747 hanc
1641 5673 1908 5737 visionem,
1939 5687 2093 5741 quam

506 5749 790 5814 explanare
820 5743 956 5803 nunc
986 5749 1218 5809 nitimur,
1255 5743 1402 5807 uidit,
1465 5743 1517 5797 id
1558 5752 1653 5806 est,
1697 5758 1756 5795 eo
1800 5757 1939 5795 anno
1992 5758 2093 5814 quo

508 5813 781 5887 Remulus,
817 5819 1034 5874 Romam
1063 5817 1268 5886 imperii
1323 5813 1592 5887 conditor,
1625 5824 1776 5887 natus
1808 5821 1881 5867 est
1913 5813 2094 5887 δέει-ιιι

505 5882 837 5965 manifestum
865 5902 972 5946 esse
1003 5882 1189 5961 poterit
1218 5888 1313 5953 iis,
1344 5887 1433 5957 qui
1466 5884 1711 5941 coluerint
1743 5886 1910 5955 legere
1938 5882 2093 5940 Tem-

2197 4632 2269 4642 —
2299 4602 2456 4657 Paria
2491 4600 2573 4655 his
2611 4611 2770 4664 sunt,
2803 4598 3120 4672 quaitradlt
3156 4600 3315 4670 epist.
3351 4600 3437 4672 I8,
3484 4598 3793 4672 advanta-

2196 4688 2336 4736 sum,
2367 4690 2516 4728 num.
2551 4674 2600 4741 l,
2622 4688 2747 4744 quae
2769 4670 2833 4729 et
2850 4672 3098 4729 Martian.
3122 4672 3174 4726 in
3198 4671 3338 4744 hunc
3364 4671 3546 4744 locum
3569 4670 3790 4725 laudat:

2201 4745 2454 4819 Regnaril
2484 4740 2654 4819 lisias
2676 4747 2828 4819 annis
2861 4745 3237 4819 quinquaginta
3268 4740 3492 4819 duobus,
3532 4757 3634 4808 quo
3664 4749 3797 4819 tem-

2197 4813 2322 4887 pore
2348 4818 2491 4886 apud
2519 4816 2737 4872 Latinos
2785 4813 3056 4887 Amulius,
3086 4813 3233 4887 gpud
3265 4813 3604 4887 Athenienses
3627 4813 3791 4887 _Ag_a-

2197 4882 2393 4944 mestor
2418 4888 2720 4943 undecimus
2745 4886 3053 4958 imperabat.
3076 4884 3199 4940 Post
3215 4886 3366 4955 cujus
3378 4896 3604 4958 mortem
3619 4882 3793 4958 Isaias

2194 4959 2451 5029 propheta
2474 4962 2608 5015 lianc
2633 4955 2900 5026 uisionem,
2917 4974 3072 5029 quam
3100 4957 3377 5029 explanare
3388 4971 3524 5011 nunc
3544 4955 3789 5029 nitimur,

2196 5024 2343 5095 uidit,
2369 5033 2424 5085 id
2451 5042 2548 5097 est,
2596 5046 2658 5087 eo
2684 5046 2821 5084 anno
2871 5024 2970 5099 quo
3004 5024 3282 5089 Romulus,
3331 5024 3553 5081 Romani
3580 5028 3795 5097 imperii

2198 5105 2434 5158 conditor
2452 5145 2467 5165 ,
2502 5111 2655 5158 natus
2685 5111 2761 5156 est
2793 5116 2812 5155 :
2838 5102 2968 5155 sicut
2990 5100 3324 5168 manifestum
3345 5114 3454 5153 esse
3483 5100 3676 5167 poterit
3702 5102 3792 5165 iis,

2196 5177 2287 5245 qui
2316 5175 2571 5229 voluerint
2602 5175 2773 5245 legere
2802 5169 3117 5245 Temporum
3167 5170 3376 5234 librum,
3407 5186 3562 5240 quem
3600 5186 3694 5245 nos
3734 5172 3792 5227 in

2195 5244 2442 5317 Latinam
2489 5242 2723 5317 linguam
2780 5258 2844 5317 ea:
2869 5242 3073 5317 ‘Crigco
3127 5257 3360 5317 sermone
3400 5242 3784 5317 transtulimus.

2199 5316 2367 5371 Porro
2420 5334 2507 5371 an.
2564 5312 2745 5370 mundi
2793 5313 2936 5370 5256
2985 5314 3211 5369 Romam
3265 5312 3432 5369 fuisse
3488 5314 3785 5383 conditam,

2197 5388 2359 5457 vulgo
2388 5396 2605 5454 recepta
2620 5385 2904 5457 sententia
2936 5393 3039 5440 est.

2273 5454 2574 5514 e'Salvatus
2606 5455 2834 5512 Dontini.
2864 5457 2922 5513 In
2951 5456 3187 5528 antiquis
3208 5454 3539 5528 editionjbus
3570 5454 3786 5528 Erasm.

2195 5538 2252 5585 et
2281 5529 2508 5584 Marian.
2538 5539 2591 5584 et
2620 5529 2674 5584 in
2703 5531 2885 5583 multis
2934 5522 3359 5597 mssflegimus,
3394 5522 3640 5581 Salvator
3673 5527 3788 5581 Do-

2197 5602 2362 5666 mini;
2405 5601 2498 5657 sed
2540 5601 2629 5654 alii
2673 5600 2890 5655 codices
2919 5607 3233 5654 constanter
3270 5598 3507 5651 retinent
3559 5597 3790 5654 salvatus

2200 5671 2439 5738 Domini;
2471 5682 2519 5727 et
2545 5681 2943 5740 consequenter
2964 5671 3106 5725 hanc
3134 5668 3426 5724 lectionem
3460 5669 3801 5739 comprobat

2197 5741 3130 5816 HieronymianusCommentarius.
3177 5740 3447 5816 hinnitu.
3474 5770 3547 5781 -—
3584 5742 3639 5816 In
3679 5740 3805 5816 No—I,

2197 5802 2418 5907 utinum‘
2444 5814 2593 5907 libris
2625 5814 2947 5907 plerumque
3002 5813 3144 5868 salus
3188 5810 3401 5867 Domini
3438 5812 3736 5884 exponitur
3754 5802 3794 5907 λξ

2196 5886 2326 5941 clitu
2358 5895 2477 5942 erat.
2506 5887 2753 5940 salvator.
3738 5940 3753 5967 ι
