4052 6436
208 370 280 426 ετ
838 365 1505 427 COMMENTARIOBUM
1546 364 1612 423 IN
1655 365 1830 424 ISAIA

1937 363 2359 424 PROPHETAM
2399 365 2533 424 LIB.
2577 365 2619 423 i.
2652 363 2806 424 CAP.
2847 366 2890 423 1.
3449 359 3524 419 26

211 490 346 546 illud
379 489 775 562 Evangelicum
809 507 824 546 :
859 489 1009 545 Servi
1030 488 1240 544 inutiles
1269 505 1444 545 sumus
1469 505 1487 544 :
1515 486 1655 557 quod
1678 486 1814 542 enim
1840 487 1894 550 Α
1917 486 2057 557 ejus,
2083 486 2193 556 jam
2215 500 2322 541 nou
2348 484 2589 556 appellet
2609 499 2707 541 eos
2736 499 2948 551 servos,
2981 482 3076 541 sed
3106 482 3312 540 amicos
3337 480 3522 554 (Joan.

215 583 491 640 debuimus
515 587 708 654 facere,
740 582 952 655 fecimus
985 581 1139 654 (Luc.
1171 598 1282 638 xvn
1303 625 1318 649 ,
1350 584 1468 653 10).

283 676 470 750 (Vers.
504 677 588 748 2.)
628 677 789 745 Audi,
823 678 1028 744 calum,
1069 689 1116 732 et
1139 679 1356 733 auribus
1383 678 1612 749 percipe,
1638 685 1815 732 terra:

213 771 332 841 quia
361 770 618 826 Dominus
653 773 855 825 locutus
875 781 970 827 est.
998 771 1198 842 Supra,
1247 772 1370 840 quis
1402 770 1691 841 propheta,
1722 785 1816 825 cu-

208 861 296 932 jus
327 862 498 930 filius,
528 863 658 934 quid
689 872 876 920 contra
904 863 1100 922 ludam
1132 874 1188 918 et
1225 863 1552 928 Jerusalem,
1581 863 1695 918 sive
1726 877 1818 917 su-

213 967 307 1023 per
327 952 529 1009 .Iudatn
561 965 612 1009 et
634 953 962 1020 Jerusalem,
992 963 1048 1011 et
1067 971 1179 1028 quo
1209 966 1453 1025 tempore
1481 954 1706 1021 viderit,
1739 956 1806 1010 ti.

214 1046 328 1102 tulo
358 1048 800 1104 demonstratum
830 1057 953 1104 est:
1001 1063 1148 1105 nunc
1174 1049 1372 1105 celum
1419 1057 1477 1105 et
1519 1041 1719 1104 terram
1749 1047 1819 1103 ad

212 1141 546 1196 audiendum
592 1152 876 1212 provocat.
926 1142 984 1197 ln
1033 1142 1178 1200 cmlo
1204 1156 1472 1213 supernas
1501 1141 1819 1213 signiﬁcans

213 1235 600 1305 angelicasque
643 1234 916 1291 virtutes:
966 1236 1019 1290 in
1075 1245 1219 1292 terra
1263 1235 1576 1291 mortalium
1620 1250 1818 1306 genus,

212 1337 581 1403 μετωνυμικῶς
636 1329 706 1384 ab
743 1329 826 1384 his
856 1344 978 1399 qua:
1007 1329 1313 1397 continent,
1365 1344 1428 1386 ea
1478 1345 1601 1400 quae
1645 1329 1822 1384 couti-

215 1433 436 1478 nentur.
471 1421 602 1478 Sive
641 1425 770 1493 quia
819 1438 915 1494 per
955 1423 1143 1480 Mosen
1179 1434 1348 1479 testes
1382 1432 1676 1479 vocaverat
1717 1423 1824 1478 Do-

214 1514 397 1570 minus
426 1515 627 1571 coelum
673 1523 729 1570 et
776 1523 1003 1582 terram,
1032 1516 1170 1572 dans
1198 1517 1402 1590 populo
1429 1513 1597 1572 Israel
1649 1516 1822 1586 legem

213 1622 394 1673 suam,
426 1618 483 1664 et
511 1607 762 1664 dixerat:
791 1607 1008 1664 Attende
1027 1655 1040 1677 ,
1073 1609 1278 1678 calum,
1317 1619 1366 1664 et
1392 1609 1575 1680 loquar
1598 1627 1616 1664 :
1644 1609 1826 1662 audiat

215 1710 353 1753 terra
389 1701 544 1755 verba
572 1701 678 1756 oris
711 1702 811 1757 ntei
843 1700 1026 1774 (Deut.
1077 1718 1236 1767 xm,
1264 1702 1317 1768 ll)
1345 1719 1356 1756 :
1410 1713 1534 1774 post
1564 1701 1826 1772 prmvari-

216 1796 488 1851 cationem
518 1795 728 1867 populi,
785 1796 1010 1853 eosdem
1061 1813 1281 1852 rursum
1339 1798 1392 1854 in
1452 1795 1822 1852 testimonium

1920 597 2010 649 xv,
2041 581 2152 654 15).
2182 579 2341 649 Quod
2381 583 2424 636 si
2455 581 2788 652 superbierit
2824 579 3016 647 Israel,
3046 579 3278 636 audiens
3314 591 3375 635 se
3403 591 3529 634 esse

1922 675 2391 747 primogenitum:
2442 674 2708 746 intelligat
2755 673 3181 745 primogenitum
3227 671 3429 728 idcirco
3467 685 3528 728 se

1921 767 2050 834 dici,
2086 769 2210 836 quia
2242 767 2473 822 secundi
2496 766 2588 822 ﬁlii
2611 765 2993 836 signiﬁcentur
3014 781 3080 822 ex
3111 765 3385 836 gentibus.
3415 763 3533 820 Non

1920 861 2064 917 enim
2114 863 2422 932 appellatur
2468 862 2820 933 unigenitus,
2879 860 2972 933 qui
3022 858 3280 915 exclttdat
3329 857 3526 912 fratres

1919 962 2181 1022 caeteros;
2217 954 2312 1011 sed
2357 955 2768 1026 primogenitus,
2801 963 2861 1010 ut
2893 963 3159 1010 monstret
3185 964 3240 1010 et
3266 951 3403 1008 alios
3434 967 3524 1009 se-

1921 1058 2143 1104 cuturos
2174 1068 2188 1104 :
2214 1059 2268 1106 et
2295 1058 2475 1106 tamen
2501 1049 2654 1119 juxta
2673 1048 2935 1118 mysteria
2959 1046 3386 1118 Scripturarum,
3413 1059 3523 1100 non

1924 1142 2272 1215 primogeniti
2303 1143 2993 1214 accipiunthmreditatem,
3020 1141 3114 1196 sed
3141 1139 3384 1196 secundi.
3411 1137 3528 1194 Pri-

1923 1240 2230 1311 mogenitus
2278 1239 2374 1295 fuit
2422 1239 2578 1305 Cain,
2629 1237 2722 1294 sed
2753 1237 2885 1294 Abel
2921 1250 3152 1292 munera
3206 1235 3527 1307 placuerunt

1925 1335 2058 1391 Deo.
2084 1333 2487 1404 Primogenitus
2511 1332 2724 1398 lsmael,
2755 1331 2850 1387 sed
2875 1329 3030 1386 Isaac
3052 1327 3266 1398 accepit
3293 1325 3527 1382 barredi-

1927 1438 2112 1484 tatem.
2145 1426 2552 1497 Primogenitus
2598 1425 2763 1495 Esau,
2811 1425 2907 1481 sed
2948 1423 3386 1480 benedictionem
3433 1435 3528 1492 pa-

1928 1523 2026 1580 tris
2064 1522 2236 1579 Jacob
2267 1521 2654 1593 supplantator
2699 1519 2917 1590 eripuit.
2969 1515 3376 1589 Primogenitus
3421 1513 3532 1569 Ru-

1929 1616 2056 1683 ben,
2079 1614 2173 1671 sed
2191 1624 2370 1669 tamen
2397 1612 2705 1668 benedictio
2723 1611 2952 1668 seminis
2969 1609 3169 1665 Christi
3199 1607 3530 1663 transfertur

1928 1710 1996 1765 ad
2027 1708 2244 1765 Judam.
2279 1707 2466 1778 Itaque
2499 1705 2577 1762 illi
2619 1706 2772 1776 juxta
2803 1703 3108 1759 vocationis
3136 1701 3382 1758 ordinem
3413 1699 3527 1771 pri-

1929 1803 2001 1858 mi
2033 1802 2271 1868 l'uerunt,
2304 1808 2361 1856 et
2382 1797 2801 1871 appellabantur
2825 1805 2989 1868 caput
3018 1813 3030 1850 :
3065 1809 3167 1852 nos
3194 1791 3528 1864 secundiqui

220 1900 395 1950 vocat.
428 1899 697 1945 utcuucta
722 1889 998 1946 elementa
1043 1898 1400 1962 cognoscant,
1443 1890 1590 1960 juste
1645 1889 1816 1944 Deum
1848 1894 1898 1955 B
1923 1893 2241 1951 dicebamur
2276 1891 2471 1958 cauda,
2515 1891 2662 1946 versi
2693 1903 2882 1945 sumus
2912 1888 2965 1942 in
2993 1894 3176 1957 caput,
3210 1896 3264 1940 et
3306 1882 3404 1940 Dei
3433 1897 3531 1954 ap-

218 1983 269 2036 in
317 1983 587 2038 ultionem
644 1983 1026 2039 mandatorum
1084 1999 1307 2040 suorum
1367 1985 1432 2039 ad
1481 1983 1816 2040 iracundiam

218 2077 578 2132 concitatum.
613 2077 718 2132 Prs
741 2077 946 2146 ctutum,
979 2078 1312 2134 Hebraicum
1341 2093 1540 2134 sum
1574 2075 1822 2150 (ῠνῑω)

218 2167 369 2222 celos
421 2177 602 2235 sonat,
652 2169 851 2240 plurali
898 2185 1168 2226 numero:
1205 2171 1440 2226 maxime
1491 2186 1616 2226 cum
1647 2170 1823 2225 audite

218 2259 442 2329 dixerit,
476 2262 531 2317 id
569 2273 672 2331 εει,
707 2276 850 2320 SBMU
882 2267 1086 2335 (Ἵππη
1108 2265 1149 2336 ),
1185 2265 1328 2336 quod
1362 2264 1556 2334 plurali
1589 2263 1823 2320 effertur

221 2370 474 2424 numero,
511 2372 620 2412 non
651 2358 933 2429 singulari.
965 2358 1072 2413 Sed
1104 2359 1324 2428 quidam
1355 2359 1544 2414 volunt
1597 2358 1820 2429 plurali-

221 2458 299 2504 ter
329 2449 554 2521 quidem
588 2450 696 2506 dici
745 2452 936 2520 melos,
977 2451 1074 2507 sed
1106 2452 1458 2522 singulariter
1502 2451 1760 2522 intelligi.
1797 2460 1822 2486 ι·

216 2543 366 2613 juxta
393 2543 534 2599 illud
567 2545 710 2616 quod
735 2546 982 2616 singulas
1011 2545 1285 2612 civitates,
1329 2545 1544 2600 Thebas
1573 2555 1627 2601 et
1654 2545 1826 2600 Athe-

222 2652 319 2692 nas
351 2653 636 2694 vocamus.
678 2638 884 2710 Estque
923 2638 1172 2695 llebraici
1221 2639 1555 2696 characteris
1601 2639 1821 2705 idioma,

224 2739 279 2786 ut
300 2729 327 2769 δ
359 2733 544 2788 omnia
577 2749 696 2802 quae
721 2734 774 2789 in
807 2734 1074 2806 syllabam
1125 2735 1386 2790 ﬁniuntur
1417 2751 1473 2791 ut
1503 2737 1521 2809 (
1547 2744 1614 2796 Et?
1638 2736 1658 2810 )
1685 2751 1825 2792 mas-

221 2824 400 2878 culina
426 2825 558 2890 sint,
586 2836 643 2882 et
674 2826 929 2898 pluralia,
965 2836 1026 2883 ut
1068 2825 1360 2884 Cherubim
1408 2840 1462 2885 el
1503 2829 1814 2900 Seraphim.

224 2917 289 2973 Et
314 2921 511 2990 quain
553 2921 860 2995 oru(r.1),
905 2922 1158 2978 feminina
1205 2935 1258 2979 ct
1312 2923 1538 2994 pluralia
1573 2943 1587 2980 :
1623 2933 1680 2979 ut
1719 2924 1820 2979 Sa-

222 3010 410 3069 baoth.
447 3013 514 3069 Et
543 3013 649 3070 hoc
677 3015 977 3072 notandum
1007 3017 1151 3088 quod
1175 3018 1329 3074 cmlis
1352 3017 1586 3087 dicatur,
1617 3018 1822 3084 audite,

223 3113 404 3171 terrae,
432 3105 647 3162 auribus
677 3109 928 3179 percipe;
959 3124 1021 3164 ea
1064 3110 1210 3164 enim
1239 3126 1359 3179 qua:
1391 3111 1610 3166 excelsa
1652 3123 1780 3166 sunt
1812 3153 1826 3177 ,

227 3200 495 3270 majorem
557 3201 764 3258 habent
809 3204 1222 3274 intelligentiam
1271 3217 1284 3256 :
1333 3221 1453 3276 quae
1512 3203 1825 3272 humiliora,

1927 1987 2194 2058 pellantur
2244 1986 2361 2040 lilii.
2411 1986 2672 2053 Quotquot
2703 1983 2838 2037 enim
2869 1989 3177 2053 receperunt
3205 1996 3343 2048 eum,
3389 1976 3532 2032 dedit

1924 2083 1999 2136 eis
2033 2090 2334 2151 potestatem
2361 2080 2501 2150 ﬁlios
2528 2077 2628 2133 Dei
2650 2078 2766 2146 fieri
2789 2075 2973 2149 (Joan.
2995 2091 3033 2140 ι,
3081 2073 3192 2147 12).
3224 2073 3336 2131 Nec
3373 2087 3531 2130 acce-

1926 2175 2107 2245 pimus
2159 2173 2408 2243 spiritum
2439 2171 2724 2228 servitutis
2771 2169 2825 2224 in
2881 2170 3098 2236 timore,
3151 2165 3247 2224 sed
3278 2165 3532 2236 spiritum

1925 2267 2258 2339 adoptionis,
2295 2266 2349 2322 in
2399 2280 2507 2337 quo
2548 2264 2850 2320 clamamus
2882 2280 2896 2316 :
2929 2260 3103 2328 Abba,
3149 2260 3313 2316 Pater
3352 2257 3530 2330 (Rom.

1927 2377 2050 2427 vut,
2082 2362 2174 2429 ~15)
2205 2377 2220 2416 :
2253 2360 2377 2429 quia
2412 2356 2653 2429 perfecta
2684 2355 2906 2413 dilectio
2951 2353 3097 2409 foras
3149 2353 3319 2408 mittit
3367 2351 3530 2406 timo-

1929 2473 2042 2513 rem
2076 2457 2120 2523 (l
2148 2455 2311 2511 Joan.
2342 2471 2420 2521 tv,
2443 2452 2556 2524 18).
2585 2450 2776 2508 Melius
2797 2459 2880 2506 est
2907 2457 3091 2505 autem
3117 2449 3268 2520 juxta
3302 2444 3534 2503 Hebrai-

1926 2567 2048 2608 cum
2081 2551 2284 2621 legere,
2316 2547 2482 2603 Filios
2513 2547 2750 2613 enutrivi,
2785 2560 2945 2614 quam
2979 2544 3162 2616 genui,
3193 2557 3262 2598 ne
3281 2541 3535 2597 videatur

1930 2647 2005 2702 illi
2036 2646 2180 2702 dicto
2208 2645 2314 2718 [ΑΙ.
2349 2641 2607 2715 dictum],
2657 2640 2798 2712 quod
2844 2641 2897 2694 iu
2927 2639 3153 2695 Joannis
3184 2635 3424 2707 Epistola
3459 2635 3535 2690 le-

1928 2740 2122 2812 gimus,
2151 2753 2274 2792 esse
2295 2735 2630 2791 contrarium
2662 2751 2674 2787 :
2708 2732 2909 2797 Omnis,
2933 2733 3021 2801 qui
3043 2740 3194 2785 natus
3223 2738 3296 2783 est
3313 2743 3378 2783 ea:
3394 2725 3529 2792 Deo,

1929 2850 2033 2889 non
2062 2841 2238 2903 peccat
2267 2831 2312 2904 (1
2350 2831 2510 2886 Joan.
2557 2845 2649 2895 ιιι,
2679 2828 2758 2900 9).
2786 2827 2930 2898 Ergo
2963 2826 3051 2882 isti
3083 2824 3130 2880 si
3171 2823 3278 2878 nati
3308 2830 3434 2876 sunt
3464 2835 3533 2876 ex

1933 2926 2065 2991 Deo,
2102 2924 2378 2996 quomodo
2409 2937 2637 2995 peccare
2670 2929 2961 2992 potuerunt
2994 2937 3008 2974 :
3041 2921 3145 2991 12
3188 2933 3312 2974 cum
3356 2915 3535 2971 omnis

1931 3022 2025 3094 qui
2056 3037 2121 3078 ex
2157 3021 2267 3077 Deo
2297 3030 2454 3076 natus
2482 3028 2586 3089 est,
2618 3033 2846 3090 peccare
2879 3033 2986 3072 non
3021 3012 3231 3086 possit?

2007 3115 2184 3186 (Vers.
2212 3115 2294 3186 ὅ.)
2315 3113 2564 3188 Cognovit
2593 3114 2682 3167 bos
2710 3127 3054 3182 possessorem
3083 3124 3254 3173 suum,
3278 3115 3327 3160 et
3355 3107 3536 3158 asinus

1935 3225 2163 3283 praesepe
2182 3207 2398 3263 Domini
2419 3208 2521 3262 sui.
2543 3206 2712 3262 Israel
2737 3222 2839 3261 non
2862 3204 3123 3278 cognovit,
3145 3201 3372 3272 populus
3393 3214 3537 3254 meus

223 3295 472 3349 terrenis
501 3296 755 3351 sensibus
794 3297 1167 3353 involvuntur.
1205 3297 1364 3355 Unde
1391 3308 1448 3354 et
1489 3299 1743 3355 Salvator
1773 3301 1826 3356 in
1857 3285 1901 3348 (ἶ
1935 3321 2039 3358 non
2069 3302 2345 3358 intellexit.
2383 3302 2490 3358 Pro
2521 3316 2629 3370 quo
2670 3300 2772 3355 soli
2804 3298 2947 3355 LXX
2975 3295 3372 3353 transtulerunt
3401 3312 3414 3346 :
3451 3291 3541 3347 Is-

230 3385 566 3457 Evangelio:
599 3388 701 3454 Qui
722 3389 903 3456 habet,
936 3391 1132 3460 inquit,
1165 3407 1318 3446 aures
1346 3391 1618 3460 audiendi,
1650 3394 1831 3448 audiat

231 3481 449 3552 (Matth.
482 3499 568 3547 ιι,
603 3483 716 3554 15).
761 3484 816 3540 Si
850 3486 972 3556 quis
1004 3485 1168 3556 igitur
1198 3487 1398 3544 ctelum
1437 3496 1542 3556 est,
1583 3495 1640 3545 et
1669 3489 1832 3544 habet

229 3577 626 3647 municipatum
656 3580 708 3633 in
739 3579 1077 3645 caelestibus,
1111 3580 1296 3635 audiat
1332 3583 1562 3654 mystice
1601 3597 1724 3653 quae
1750 3581 1833 3638 di-

227 3680 446 3725 cuntur.
480 3669 537 3725 Si
566 3669 688 3741 quis
723 3680 998 3737 terrenus,
1030 3671 1332 3742 simplicem
1373 3683 1636 3744 sequatur
1661 3673 1834 3729 histo-

229 3762 388 3816 riam.
420 3761 559 3818 lllud
587 3779 803 3834 quoque
832 3764 1402 3830 animadvertendum,
1434 3765 1580 3836 quod
1612 3783 1720 3821 non
1751 3767 1835 3822 di—

228 3856 372 3910 xerit
399 3856 598 3921 :Audi,
624 3857 828 3923 caelum,
853 3866 904 3910 et
921 3856 1132 3911 auribus
1151 3859 1380 3928 percipe,
1406 3869 1564 3924 terra,
1585 3859 1713 3930 quid
1742 3875 1836 3916 vo-

230 3949 315 4005 bis
351 3959 373 3989 ο
407 3950 622 4006 locutus
643 3952 714 4006 sit
743 3951 1042 4019 Dominus;
1089 3953 1185 4008 sed
1229 3954 1356 4025 quid
1387 3955 1604 4010 locutus
1634 3956 1705 4010 sit
1731 3955 1832 4010 mi-

233 4042 310 4108 hi,
335 4055 394 4098 ut
415 4044 558 4115 quod
590 4060 692 4115 ego
718 4045 901 4100 audivi
930 4046 984 4100 in
1006 4048 1225 4114 spiritu,
1255 4047 1408 4103 vobis
1435 4052 1532 4121 ιι
1575 4049 1832 4117 referam,

230 4136 321 4207 qui
344 4135 525 4206 ipsum
554 4136 868 4208 loquentem
900 4139 1090 4194 audire
1128 4156 1234 4196 non
1269 4142 1576 4197 moremini.
1605 4141 1835 4210 Quidam

233 4229 593 4302 (Origenislce)
622 4232 820 4287 etelum
848 4242 903 4287 et
934 4244 1133 4289 terram
1164 4233 1189 4270 ἀ
1234 4237 1388 4306 quasi
1441 4236 1737 4291 animantia
1769 4237 1837 4292 ad

233 4323 565 4380 audiendum
606 4326 896 4395 provocari
946 4336 1164 4398 putant,
1191 4328 1344 4396 juxta
1390 4327 1545 4394 illud,
1594 4328 1736 4397 quod
1772 4328 1840 4384 de

235 4427 379 4474 terra
413 4420 466 4474 iu
497 4419 605 4474 alio
635 4420 756 4475 loco
795 4420 996 4476 dicitur
1023 4439 1036 4476 :
1070 4421 1174 4486 Qui
1199 4421 1408 4490 respicit
1437 4431 1647 4490 terram,
1679 4432 1724 4476 et
1761 4425 1843 4493 fa-

233 4515 304 4570 cit
321 4530 433 4567 eam
456 4524 670 4570 tremere
702 4513 876 4584 (Psal.
905 4531 1029 4584 cm,
1077 4515 1170 4588 52)
1205 4537 1218 4573 :
1253 4531 1377 4573 cum
1422 4517 1525 4572 hoc
1557 4519 1842 4588 potestatis

236 4605 329 4661 Dei
363 4608 460 4668 sit.
498 4621 606 4663 non
634 4618 866 4664 terreuze
895 4609 1291 4680 intelligentiae.

1931 3397 2042 3451 rael
2071 3406 2239 3450 autem
2271 3412 2348 3449 me
2391 3411 2494 3448 non
2520 3395 2775 3466 cognovit,
2814 3402 2860 3448 et
2902 3390 3128 3462 populus
3155 3405 3236 3443 me
3265 3404 3367 3443 non
3393 3386 3547 3442 intel-

1934 3491 2077 3546 lexit.
2113 3489 2180 3547 Ut
2205 3490 2362 3561 juxta
2405 3499 2633 3545 ca'teros
2693 3498 2743 3544 et
2780 3487 3127 3552 llehraicum,
3168 3495 3540 3556 possessorem

1935 3597 2092 3639 suum
2128 3581 2294 3637 Israel
2341 3596 2447 3636 non
2476 3578 2819 3650 cognoverit,
2850 3586 2905 3633 et
2931 3591 3176 3648 prtesepe
3216 3571 3430 3629 Domini
3458 3573 3540 3626 sui

1940 3675 2168 3744 populus
2196 3689 2302 3729 non
2333 3673 2684 3728 intellexerit.
2716 3670 2785 3726 Et
2827 3681 2910 3726 est
2951 3684 3144 3724 sensus
3183 3667 3541 3738 perspicuus:

1940 3766 2049 3837 Ego
2076 3782 2170 3821 eos
2211 3766 2461 3835 adoptavi
2496 3767 2550 3820 in
2583 3764 2740 3829 lilios,
2789 3774 2844 3820 et
2877 3761 2974 3817 l'eci
3008 3761 3262 3832 populum
3299 3757 3540 3830 peculia-

1941 3875 2075 3926 rem,
2133 3868 2189 3915 et
2248 3867 2456 3929 partem
2507 3873 2682 3912 meam
2735 3872 2797 3911 ac
2853 3854 3154 3910 funiculum
3207 3849 3542 3906 ha'reditatis

1941 3971 2096 4022 meae,
2130 3952 2503 4023 appellavique
2536 3949 2928 4020 primogenitos
2953 3966 2968 4014 ;
2998 3948 3073 4003 illi
3103 3959 3281 4003 autem
3306 3958 3406 4000 nec
3435 3943 3541 3999 hoc

1940 4045 2156 4118 quidem
2190 4045 2473 4111 fecerunt,
2510 4043 2655 4115 quod
2690 4043 2842 4097 bruta
2893 4040 3092 4097 faciunt
3150 4039 3435 4105 animalia,
3482 4047 3543 4092 ut

1943 4140 2218 4197 beneficiis
2243 4141 2608 4204 vincerentur,
2643 4147 2699 4194 et
2738 4136 3107 4209 intelligerent
3152 4145 3427 4206 pastorem
3478 4149 3542 4189 ac

1943 4237 2232 4292 nutricium
2264 4249 2443 4290 suum.
2473 4233 2584 4290 Nec
2609 4235 2950 4304 comparavit
2979 4247 3071 4288 eos
3109 4229 3362 4296 canibus,
3394 4228 3540 4300 quod

1943 4329 2350 4401 sagacissimum
2395 4342 2564 4398 genus
2592 4327 2948 4380 animantium
2993 4333 3097 4388 est,
3139 4334 3193 4377 et
3222 4337 3323 4394 pro
3368 4337 3544 4394 parvo

1944 4423 2068 4478 cibo
2092 4421 2439 4478 dominorum
2471 4432 2608 4476 tecta
2639 4419 2879 4475 defendit
2914 4437 2926 4471 :
2967 4417 3063 4473 sed
3094 4415 3393 4470 sto‘idioris
3420 4429 3546 4468 sen-

1947 4531 2040 4572 sus
2063 4515 2185 4570 bovi
2210 4523 2266 4570 et
2289 4515 2463 4579 asino,
2493 4529 2726 4585 quorum
2755 4513 2982 4568 alterum
3008 4518 3264 4581 carpenta
3294 4506 3542 4575 trahens,

1948 4608 2269 4664 durissimas
2295 4617 2452 4662 terra:
2477 4605 2662 4676 glebas
2695 4605 2857 4659 vertit
2885 4618 3127 4671 vomere,
3158 4602 3388 4657 alterum
3422 4614 3548 4671 por—

311 4700 481 4756 Filios
501 4704 656 4776 genui
695 4714 745 4759 et
781 4705 1008 4760 exaltari
1039 4722 1057 4760 :
1084 4707 1182 4776 ipsi
1211 4716 1381 4761 autem
1410 4718 1709 4779 spreverunt
1736 4724 1832 4762 me.
1867 4685 1914 4742 Ῐ)
1944 4714 2021 4760 tat
2045 4719 2234 4770 onera,
2264 4713 2318 4758 et
2347 4701 2626 4757 hominum
2656 4701 2708 4754 in
2739 4697 3040 4770 gradiendo
3069 4697 3310 4753 laborem
3344 4705 3548 4765 tempe-

238 4796 344 4852 Pro
370 4813 478 4866 quo
493 4797 858 4870 Symmachus
879 4808 934 4855 ct
963 4799 1270 4856 Theodotio
1296 4800 1372 4854 ita
1388 4807 1674 4854 verterunt
1701 4818 1713 4854 :
1751 4798 1846 4854 Fi-

235 4895 335 4948 lios
353 4894 596 4958 enutrivi,
625 4904 674 4950 et
701 4895 931 4950 exaltari
962 4895 1161 4968 (Exod.
1195 4911 1268 4961 tv,
1310 4895 1428 4966 22).
1471 4895 1555 4950 Ab
1596 4896 1698 4951 hoc
1724 4897 1846 4951 loco

238 4997 426 5040 narrat
470 4985 776 5054 PrOpheta,
820 4986 952 5058 quid
1001 4987 1265 5042 Dominus
1303 4989 1374 5042 sit
1417 4987 1650 5052 loeutus,
1698 4988 1845 5059 quod

235 5080 500 5150 papulum
532 5078 720 5146 lsrael,
763 5095 902 5152 quos
947 5097 1139 5138 servos
1187 5082 1465 5138 communi
1500 5082 1617 5153 lege
1661 5084 1850 5137 condi-

232 5171 418 5238 derat,
455 5173 508 5227 in
541 5171 686 5228 ﬁlios
703 5175 958 5243 verterit,
987 5175 1332 5244 dixeritque:
1380 5173 1554 5231 Filius
1591 5177 1848 5248 primoge-

231 5266 383 5320 nitus
421 5281 564 5321 meus
597 5263 785 5322 Israel.
823 5266 1066 5339 Denique
1091 5278 1146 5323 et
1175 5267 1442 5323 Dominus
1469 5268 1522 5324 in
1551 5268 1848 5341 Evangelio

236 5360 526 5432 Apostolis
556 5363 918 5433 repromittit,
957 5365 1100 5435 quod
1149 5363 1193 5419 si
1241 5363 1476 5420 fecerint
1511 5366 1846 5421 voluntatem

321 5584 347 5614 ⁸
374 5573 540 5630 Juxta
563 5573 716 5638 illud,
741 5583 849 5628 etc.
879 5571 1025 5627 ldem
1060 5569 1415 5638 habetEpist.
1445 5569 1510 5625 ad
1535 5568 1843 5624 Marcellam

236 5648 316 5704 de
346 5646 537 5703 decem
569 5645 892 5701 Numinibus
925 5645 1049 5710 Dei,
1095 5644 1147 5698 in
1177 5658 1311 5699 voce
1354 5641 1532 5696 Eloin.
1567 5641 1842 5697 Maurum.

320 5717 346 5757 δ
375 5717 444 5774 Ut
475 5720 668 5784 omnia,
693 5727 798 5772 etc.
824 5717 1059 5776 Excepta
1081 5725 1205 5770 sunt
1237 5713 1492 5770 nonnulla
1524 5713 1574 5767 in
1607 5712 1700 5780 IM,
1725 5729 1845 5784 quze

241 5801 375 5849 sunt
434 5790 724 5858 feminina,
761 5798 814 5845 ut
868 5791 1010 5843 mw:
1064 5788 1316 5852 naschim,
1349 5786 1629 5858 mulieres;
1679 5795 1734 5840 et
1793 5786 1844 5839 in

243 5862 415 5924 DTH.
445 5877 568 5933 qu:e
589 5857 717 5915 sunt
747 5860 1065 5933 masculina,
1097 5873 1149 5913 v.
1187 5876 1242 5933 ς.
1269 5863 1416 5914 mnu
1438 5857 1618 5933 (ιινοιΙιΣ
1639 5866 1844 5933 patres;

244 5935 420 5995 mw
445 5928 741 5996 schemata,
778 5932 1019 6000 nomi'n‘a‘,
1048 5941 1154 5988 etc.
1192 5928 1556 5987 Maurum—
1585 5928 1845 5998 Quadam

1951 4807 2034 4854 rat
2063 4816 2075 4852 :
2110 4797 2252 4852 unde
2280 4796 2596 4867 etjumeuta
2622 4795 2962 4866 appellantur
2988 4793 3165 4858 abeo,
3192 4788 3337 4861 quod
3360 4791 3551 4859 juvent

1953 4893 2220 4950 homines.
2256 4891 2438 4947 Potest
2471 4891 2559 4946 hic
2585 4891 2736 4946 locus
2759 4899 2816 4944 et
2841 4889 2910 4944 de
2939 4889 3050 4943 Deo
3076 4887 3239 4942 Patre
3277 4883 3508 4954 intelligi
3533 4900 3547 4938 :

1950 4989 2045 5044 sed
2076 4988 2247 5057 magis
2274 4986 2506 5042 refertur
2536 4986 2600 5040 ad
2634 4985 2851 5046 Filium.
2885 4983 3026 5055 quod
3071 4998 3180 5038 non
3230 4979 3552 5051 cognmterit

1951 5097 2100 5146 eum,
2136 5095 2314 5149 neque
2339 5079 2640 5148 susceperit
2673 5077 2906 5150 populus
2943 5075 3107 5130 Israel
3137 5092 3150 5128 :
3203 5073 3362 5143 cujus
3405 5071 3550 5128 diem

1955 5175 2228 5232 Abraham
2255 5175 2412 5241 vidit,
2430 5185 2481 5228 et
2501 5173 2718 5229 laetatus
2745 5182 2828 5228 est
2858 5191 2870 5225 :
2903 5180 2959 5228 et
2989 5171 3042 5228 in
3074 5170 3230 5242 cujus
3258 5167 3552 5224 adventum

1954 5270 2198 5326 omnium
2219 5269 2614 5341 Prophetarum
2627 5276 2748 5324 vota
2766 5266 3096 5338 pendebant.
3121 5265 3220 5333 Qui
3236 5274 3288 5320 et
3303 5263 3354 5319 in
3369 5261 3551 5316 Evano

1955 5365 2098 5438 gelio
2155 5363 2223 5422 ad
2269 5363 2572 5422 Jerusalem
2631 5363 2872 5434 loquitur
2920 5381 2932 5418 :
2989 5361 3202 5432 Quoties
3247 5357 3384 5415 volui
3423 5370 3550 5410 con-

1949 5567 2295 5637 excipiuntur
2317 5582 2381 5623 ex
2409 5575 2637 5637 utraque
2658 5573 2814 5638 parte
2833 5609 2846 5633 ,
2876 5578 2996 5634 quae
3013 5557 3365 5618 Grammatici
3393 5557 3556 5629 vulgo

1953 5651 2163 5695 nutant.

2028 5721 2049 5750 ο
2094 5712 2216 5766 Duo
2248 5725 2390 5767 mss.
2423 5712 2691 5766 locuturus
2722 5709 2811 5764 hic
2845 5722 2941 5774 pro
2970 5707 3195 5760 locutus.

2021 5780 2048 5820 δ
2083 5783 2247 5851 Quasi
2275 5785 2582 5848 animantia,
2619 5793 2726 5836 etc.
2751 5779 3087 5851 Origenistas
3115 5785 3270 5851 notat
3295 5793 3308 5831 :
3333 5775 3559 5832 consule

1954 5854 2055 5928 Ep.
2086 5848 2151 5912 ad
2177 5856 2426 5925 Avitum,
2460 5854 2529 5912 de
2556 5852 2711 5910 libris
2734 5848 3090 5923 peri'urehon.
3127 5849 3397 5906 Maurus.
