4078 6328
511 308 582 364 ετ
1688 311 1746 371 s.
1794 311 2073 375 russati
2110 312 2493 377 ιιιειιοιιιιιι
3066 288 3073 293 ’
3745 319 3821 377 es

513 441 731 521 gtpgztre
749 426 900 521 ﬁlios
934 435 1071 493 tuos,
1102 424 1237 482 sicut
1265 427 1466 505 gallina
1496 427 1671 499 pullos
1717 431 1811 487 sub
1843 430 2110 497 alassuas.
2141 445 2193 521 Α
2220 439 2367 495 tetur
2395 447 2522 495 esse
2551 435 2769 508 natura)
2794 452 2967 511 quam
2992 451 3190 503 eorum
3223 437 3481 506 malitiae,
3507 438 3601 511 qui
3630 437 3821 503 volun-

511 528 559 575 et
583 519 800 575 noluisti
816 519 1038 594 (Matth.
1071 536 1235 589 χχιιι,
1276 522 1407 592 57)!
1451 521 1759 593 Quaerimus
1788 524 1880 593 ubi
1910 524 2115 595 pariter

510 612 807 687 legerimus
860 614 1055 671 bovem
1114 621 1170 669 et
1237 614 1510 671 asinum?
1574 616 1631 671 In
1684 616 2115 683 Denterouomio

509 709 770 779 scriptum
814 719 944 765 est:
996 707 1119 763 Non
1164 708 1337 766 arabis
1380 710 1438 767 in
1466 710 1628 767 vitulo
1668 711 1827 769 simul
1871 721 1921 775 et
1966 713 2119 771 asino

511 803 695 878 (Deut.
722 820 865 867 χχιι.
894 802 1003 875 10).
1052 804 1120 859 Et
1166 805 1220 859 in
1278 806 1385 863 hoc
1424 805 1616 867 eodem
1668 805 1837 873 Isaias
1871 825 1885 861 :
1924 804 2118 868 Beatus

511 897 601 969 qui
627 897 843 953 seminat
863 913 1021 967 super
1051 914 1257 961 omnem
1276 914 1487 971 aquam,
1519 897 1608 955 ubi
1637 899 1726 957 ltos
1751 899 1917 955 calcat
1938 907 1985 959 et
2006 899 2115 957 asi-

509 1007 611 1047 nus
646 989 803 1063 (Isai.
838 1006 1023 1057 χχχιι,
1051 990 1171 1067 20).
1209 991 1387 1051 Simul
1417 1003 1537 1049 arat
1567 992 1622 1049 in
1672 991 1809 1055 hove
1854 1000 1911 1047 et
1963 990 2121 1053 asino

388 1079 708 1151 /Ebion,
735 1083 929 1156 dignus
955 1098 1056 1156 pro
1110 1085 1417 1143 humilitate
1465 1100 1683 1149 sensus,
1717 1092 2038 1161 paupertate
2090 1093 2118 1122 ει

511 1178 748 1233 nominis
777 1178 896 1243 sui;
924 1180 1015 1250 qui
1045 1180 1127 1236 sic
1158 1181 1352 1251 recipit
1372 1179 1751 1251 Evangelium,
1784 1189 1843 1237 ιιι
1871 1178 2120 1237 Iudaica-

507 1284 626 1325 rum
657 1272 1133 1345 superSIitionum,
1165 1289 1285 1344 quae
1327 1272 1383 1329 in
1419 1273 1613 1331 umbra
1635 1280 1690 1328 et
1712 1272 1951 1347 imagine
1982 1288 2121 1344 prte-

510 1373 819 1433 cessernnt,
870 1365 1231 1422 cmrernonias
1282 1382 1389 1422 non
1442 1367 1737 1439 relinquat.
1790 1366 1990 1423 Beatus
2035 1372 2123 1422 est

511 1467 697 1512 autem
751 1457 842 1531 qui
895 1459 1129 1515 seminat
1176 1461 1229 1513 in
1281 1458 1519 1530 eloquiis
1563 1457 1967 1533 Scripturarum
2012 1467 2121 1515 tam

510 1550 710 1606 veteris
739 1564 904 1621 quam
938 1551 1063 1605 novi
1093 1550 1449 1607 lnstrumenti
1486 1569 1501 1607 :
1533 1562 1586 1607 et
1620 1552 1799 1609 calcat
1827 1566 1996 1624 aquas
2029 1566 2122 1607 oc-

513 1644 747 1700 cidentis
774 1644 992 1711 litteras,
1026 1654 1084 1703 ut
1116 1654 1286 1715 meiat
1321 1645 1422 1723 13
1449 1643 1684 1705 fructum
1716 1645 1943 1719 spiritus
1985 1643 2122 1700 vivi-

511 1736 745 1797 licantis.
788 1737 892 1793 Bos
916 1737 1070 1813 juxta
1113 1753 1392 1819 anagogen
1440 1736 1675 1813 refertur
1698 1738 1764 1791 ad
1796 1737 1997 1807 Israel;
2028 1736 2122 1809 qui

514 1833 674 1905 Legis
704 1833 933 1904 portavit
958 1833 1168 1904 iugum,
1193 1840 1247 1891 et
1269 1832 1533 1889 mundum
1557 1833 1756 1899 animal
1778 1841 1882 1889 est.
1918 1832 2122 1891 Asinus

515 1936 858 1996 peccatorum
887 1940 1054 1991 onere
1082 1935 1476 1996 praegravatus,
1504 1924 1748 1996 gentium
1774 1925 2009 1997 populus
2034 1939 2125 1981 ac-

507 2019 732 2088 cipitur,
759 2019 849 2075 cui
888 2019 1153 2077 Dominus
1192 2018 1523 2092 loquebatur
1548 2038 1560 2075 :
1602 2019 1785 2077 Venite
1811 2021 1881 2079 ad
1905 2037 1989 2078 me
2016 2036 2128 2075 om-

509 2128 600 2167 nes
621 2112 1064 2185 quilaboratis,ct
1099 2113 1299 2169 onerati
1361 2114 1506 2179 estis,
1540 2123 1586 2173 et
1636 2130 1728 2189 ego
1760 2115 1997 2185 reﬁciam
2038 2129 2128 2169 ras

509 2204 730 2279 (Matth.
760 2221 868 2270 xu,
891 2205 1010 2277 28).
1047 2205 1336 2271 Pharisatis
1365 2220 1497 2276 ergo
1527 2215 1595 2263 et.
1621 2204 1835 2264 Scribis
1869 2220 1974 2260 non
2004 2219 2126 2265 cre-

511 2298 793 2365 dentibus,
820 2299 913 2371 qui
943 2299 1215 2355 habebant
1245 2297 1407 2373 Legis
1435 2299 1644 2357 clavem
1665 2310 1831 2375 atque
1849 2299 2127 2371 notitiam,

511 2402 571 2449 et
596 2407 727 2448 vere
771 2392 1190 2463 appellabantur
1216 2392 1413 2459 Israel,
1447 2394 1498 2448 id
1538 2404 1642 2459 est.
1690 2390 1718 2431 ι’
1762 2409 1905 2451 mens
1949 2393 2127 2457 uidens

521 2483 706 2551 Deum,
738 2485 972 2541 credidit
998 2502 1126 2559 pars
1172 2485 1359 2557 populi
1411 2485 1750 2555 Judmorum,
1784 2498 1842 2543 ut
1885 2502 1992 2543 una
2038 2488 2127 2543 die

514 2575 618 2643 tria
652 2577 823 2632 millia
850 2578 1013 2634 simul
1045 2579 1356 2649 crederent,
1399 2588 1452 2634 et
1480 2579 1583 2635 alia
1611 2580 1703 2635 die
1731 2580 1973 2651 quinque
2005 2581 2127 2639 mil-

511 2669 605 2725 lia.
667 2670 1023 2741 Sapientibus
1068 2688 1284 2745 quoque
1337 2674 1518 2731 saeculi
1577 2688 1684 2729 non
1739 2673 2126 2747 recipientibus

513 2777 731 2819 crucem
772 2764 997 2832 Christi,
1050 2765 1267 2821 indocta
1314 2767 1598 2822 nationum
1653 2766 1809 2823 turba
1855 2766 2122 2837 suscepit.

516 2856 672 2914 Unde
713 2867 768 2914 et
816 2857 1121 2931 Apostolus
1168 2861 1494 2935 loquebatur
1529 2878 1543 2917 :
1580 2860 1763 2917 Videte
1802 2863 2127 2933 vocationem

514 2966 761 3023 uestram,
791 2958 980 3018 fratres
1011 2973 1029 3011 :
1056 2959 1179 3028 quia
1210 2975 1313 3013 non
1338 2958 1491 3012 multi
1536 2958 1795 3031 sapientes
1843 2957 2125 3021 secundum

517 3063 750 3117 carnem,
791 3065 895 3104 non
938 3050 1091 3106 multi
1123 3061 1382 3121 potentes,
1425 3068 1527 3106 non
1577 3052 1723 3106 multi
1759 3051 1954 3111 nobiles
1985 3067 2005 3105 :
2035 3049 2127 3109 sed

513 3157 631 3212 qua:
657 3143 819 3197 stulta
847 3153 967 3198 sunt
998 3146 1207 3213 mundi,
1240 3145 1392 3218 elegit
1431 3144 1602 3217 Deus,
1633 3156 1689 3215 ut
1726 3143 2017 3218 con[undat
2044 3161 2131 3199 sa-

2222 535 2333 582 tate
2362 530 2580 599 propria
2616 530 2902 591 Doruinum
2933 531 3370 604 dereliqueruut.

2293 618 2348 679 In
2383 618 2653 693 principio
2680 623 2973 681 voluminis
2998 623 3185 685 titulus
3206 635 3312 695 est,
3340 640 3657 697 personam,
3690 641 3822 689 eau-

2220 723 2363 776 sam,
2382 718 2710 787 tempusque
2734 729 3207 775 commemorans:
3231 716 3287 775 in
3315 716 3557 783 secundo
3578 718 3819 787 intentus

2220 802 2505 860 auditores
2554 804 2726 863 facit:
2756 808 2815 865 in
2854 808 3014 867 tertio
3068 821 3253 879 narrat
3300 811 3433 887 quid
3482 811 3701 869 locutus
3746 813 3820 881 sit

2221 893 2484 953 Dominus
2518 914 2531 951 :
2563 898 2621 963 in
2662 907 2859 975 quarto
2908 901 3065 975 quasi
3111 903 3169 959 in
3219 903 3540 961 excessibus
3590 915 3817 979 gentem

2220 987 2470 1065 inerepat
2503 993 2861 1067 peccatricem
2882 1034 2898 1061 ,
2928 1003 2984 1053 ct
3010 994 3273 1066 populum
3320 998 3545 1069 plenum
3575 997 3661 1055 vel
3687 1012 3815 1069 gra-

2221 1097 2342 1141 vem
2372 1083 2683 1155 iniquitate.
2714 1086 2828 1143 Non
2858 1103 2971 1161 quq
2990 1088 3095 1147 alia
3122 1091 3195 1146 sit
3222 1106 3363 1163 gens
3387 1100 3444 1151 et
3473 1092 3617 1151 alius
3639 1107 3815 1163 pupu-

2221 1176 2329 1251 lus,
2360 1177 2665 1249 utquidam
2690 1189 2903 1257 putant,
2939 1179 3035 1237 sed
3068 1181 3187 1255 ipse
3215 1182 3414 1250 lsrael.
3446 1194 3503 1240 et
3539 1199 3675 1255 gens
3713 1199 3813 1256 ap-

2222 1273 2461 1344 pellatur
2485 1284 2541 1332 et
2575 1276 2844 1349 populus,
2872 1285 2928 1335 et
2975 1276 3074 1336 lilii
3103 1278 3383 1349 scelerati,
3423 1279 3541 1341 sive
3587 1279 3760 1353 ipiqui
3803 1296 3821 1341 ι

2221 1376 2281 1425 ιιι
2312 1365 2405 1439 qui
2442 1367 2679 1436 primum
2724 1382 2820 1438 per
2871 1367 3195 1424 beneﬁcium
3240 1369 3335 1427 ﬁlii
3380 1370 3644 1440 appellati
3694 1377 3825 1433 sunt

2224 1460 2485 1519 Domini:
2518 1470 2709 1535 postea
2743 1463 2878 1519 vitio
2904 1477 3006 1520 suo
3031 1472 3359 1523 vocarentur
3407 1463 3507 1523 lilii
3566 1465 3825 1537 iniquita-

2225 1553 2292 1610 tis
2311 1569 2327 1620 ;
2345 1554 2463 1611 sive
2482 1552 2587 1635 ιι
2604 1555 2868 1629 utreliqui
2881 1571 3120 1617 consona
3137 1571 3267 1613 voce
3290 1556 3570 1623 dixerunt,
3589 1555 3689 1625 ﬁlii
3709 1573 3826 1619 cot-

2223 1658 2562 1720 rumpentcs,
2610 1647 2663 1705 id
2712 1658 2800 1705 est
2843 1646 3041 1723 (suppl.
3080 1649 3224 1723 uici],
3274 1649 3676 1730 διαφθείραντες,
3730 1650 3825 1724 qui

2226 1749 2437 1797 natura:
2467 1740 2667 1801 bonum
2694 1754 2793 1797 suo
2822 1743 2956 1801 vitio
2987 1742 3361 1815 perdiderunt.
3411 1743 3679 1817 Quodque
3698 1744 3825 1817 iup-

2225 1832 2372 1904 gitur
2403 1850 2419 1891 :
2450 1832 2949 1908 Blaspheotauerunt
2986 1846 3227 1897 sanctum
3255 1834 3450 1906 Israel,
3482 1838 3706 1909 proprie
3753 1836 3824 1909 de

2224 1923 2430 1981 Judmis
2451 1925 2653 1985 dicitur
2680 1926 3156 1987 conclamantibus
3180 1945 3193 1985 :
3222 1927 3345 1987 Non
3358 1928 3603 1987 habemus
3624 1944 3820 2005 regem,

2225 2016 2329 2075 nisi
2355 2016 2608 2077 Ctesarem
2636 2016 2799 2093 (Joan
2826 2032 2948 2083 χιχ,
2979 2016 3105 2090 15);
3138 2026 3195 2077 et
3228 2035 3242 2073 :
3274 2016 3464 2077 Nonae
3484 2018 3571 2075 hic
3614 2028 3689 2091 est
3741 2017 3823 2090 [a-

2224 2108 2303 2164 ltri
2329 2110 2469 2179 [ilius
2502 2110 2717 2183 (llattlt.
2752 2125 2868 2173 χιιι,
2901 2109 2994 2183 55)
3019 2128 3034 2177 ;
3062 2120 3137 2177 et,
3180 2109 3511 2169 Dtemoniuta
3547 2109 3721 2181 habet,
3777 2120 3825 2181 et

2228 2202 2595 2263 Samaritanus
2625 2213 2699 2275 est
2731 2203 2915 2281 (toan.
2941 2220 3058 2273 vui,
3102 2204 3221 2277 48).
3253 2206 3391 2275 Quia
3427 2206 3591 2281 igitur
3618 2204 3825 2267 dereli-

2226 2310 2465 2371 quernnt
2489 2299 2794 2371 Christum.
2817 2308 2873 2355 et
2900 2298 3423 2373 blasphetnaverunt
3459 2299 3717 2361 Sanctqu
3749 2299 3826 2355 lsc

2226 2394 2375 2460 racl;
2406 2393 2612 2450 idcirco
2638 2394 2935 2451 abalienati
2971 2405 3095 2451 sunt
3121 2403 3455 2463 retrorsum,
3485 2405 3547 2451 ιιι
3586 2396 3679 2467 qui
3731 2408 3829 2466 ap-

2227 2488 2574 2559 pellabantur
2618 2504 2745 2559 pars
2771 2498 2828 2544 et
2868 2487 2966 2547 lilii
3020 2489 3153 2555 Dei,
3208 2499 3401 2560 postea
3458 2489 3824 2549 dicerentur:

2230 2580 2358 2637 Filii
2380 2581 2538 2641 alieni
2555 2581 2755 2637 mentiti
2784 2592 2907 2637 sunt
2936 2580 3066 2639 mihi
3092 2562 3225 2655 (Ps:
3247 2597 3381 2655 χιιι,
3407 2580 3526 2657 46).
3558 2578 3829 2653 Ριειεςερίι

2229 2675 2503 2743 Salvator,
2532 2692 2598 2737 ne
2629 2679 2976 2753 apprehenso
3023 2684 3232 2745 aratro,
3286 2674 3648 2751 respiciamus
3698 2681 3823 2746 post

2229 2779 2437 2841 tergum
2494 2768 2644 2842 (an.
2677 2785 2753 2833 ts,
2804 2768 2920 2840 62),
2982 2784 3050 2826 ne
3095 2769 3374 2831 imitemur
3416 2783 3643 2835 uxorem
3698 2768 3824 2825 Lot.

2228 2860 2385 2919 Unde
2410 2870 2465 2919 et
2483 2860 2780 2932 Apostolus
2806 2861 3113 2933 extendens
3142 2876 3201 2919 se
3234 2862 3290 2921 in
3315 2860 3527 2933 priora,
3554 2859 3824 2935 posterio-

2233 2969 2352 3011 tum
2396 2953 2746 3011 obliviscitur
2796 2951 3064 3027 (Philipp.
3115 2970 3211 3021 ut,
3274 2955 3388 3027 l5).
3433 2953 3589 3023 Quod
3638 2962 3826 3015 autem

2229 3044 2363 3098 dixit
2384 3044 2538 3115 juxta
2568 3043 2731 3109 LXX,
2761 3046 2957 3118 populo
2986 3048 3139 3123 pleno
3178 3047 3400 3117 peccatis
3432 3045 3620 3114 (Zach.
3655 3061 3711 3111 ν,
3743 3043 3826 3119 7),

2228 3137 2471 3193 ostendit
2501 3138 2707 3197 nullam
2731 3140 2973 3211 speciem
3016 3152 3369 3211 peccatorum
3420 3141 3473 3199 in
3504 3140 3677 3199 Israel
3734 3156 3830 3213 po-

523 3236 757 3311 pienles;
794 3248 844 3291 et
881 3256 997 3310 qua:
1024 3240 1234 3311 inﬁrma
1284 3250 1403 3295 sunt
1433 3243 1637 3309 mundi,
1679 3241 1834 3313 elegit
1874 3240 2037 3311 Deus,
2070 3248 2128 3299 ut
2156 3252 2202 3317 ρ
2232 3233 2361 3305 pulo
2388 3247 2493 3288 non
2519 3229 2546 3270 ἀ
2577 3232 2771 3290 fuisse.
2828 3234 2925 3293 Sin
2957 3245 3143 3297 autem
3174 3234 3468 3307 legerimus
3489 3275 3505 3303 ,
3556 3241 3617 3290 ul.
3644 3233 3699 3291 in
3725 3233 3833 3291 lle-

517 3329 803 3400 confundat
828 3334 988 3403 fortia
1015 3332 1062 3406 (Ι
1091 3332 1215 3391 Cor.
1244 3349 1290 3402 ι,
1319 3333 1414 3401 26,
1444 3334 1561 3407 27).
1606 3334 1711 3392 Sed
1755 3334 1875 3405 haec
1913 3344 2123 3405 coacta,

516 3427 771 3497 superior
797 3443 923 3483 vera
956 3428 1337 3500 interpretatio
1366 3436 1471 3483 est.

593 3518 777 3590 (Vers.
802 3520 887 3591 4).
928 3519 1020 3577 Va:
1041 3522 1181 3593 genti
1204 3521 1508 3593 peccatrici,
1536 3521 1734 3593 populo
1762 3521 1909 3599 gravi
1936 3521 2126 3593 iniqui—

519 3617 656 3676 tate,
689 3611 873 3665 semini
922 3627 1178 3685 nequam,
1237 3610 1365 3683 ﬁliis
1391 3612 1653 3671 sceleratis
1685 3630 1704 3668 :
1733 3613 2120 3687 dereliquerunt

517 3699 806 3757 Dominum
838 3720 857 3757 :
890 3704 1371 3776 blasphentaverunt
1407 3716 1643 3763 sanctum
1680 3705 1851 3773 Israel
1879 3722 1898 3761 :
1929 3706 2121 3763 abalie-

514 3797 626 3851 nati
651 3805 772 3853 sunt
793 3808 1099 3854 retrorsum.
1129 3797 1243 3853 Hoc
1266 3798 1410 3865 quod
1444 3801 1494 3854 in
1522 3799 1717 3859 ultimo
1742 3800 1898 3875 posui
1947 3819 1960 3854 :
1995 3800 2119 3855 aba-

511 3889 691 3945 lienati
717 3900 835 3943 sunt
863 3896 1169 3957 retrorsum,
1202 3888 1350 3945 LXX
1389 3890 1731 3962 lnterpreles
1779 3905 1883 3946 non
1915 3890 2122 3948 habent

510 3993 567 4038 et
590 3996 688 4051 pro
712 3982 1224 4050 blasphemaverunt,
1266 3984 1531 4040 scribitur
1575 3983 1627 4039 in
1657 3984 1760 4065 eis,
1813 3983 1883 4038 ad
1907 3985 2122 4039 iracun-

513 4073 659 4127 diam
702 4074 1135 4146 goncitavernnt:
1166 4084 1218 4131 et
1275 4091 1374 4147 pro
1421 4079 1616 4131 semine
1644 4093 1897 4147 nequam,
1949 4092 2124 4132 semen

515 4165 818 4237 pessimum.
850 4167 1002 4234 Quod
1037 4167 1223 4223 caeteri
1266 4177 1585 4237 sequentes,
1622 4178 1644 4207 ε
1667 4165 1995 4224 Hebraicum
2023 4184 2121 4224 Il:-

518 4274 651 4315 REII
686 4260 920 4331 (nam)
940 4260 1282 4330 interpretati
1314 4267 1463 4329 sunt,
1495 4260 1842 4330 pessimorum
1870 4277 1889 4316 :
1921 4269 1981 4316 ιιι
2013 4276 2119 4317 non

518 4361 626 4406 tam
658 4351 888 4407 seminis
915 4351 1106 4407 vitium
1136 4351 1210 4408 sit
1240 4351 1332 4423 (ne
1362 4351 1489 4408 boni
1521 4364 1576 4408 et
1611 4354 1738 4408 mali
1770 4353 1981 4410 diversa
2016 4368 2117 4429 pu-

590 4654 617 4684 ι
650 4644 974 4709 llebraicum

518 4734 635 4790 nus,
668 4717 834 4790 quasi
846 4716 1147 4790 desiderans
1171 4736 1189 4782 ;
1217 4720 1339 4790 quia
1373 4733 1543 4789 egeno
1568 4716 1660 4774 est
1700 4734 1917 4788 semper
1965 4716 2110 4775 desi-

519 4788 751 4844 derium.
794 4787 957 4843 Ebion
986 4788 1153 4859 igitur
1179 4787 1465 4845 ltzitreticus
1498 4792 1691 4845 merito
1715 4792 1794 4845 sic
1818 4787 1999 4846 dictus
2029 4799 2115 4844 est

2231 3327 2419 3387 ltraico
2445 3335 2550 3393 est,
2581 3326 2790 3401 Populo
2811 3330 2957 3400 gravi
2995 3329 3267 3401 iniquitate
3290 3368 3305 3395 ,
3335 3326 3485 3387 illius
3525 3325 3831 3393 testimonii

2230 3422 2607 3491 recordemur,
2643 3421 2786 3494 quod
2810 3423 3072 3497 iniquitas
3098 3421 3289 3479 sedeat
3339 3434 3508 3491 super
3558 3419 3829 3479 talentum

2229 3515 2461 3591 plumbi,
2488 3524 2545 3571 et
2567 3529 2633 3572 ex
2665 3516 2975 3591 peccatoris
3006 3528 3242 3591 persona
3272 3512 3488 3585 dicatur
3516 3512 3572 3573 in
3618 3511 3831 3583 psalmo

2228 3590 2508 3665 tricesimo
2535 3590 2778 3681 septimo
2812 3625 2825 3661 :
2859 3590 3090 3677 Electrae
3109 3614 3229 3663 sunt
3265 3606 3564 3678 iniquitates
3589 3620 3717 3671 mete
3739 3621 3830 3667 su-

2227 3720 2316 3775 per
2355 3712 2513 3773 caput
2560 3717 2731 3757 meum
2762 3719 2780 3757 :
2807 3700 2972 3768 Quasi
3018 3718 3149 3757 onus
3196 3715 3348 3773 grave
3396 3699 3681 3773 ingravatte
3708 3706 3829 3759 sunt

2224 3810 2381 3866 super
2401 3809 2480 3848 me
2502 3791 2621 3865 (Ps.
2654 3809 2859 3861 χχχιιι,
2905 3793 2979 3859 5).
3019 3789 3301 3855 Manifesta
3358 3790 3829 3867 transcurrimus;

2228 3895 2287 3941 ut
2331 3885 2385 3941 iu
2420 3885 2854 3954 obscurioribus,
2885 3896 2940 3941 et
2986 3885 3038 3943 in
3072 3884 3158 3940 Itis
3184 3898 3306 3955 qua:
3328 3882 3714 3961 explanatione
3744 3883 3830 3943 iu-

2229 3979 2438 4057 digent,
2474 3979 2853 4039 immoremur.

2306 4076 2325 4145 (
2354 4072 2512 4128 Vers.
2542 4070 2577 4124 5
2604 4075 2641 4139 ).
2676 4069 2744 4125 In
2774 4088 2878 4147 quo
2925 4071 3210 4147 percutiam
3254 4084 3342 4124 vos
3392 4066 3532 4125 ultra
3573 4066 3825 4127 addentes

2226 4164 2747 4239 praevaricationem?
2784 4164 2902 4235 Quo
2936 4163 3256 4220 testimonio
3295 4161 3561 4233 discimus
3621 4163 3827 4221 idcirco

2224 4258 2514 4314 Dominum
2548 4266 2835 4327 percutere
2863 4257 3271 4330 delinquentes,
3297 4263 3356 4309 ut
3381 4269 3675 4329 percussos
3704 4270 3829 4313 cor-

2222 4353 2385 4426 rigat,
2413 4358 2470 4408 et
2493 4364 2598 4407 non
2626 4359 2733 4407 tam
2759 4364 2922 4423 poena
2945 4348 3038 4418 sit,
3061 4363 3224 4421 quam
3257 4345 3599 4423 emendatio.
3622 4348 3827 4435 Estque

1107 4656 1148 4707 ιι
1188 4644 1375 4725 Ebion.
1419 4646 1837 4717 interpretatum
1871 4655 1956 4705 est
1983 4663 2107 4725 ege-

2226 4650 2303 4707 γὴν
2341 4651 2434 4725 τῇς
2473 4641 2697 4725 «ξιανοξας
2734 4640 3004 4725 πτωχείαν
3041 4637 3642 4725 οιιόκιῖῷλρῶὑαιιςοιιροιιὶνειναι·οῖς·⁸
3664 4650 3829 4717 ταυτῇ

2064 4717 2110 4773 i-
2212 4718 2318 4796 ’γρρ
2377 4714 2555 4796 {triuia
2593 4710 2635 4796 ⁸ὁ
2692 4710 2910 4784 ιττωχῦι⁵
2969 4710 3094 4789 παρ’
3144 4710 3408 4792 Ἑϐραίοις
3468 4710 3821 4796 augustam}

2220 4784 2433 4842 Eliionis
2464 4784 2670 4839 nomine
2696 4784 3060 4855 paupertatent'
3084 4784 3267 4836 mentis
3292 4799 3475 4855 eorum
3507 4784 3786 4855 denotante
3808 4801 3828 4839 :

519 4877 749 4934 pauper;
780 4872 904 4915 eum
939 4853 1157 4934 umbras
1184 4861 1373 4933 Legis,
1408 4880 1569 4919 vacua
1602 4873 1650 4917 et
1681 4879 1840 4934 egena
1861 4863 2117 4919 elementa
2218 4860 2458 4934 sicenint
2486 4853 2856 4934 pauperaputl
2882 4853 3130 4934 Περγαῖος
3160 4854 3419 4934 nominari
3447 4853 3601 4934 solet.

520 4932 977 5058 nmglecteretur,
1016 4932 1217 4991 Christi
1257 4932 1368 5004 jam
1411 4932 1734 4997 coruscaute
1778 4934 2114 5006 Evangelio;

520 5014 573 5058 et
654 5004 820 5058 omini
858 5005 1395 5058 nostridirinitatem
1430 5022 1535 5058 non
1564 5008 1892 5058 susciperet.
1951 5020 2114 5058 quem

519 5014 573 5058 et
609 5004 820 5077 Domini
858 5005 1395 5062 nostridivinitatem
1430 5022 1535 5061 non
1564 5008 1892 5077 susciperet,
1940 5004 2116 5074 quem

523 5091 716 5145 purum
741 5076 1016 5132 hominem
1039 5079 1328 5147 cogitabat.
1357 5078 1620 5134 Eusebius
1643 5076 1736 5132 libi
1754 5080 1788 5132 5
1806 5076 2119 5133 Ecclesiast.

526 5149 662 5201 llist.
680 5162 802 5217 cap.
822 5150 885 5203 2|
909 5149 1174 5205 :Ebionazi
1197 5151 1424 5216 nomine,
1454 5151 1593 5220 quod
1618 5152 1852 5215 ipsorum
1873 5148 2121 5220 mentiset

523 5220 880 5294 intelligentia
892 5222 1184 5279 tenuitatettt
1202 5224 1306 5278 sive
1328 5218 1681 5294 paupertatem
1703 5221 1955 5281 declarat.
1972 5218 2121 5294 Msa;

522 5308 669 5366 TlAﬁ.
697 5289 789 5332 ⁷-
830 5293 888 5366 ltl
925 5308 1053 5366 vero
1098 5289 1339 5366 plerique
1386 5289 1965 5366 eruditorumnegant
1997 5331 2011 5353 ,
2055 5289 2123 5366 a_|t

525 5363 732 5418 ltlbione
749 5362 979 5435 qundam
997 5360 1113 5434 eius
1130 5360 1401 5421 lunt-escos
1415 5380 1636 5420 auctore
1654 5360 1932 5418 [Chionitas
1946 5360 2125 5430 appel-

524 5434 683 5490 latos.
703 5434 775 5491 Et
792 5437 946 5493 facile
971 5453 1064 5507 per
1082 5438 1406 5493 allusionem
1430 5438 1495 5491 ad
1513 5435 1867 5490 voluntariam
1894 5447 2126 5501 pauper-

525 5515 690 5591 tatem
708 5507 997 5591 {siquidem
1018 5514 1167 5591 Πνςιιι
1193 5508 1453 5591 ΙΙριιιτιξεθ
1474 5508 1684 5591 inopem
1710 5508 1890 5591 sanat.)
1916 5517 2118 5591 nomen

522 5574 816 5635 adduxisse
861 5581 964 5635 sibi
1013 5574 1296 5636 t'titleantur
1321 5598 1334 5634 :
1361 5574 1651 5634 Christiani
1676 5591 1743 5631 ex
1768 5574 1977 5631 Letbali
2002 5574 2121 5626 ino-

523 5651 614 5720 pia
640 5691 655 5712 ,
716 5660 772 5706 et
816 5655 1014 5708 mentis
1051 5667 1355 5720 seusu<qtte
1397 5656 1637 5719 egestate
1675 5647 2118 5720 denominarunt.

523 5715 789 5792 Origenes
852 5727 904 5780 in
938 5723 1205 5781 Philocal.
1262 5715 1355 5783 ’ἰῆς
1420 5715 1694 5792 τῐ-τῳχεὶας
1759 5726 1852 5792 τῆς
1906 5715 2125 5778 διανοίας

524 5788 845 5869 ᾐτὼξᾳυμους,
878 5796 1208 5869 paupertatis
1236 5809 1342 5847 suta
1374 5788 1914 5869 mentt's‘caqn‘o‘tnines
1946 5796 2122 5869 yocat.

523 5864 596 5923 Ει
620 5857 999 5925 Ειιὲθὺξῖἱοριξ
1032 5865 1167 5920 Hist.
1194 5864 1231 5919 l.
1259 5879 1338 5935 tu,
1364 5877 1414 5917 c.
1449 5861 1475 5915 1
1499 5877 1513 5914 :
1546 5857 1857 5936 Τρῦ”Εϐἱων
1879 5857 2129 5933 ὀνόματος

2292 4929 2320 4969 δ
2358 4928 2422 4983 Id
2446 4923 2542 4994 est,
2577 4923 2716 4982 utens
2740 4923 2919 4983 uidens
2959 4923 3149 4985 Deum.
3182 4926 3472 4994 Vulgarem
3502 4926 3820 4983 Grtecorntn

2224 5002 2313 5057 lt'c
2341 4999 2584 5071 sequitur
2608 4998 3115 5071 interpretationem
3137 5041 3151 5063 ,
3187 5012 3349 5071 quam
3378 4994 3537 5071 ᾗιιῖιίιΔ
3560 4996 3614 5051 in
3661 5011 3826 5071 eaput

2227 5090 2352 5129 xuv
2373 5066 2603 5141 castigat
2635 5070 2720 5125 his
2748 5072 2964 5125 verbis:
2991 5068 3086 5123 Vir
3111 5066 3283 5123 autem
3303 5066 3478 5141 ridens
3503 5066 3694 5136 Deum,
3727 5066 3831 5125 non

2222 5147 2280 5200 in
2310 5138 2574 5207 elementis
2607 5185 2622 5210 ,
2669 5141 2761 5197 sed
2813 5142 2869 5197 in
2918 5157 3045 5196 sono
3078 5142 3211 5197 vocis
3237 5149 3334 5193 est.
3371 5138 3502 5194 Vide
3532 5140 3604 5196 de
3634 5142 3826 5198 eodem

2226 5213 2447 5277 nomine
2471 5214 2819 5283 Qumsﬁoncs
2847 5211 3141 5271 Hebraicas
3165 5211 3217 5267 in
3236 5210 3522 5283 aeneum.
3552 5213 3824 5283 IliABTlAN.

2223 5287 2446 5359 ——Yitle
2484 5280 2612 5359 qua:
2654 5286 2707 5359 in
2740 5285 2834 5339 lib.
2882 5282 3099 5359 Nomio.
3147 5292 3207 5359 et
3232 5280 3284 5359 in
3320 5284 3525 5350 Qumst.
3570 5280 3825 5359 Hebraic.

2227 5360 2280 5414 in
2317 5352 2525 5413 Cenes:
2559 5358 2626 5412 de
2668 5358 2768 5412 hac
2797 5352 3125 5426 etymologia
3152 5352 3606 5426 tliximns,'qnam
3645 5372 3745 5409 non
3773 5358 3828 5411 in

2228 5430 2510 5493 elementis,
2536 5428 2624 5483 sed
2642 5430 2695 5483 in
2721 5425 3017 5482 sonovocis
3049 5425 3278 5495 positam
3303 5468 3316 5491 ,
3354 5435 3506 5480 notat
3545 5426 3665 5495 ipse
3696 5427 3825 5483 Hie-

2228 5499 2530 5573 ronninfra
2552 5503 2604 5554 in
2622 5496 2874 5573 (τηις-Η,-
2897 5496 3040 5573 quod
3073 5496 3404 5573 et_Martian.
3434 5497 3717 5573 observat.

2303 5583 2325 5611 ε
2354 5566 2961 5639 Hebraicum'lllereini,
2994 5577 3103 5623 etc.
3138 5566 3196 5639 In
3230 5566 3643 5639 quamplurituis
3676 5568 3828 5633 codi-

2229 5638 2385 5701 cibus
2415 5638 2845 5719 mss.__scriptutu
2879 5642 2964 5695 est
2979 5638 3279 5719 mcrecltim,
3309 5640 3462 5719 juxta
3487 5655 3697 5719 morem
3723 5656 3819 5695 an-

2232 5719 2504 5787 tiquorum
2536 5708 2903 5787 librariorum,
2938 5713 3029 5787 q_tt_i
3060 5708 3369 5771 scribebant
3397 5708 3542 5768 melle
3576 5727 3672 5784 pro
3718 5728 3817 5783 me,

2233 5784 2466 5844 et'nticlti
2494 5801 2590 5854 pro
2614 5787 2683 5841 mi
2714 5784 2797 5843 vel
2826 5785 2934 5838 mii.
2973 5784 3243 5841 MARTMN.

2310 5855 2334 5895 ’¹
2364 5857 2482 5925 Duo
2506 5871 2661 5927 mss.,
2698 5857 2892 5933 populo
2913 5855 3159 5933 defuisse.
