4078 6328
223 311 291 371 29
881 309 1533 373 COMMENTARIORUM
1568 309 1637 375 tu
1676 309 1853 383 istm

1958 310 2392 381 ΡειοΡΗΕΤΑΜ
2432 313 2570 372 LIB.
2609 315 2654 372 Ι.
2694 313 2833 374 CAP
2870 318 2914 375 Ι.

3501 323 3579 385 30

222 442 418 491 sensus
444 445 458 482 :
490 426 621 484 Non
665 430 887 488 invenio
934 446 1093 513 quam
1147 428 1317 505 plagis
1370 428 1576 495 vestris
1628 429 1843 503 possim
1867 432 1919 505 Α
1946 431 2153 491 contine
2184 448 2204 487 :
2235 449 2399 507 neque
2416 435 2673 507 fotaotea.
2697 435 2805 495 Pro
2826 438 3570 508 quoLXXtranstuleruut:

223 521 483 579 adhibere
515 522 866 583 medicinam
895 542 912 583 :
940 524 1125 581 omnia
1160 522 1405 589 membra
1436 531 1622 581 vestra
1676 522 1841 599 plena

223 624 348 671 sunt
378 613 690 671 vulnerum
726 615 972 677 :nullam
1012 623 1224 689 partem
1253 615 1507 687 corporis
1559 630 1686 687 qua
1733 629 1848 675 non

224 712 290 766 sit
312 716 443 769 ante
471 725 773 783 percussa,
821 713 1059 785 reperio.
1113 710 1213 768 Vel
1262 720 1417 769 certe
1463 709 1570 766 hoc
1626 709 1843 773 modo:

224 800 396 863 nullas
424 802 669 859 invenio
691 802 903 877 plagas,
937 802 1137 877 quibus
1153 812 1391 865 vestram
1424 802 1673 875 frangam
1696 801 1848 861 duri-

224 898 374 953 tiam.
402 894 637 965 Quanto
667 896 819 954 enim
839 904 1105 959 tormenta
1127 896 1337 969 majora
1367 903 1518 961 sunt,
1553 905 1703 950 tanto
1731 908 1849 949 ma.-

225 988 304 1061 gis
330 988 540 1045 crescit
564 988 829 1059 impietas
857 1000 910 1046 et
937 988 1218 1060 iniquitas,
1269 988 1411 1055 sive,
1439 999 1501 1043 ut
1531 986 1842 1047 Theodorus

226 1081 531 1148 transmlit,
557 1078 874 1155 declinatio,
898 1091 955 1137 ut
971 1079 1247 1141 recedatis
1266 1087 1324 1138 et
1341 1078 1637 1135 declinetis
1668 1093 1699 1134 a
1733 1077 1845 1132 Do-

227 1172 396 1231 mino.
429 1172 617 1242 Quale
647 1182 739 1231 est
777 1174 913 1231 illud
942 1173 1198 1241 Jeremia:
1230 1191 1246 1229 :
1281 1171 1411 1230 Sine
1432 1188 1592 1228 causa
1616 1171 1851 1246 percussi

228 1266 362 1337 ﬁlios
406 1276 615 1322 vestros
640 1284 662 1321 :
695 1267 1027 1338 disciplinam
1075 1284 1179 1322 non
1221 1267 1493 1334 recepistis
1536 1263 1754 1340 (Jerem.
1783 1282 1848 1337 ιι,

229 1355 344 1428 50).
370 1354 534 1415 Unde
589 1357 773 1421 iratus
803 1358 1044 1435 loquitur
1100 1374 1199 1441 per
1238 1358 1384 1416 Osee
1418 1377 1433 1414 :
1468 1358 1591 1415 Non
1627 1360 1848 1415 visitabo

232 1466 383 1524 super
412 1450 561 1525 ﬁlias
617 1462 840 1522 vestras,
874 1469 991 1515 cum
1029 1452 1227 1527 fuerint
1253 1453 1563 1531 fornicatur;
1596 1462 1645 1507 et
1693 1468 1850 1525 super

231 1563 391 1603 nurus
422 1554 626 1623 vestras
647 1591 665 1617 ,
718 1564 835 1607 cum
884 1549 1286 1611 adulteraverint
1318 1547 1470 1617 (Ose.
1509 1562 1584 1616 tv,
1612 1548 1728 1618 M).
1780 1548 1854 1615 Et

232 1655 331 1711 per
378 1638 745 1703 Ezechielem
784 1638 982 1696 :Zelus
1027 1656 1173 1701 meus
1211 1640 1411 1697 recedet
1456 1657 1489 1694 a
1525 1651 1576 1695 te
1604 1656 1624 1695 :
1653 1648 1701 1695 et
1746 1656 1851 1713 non

234 1730 431 1788 irascar
452 1731 548 1791 tibi
573 1732 808 1804 amplius
846 1729 1064 1807 (Ezech.
1100 1749 1190 1790 xvt
1213 1775 1228 1799 ,
1280 1733 1401 1811 42).
1432 1736 1511 1795 De
1540 1737 1740 1810 quibus
1795 1746 1851 1803 et

1950 521 2079 581 Non
2098 534 2179 581 est
2198 526 2459 603 malagma
2484 527 2773 597 imponere,
2799 546 2960 601 nequ
2980 532 3173 609 oleum,
3196 549 3361 604 neque
3377 532 3577 608 alliga-

1949 625 2115 681 turus,
2153 618 2261 692 ιϐ
2278 617 2462 691 Usque
2491 619 2653 681 hodie
2678 623 2881 681 vulnus
2924 633 2984 685 et
3004 626 3169 691 livor.
3191 637 3246 685 et
3284 626 3446 699 plaga
3474 635 3569 687 ιιι-

1948 725 2108 767 mens
2156 711 2347 783 populi
2385 712 2557 775 Israel
2587 729 2695 775 non
2740 724 2827 773 est
2869 716 3251 791 circumligata
3294 718 3571 787 fasciolis,

1950 820 2053 863 nec
2072 813 2265 865 curata
2295 807 2679 869 medicamine.
2726 811 2881 877 Quod
2921 811 3123 885 Aquila
3171 815 3575 885 interpretatus

1948 896 2076 959 estb
2104 900 2361 975 μὸτωσιν,
2384 901 2903 972 linteolaVidelicet,
2925 920 3046 977 quae
3066 906 3139 971 ad
3164 905 3561 963 exsiccandam

1950 990 2192 1059 saniem,
2222 998 2278 1053 et
2300 992 2639 1062 purulentias
2672 995 3048 1061 extrahendus
3088 996 3409 1068 injiciuntur
3438 997 3567 1053 val.

1950 1084 2201 1147 neribus.
2236 1083 2418 1157 Neque
2447 1089 2557 1161 [sta
2578 1087 2691 1149 oleo
2718 1104 2737 1143 :
2764 1097 2826 1147 ut
2845 1105 3035 1149 eorum
3068 1089 3272 1149 duritia
3300 1091 3568 1163 lacrymis

1952 1178 2301 1251 poenitentia:
2328 1180 2657 1245 molliretur.
2681 1180 2795 1247 Pro
2831 1184 3085 1255 fasciolis,
3115 1183 3314 1253 quibus
3339 1183 3567 1243 Israelis

1952 1291 2303 1348 nequaquam
2313 1276 2685 1348 circumligata
2705 1286 2834 1335 sunt
2850 1277 3100 1342 vulnera,
3120 1277 3267 1339 LXX
3288 1277 3555 1345 malagma

1953 1368 2371 1431 transtulerunt.
2396 1367 2553 1429 lueet.
2580 1383 2714 1440 ergo
2747 1369 3041 1425 confossus
3067 1378 3124 1425 et
3144 1366 3565 1429 contrucidattts

1954 1459 2148 1526 lsrael,
2180 1463 2305 1533 quia
2332 1460 2611 1521 interfecit
2659 1459 2936 1521 medicum
2961 1506 2978 1532 ,
3020 1463 3115 1535 qui
3152 1462 3217 1519 ad
3266 1460 3567 1521 curandam

1950 1563 2182 1615 venerat,
2207 1555 2427 1621 domum
2449 1553 2637 1612 Israel.
2660 1554 2820 1619 Unde
2851 1567 2907 1617 et
2945 1556 2999 1612 in
3020 1555 3265 1619 Jereutia
3297 1561 3561 1633 τροπικῶς

1950 1651 2055 1715 sub
2078 1664 2315 1727 persona
2338 1649 2635 1723 Babylonis
2659 1650 2963 1723 loquuntur
2975 1649 3176 1722 Angeli
3212 1635 3561 1709 :Curavimus

1922 1722 2299 1819 'Babulonem,
2330 1752 2379 1798 et
2412 1722 2517 1803 non
2545 1756 2620 1801 est
2647 1722 2837 1805 sanata
2864 1743 3083 1818 (larens.
3130 1761 3204 1807 ιι,
3230 1743 3289 1815 9)
3317 1785 3332 1810 ,
3368 1744 3563 1801 urbem

242 1824 339 1899 15
371 1826 427 1882 in
469 1826 718 1888 Psalmis
777 1825 1007 1899 legimus
1037 1844 1050 1881 :
1090 1824 1216 1881 Non
1260 1836 1333 1884 est
1372 1829 1755 1901 ﬁrmamentum
1791 1831 1847 1901 in
1876 1836 1925 1905 Β
1950 1837 2215 1897 videlicet
2238 1835 2575 1899 confusionis
2612 1847 2777 1908 atque
2806 1837 3088 1899 vitiorum.
3122 1837 3189 1892 Et
3219 1835 3277 1895 in
3300 1835 3562 1905 Evange-

238 1923 390 1996 plaga
417 1939 633 1991 eorum;
650 1931 701 1978 et
729 1922 784 1985 in
834 1920 1097 1978 laboribus
1124 1922 1390 1985 hominum
1415 1941 1518 1983 nan
1560 1935 1705 1995 sunt,
1755 1942 1847 1991 nec

236 2032 346 2071 cum
370 2015 675 2072 hominibus
712 2013 1117 2099 [lagellabuntur
1148 2013 1325 2089 (Psal.
1360 2034 1531 2085 Lxxu,
1564 2019 1624 2087 4,
1656 2018 1738 2093 5).

308 2106 479 2164 Omne
494 2114 657 2181 caput
679 2107 1011 2178 languidum,
1040 2115 1089 2163 et
1118 2123 1269 2165 omne
1289 2121 1637 2167 cor'marrens.
1661 2110 1846 2175 Animi

240 2204 432 2263 laetitia
462 2202 749 2265 interdum
774 2202 1025 2263 dolorem
1065 2206 1316 2276 corporis
1344 2206 1557 2281 mitigat
1589 2225 1604 2263 :
1628 2207 1773 2281 quod
1799 2208 1850 2271 si

240 2299 311 2355 ad
350 2299 772 2379 aegrotationem
813 2300 1063 2369 corporis
1092 2301 1322 2357 accedat
1360 2301 1631 2381 aegritudo
1656 2305 1849 2375 animi,

244 2393 556 2469 duplicatur
578 2392 898 2459 inﬁrmitas.
933 2391 1080 2461 Inter
1108 2390 1257 2477 ipsos
1299 2410 1518 2475 quoque
1545 2411 1761 2465 sensus,
1794 2407 1851 2467 et

250 2486 429 2541 omnia
460 2483 713 2559 membra
736 2488 1006 2563 corporis,
1042 2487 1402 2561 principalem
1429 2489 1611 2555 locum
1632 2491 1851 2559 obtinet

244 2588 431 2653 caput,
456 2581 509 2635 in
537 2594 649 2657 quo
673 2577 825 2647 visus
852 2589 907 2636 et
952 2578 1218 2638 odoratus
1244 2625 1259 2655 ,
1291 2584 1511 2649 auditus
1550 2594 1609 2647 et.
1657 2594 1851 2661 gustus

246 2683 349 2730 est.
369 2672 505 2733 Cum
534 2672 710 2747 igitur
735 2682 901 2755 caput
926 2672 1187 2743 doluerit,
1210 2677 1392 2743 omnia
1424 2678 1672 2743 membra
1698 2677 1851 2735 debi-

246 2768 318 2826 lia
340 2779 483 2826 sunt.
519 2766 588 2825 Et
617 2784 722 2842 per
762 2769 1137 2847 metaphoram
1169 2772 1364 2847 docet,
1414 2773 1564 2851 quod
1590 2790 1619 2835 a
1650 2774 1854 2851 princio

251 2863 409 2935 pibus
468 2878 644 2934 usque
692 2862 760 2918 ad
808 2873 1111 2920 extremam
1157 2865 1411 2936 plebem.
1458 2882 1487 2921 a
1535 2868 1859 2933 doctoribus

255 2973 424 3031 usque
482 2957 548 3015 ad
603 2958 917 3028 imperitum
976 2960 1169 3035 vulgus
1232 2961 1285 3017 iu
1357 2961 1509 3017 nullo
1564 2961 1635 3019 sit
1687 2964 1850 3025 sani-

257 3051 490 3108 tas:sed
515 3065 713 3119 omnes
735 3050 790 3108 in
817 3050 1156 3129 impietatem
1206 3056 1323 3139 pari
1379 3055 1576 3121 artiore
1624 3070 1856 3115 consen-

1952 1930 2029 1989 lio
2054 1931 2210 2003 (an.
2246 1927 2305 2002 ι)
2337 1930 2589 1999 legimus,
2621 1929 3046 1991 descendentem
3073 1929 3142 1987 de
3171 1922 3479 1989 Jerusalem
3500 1928 3559 1986 in

1950 2023 2174 2087 Jericlto
2199 2039 2231 2081 a
2256 2023 2563 2091 latronibus
2590 2024 2941 2083 vulneratum
2963 2065 2981 2089 ,
3012 2033 3376 2095 curatumque
3400 2037 3431 2081 a
3452 2022 3559 2081 Sa-

1950 2117 2224 2181 maritana
2249 2136 2264 2177 :
2298 2125 2355 2181 et
2381 2128 2501 2189 post
2531 2118 2909 2177 austeritatem
2934 2116 3069 2183 vini,
3094 2116 3328 2173 infusam
3357 2115 3550 2175 vulne-

1952 2215 2105 2273 ribus
2126 2213 2248 2283 ejus
2288 2211 2396 2269 olei
2429 2210 2854 2271 mollitudinem.
2884 2210 2969 2271 Ab
2991 2226 3059 2271 eo
3090 2226 3224 2283 ergo
3260 2210 3385 2265 loco
3409 2250 3427 2277 ,
3458 2209 3553 2265 ubi

1952 2322 2119 2383 supra
2139 2306 2391 2371 dixerat:
2422 2304 2489 2371 In
2512 2322 2613 2377 quo
2632 2306 2921 2376 percutiam
2941 2322 3067 2373 vos;
3095 2314 3149 2360 et
3180 2322 3191 2359 :
3227 2319 3376 2361 omne
3403 2310 3561 2375 caput

1951 2402 2279 2478 languidum,
2313 2416 2486 2475 usque
2510 2401 2580 2469 ad
2607 2400 2713 2465 hoc
2739 2400 2883 2471 quod
2906 2399 3145 2465 infertur
3173 2415 3185 2452 :
3217 2395 3342 2455 Non
3366 2405 3440 2455 est
3460 2412 3557 2453 cu-

1951 2506 2070 2555 rata
2097 2496 2458 2563 medicamine,
2489 2510 2652 2567 neque
2673 2501 2786 2565 fota
2812 2491 2951 2560 olea,
2986 2491 3368 2557 translationis
3404 2488 3561 2544 simi-

1951 2589 2128 2653 litudo
2153 2598 2425 2657 servatur,
2448 2599 2503 2643 et
2525 2586 3013 2651 irremediabilium
3042 2582 3347 2655 descriptio
3366 2578 3559 2639 vulne—.

1954 2700 2097 2753 rum,
2130 2691 2394 2743 aeternam
2424 2679 2879 2751 captivitatcmex
2891 2676 3072 2744 primit
3100 2672 3438 2737 Jttdrcorum.

2027 2775 2208 2851 (Vers.
2233 2772 2314 2847 7).
2341 2773 2507 2829 Terra
2529 2780 2694 2833 uestra
2716 2771 2921 2827 deserta
2949 2785 2967 2825 :
2990 2766 3219 2829 civitates
3241 2774 3422 2825 vestris
3437 2764 3561 2838 igua

1954 2883 2253 2929 succensae:
2283 2867 2545 2938 regionem
2585 2875 2809 2921 vestram
2833 2862 2888 2917 in
2916 2870 3189 2935 conspectu
3214 2868 3379 2914 vestro
3400 2855 3562 2915 alieni

1957 2964 2225 3029 devorant,
2254 2970 2303 3015 et
2332 2958 2649 3023 desolabitur
2672 2958 2805 3015 sicut
2840 2957 2895 3017 in
2924 2954 3162 3015 vastitate
3186 2951 3386 3011 hostili.
3431 2949 3562 3007 Haec

1955 3056 2059 3113 sub
2110 3053 2424 3128 Babyloniis
2454 3068 2523 3111 ex
2577 3063 2733 3122 parte
2780 3048 3057 3123 completa
3113 3056 3272 3113 sunt,
3328 3044 3562 3109 incenso

1959 3149 2187 3221 templo,
2215 3148 2476 3209 subversa
2509 3145 2838 3212 Jerusalem,
2884 3142 3105 3214 quando
3142 3138 3424 3209 regionem
3459 3135 3558 3195 de-

324 3236 367 3291 A
386 3236 569 3310 planta
588 3237 738 3313 pedis
763 3251 924 3311 usque
942 3236 1014 3293 ad
1040 3238 1301 3309 verticem,
1327 3255 1431 3297 non
1448 3251 1523 3299 est
1544 3240 1602 3303 in
1625 3256 1686 3301 eo
1713 3241 1853 3301 sani-

1960 3260 2078 3307 cem
2120 3243 2358 3305 tribuum
2400 3239 2729 3299 Samaritani
2774 3236 3157 3310 possederunt,
3180 3240 3236 3299 et
3264 3232 3318 3291 iu
3351 3240 3557 3293 tantam

257 3339 331 3385 tas
359 3344 379 3385 :
405 3327 622 3399 vulnus,
647 3339 698 3389 et
740 3329 891 3396 livor,
919 3339 967 3385 et
1006 3332 1162 3407 plaga
1194 3340 1415 3389 tumens.
1459 3331 1652 3393 Servat
1699 3349 1850 3405 caep-

259 3428 359 3477 tam
410 3418 835 3478 translationem
881 3439 895 3476 :
932 3437 964 3478 a
1007 3420 1236 3495 pedibus
1263 3440 1437 3501 usque
1464 3425 1529 3483 ad
1565 3427 1854 3507 verticem,

257 3513 307 3573 id
350 3522 457 3583 est,
509 3513 580 3571 ab
614 3522 641 3551 ει
680 3513 793 3570 imo
843 3529 1015 3597 usque
1046 3514 1111 3572 ad
1164 3532 1470 3583 summum,
1502 3517 1571 3573 alt
1597 3518 1858 3581 extremis

258 3624 420 3681 usque
445 3608 513 3662 ad
546 3608 776 3679 primos,
834 3616 949 3664 toto
980 3606 1222 3666 confossi
1252 3619 1381 3669 sunt
1414 3625 1697 3688 corpore”
1724 3611 1858 3667 Vul-

258 3722 372 3770 nus,
401 3704 599 3779 inquit,
629 3712 678 3760 et
707 3704 840 3759 livor
885 3714 937 3761 et
976 3704 1131 3785 plaga
1163 3715 1402 3763 tumens:
1434 3716 1529 3761 aut
1558 3706 1705 3767 enim
1737 3721 1859 3765 ver-

258 3799 475 3857 beribus
497 3798 675 3859 livent
696 3814 955 3870 corpora,
977 3809 1071 3869 aut
1103 3800 1274 3881 plagis
1309 3810 1539 3868 tument,
1566 3810 1659 3865 aut
1700 3800 1853 3859 hiant

262 3892 593 3950 vulneribus.
629 3890 974 3967 Quaerimus,
1000 3895 1086 3950 cui
1120 3894 1237 3951 haec
1265 3895 1499 3969 tempori
1554 3894 1856 3966 coaptanda

259 3987 382 4045 sint.
408 3986 541 4047 Post
572 3982 962 4061 Babylonicum
988 3988 1361 4065 captivitatem
1395 3988 1498 4047 sub
1519 3987 1851 4057 Zorobabel,

265 4091 317 4138 et
344 4078 504 4149 Ezra,
535 4095 602 4141 ac
622 4078 845 4139 Neemia
875 4081 1042 4145 Israel
1085 4097 1339 4147 reversus
1371 4091 1455 4139 est
1487 4083 1541 4138 in
1586 4080 1854 4149 iudicatu,

259 4186 308 4233 et
337 4175 624 4245 antiquum
654 4175 867 4249 recepit
916 4183 1142 4235 statum.
1194 4175 1309 4237 Sub
1351 4176 1588 4239 diversis
1642 4191 1858 4248 quoque

259 4260 599 4351 principibus
625 4281 692 4325 ac
736 4266 957 4339 regibus
1014 4269 1272 4341 templum
1305 4270 1590 4343 augustius
1616 4268 1857 4331 fabrica-

257 4368 367 4417 tum
393 4366 501 4431 est,
551 4360 607 4421 in
643 4367 853 4429 tantum
890 4361 1141 4423 utetiam
1187 4370 1540 4425 externarum
1588 4362 1857 4443 gentium,

255 4450 794 4517 Lacedaemoniorum
821 4493 837 4521 ,
884 4461 941 4513 et
977 4454 1398 4519 Atheniensium
1425 4498 1441 4526 ,
1472 4471 1538 4517 ac
1579 4455 1857 4521 Romano-

259 4560 375 4603 rum
427 4554 776 4611 mererentur
817 4547 1108 4615 amicitias.
1154 4549 1300 4618 Ergo
1332 4544 1460 4615 ‘hoc
1500 4548 1646 4625 quod
1672 4548 1807 4609 dicit
1840 4569 1853 4611 ;

1961 3336 2187 3395 redacta
2214 3345 2296 3393 est
2331 3343 2474 3393 terra
2501 3331 2950 3404 repromissionis
2998 3327 3352 3389 solitudinem
3374 3370 3389 3391 ,
3424 3333 3484 3379 ut
3527 3339 3559 3389 a

1959 3432 2213 3497 leonibus
2242 3437 2574 3495 vaStaretur,
2606 3426 2834 3495 Plenius
2861 3433 3040 3489 autem
3072 3432 3238 3495 atque
3268 3420 3561 3493 perfectius

1958 3524 2089 3600 quid
2138 3521 2381 3589 futurum
2419 3521 2490 3581 sit
2525 3520 2627 3577 sub
2663 3519 2909 3583 Romana
2936 3517 3252 3593 captivitate
3294 3512 3562 3583 describi-

1959 3629 2050 3679 tur
2082 3638 2097 3675 :
2130 3618 2351 3691 quando
2373 3616 2689 3677 universam
2728 3615 2975 3679 Judtcam
3006 3614 3292 3673 Romanus
3322 3610 3563 3677 vastavit

1959 3715 2255 3781 exercitus,
2289 3711 2651 3780 civitatesque
2699 3721 2981 3764 succensae
3023 3714 3168 3773 sunt,
3201 3717 3255 3761 et
3276 3704 3557 3775 regionem

1959 3823 2149 3871 eorum
2173 3807 2229 3865 in
2263 3803 2675 3876 praesentiarum
2704 3800 3177 3865 alienidcvorant,
3205 3805 3265 3855 et
3291 3810 3465 3867 usque
3485 3796 3553 3850 ad

1960 3900 2124 3957 tinem
2149 3898 2335 3959 mundi
2361 3896 2736 3968 perseverabit
2750 3894 2976 3951 vastitas
2997 3893 3335 3951 intimorum.
3363 3890 3562 3945 Possu-

1961 4008 2081 4049 mus
2102 3999 2283 4053 autem
2312 3988 2431 4047 hate
2463 3986 2799 4059 tropologice
2834 3983 2903 4042 de
2935 3981 3323 4054 peccatoribus
3349 3980 3563 4051 accipe-

1960 4102 2041 4155 re,
2066 4083 2160 4157 qui
2176 4084 2241 4143 tle
2269 4081 2562 4145 sanctitate
2591 4079 2818 4153 pristina
2854 4082 3216 4143 corruerunt,
3266 4084 3559 4144 postquam

1960 4177 2251 4237 contrariis
2285 4174 2488 4239 fuerint
2534 4173 2715 4231 traditi
2757 4169 3115 4255 potestatibus
3143 4185 3156 4223 :
3183 4165 3329 4247 quod
3380 4166 3561 4239 omnia

1961 4287 2151 4343 eorum
2185 4270 2324 4333 bona
2375 4267 2597 4333 veniant
2624 4265 2692 4327 atl
2723 4264 3002 4323 desertutn
3032 4279 3046 4316 :
3074 4268 3135 4325 et
3158 4258 3359 4339 prioris
3400 4258 3563 4328 justi-

1961 4370 2055 4426 tite
2081 4369 2222 4425 Deus
2249 4379 2357 4433 nou
2385 4361 2709 4427 recordetur
2737 4378 2750 4416 :
2778 4358 2880 4441 l7
2902 4368 2957 4413 et
2983 4356 3110 4428 igne
3138 4352 3345 4411 diaboli
3374 4351 3560 4419 omnia

1962 4458 2392 4527 succendantur;
2415 4464 2471 4519 et
2495 4455 2603 4519 sint
2621 4452 2878 4529 pabulum
2902 4448 3225 4517 bestiarum,
3264 4445 3332 4501 de
3361 4442 3558 4512 quibus

1963 4566 2016 4614 et
2046 4556 2102 4615 in
2132 4555 2241 4625 alio
2278 4553 2399 4611 loco
2449 4550 2710 4623 scriptum
2743 4555 2829 4604 est
2861 4563 2876 4602 :
2907 4543 2991 4600 Ne
3016 4541 3194 4603 tradas
3226 4538 3400 4597 bestiis
3446 4538 3563 4597 ani-

262 4636 382 4695 Non
401 4649 478 4695 est
506 4640 564 4694 in
582 4655 644 4694 eo
679 4639 905 4707 sanitas,
935 4640 1003 4697 ad
1030 4649 1334 4707 extremam
1368 4640 1542 4701 refert
1576 4641 1861 4713 eaptivits-
1884 4634 1937 4697 D
1964 4667 2103 4709 mam
2128 4649 2454 4721 conﬁtentem
2475 4645 2566 4703 tibi
2594 4641 2769 4715 (Psal.
2808 4655 2995 4710 LXXIII,
3033 4638 3149 4710 I9).

258 4744 410 4793 tem:
443 4735 666 4808 quando
718 4743 841 4811 post
867 4734 1048 4795 Titum
1078 4748 1133 4793 et
1154 4736 1586 4815 Vespasianum,
1633 4744 1688 4801 et
1734 4736 1859 4799 ulti-

259 4846 401 4893 main
454 4832 800 4893 eversionem
849 4831 1156 4895 Jerusalem
1188 4874 1203 4901 .
1248 4833 1352 4897 sub
1378 4831 1527 4897 Atilio
1583 4830 1857 4889 Iladriano

260 4925 519 4999 usquead
548 4941 793 4997 praesens
840 4938 1055 4998 tempus
1106 4924 1320 4991 nullum
1378 4925 1683 4987 remedium
1725 4933 1854 4985 est:

262 5022 624 5103 impleturque
673 5023 822 5097 quod
869 5025 1132 5097 scriptum
1157 5031 1245 5083 est
1277 5041 1290 5079 :
1323 5023 1516 5089 Omnes
1564 5023 1847 5087 declinave-

259 5118 380 5171 runt
407 5134 426 5173 :
450 5118 607 5173 simul
636 5116 844 5173 inutiles
870 5118 1000 5191 facti
1024 5126 1146 5172 sunt
1179 5134 1192 5172 :
1224 5117 1347 5172 Non
1371 5126 1445 5172 est
1465 5118 1555 5186 qui
1584 5116 1743 5190 faciat
1768 5116 1858 5171 bo-

262 5224 403 5278 num,
438 5226 540 5265 non
562 5220 636 5266 est
664 5227 823 5283 usque
848 5210 917 5265 ad
938 5227 1101 5274 unum
1131 5210 1311 5284 (Rom.
1344 5225 1428 5277 tu,
1458 5210 1572 5285 l2).
1596 5209 1859 5281 Quodque

264 5298 537 5361 infertur:
568 5319 672 5363 non
702 5311 777 5359 est
822 5303 877 5361 in
916 5319 976 5360 eo
1002 5302 1221 5373 sanitas,
1254 5301 1340 5361 vel
1368 5300 1424 5359 in
1452 5303 1654 5374 popqu
1702 5301 1862 5363 intel-

262 5389 386 5467 ligo,
413 5395 502 5457 vel
530 5395 586 5453 in
615 5410 869 5467 corpore,
902 5396 991 5454 vel
1023 5396 1081 5453 in
1112 5397 1315 5469 capite.

333 5485 520 5560 (Vere.
551 5486 635 5559 ϐ).
679 5486 804 5543 Non
835 5496 909 5543 est
939 5487 1299 5562 circumligata
1319 5532 1333 5558 ,
1366 5502 1459 5543 nec
1482 5500 1667 5544 curata
1695 5488 1864 5544 medi-

334 5654 362 5684 ι
383 5645 571 5727 Id_est,
602 5649 666 5703 ab
696 5647 821 5727 imo,
847 5657 956 5705 etc.
976 5648 1330 5727 Manuscripti
1358 5650 1710 5727 quamplures
1731 5667 1869 5725 quos

266 5717 499 5790 inspexi,
531 5707 719 5790 legunt
745 5707 850 5777 hoc
879 5721 1043 5777 modo
1079 5744 1092 5779 :
1120 5718 1164 5779 Α
1198 5707 1398 5781 summa
1428 5707 1584 5790 usque
1613 5721 1682 5785 ad
1718 5707 1861 5783 sitm:

268 5790 559 5868 επιειηέεᾴ
596 5807 738 5868 unus
774 5806 971 5868 sensus
1015 5792 1449 5868 utrobiqueest.
1493 5790 1766 5855 Murrus.
1788 5825 1863 5838 —-

449 5861 685 5920 Palatio.
741 5858 1336 5939 quemadmodum'alii
1388 5883 1557 5946 penes
1605 5867 1857 5937 Martian.

2037 4742 2222 4815 (Vers.
2263 4737 2344 4811 8.)
2378 4737 2773 4809 Derelinquetur
2799 4734 2911 4797 ﬁlia
2947 4731 3079 4791 Sion
3117 4729 3252 4784 sicut
3289 4724 3564 4783 umbracu~

1967 4835 2073 4893 lunt
2104 4834 2159 4888 in
2181 4832 2329 4893 vinea
2358 4846 2377 4887 :
2401 4838 2452 4889 et
2478 4829 2608 4889 sicut
2636 4826 2898 4900 tugurium
2921 4824 2977 4883 in
3004 4822 3380 4883 cucumerario.
3404 4815 3561 4886 Quod

1967 4928 2126 4987 vinea
2175 4923 2484 4997 appellatus
2524 4922 2596 4979 sit
2640 4919 2819 4981 omnis
2866 4915 3055 4981 Israel,
3102 4912 3247 4971 idem
3278 4912 3334 4971 in
3363 4923 3563 4967 conse-

1965 5018 2258 5092 quentibus
2302 5015 2568 5087 PrOplteta
2626 5020 2880 5077 testatur,
2926 5008 3116 5065 dicens
3159 5023 3173 5060 :
3222 5004 3388 5061 Vinea
3408 5002 3561 5092 enim

1968 5090 2181 5167 Domini
2225 5106 2463 5174 sabaoth,
2518 5106 2700 5160 domus
2747 5110 2820 5158 est
2870 5100 3035 5156 Israel
3070 5113 3088 5153 :
3118 5106 3163 5153 et
3205 5095 3358 5149 homo
3389 5090 3557 5156 Iuda,

1961 5205 2162 5267 novella
2214 5201 2468 5279 plantatio
2514 5207 2665 5271 atque
2695 5195 2885 5252 dilecta
2930 5191 3106 5265 (Infra
3134 5205 3251 5257 cap.
3309 5202 3358 5251 v,
3389 5181 3566 5279 7):Aet

1963 5302 2016 5359 itt
2047 5299 2264 5357 Psalmo
2301 5315 2315 5352 :
2357 5293 2571 5355 Vincunt
2616 5292 2680 5347 de
2726 5288 2961 5369 Afgypto
3010 5280 3324 5343 transtulisti
3381 5294 3399 5332 :
3451 5277 3559 5369 ejeo

1963 5396 2080 5452 cisti
2117 5402 2289 5468 gentes
2325 5401 2372 5446 et
2393 5386 2641 5463 plantasti
2669 5400 2787 5441 eam
2823 5382 3000 5450 (Psal.
3034 5391 3236 5468 Lutx,
3329 5369 3382 5468 )._
3429 5368 3555 5425 llaec

1963 5464 2135 5546 vinea
2152 5482 2412 5567 quamdiu
2439 5481 2745 5539 uberrimos
2766 5476 2952 5533 attulit
2980 5473 3208 5533 fructus,
3225 5464 3415 5520 habuit
3442 5477 3570 5519 cus-

1977 5666 2237 5725 αξιιεηηιο
2261 5645 2807 5725 υειιιιραμὲεηιητμηι·
2871 5720 2881 5725 _
2951 5709 2964 5725 .
3376 5703 3388 5724 .

2039 5703 2273 5781 {iant-nt,
2300 5703 2511 5781 vﬂatinis
2544 5712 2742 5783 litteris
2780 5709 3019 5783 motosin.
3048 5703 3299 5783 Martiali.
3327 5703 3553 5783 μὸαςοσικέ,

1970 5808 2070 5869 pro
2570 5772 2678 5851 ‘vox
2718 5782 2935 5855 pruprie
2970 5778 3285 5837 curationem
3327 5772 3559 5835 vulneris

1968 5877 2146 5932 sonat-
