4052 6480
441 391 509 448 51
1718 387 1778 447 S.
1820 386 2093 446 EUSEBll
2132 387 2521 450 HIERONYMI
3673 393 3742 449 52

433 508 616 567 todem
642 510 840 580 Deum,
864 512 934 569 de
964 526 1074 585 quo
1110 511 1372 569 scribitur
1399 530 1412 567 :
1448 511 1574 568 Non
1599 511 1923 577 dormitabit,
1945 527 2036 566 ne-
2061 514 2117 575 Α
2140 521 2195 568 et
2221 529 2325 569 una
2347 514 2437 571 die
2462 515 2814 573 crediderunt
2853 518 2954 572 tria
2980 517 3171 582 millia,
3202 526 3257 574 et
3284 515 3458 573 altera
3497 517 3744 588 quinque

434 619 536 675 que
565 604 784 662 dormiet
823 606 914 677 qui
939 604 1162 661 custodit
1205 604 1377 661 Israel
1403 603 1581 679 (Psal.
1613 619 1742 672 cxx,
1770 601 1850 675 4).
1877 604 2035 659 Post-

439 712 604 769 quam
629 714 761 755 vero
798 699 1271 757 vindemiaverunt
1315 715 1437 757 eam
1467 714 1660 757 omnes
1691 709 2040 756 transeuntes

438 792 582 847 viam
608 808 624 860 ;
657 800 713 849 et
739 794 973 849 vastavit
996 809 1117 851 eam
1147 809 1279 867 aper
1310 793 1380 851 de
1418 794 1553 851 silva
1587 812 1601 849 :
1650 793 1872 864 reliquit
1903 804 2039 849 tem-

435 884 587 957 plum
640 899 798 942 suum
853 886 1143 953 Dominus,
1201 872 1480 959 iratusque
1526 902 1863 958 consurgens
1907 888 2037 942 ait:

438 984 467 1015 ³
499 977 735 1049 Surgite,
771 979 1012 1035 abeamus
1056 978 1210 1047 hinc;
1249 990 1305 1036 et
1337 999 1350 1035 :
1387 979 1724 1046 Relinquetur
1765 978 1904 1034 vobis
1938 980 2039 1032 do-

438 1086 555 1126 mus
592 1083 759 1127 vestra
785 1073 990 1128 deserta
1022 1072 1240 1146 (Matth.
1288 1088 1441 1138 um.
1484 1072 1600 1145 '58).
1650 1072 1717 1128 Et
1746 1087 1844 1144 per
1889 1071 2043 1126 Jere-

441 1164 606 1219 miam
661 1181 675 1219 :
731 1164 938 1236 Reliqui
986 1168 1196 1221 domum
1222 1183 1389 1222 meam
1424 1183 1444 1222 :
1473 1166 1646 1221 dimisi
1690 1165 2041 1221 hatreditatem

442 1269 630 1310 meam.
691 1254 858 1312 Facta
909 1265 985 1313 est
1034 1256 1311 1313 haereditas
1359 1273 1473 1313 mea
1501 1255 1651 1323 mihi,
1690 1257 1823 1311 sicut
1872 1254 1951 1310 leo
1987 1256 2043 1312 in

438 1347 570 1403 silva
619 1364 639 1404 :
681 1349 822 1404 dedit
866 1365 1023 1421 super
1076 1366 1157 1405 me
1183 1366 1354 1405 vocem
1379 1366 1551 1417 suam,
1588 1357 1860 1423 propterea
1904 1347 2046 1403 adici

442 1456 557 1496 eam
607 1440 821 1511 (Jerem.
873 1456 970 1509 xu,
1020 1443 1103 1513 7).
1153 1442 1465 1499 Similitudo
1507 1451 1689 1499 autem
1717 1441 2045 1497 vastationis

443 1537 656 1611 Templi
707 1551 763 1596 et
821 1539 1126 1597 Jerusalem
1156 1550 1374 1614 sumpta
1401 1551 1487 1598 est
1530 1542 1599 1598 ab
1637 1541 1920 1613 agricolis,
1950 1541 2043 1613 qui

443 1632 703 1705 quamdiu
741 1635 900 1691 vinea
929 1651 1154 1692 uvarum
1194 1636 1356 1709 plena
1387 1642 1504 1703 Lest,
1540 1644 1749 1707 ponunt
1790 1636 2046 1693 custodes

441 1725 499 1782 in
530 1726 886 1784 umbraculis.
915 1726 944 1767 ιι
972 1726 1030 1784 1η
1058 1726 1447 1785 Cucumerario
1467 1744 1707 1800 quaque,
1732 1727 1876 1799 quod
1903 1727 2046 1784 LXX

441 1835 731 1893 pomorum
776 1822 1088 1880 custodiam
1127 1832 1359 1888 vocant,
1414 1823 1650 1894 parvulae
1681 1822 2046 1880 liuntcasulte

440 1924 668 1986 propter
716 1916 972 1972 ardorem
1027 1917 1165 1973 solis
1194 1931 1258 1973 ac
1289 1916 1471 1973 radios
1511 1916 1871 1973 deelinandos

442 2005 571 2064 inde
592 2008 683 2065 vel
713 2010 990 2079 homines,
1021 2012 1105 2069 vel
1134 2011 1398 2068 bestiolas
1425 2027 1545 2084 qua:
1588 2011 1836 2067 insidiari
1869 2011 2053 2067 solent

2143 606 2332 669 millia,
2357 617 2411 662 et
2442 608 2493 663 in
2529 618 2642 664 toto
2669 610 2803 666 orbe
2849 610 3202 682 Evangelittm
3253 610 3580 667 seminatum
3635 617 3742 666 est.

2145 700 2251 756 Pro
2279 699 2506 757 Domino
2531 705 2872 772 exercituum,
2904 705 3046 774 quod
3085 719 3205 769 nos,
3258 704 3429 760 secuti
3469 702 3744 775 Aquilam,

2143 791 2197 847 in
2221 792 2467 848 Latinum
2494 795 2770 862 vertimus,
2802 797 2855 851 in
2885 795 3112 853 Hebraeo
3138 796 3356 868 legitur,
3389 794 3642 851 Dominus
3662 811 3749 851 sa-

2143 884 2317 947 baoth,
2350 887 2495 952 quod
2523 887 2664 942 LXX
2697 889 3026 959 interpretes
3069 903 3173 961 pro
3204 889 3448 945 locorum
3483 887 3748 960 qualitate

2142 976 2433 1048 dupliciter
2478 979 2833 1048 transferunt,
2885 990 2978 1036 aut
3024 981 3308 1037 Dominum
3348 982 3621 1046 virtutum,
3652 987 3748 1035 aut

2145 1070 2428 1127 Dominum
2449 1075 2863 1143 omnipotentem.
2883 1075 2949 1131 Et
2964 1075 3344 1146 quaerendum,
3363 1083 3544 1130 utrum
3559 1074 3627 1129 de
3640 1073 3749 1130 Pa-

2147 1174 2230 1223 tre
2260 1167 2494 1235 dicatur,
2526 1184 2592 1223 au
2624 1168 2692 1224 de
2716 1168 2879 1224 Filio.
2904 1168 3016 1225 Nec
3038 1169 3261 1225 dubium
3289 1170 3419 1241 quin
3441 1167 3570 1223 illud
3598 1166 3747 1238 quod

2147 1260 2199 1315 in
2232 1262 2489 1317 vicesimo
2520 1262 2680 1317 tertio
2702 1260 2810 1336 [ΑΙ.
2828 1261 3044 1336 quarto]
3071 1263 3281 1333 psalmo
3306 1262 3506 1333 legitur
3532 1280 3545 1315 :
3580 1259 3750 1315 Attol-

2148 1355 2235 1410 lite
2247 1366 2445 1429 portas,
2473 1357 2757 1430 principes,
2773 1368 3041 1424 restras,et
3058 1357 3327 1414 elevamini
3344 1368 3508 1427 porta:
3528 1367 3751 1412 telerna-

2146 1446 2242 1515 les,
2270 1459 2317 1502 et
2345 1449 2576 1504 introibit
2626 1467 2720 1506 rea:
2754 1451 2958 1523 gloriae.
3001 1450 3129 1518 Quis
3174 1460 3249 1506 est
3287 1450 3384 1505 iste
3412 1466 3506 1506 rea:
3531 1448 3752 1521 gloria?

2150 1540 2404 1597 Dominus
2431 1543 2645 1598 sabaoth
2679 1542 2850 1614 (Psal.
2880 1560 3035 1609 χχιιι,
3078 1544 3129 1609 7,
3173 1541 3257 1613 8),
3282 1542 3338 1597 id
3364 1552 3462 1610 est,
3495 1540 3750 1597 Dominus

2150 1637 2414 1701 virtutum,
2448 1637 2558 1709 ipse
2584 1647 2659 1691 est
2683 1653 2774 1691 rea:
2813 1636 3015 1710 gloria,
3044 1635 3111 1692 ad
3141 1633 3422 1691 Christum
3451 1633 3748 1691 referatur.

2146 1730 2238 1803 qui
2264 1741 2386 1800 post
2408 1729 2677 1800 passionis
2709 1730 3045 1799 triumphum
3063 1729 3131 1785 ad
3160 1729 3331 1785 cmlos
3356 1729 3532 1785 victor
3554 1743 3753 1785 ascen-

2148 1824 2250 1880 dit.
2278 1824 2344 1881 Et
2373 1825 2428 1880 in
2459 1824 2567 1879 alio
2592 1824 2714 1880 loco
2736 1824 2805 1880 de
2828 1823 3060 1879 Domino
3086 1824 3308 1888 dicitur,
3340 1822 3484 1895 quod
3508 1839 3600 1878 rex
3629 1822 3752 1894 glo-

1927 1932 1941 1970 :
1987 1923 2045 1972 et
2075 1915 2120 1976 Β
2149 1917 2244 1973 rim
2266 1917 2339 1972 sit
2376 1935 2390 1972 :
2438 1916 2502 1973 Si
2542 1918 2682 1973 enim
2716 1918 3070 1987 cognovissent
3094 1960 3109 1983 ,
3144 1933 3423 1989 numquam
3465 1914 3753 1971 Dominum

2150 2010 2333 2082 gloria:
2358 2012 2741 2081 cruciﬁxissent
2774 2010 2821 2082 (ι
2849 2009 2969 2068 Cor.
3011 2027 3072 2076 ιι,
3123 2008 3203 2084 8).
3245 2010 3390 2080 Ergo
3428 2025 3540 2065 non
3571 2009 3753 2065 solum

447 2101 592 2157 natis
633 2103 905 2176 frugibus,
934 2103 1179 2177 abigunt.
1221 2101 1356 2159 Cum
1404 2116 1589 2160 autem
1640 2103 1823 2159 ablata
1853 2102 2053 2160 fuerint
2146 2101 2304 2175 juxta
2341 2103 2731 2177 Apocalypsim
2774 2103 3025 2169 Joannis,
3050 2112 3107 2159 et
3135 2103 3448 2176 apostolum
3478 2102 3750 2169 Paulum;

449 2193 760 2251 istiusmodi
782 2196 1080 2267 genitnina,
1107 2207 1393 2254 remanent
1421 2197 1634 2254 arentia
1654 2196 1911 2253 l‘ruticum
1929 2213 2049 2253 um-

451 2287 696 2355 bracula,
729 2290 1060 2361 casulazque,
1110 2288 1409 2347 recedente
1459 2290 1712 2357 custode,
1762 2291 1891 2362 quia
1940 2305 2050 2345 non

450 2382 615 2440 habet
641 2384 782 2440 ultra
824 2385 972 2457 quod
1026 2397 1229 2442 servet.
1264 2386 1410 2457 Ergo
1438 2394 1495 2442 et
1520 2387 1869 2456 omnipotens
1895 2384 2054 2441 IDeus

451 2475 746 2548 dereliquit
765 2476 1078 2550 Templum,
1106 2487 1163 2534 et
1191 2478 1384 2535 urbem
1424 2476 1556 2535 fecit
1580 2493 1704 2534 esse
1730 2477 2003 2533 desertam
2037 2493 2049 2529 :

454 2569 598 2640 quod
627 2586 736 2626 non
787 2585 1015 2628 necesse
1041 2582 1125 2629 est
1155 2572 1505 2630 sermonibus
1527 2572 1858 2644 approbare,
1892 2571 2053 2627 nobis

452 2665 785 2737 praesertim,
810 2666 900 2738 qui
941 2667 1191 2724 videmus
1231 2667 1509 2748 desertam
1539 2668 1693 2737 Sion,
1721 2678 1778 2724 et
1803 2682 2052 2724 eversam

452 2757 786 2826 Jerusalem,
832 2762 1228 2834 Templumque
1253 2778 1424 2835 usque
1455 2762 1524 2820 ad
1561 2764 1741 2820 solum
1787 2763 2051 2819 dirutum.

453 2851 612 2923 Quod
635 2863 817 2910 autem
846 2854 1013 2911 ﬁliam
1045 2855 1178 2913 Sion
1200 2866 1378 2925 vocat,
1409 2856 1828 2913 clementissimi
1862 2870 2057 2926 paren-

457 2944 527 3001 tis
556 2953 823 3001 monstrat
863 2945 1141 3003 al’fectum.
1190 2947 1302 3004 Nec
1333 2948 1533 3004 mirum
1562 2948 1609 3003 si
1648 2947 1781 3004 Sion
1813 2948 2058 3018 appelle-

456 3046 547 3094 tur
569 3039 704 3104 lilia.
732 3054 857 3096 cum
888 3041 1051 3096 etiam
1079 3040 1328 3114 Babylon
1351 3041 1654 3110 saepissime
1702 3040 1808 3096 lilia
1839 3056 2055 3097 nuncu-

459 3130 856 3203 petur.0mnes
881 3134 1028 3188 enim
1058 3147 1251 3189 natura
1277 3133 1373 3189 lilii
1395 3133 1488 3190 Dei
1514 3149 1725 3202 sumus,
1752 3133 1851 3190 sed
1869 3144 2058 3189 nostro

462 3227 596 3282 vitio
622 3227 783 3283 alieni
815 3226 1104 3283 eilicimur.
1133 3228 1293 3285 Juxta
1325 3244 1634 3301 anagogen,
1684 3229 1843 3286 vinea
1884 3229 1980 3286 Dei
2003 3239 2058 3285 et

2152 2200 2250 2256 sed
2283 2199 2336 2255 in
2367 2200 2539 2256 veteri
2568 2214 2783 2272 quoque
2816 2199 3193 2265 Testamento,
3227 2196 3485 2253 Dominus
3509 2197 3754 2264 sabaoth,

2155 2292 2259 2347 hoc
2302 2302 2407 2358 est,
2461 2291 2816 2363 Omnipotens,
2857 2287 3105 2346 Christus
3156 2289 3486 2360 appellatur.
3517 2287 3575 2344 Si
3605 2288 3765 2344 enim‘

2154 2388 2334 2443 omnia
2362 2387 2541 2443 Patris
2569 2388 2692 2442 Filii
2732 2395 2896 2453 sunt;
2925 2395 2980 2441 et
3009 2395 3066 2440 ut
3088 2384 3205 2455 ipse
3236 2383 3475 2456 loquitur
3502 2382 3553 2438 in
3580 2383 3759 2438 Evan-

2155 2480 2301 2552 gelio
2331 2499 2345 2536 :
2375 2478 2513 2533 Data
2533 2489 2609 2536 est
2638 2479 2765 2534 mihi
2794 2480 2961 2533 omnis
2986 2476 3231 2551 potestas
3262 2477 3367 2550 19
3390 2477 3445 2531 in
3470 2476 3595 2531 calo
3623 2485 3673 2529 et
3700 2476 3757 2530 in

2157 2584 2294 2630 terra
2325 2572 2545 2646 (Matth.
2574 2589 2767 2637 xxvttt,
2795 2571 2921 2643 18);
2948 2582 3002 2627 et
3028 2589 3041 2625 τ
3078 2568 3269 2627 Omnia
3291 2586 3405 2625 mea
3431 2580 3521 2624 tua
3544 2578 3683 2634 sunt,
3708 2576 3758 2625 et

2162 2677 2183 2707 ο
2212 2667 2481 2741 gleriﬁcor
2510 2668 2565 2721 in
2593 2668 2667 2721 eis
2690 2684 2711 2733 ;
2747 2681 2850 2722 cur
2892 2680 3003 2720 non
3029 2664 3193 2722 etiam
3219 2662 3623 2733 Omnipotentis
3654 2678 3755 2717 no-

2158 2776 2279 2816 men
2312 2760 2580 2817 referatur
2617 2760 2685 2816 ad
2715 2758 2991 2817 Christum
3042 2776 3055 2813 :
3101 2768 3159 2815 ut
3190 2759 3330 2814 sicut
3370 2756 3514 2813 Deus
3543 2755 3672 2825 Dei,
3700 2765 3757 2814 et

2158 2855 2423 2910 Dominus
2464 2853 2705 2923 Domini,
2751 2855 2832 2911 sic
2860 2845 3216 2924 Omnipotens
3238 2848 3640 2922 Omnipotentis
3668 2848 3757 2905 Fi-

2160 2948 2264 3004 lius
2291 2948 2396 3005 sit?

2231 3043 2415 3118 (Vers.
2458 3042 2568 3115 l0.)
2609 3043 2799 3097 Audite
2832 3042 3040 3097 verbum
3087 3040 3320 3108 Domini,
3360 3038 3621 3110 principes
3654 3037 3757 3094 So-

2160 3138 2432 3192 domorum
2454 3136 2736 3207 :percipitc
2754 3135 2967 3190 auribus
2988 3135 3150 3205 legem
3180 3131 3277 3187 Dei
3307 3133 3493 3201 nostri,
3527 3132 3759 3205 populus

2164 3229 2487 3286 Gomorrhae.
2538 3228 2717 3285 Salvis
2763 3229 2916 3284 lactis
2944 3226 3189 3298 reliquiis
3216 3242 3311 3298 per
3341 3226 3635 3297 Apostolos
3662 3243 3762 3298 po-

460 3336 745 3394 pomorum
772 3322 1080 3395 paradisus,
1106 3326 1286 3380 anima
1314 3335 1504 3381 nostra
1534 3325 1639 3398 18
1663 3325 1928 3397 appellari
1956 3340 2057 3396 po—
2085 3317 2132 3383 C
2162 3327 2273 3398 puli
2312 3323 2500 3392 Israel,
2535 3323 2756 3381 Scribas
2781 3333 2836 3379 et
2883 3322 3212 3385 Pharisaeos.
3245 3331 3301 3378 et
3354 3321 3611 3391 populum
3638 3335 3765 3378 suc—

465 3427 620 3472 test:
664 3416 749 3472 cui
796 3420 841 3471 si
894 3432 1069 3483 mens,
1112 3418 1166 3474 id
1219 3428 1325 3488 est,
1373 3426 1512 3484 νοῦς,
1560 3419 1861 3491 praefuerit,
1896 3418 2063 3474 habet

458 3511 743 3568 custodem
775 3515 973 3568 mentis
1015 3512 1187 3568 Deum
1235 3529 1250 3569 :
1281 3515 1367 3570 sin
1391 3523 1574 3571 autem
1598 3515 1726 3569 vitia
1772 3528 1874 3570 nos
1902 3514 2062 3586 quasi

456 3604 707 3676 quasdam
754 3604 942 3661 bestia:
997 3605 1202 3662 fuerint
1249 3606 1584 3675 depraedata,
1638 3606 2001 3678 relinquimur
2031 3621 2062 3661 a

465 3697 694 3754 custode
725 3697 857 3765 Deo,
899 3706 954 3754 et
991 3698 1171 3755 omnia
1213 3708 1400 3757 nostra
1429 3700 1744 3772 redigentur
1771 3700 1837 3755 ad
1868 3700 2065 3755 solitu-

466 3790 671 3848 dinem.

458 3892 459 3895 ‘
542 3884 664 3940 Nisi
697 3884 954 3942 Dominus
992 3889 1309 3944 exercituum
1357 3889 1645 3962 reliquisset
1690 3889 1840 3944 nobis
1869 3904 2062 3957 semen,

468 3980 613 4051 quasi
634 3979 870 4037 Sodoma
884 3984 1247 4054 fuissemus,et
1267 3986 1418 4058 quasi
1446 3982 1739 4041 Gomorrha
1765 3983 1959 4038 similes
1990 3999 2069 4037 es-

468 4089 659 4129 semus.
706 4073 859 4131 Hunc
899 4076 1076 4132 locum
1127 4077 1329 4134 Paulus
1374 4079 1657 4145 aposmlus
1689 4076 1759 4132 ad
1791 4076 2072 4132 Romanos

472 4166 694 4236 plenius
713 4166 959 4235 disserit,
984 4171 1234 4227 scribens
1268 4192 1280 4225 :
1312 4171 1442 4226 Dico
1470 4186 1613 4240 ergo,
1637 4169 1893 4240 numquid
1918 4186 2075 4237 repu-

467 4262 528 4317 lit
561 4260 704 4319 Detts
732 4264 987 4338 papulum
1014 4266 1205 4323 suum?
1232 4266 1379 4321 Absit
1409 4282 1429 4322 :
1465 4282 1584 4322 nam
1621 4274 1670 4320 et
1697 4281 1790 4337 ego
1829 4263 2077 4320 Israelita

471 4369 609 4418 sum,
653 4372 718 4411 ex-
754 4357 948 4412 semiue
986 4358 1268 4425 Abraham,
1320 4358 1386 4413 de
1431 4358 1567 4412 tribu
1604 4355 1905 4431 Benjamiu.
1950 4354 2077 4411 Non

475 4448 670 4519 repulit
705 4448 838 4504 Deus
866 4450 1066 4523 plebem
1095 4468 1245 4506 suam
1268 4467 1425 4521 quam
1480 4450 1741 4521 praesciuit
1784 4448 1965 4517 (Rom.
2000 4465 2076 4514 x1,

479 4538 533 4604 l,
569 4539 649 4611 εὶ).
684 4540 754 4596 Et
779 4553 900 4612 post
926 4543 1202 4612 paululum
1235 4561 1247 4597 :
1275 4542 1368 4598 Sic
1393 4560 1514 4617 ergo
1554 4552 1606 4597 et
1639 4542 1694 4596 in
1720 4542 1821 4596 isto
1851 4551 2080 4612 tempore

477 4631 716 4703 reliquiae
741 4634 1027 4690 secundum
1058 4636 1354 4690 electionem
1391 4635 1578 4709 gratiae
1602 4634 1760 4690 salute
1782 4634 1936 4703 {actae
1962 4643 2081 4688 sunt

2162 3420 2493 3476 clamantem
2521 3434 2538 3474 :
2562 3416 2839 3491 Cruciﬁge,
2869 3416 3116 3488 cruciﬁge
3142 3414 3297 3470 talem
3317 3412 3502 3487 (Joan.
3533 3429 3644 3483 nx,
3676 3414 3758 3485 6),

2164 3512 2516 3585 propheticus
2542 3525 2728 3568 sermo
2752 3510 3123 3575 convertitur;
3152 3519 3208 3565 et
3236 3517 3392 3564 vocat
3434 3523 3530 3565 eos
3564 3507 3767 3576 princi-

2166 3623 2263 3678 pes
2285 3606 2673 3673 Sodomorum,
2707 3615 2762 3661 et
2792 3605 3050 3676 populum
3077 3601 3418 3669 Gomorrhze,
3442 3602 3598 3671 juxta
3631 3600 3766 3657 illud

2165 3697 2388 3770 quodin
2422 3697 2887 3765 consequentibus
2930 3697 3160 3763 legimus
3195 3712 3208 3750 :
3245 3693 3579 3767 lniquitatem
3621 3709 3770 3748 suam

2167 3792 2302 3847 sicut
2366 3790 2595 3847 Sodoma
2651 3790 3083 3843 annuntiaverunt
3149 3796 3198 3841 et
3259 3788 3612 3842 ostenderunt.
3684 3784 3771 3841 Va:

2168 3886 2357 3939 anima:
2408 3899 2588 3937 eorum
2637 3897 2655 3935 :
2707 3881 2832 3951 quia
2879 3882 3237 3954 coqitaverunt
3278 3880 3554 3935 consilium
3612 3880 3775 3944 pessi-

2169 3995 2310 4033 munt
2340 3989 2521 4032 contra
2562 3974 2879 4045 semetipsos,
2929 3974 3153 4026 dicentes
3184 3989 3203 4027 :
3232 3970 3521 4042 Alligemus
3540 3973 3769 4044 justum,

2173 4072 2420 4143 quoniam
2447 4064 2647 4122 inutilis
2679 4076 2752 4122 est
2784 4065 2927 4120 nobis
2958 4062 3137 4137 (Infra
3172 4062 3274 4135 ιιι).
3310 4062 3452 4134 Ergo
3482 4073 3774 4133 propterea

2176 4163 2449 4234 principes
2478 4169 2748 4215 vocantur
2780 4159 3168 4223 Sodomorum,
3204 4166 3261 4211 et
3290 4155 3523 4227 pOpulus
3548 4154 3778 4211 Gomor-

2177 4258 2311 4320 rhaa,
2342 4256 2463 4323 quia
2492 4255 2880 4323 cogitaverunt
2916 4250 3200 4306 consilium
3230 4248 3552 4321 pessimum,
3579 4258 3634 4304 et
3660 4247 3777 4302 alli-

2177 4356 2443 4420 gaverunt
2468 4346 2700 4415 justum,
2732 4353 2897 4413 atque
2929 4343 3207 4412 dixerunt,
3249 4339 3372 4396 Non
3412 4340 3660 4396 habemus
3696 4356 3781 4395 re-

2179 4457 2292 4515 gem
2323 4439 2423 4494 nisi
2452 4437 2711 4494 Ctesarem
2737 4435 2918 4511 (Joan.
2946 4451 3057 4501 χιιι,
3097 4433 3213 4507 15).
3257 4434 3324 4490 Ει
3360 4450 3574 4489 rursum
3610 4452 3623 4488 :
3664 4430 3781 4490 Nos

2182 4536 2373 4589 scimus
2395 4533 2519 4603 quia
2548 4530 2720 4603 Moysi
2761 4531 2963 4585 locutus
2993 4539 3067 4583 est
3094 4526 3271 4593 Deus;
3294 4528 3452 4582 istum
3473 4540 3644 4583 autem
3667 4529 3782 4598 quis

2182 4629 2267 4696 sit,
2302 4628 2556 4683 nescimus
2587 4625 2765 4681 (Joan.
2814 4641 2889 4690 ιχ,
2921 4623 3036 4692 29).
3080 4621 3357 4692 Simulque
3399 4622 3696 4692 gloriantes
3728 4622 3783 4678 in

484 4721 677 4795 (lbid.,
710 4724 787 4798 v).
825 4726 901 4781 Es
932 4742 1040 4798 quo
1065 4727 1392 4794 ostenditur,
1426 4726 1715 4798 superiora
1737 4741 1856 4793 quae
1886 4733 2078 4781 eontra
2107 4711 2163 4773 Ι)
2186 4721 2486 4793 Evangelia
2521 4741 2533 4776 :
2564 4721 2749 4777 Semen
2772 4718 2994 4774 Abrahre
3010 4732 3188 4773 sumus
3217 4731 3237 4768 :
3266 4728 3315 4770 et
3345 4716 3534 4772 nemini
3557 4733 3785 4786 unquam

483 4814 788 4873 Jerusalem
814 4827 869 4873 ct
899 4818 1093 4874 Judam
1123 4835 1305 4875 sermo
1331 4818 1679 4891 propheticus
1714 4819 2077 4875 comminatus

485 4919 593 4971 est,
630 4926 737 4967 non
769 4911 834 4966 ad
869 4911 1213 4985 Babyloniam
1242 4914 1573 4984 captivitatis
1615 4911 1904 4970 referenda
1946 4921 2082 4968 tem-

485 5015 612 5072 pus,
641 5002 736 5059 sed
779 5004 846 5060 ad
879 5004 1131 5061 ultimam
1164 5005 1562 5072 Romanorum,
1604 5006 1821 5077 quando
1852 5006 1907 5061 in
1935 5005 2081 5077 Apo-

482 5094 644 5150 stolis
673 5095 838 5151 salva:
870 5096 1031 5155 facta:
1060 5108 1189 5156 sunt
1217 5098 1463 5171 reliquiae
1504 5099 1694 5172 pepuli
1721 5099 2036 5156 Judteorum
2063 5117 2078 5165 ;

566 5317 591 5345 ι
612 5306 839 5381 Surgite.
866 5309 922 5365 In
940 5310 1236 5379 Evangelia
1247 5308 1542 5366 secundum
1560 5307 1974 5381 Joannem,cap.
1987 5307 2072 5373 14,

494 5379 586 5453 3|,
618 5379 868 5453 legimus,
916 5381 1149 5453 Surgite,
1190 5398 1365 5453 eamus
1412 5382 1549 5453 hinc.
1580 5379 1865 5450 Quomodo
1895 5390 2077 5435 autem

492 5452 685 5524 iratus
712 5453 1140 5520 consurrexerit,
1194 5452 1356 5524 facile
1408 5452 1684 5524 colligitur
1719 5468 1785 5508 ex
1818 5460 2079 5524 contextu

494 5520 738 5597 ejusdem
764 5526 982 5594 capitis,
1005 5525 1127 5597 quia
1160 5526 1211 5581 in
1235 5539 1301 5580 eo
1327 5520 1625 5591 disputavit
1653 5524 1720 5579 tle
1741 5523 1963 5597 mundo,
1988 5523 2083 5578 de-

496 5608 602 5679 que
616 5596 874 5679 principe
915 5596 1305 5679 mtttttli_ltttjus,
1340 5598 1432 5668 qui
1464 5612 1573 5679 agn
1607 5606 1784 5679 putest
1833 5596 2082 5679 spiritum

496 5662 701 5721 Christi
748 5662 1019 5737 accipere.
1070 5662 1451 5726 Manitshf—
1498 5662 1815 5725 Sic—ferme
1865 5662 2089 5737 disserit

1430 5759 1444 5796 :
1502 5741 1750 5796 Salvator
1799 5739 1868 5791 ad
1916 5736 2090 5791 Disci-

503 5737 557 5792 itt
586 5739 770 5808 (epist.
829 5743 921 5803 68.
972 5742 1040 5798 ad
1086 5741 1369 5798 Paulinum

499 5807 665 5893 pulos
695 5826 818 5893 suos
858 5814 1089 5893 loquens,
1136 5830 1253 5869 cum
1292 5823 1424 5893 esset
1459 5816 1518 5893 in
1545 5811 1795 5893 .teutplo'.‘
1835 5807 2084 5893 Surgite,

498 5879 706 5954 inquit.
745 5879 989 5939 abeamus
1027 5885 1188 5954 huc;
1233 5897 1281 5941 et
1335 5886 1404 5941 ad
1444 5879 1708 5938 Juda'os':
1749 5879 2090 5954 Relinquetur

497 5946 641 6009 vobis
670 5956 857 6010 domus
899 5967 1058 6010 vestro
1103 5946 1323 6011 asserta.
1355 5958 1487 6022 Quae
1516 5955 1628 6009 (lno
1673 5946 2085 6009 diversis'tettté

2183 4818 2485 4874 seruiuimus
2515 4815 2697 4888 (Joan.
2724 4830 2836 4882 vtu,
2869 4813 2962 4884 55)
2994 4831 3005 4866 :
3037 4812 3311 4866 audiunta
3341 4811 3579 4867 Domino
3599 4810 3787 4867 Salva-

2187 4922 2307 4966 tore
2345 4929 2359 4963 :
2401 4908 2461 4963 Si
2497 4908 2673 4962 essetis
2699 4905 2800 4978 ﬁlii
2824 4904 3109 4971 Abraham,
3143 4904 3318 4974 utique
3344 4919 3502 4976 opera
3528 4903 3787 4959 Abraham

2187 5001 2458 5077 faceretis;
2489 5006 2545 5054 et
2571 5014 2787 5053 rursum
2821 5016 2835 5051 :
2872 4995 2978 5052 Vos
3006 5013 3069 5052 ea:
3092 4996 3301 5050 diabolo
3328 5005 3477 5064 patre
3500 4998 3609 5051 nati
3629 4997 3748 5052 estis
3769 5013 3789 5052 :

2185 5108 2234 5154 et
2261 5112 2422 5169 opera
2448 5093 2614 5164 patris
2650 5092 2807 5148 vestri
2844 5091 2997 5147 uultis
3023 5093 3193 5163 facere
3232 5086 3422 5161 (Ibid.,
3448 5105 3635 5158 xxxix,
3669 5089 3787 5162 44).

2179 5304 2404 5376 poribus
2454 5302 2598 5360 dicta
2643 5313 2788 5369 sunt,
2845 5297 3275 5376 atquealterum
3318 5297 3371 5351 in
3407 5296 3691 5376 caenaculo
3722 5297 3791 5353 ad

2180 5368 2503 5445 discipulos.
2549 5368 2781 5431 alterum
2832 5373 2897 5427 ad
2933 5369 3235 5445 Judatosjn
3277 5370 3483 5445 templo
3531 5368 3681 5445 :_s_ed
3723 5385 3792 5424 ex

2182 5440 2421 5503 Mattluei
2476 5446 2776 5515 Evangelia
2807 5443 3103 5515 secundum
3130 5440 3391 5515 Hebraeos
3419 5440 3507 5495 hic
3521 5440 3794 5515 videntur

2186 5519 2425 5575 recitati.
2456 5518 2511 5573 ln
2546 5512 2712 5573 Palat.
2740 5525 2921 5570 autem
2953 5514 3094 5567 vobis
3124 5512 3489 5566 desideratur.
3521 5512 3650 5567 Vide
3670 5527 3791 5584 quae

2194 5590 2249 5645 in
2275 5606 2397 5645 eam
2429 5591 2589 5658 epist.
2615 5604 2763 5643 nutu.
2790 5587 2825 5641 5
2851 5587 3229 5641 observamus.

2221 5721 2226 5725 ,
2265 5659 2295 5700 ι’
2336 5652 2529 5717 Isthmo
2557 5662 2625 5714 tle
2653 5660 2854 5714 casulis
2885 5668 2937 5711 et
2966 5660 3136 5709 vinea:
3184 5652 3410 5709 custode
3452 5669 3519 5709 ex
3570 5652 3795 5710 Eusebii

2194 5731 2636 5798 Commentariis,
2669 5745 2700 5786 e
2721 5729 2916 5799 qttihus
2940 5729 3046 5782 alia
3079 5726 3246 5781 multa
3282 5725 3512 5783 interius
3533 5769 3548 5796 ,
3584 5726 3797 5781 brevio-

2195 5804 2347 5861 ribus
2374 5814 2581 5859 tantutu
2613 5802 2790 5858 verbis
2815 5810 3038 5868 excepta
3063 5807 3212 5853 sunt.

2274 5888 2295 5915 ο
2332 5876 2571 5931 νπιῐιοίιιι.
2616 5888 2744 5932 ms..
2778 5882 2824 5929 et
2852 5870 3181 5946 gloriﬁcabor
3204 5869 3257 5925 in
3284 5869 3375 5924 eis.
