  <div class='ocr_page' id='page_1' title='image "/cluster/home/n/w/nwhite01/storage/ocr_20150623/24/hvd.32044015471386/022.png"; bbox 0 0 4052 6450; ppageno 0'>
   <div class='ocr_carea' id='block_1_1' title="bbox 230 315 3532 380">
    <p class='ocr_par' dir='ltr' id='par_1_1' title="bbox 230 315 3532 380">
     <span class='ocr_line' id='line_1_1' title="bbox 230 315 3532 380; baseline -0.002 0"><span class='ocrx_word' id='word_1_1' title='bbox 230 326 300 380; x_wconf 77' lang='lat'><strong>35</strong></span> <span class='ocrx_word' id='word_1_2' title='bbox 843 316 1498 378; x_wconf 79' lang='lat' dir='ltr'><strong>COMMENTARIORUM</strong></span> <span class='ocrx_word' id='word_1_3' title='bbox 1540 318 1607 375; x_wconf 84' lang='lat' dir='ltr'><strong>IN</strong></span> <span class='ocrx_word' id='word_1_4' title='bbox 1647 317 1888 376; x_wconf 77' lang='lat' dir='ltr'><strong>ISAIAM</strong></span> <span class='ocrx_word' id='word_1_5' title='bbox 1931 315 2354 376; x_wconf 78' lang='lat' dir='ltr'><strong>PROPHETAM</strong></span> <span class='ocrx_word' id='word_1_6' title='bbox 2394 315 2526 374; x_wconf 87' lang='lat' dir='ltr'><strong>LIB.</strong></span> <span class='ocrx_word' id='word_1_7' title='bbox 2574 316 2614 373; x_wconf 92' lang='grc'><strong>1.</strong></span> <span class='ocrx_word' id='word_1_8' title='bbox 2654 315 2818 375; x_wconf 80' lang='lat' dir='ltr'><strong>CAP.</strong></span> <span class='ocrx_word' id='word_1_9' title='bbox 2855 317 2899 374; x_wconf 90' lang='lat' dir='ltr'><strong>I.</strong></span> <span class='ocrx_word' id='word_1_10' title='bbox 3462 319 3532 376; x_wconf 69' lang='grc'><strong>34</strong></span> 
     </span>
    </p>
   </div>
   <div class='ocr_carea' id='block_1_2' title="bbox 229 430 3540 507">
    <p class='ocr_par' dir='ltr' id='par_1_2' title="bbox 229 430 3540 507">
     <span class='ocr_line' id='line_1_2' title="bbox 229 430 3540 507; baseline -0 -16"><span class='ocrx_word' id='word_1_11' title='bbox 229 435 362 491; x_wconf 81' lang='lat' dir='ltr'><strong>Tale</strong></span> <span class='ocrx_word' id='word_1_12' title='bbox 387 430 518 502; x_wconf 90' lang='lat' dir='ltr'><strong>quid</strong></span> <span class='ocrx_word' id='word_1_13' title='bbox 549 439 604 487; x_wconf 91' lang='lat' dir='ltr'><strong>et</strong></span> <span class='ocrx_word' id='word_1_14' title='bbox 633 431 888 489; x_wconf 83' lang='lat' dir='ltr'><strong>Ezechiel</strong></span> <span class='ocrx_word' id='word_1_15' title='bbox 919 434 985 490; x_wconf 89' lang='lat' dir='ltr'><strong>ad</strong></span> <span class='ocrx_word' id='word_1_16' title='bbox 1017 434 1319 492; x_wconf 86' lang='lat' dir='ltr'><strong>Jerusalem</strong></span> <span class='ocrx_word' id='word_1_17' title='bbox 1353 435 1588 506; x_wconf 91' lang='lat' dir='ltr'><strong>loquitur</strong></span> <span class='ocrx_word' id='word_1_18' title='bbox 1627 452 1639 486; x_wconf 91' lang='lat'><strong>:</strong></span> <span class='ocrx_word' id='word_1_19' title='bbox 1673 433 1833 488; x_wconf 89' lang='lat' dir='ltr'><strong>Pater</strong></span> <span class='ocrx_word' id='word_1_20' title='bbox 1860 438 1906 499; x_wconf 83' lang='grc' dir='ltr'>Α</span> <span class='ocrx_word' id='word_1_21' title='bbox 1938 435 1991 488; x_wconf 88' lang='lat' dir='ltr'><strong>in</strong></span> <span class='ocrx_word' id='word_1_22' title='bbox 2018 434 2276 489; x_wconf 74' lang='lat' dir='ltr'><strong>montibus</strong></span> <span class='ocrx_word' id='word_1_23' title='bbox 2300 443 2347 489; x_wconf 89' lang='lat' dir='ltr'><strong>et</strong></span> <span class='ocrx_word' id='word_1_24' title='bbox 2387 435 2554 490; x_wconf 79' lang='lat' dir='ltr'><strong>bores.</strong></span> <span class='ocrx_word' id='word_1_25' title='bbox 2580 433 2807 507; x_wconf 75' lang='lat' dir='ltr'><strong>Cognovi</strong></span> <span class='ocrx_word' id='word_1_26' title='bbox 2832 434 3004 489; x_wconf 81' lang='lat' dir='ltr'><strong><em>omnia</em></strong></span> <span class='ocrx_word' id='word_1_27' title='bbox 3030 431 3266 490; x_wconf 76' lang='lat' dir='ltr'><strong><em>volatilia</em></strong></span> <span class='ocrx_word' id='word_1_28' title='bbox 3306 433 3421 490; x_wconf 68' lang='lat' dir='ltr'><strong>ctuti</strong></span> <span class='ocrx_word' id='word_1_29' title='bbox 3448 451 3468 490; x_wconf 91' lang='lat'><strong>:</strong></span> <span class='ocrx_word' id='word_1_30' title='bbox 3489 443 3540 490; x_wconf 89' lang='lat' dir='ltr'><strong>ct</strong></span> 
     </span>
    </p>
   </div>
   <div class='ocr_carea' id='block_1_3' title="bbox 229 525 1831 600">
    <p class='ocr_par' dir='ltr' id='par_1_3' title="bbox 229 525 1831 600">
     <span class='ocr_line' id='line_1_3' title="bbox 229 525 1831 600; baseline -0.001 -17"><span class='ocrx_word' id='word_1_31' title='bbox 229 540 346 583; x_wconf 84' lang='lat' dir='ltr'><strong>tuus</strong></span> <span class='ocrx_word' id='word_1_32' title='bbox 377 525 734 593; x_wconf 81' lang='lat' dir='ltr'><strong>Amorrhceus,</strong></span> <span class='ocrx_word' id='word_1_33' title='bbox 785 538 830 581; x_wconf 88' lang='lat' dir='ltr'><strong>et</strong></span> <span class='ocrx_word' id='word_1_34' title='bbox 871 540 1036 582; x_wconf 87' lang='lat' dir='ltr'><strong>mater</strong></span> <span class='ocrx_word' id='word_1_35' title='bbox 1080 539 1168 581; x_wconf 90' lang='lat' dir='ltr'><strong>tua</strong></span> <span class='ocrx_word' id='word_1_36' title='bbox 1214 527 1426 583; x_wconf 77' lang='lat' dir='ltr'><strong>Gethcea</strong></span> <span class='ocrx_word' id='word_1_37' title='bbox 1473 527 1691 600; x_wconf 77' lang='lat' dir='ltr'><strong>(Ezech.</strong></span> <span class='ocrx_word' id='word_1_38' title='bbox 1721 543 1831 594; x_wconf 76' lang='lat' dir='ltr'><strong>xu,</strong></span> 
     </span>
    </p>
   </div>
   <div class='ocr_carea' id='block_1_4' title="bbox 227 619 1834 692">
    <p class='ocr_par' dir='ltr' id='par_1_4' title="bbox 227 619 1834 692">
     <span class='ocr_line' id='line_1_4' title="bbox 227 619 1834 692; baseline 0 -18"><span class='ocrx_word' id='word_1_39' title='bbox 227 619 343 692; x_wconf 68' lang='grc'><strong>45).</strong></span> <span class='ocrx_word' id='word_1_40' title='bbox 413 622 587 676; x_wconf 75' lang='lat' dir='ltr'><strong>Aiunt</strong></span> <span class='ocrx_word' id='word_1_41' title='bbox 644 620 856 675; x_wconf 72' lang='lat' dir='ltr'><strong>Ilehru-i</strong></span> <span class='ocrx_word' id='word_1_42' title='bbox 919 621 990 676; x_wconf 86' lang='lat' dir='ltr'><strong>ob</strong></span> <span class='ocrx_word' id='word_1_43' title='bbox 1041 622 1180 677; x_wconf 90' lang='lat' dir='ltr'><strong>duas</strong></span> <span class='ocrx_word' id='word_1_44' title='bbox 1227 636 1424 678; x_wconf 78' lang='lat' dir='ltr'><strong>causas</strong></span> <span class='ocrx_word' id='word_1_45' title='bbox 1487 621 1834 677; x_wconf 73' lang='lat' dir='ltr'><strong>interfectum</strong></span> 
     </span>
    </p>
   </div>
   <div class='ocr_carea' id='block_1_5' title="bbox 225 711 1837 784">
    <p class='ocr_par' dir='ltr' id='par_1_5' title="bbox 225 711 1837 784">
     <span class='ocr_line' id='line_1_5' title="bbox 225 711 1837 784; baseline -0.001 -15"><span class='ocrx_word' id='word_1_46' title='bbox 225 711 447 781; x_wconf 80' lang='lat' dir='ltr'><strong>Isaiam,</strong></span> <span class='ocrx_word' id='word_1_47' title='bbox 484 711 631 783; x_wconf 90' lang='lat' dir='ltr'><strong>quod</strong></span> <span class='ocrx_word' id='word_1_48' title='bbox 664 713 936 783; x_wconf 82' lang='lat' dir='ltr'><strong>principes</strong></span> <span class='ocrx_word' id='word_1_49' title='bbox 961 712 1323 770; x_wconf 88' lang='lat' dir='ltr'><strong>Sodomorum</strong></span> <span class='ocrx_word' id='word_1_50' title='bbox 1357 720 1412 768; x_wconf 88' lang='lat' dir='ltr'><strong>et</strong></span> <span class='ocrx_word' id='word_1_51' title='bbox 1442 713 1697 784; x_wconf 87' lang='lat' dir='ltr'><strong>populum</strong></span> <span class='ocrx_word' id='word_1_52' title='bbox 1729 711 1837 768; x_wconf 90' lang='lat' dir='ltr'><strong>Go-</strong></span> 
     </span>
    </p>
   </div>
   <div class='ocr_carea' id='block_1_6' title="bbox 228 805 1833 877">
    <p class='ocr_par' dir='ltr' id='par_1_6' title="bbox 228 805 1833 877">
     <span class='ocr_line' id='line_1_6' title="bbox 228 805 1833 877; baseline -0.002 -14"><span class='ocrx_word' id='word_1_53' title='bbox 228 812 470 863; x_wconf 73' lang='lat' dir='ltr'><strong>morrttze</strong></span> <span class='ocrx_word' id='word_1_54' title='bbox 494 820 590 862; x_wconf 90' lang='lat' dir='ltr'><strong>eos</strong></span> <span class='ocrx_word' id='word_1_55' title='bbox 615 806 995 877; x_wconf 86' lang='lat' dir='ltr'><strong>appellaverit,</strong></span> <span class='ocrx_word' id='word_1_56' title='bbox 1021 817 1075 861; x_wconf 88' lang='lat' dir='ltr'><strong>et</strong></span> <span class='ocrx_word' id='word_1_57' title='bbox 1106 808 1250 876; x_wconf 89' lang='lat' dir='ltr'><strong>quod</strong></span> <span class='ocrx_word' id='word_1_58' title='bbox 1274 807 1507 861; x_wconf 85' lang='lat' dir='ltr'><strong>Domino</strong></span> <span class='ocrx_word' id='word_1_59' title='bbox 1529 806 1749 860; x_wconf 89' lang='lat' dir='ltr'><strong>dicente</strong></span> <span class='ocrx_word' id='word_1_60' title='bbox 1769 805 1833 860; x_wconf 90' lang='lat' dir='ltr'><strong>ad</strong></span> 
     </span>
    </p>
   </div>
   <div class='ocr_carea' id='block_1_7' title="bbox 224 897 1833 972">
    <p class='ocr_par' dir='ltr' id='par_1_7' title="bbox 224 897 1833 972">
     <span class='ocr_line' id='line_1_7' title="bbox 224 897 1833 972; baseline -0.003 -16"><span class='ocrx_word' id='word_1_61' title='bbox 224 900 500 972; x_wconf 78' lang='lat' dir='ltr'><strong>Moysen:</strong></span> <span class='ocrx_word' id='word_1_62' title='bbox 551 897 676 953; x_wconf 81' lang='lat' dir='ltr'><strong>Non</strong></span> <span class='ocrx_word' id='word_1_63' title='bbox 727 900 914 970; x_wconf 84' lang='lat' dir='ltr'><strong>poteris</strong></span> <span class='ocrx_word' id='word_1_64' title='bbox 966 899 1136 954; x_wconf 85' lang='lat' dir='ltr'><strong>videre</strong></span> <span class='ocrx_word' id='word_1_65' title='bbox 1181 900 1369 969; x_wconf 90' lang='lat' dir='ltr'><strong>faciem</strong></span> <span class='ocrx_word' id='word_1_66' title='bbox 1419 915 1585 953; x_wconf 90' lang='lat' dir='ltr'><strong>meam</strong></span> <span class='ocrx_word' id='word_1_67' title='bbox 1631 897 1833 971; x_wconf 70' lang='lat' dir='ltr'><strong>(Exod.</strong></span> 
     </span>
    </p>
   </div>
   <div class='ocr_carea' id='block_1_8' title="bbox 225 991 1839 1064">
    <p class='ocr_par' dir='ltr' id='par_1_8' title="bbox 225 991 1839 1064">
     <span class='ocr_line' id='line_1_8' title="bbox 225 991 1839 1064; baseline -0.002 -13"><span class='ocrx_word' id='word_1_68' title='bbox 225 1009 423 1060; x_wconf 75' lang='lat' dir='ltr'><strong>xum,</strong></span> <span class='ocrx_word' id='word_1_69' title='bbox 463 993 583 1064; x_wconf 73' lang='lat'><strong>20),</strong></span> <span class='ocrx_word' id='word_1_70' title='bbox 622 995 728 1048; x_wconf 82' lang='lat' dir='ltr'><strong>iSte</strong></span> <span class='ocrx_word' id='word_1_71' title='bbox 763 1009 930 1048; x_wconf 90' lang='lat' dir='ltr'><strong>ausus</strong></span> <span class='ocrx_word' id='word_1_72' title='bbox 981 995 1055 1048; x_wconf 86' lang='lat' dir='ltr'><strong>sit</strong></span> <span class='ocrx_word' id='word_1_73' title='bbox 1101 993 1283 1049; x_wconf 86' lang='lat' dir='ltr'><strong>dicere</strong></span> <span class='ocrx_word' id='word_1_74' title='bbox 1333 1011 1346 1047; x_wconf 87' lang='lat'><strong>:</strong></span> <span class='ocrx_word' id='word_1_75' title='bbox 1403 993 1518 1048; x_wconf 86' lang='lat' dir='ltr'><strong>Vidi</strong></span> <span class='ocrx_word' id='word_1_76' title='bbox 1556 991 1839 1047; x_wconf 89' lang='lat' dir='ltr'><strong>Dominum</strong></span> 
     </span>
    </p>
   </div>
   <div class='ocr_carea' id='block_1_9' title="bbox 230 1086 1840 1160">
    <p class='ocr_par' dir='ltr' id='par_1_9' title="bbox 230 1086 1840 1160">
     <span class='ocr_line' id='line_1_9' title="bbox 230 1086 1840 1160; baseline 0.001 -19"><span class='ocrx_word' id='word_1_77' title='bbox 230 1096 257 1126; x_wconf 74' lang='grc'>⁸</span> <span class='ocrx_word' id='word_1_78' title='bbox 280 1088 544 1142; x_wconf 74' lang='lat' dir='ltr'><strong>sedentem</strong></span> <span class='ocrx_word' id='word_1_79' title='bbox 570 1104 727 1158; x_wconf 97' lang='lat' dir='ltr'><strong>super</strong></span> <span class='ocrx_word' id='word_1_80' title='bbox 748 1090 992 1142; x_wconf 89' lang='lat' dir='ltr'><strong>thronum</strong></span> <span class='ocrx_word' id='word_1_81' title='bbox 1020 1091 1278 1143; x_wconf 74' lang='lat' dir='ltr'><strong>excelsum</strong></span> <span class='ocrx_word' id='word_1_82' title='bbox 1307 1097 1356 1144; x_wconf 90' lang='lat' dir='ltr'><strong>et</strong></span> <span class='ocrx_word' id='word_1_83' title='bbox 1387 1089 1637 1144; x_wconf 77' lang='lat' dir='ltr'><strong>eleuatum</strong></span> <span class='ocrx_word' id='word_1_84' title='bbox 1659 1086 1840 1160; x_wconf 85' lang='lat' dir='ltr'><strong>(Infra</strong></span> 
     </span>
    </p>
   </div>
   <div class='ocr_carea' id='block_1_10' title="bbox 229 1181 1840 1255">
    <p class='ocr_par' dir='ltr' id='par_1_10' title="bbox 229 1181 1840 1255">
     <span class='ocr_line' id='line_1_10' title="bbox 229 1181 1840 1255; baseline 0.001 -18"><span class='ocrx_word' id='word_1_85' title='bbox 229 1198 302 1248; x_wconf 78' lang='lat' dir='ltr'><strong>vr,</strong></span> <span class='ocrx_word' id='word_1_86' title='bbox 354 1185 455 1255; x_wconf 72' lang='lat'><strong>1);</strong></span> <span class='ocrx_word' id='word_1_87' title='bbox 512 1198 622 1239; x_wconf 89' lang='lat' dir='ltr'><strong>non</strong></span> <span class='ocrx_word' id='word_1_88' title='bbox 663 1183 1082 1239; x_wconf 80' lang='lat' dir='ltr'><strong>considerantes</strong></span> <span class='ocrx_word' id='word_1_89' title='bbox 1129 1184 1274 1254; x_wconf 90' lang='lat' dir='ltr'><strong>quod</strong></span> <span class='ocrx_word' id='word_1_90' title='bbox 1321 1181 1516 1239; x_wconf 83' lang='lat' dir='ltr'><strong>faciem</strong></span> <span class='ocrx_word' id='word_1_91' title='bbox 1566 1194 1622 1238; x_wconf 90' lang='lat' dir='ltr'><strong>et</strong></span> <span class='ocrx_word' id='word_1_92' title='bbox 1671 1185 1840 1254; x_wconf 88' lang='lat' dir='ltr'><strong>pedes</strong></span> 
     </span>
    </p>
   </div>
   <div class='ocr_carea' id='block_1_11' title="bbox 228 1276 1834 1349">
    <p class='ocr_par' dir='ltr' id='par_1_11' title="bbox 228 1276 1834 1349">
     <span class='ocr_line' id='line_1_11' title="bbox 228 1276 1834 1349; baseline -0.002 -15"><span class='ocrx_word' id='word_1_93' title='bbox 228 1279 348 1345; x_wconf 94' lang='lat' dir='ltr'><strong>Dei,</strong></span> <span class='ocrx_word' id='word_1_94' title='bbox 385 1279 503 1334; x_wconf 82' lang='lat' dir='ltr'><strong>sive</strong></span> <span class='ocrx_word' id='word_1_95' title='bbox 529 1292 679 1344; x_wconf 89' lang='lat' dir='ltr'><strong>suos,</strong></span> <span class='ocrx_word' id='word_1_96' title='bbox 716 1279 837 1349; x_wconf 85' lang='lat' dir='ltr'><strong>quia</strong></span> <span class='ocrx_word' id='word_1_97' title='bbox 879 1277 934 1332; x_wconf 90' lang='lat' dir='ltr'><strong>in</strong></span> <span class='ocrx_word' id='word_1_98' title='bbox 988 1277 1221 1332; x_wconf 77' lang='lat' dir='ltr'><strong>Ilebrteo</strong></span> <span class='ocrx_word' id='word_1_99' title='bbox 1260 1276 1288 1315; x_wconf 67' lang='grc' dir='ltr'><strong>ι)</strong></span> <span class='ocrx_word' id='word_1_100' title='bbox 1317 1277 1566 1348; x_wconf 80' lang='lat' dir='ltr'><strong>ambigue</strong></span> <span class='ocrx_word' id='word_1_101' title='bbox 1615 1277 1834 1345; x_wconf 80' lang='lat' dir='ltr'><strong>legitur,</strong></span> 
     </span>
    </p>
   </div>
   <div class='ocr_carea' id='block_1_12' title="bbox 227 1369 1842 1441">
    <p class='ocr_par' dir='ltr' id='par_1_12' title="bbox 227 1369 1842 1441">
     <span class='ocr_line' id='line_1_12' title="bbox 227 1369 1842 1441; baseline -0.004 -13"><span class='ocrx_word' id='word_1_102' title='bbox 227 1371 522 1441; x_wconf 83' lang='lat' dir='ltr'><strong>Scrapltim</strong></span> <span class='ocrx_word' id='word_1_103' title='bbox 555 1372 793 1427; x_wconf 79' lang='lat' dir='ltr'><strong>texerint</strong></span> <span class='ocrx_word' id='word_1_104' title='bbox 821 1389 832 1424; x_wconf 93' lang='lat'><strong>:</strong></span> <span class='ocrx_word' id='word_1_105' title='bbox 871 1379 927 1426; x_wconf 92' lang='lat' dir='ltr'><strong>et</strong></span> <span class='ocrx_word' id='word_1_106' title='bbox 951 1371 1126 1424; x_wconf 84' lang='lat' dir='ltr'><strong>media</strong></span> <span class='ocrx_word' id='word_1_107' title='bbox 1160 1380 1367 1426; x_wconf 90' lang='lat' dir='ltr'><strong>tantum</strong></span> <span class='ocrx_word' id='word_1_108' title='bbox 1401 1369 1520 1440; x_wconf 82' lang='lat' dir='ltr'><strong>t-jus</strong></span> <span class='ocrx_word' id='word_1_109' title='bbox 1543 1371 1708 1424; x_wconf 86' lang='lat' dir='ltr'><strong>Isaias</strong></span> <span class='ocrx_word' id='word_1_110' title='bbox 1733 1369 1842 1441; x_wconf 73' lang='lat'><strong>20</strong></span> 
     </span>
    </p>
   </div>
   <div class='ocr_carea' id='block_1_13' title="bbox 229 1464 1842 1536">
    <p class='ocr_par' dir='ltr' id='par_1_13' title="bbox 229 1464 1842 1536">
     <span class='ocr_line' id='line_1_13' title="bbox 229 1464 1842 1536; baseline -0.002 -15"><span class='ocrx_word' id='word_1_111' title='bbox 229 1467 439 1524; x_wconf 89' lang='lat' dir='ltr'><strong>vidisse</strong></span> <span class='ocrx_word' id='word_1_112' title='bbox 471 1481 530 1523; x_wconf 86' lang='lat' dir='ltr'><strong>se</strong></span> <span class='ocrx_word' id='word_1_113' title='bbox 561 1468 786 1523; x_wconf 83' lang='lat' dir='ltr'><strong>scribat.</strong></span> <span class='ocrx_word' id='word_1_114' title='bbox 815 1466 985 1520; x_wconf 89' lang='lat' dir='ltr'><strong>llomo</strong></span> <span class='ocrx_word' id='word_1_115' title='bbox 1019 1476 1040 1504; x_wconf 78' lang='grc' dir='ltr'><em>ε</em></span> <span class='ocrx_word' id='word_1_116' title='bbox 1087 1466 1246 1536; x_wconf 84' lang='lat' dir='ltr'><strong>igitur</strong></span> <span class='ocrx_word' id='word_1_117' title='bbox 1281 1465 1382 1520; x_wconf 85' lang='lat' dir='ltr'><strong>Dei</strong></span> <span class='ocrx_word' id='word_1_118' title='bbox 1421 1465 1613 1520; x_wconf 79' lang='lat' dir='ltr'><strong>faciem</strong></span> <span class='ocrx_word' id='word_1_119' title='bbox 1654 1464 1842 1520; x_wconf 89' lang='lat' dir='ltr'><strong>videre</strong></span> 
     </span>
    </p>
   </div>
   <div class='ocr_carea' id='block_1_14' title="bbox 230 1555 1843 1631">
    <p class='ocr_par' dir='ltr' id='par_1_14' title="bbox 230 1555 1843 1631">
     <span class='ocr_line' id='line_1_14' title="bbox 230 1555 1843 1631; baseline -0.005 -13"><span class='ocrx_word' id='word_1_120' title='bbox 230 1578 340 1618; x_wconf 88' lang='lat' dir='ltr'><strong>non</strong></span> <span class='ocrx_word' id='word_1_121' title='bbox 375 1569 581 1630; x_wconf 82' lang='lat' dir='ltr'><strong>potest.</strong></span> <span class='ocrx_word' id='word_1_122' title='bbox 620 1559 816 1631; x_wconf 83' lang='lat' dir='ltr'><strong>Angeli</strong></span> <span class='ocrx_word' id='word_1_123' title='bbox 860 1567 1042 1613; x_wconf 90' lang='lat' dir='ltr'><strong>autem</strong></span> <span class='ocrx_word' id='word_1_124' title='bbox 1075 1562 1239 1613; x_wconf 87' lang='lat' dir='ltr'><strong>etiam</strong></span> <span class='ocrx_word' id='word_1_125' title='bbox 1281 1559 1631 1612; x_wconf 85' lang='lat' dir='ltr'><strong>minimorum</strong></span> <span class='ocrx_word' id='word_1_126' title='bbox 1657 1555 1707 1610; x_wconf 88' lang='lat' dir='ltr'><strong>in</strong></span> <span class='ocrx_word' id='word_1_127' title='bbox 1741 1556 1843 1610; x_wconf 84' lang='lat' dir='ltr'><strong>Ec-</strong></span> 
     </span>
    </p>
   </div>
   <div class='ocr_carea' id='block_1_15' title="bbox 231 1649 1836 1725">
    <p class='ocr_par' dir='ltr' id='par_1_15' title="bbox 231 1649 1836 1725">
     <span class='ocr_line' id='line_1_15' title="bbox 231 1649 1836 1725; baseline -0.006 -11"><span class='ocrx_word' id='word_1_128' title='bbox 231 1658 427 1722; x_wconf 84' lang='lat' dir='ltr'><strong>clesia,</strong></span> <span class='ocrx_word' id='word_1_129' title='bbox 463 1671 684 1725; x_wconf 84' lang='lat' dir='ltr'><strong>semper</strong></span> <span class='ocrx_word' id='word_1_130' title='bbox 718 1655 905 1709; x_wconf 88' lang='lat' dir='ltr'><strong>vident</strong></span> <span class='ocrx_word' id='word_1_131' title='bbox 943 1654 1130 1708; x_wconf 79' lang='lat' dir='ltr'><strong>faciem</strong></span> <span class='ocrx_word' id='word_1_132' title='bbox 1181 1653 1272 1708; x_wconf 80' lang='lat' dir='ltr'><strong>Dei</strong></span> <span class='ocrx_word' id='word_1_133' title='bbox 1303 1651 1516 1722; x_wconf 73' lang='lat' dir='ltr'><strong>(Manli.</strong></span> <span class='ocrx_word' id='word_1_134' title='bbox 1543 1667 1691 1718; x_wconf 77' lang='lat' dir='ltr'><strong>xvnt,</strong></span> <span class='ocrx_word' id='word_1_135' title='bbox 1721 1649 1836 1720; x_wconf 86' lang='grc'><strong>10).</strong></span> 
     </span>
    </p>
   </div>
   <div class='ocr_carea' id='block_1_16' title="bbox 232 1747 1843 1816">
    <p class='ocr_par' dir='ltr' id='par_1_16' title="bbox 232 1747 1843 1816">
     <span class='ocr_line' id='line_1_16' title="bbox 232 1747 1843 1816; baseline -0.007 -10"><span class='ocrx_word' id='word_1_136' title='bbox 232 1751 321 1816; x_wconf 87' lang='lat' dir='ltr'><strong>Et,</strong></span> <span class='ocrx_word' id='word_1_137' title='bbox 361 1749 523 1804; x_wconf 81' lang='lat' dir='ltr'><strong>Nunc</strong></span> <span class='ocrx_word' id='word_1_138' title='bbox 551 1750 602 1803; x_wconf 88' lang='lat' dir='ltr'><strong>in</strong></span> <span class='ocrx_word' id='word_1_139' title='bbox 626 1747 836 1816; x_wconf 88' lang='lat' dir='ltr'><strong>speculo</strong></span> <span class='ocrx_word' id='word_1_140' title='bbox 864 1747 1096 1801; x_wconf 85' lang='lat' dir='ltr'><strong>videmus</strong></span> <span class='ocrx_word' id='word_1_141' title='bbox 1127 1755 1176 1800; x_wconf 87' lang='lat' dir='ltr'><strong>et</strong></span> <span class='ocrx_word' id='word_1_142' title='bbox 1206 1747 1259 1798; x_wconf 89' lang='lat' dir='ltr'><strong>in</strong></span> <span class='ocrx_word' id='word_1_143' title='bbox 1277 1747 1566 1816; x_wconf 78' lang='lat' dir='ltr'><strong>cenigrnate,</strong></span> <span class='ocrx_word' id='word_1_144' title='bbox 1603 1754 1724 1797; x_wconf 87' lang='lat' dir='ltr'><strong>tunc</strong></span> <span class='ocrx_word' id='word_1_145' title='bbox 1747 1758 1843 1797; x_wconf 89' lang='lat' dir='ltr'><strong>au-</strong></span> 
     </span>
    </p>
   </div>
   <div class='ocr_carea' id='block_1_17' title="bbox 1939 527 3539 600">
    <p class='ocr_par' dir='ltr' id='par_1_17' title="bbox 1939 527 3539 600">
     <span class='ocr_line' id='line_1_17' title="bbox 1939 527 3539 600; baseline 0 -20"><span class='ocrx_word' id='word_1_146' title='bbox 1939 527 2270 599; x_wconf 85' lang='lat' dir='ltr'><strong>pulchritudo</strong></span> <span class='ocrx_word' id='word_1_147' title='bbox 2309 528 2421 600; x_wconf 89' lang='lat' dir='ltr'><strong>agri</strong></span> <span class='ocrx_word' id='word_1_148' title='bbox 2465 543 2661 581; x_wconf 88' lang='lat' dir='ltr'><strong>mecum</strong></span> <span class='ocrx_word' id='word_1_149' title='bbox 2705 536 2798 582; x_wconf 87' lang='lat' dir='ltr'><strong>est.</strong></span> <span class='ocrx_word' id='word_1_150' title='bbox 2851 527 2912 583; x_wconf 92' lang='lat' dir='ltr'><strong>Si</strong></span> <span class='ocrx_word' id='word_1_151' title='bbox 2957 528 3206 595; x_wconf 80' lang='lat' dir='ltr'><strong>esuriero,</strong></span> <span class='ocrx_word' id='word_1_152' title='bbox 3242 527 3539 582; x_wconf 88' lang='lat' dir='ltr'><strong>nondicant</strong></span> 
     </span>
    </p>
   </div>
   <div class='ocr_carea' id='block_1_18' title="bbox 1941 619 3542 694">
    <p class='ocr_par' dir='ltr' id='par_1_18' title="bbox 1941 619 3542 694">
     <span class='ocr_line' id='line_1_18' title="bbox 1941 619 3542 694; baseline 0.001 -22"><span class='ocrx_word' id='word_1_153' title='bbox 1941 619 2028 673; x_wconf 86' lang='lat' dir='ltr'><strong>tibi</strong></span> <span class='ocrx_word' id='word_1_154' title='bbox 2072 635 2090 674; x_wconf 89' lang='lat'><strong>:</strong></span> <span class='ocrx_word' id='word_1_155' title='bbox 2129 636 2273 674; x_wconf 89' lang='lat' dir='ltr'><strong>meus</strong></span> <span class='ocrx_word' id='word_1_156' title='bbox 2320 630 2394 673; x_wconf 84' lang='lat' dir='ltr'><strong>est</strong></span> <span class='ocrx_word' id='word_1_157' title='bbox 2451 620 2589 674; x_wconf 87' lang='lat' dir='ltr'><strong>enim</strong></span> <span class='ocrx_word' id='word_1_158' title='bbox 2630 621 2768 674; x_wconf 89' lang='lat' dir='ltr'><strong>orbis</strong></span> <span class='ocrx_word' id='word_1_159' title='bbox 2804 628 2956 675; x_wconf 75' lang='lat' dir='ltr'><strong>terrw</strong></span> <span class='ocrx_word' id='word_1_160' title='bbox 3003 631 3050 675; x_wconf 85' lang='lat' dir='ltr'><strong>et</strong></span> <span class='ocrx_word' id='word_1_161' title='bbox 3091 620 3359 690; x_wconf 75' lang='lat' dir='ltr'><strong>plenitudo</strong></span> <span class='ocrx_word' id='word_1_162' title='bbox 3404 624 3542 694; x_wconf 83' lang='lat' dir='ltr'><strong>ejus.</strong></span> 
     </span>
    </p>
   </div>
   <div class='ocr_carea' id='block_1_19' title="bbox 1941 711 3544 787">
    <p class='ocr_par' dir='ltr' id='par_1_19' title="bbox 1941 711 3544 787">
     <span class='ocr_line' id='line_1_19' title="bbox 1941 711 3544 787; baseline 0.001 -22"><span class='ocrx_word' id='word_1_163' title='bbox 1941 711 2213 782; x_wconf 77' lang='lat' dir='ltr'><strong>Numquid</strong></span> <span class='ocrx_word' id='word_1_164' title='bbox 2237 712 2558 768; x_wconf 89' lang='lat' dir='ltr'><strong>manducabo</strong></span> <span class='ocrx_word' id='word_1_165' title='bbox 2587 729 2769 768; x_wconf 87' lang='lat' dir='ltr'><strong>carnes</strong></span> <span class='ocrx_word' id='word_1_166' title='bbox 2799 725 3089 780; x_wconf 88' lang='lat' dir='ltr'><strong>taurorum,</strong></span> <span class='ocrx_word' id='word_1_167' title='bbox 3116 725 3209 768; x_wconf 85' lang='lat' dir='ltr'><strong>aut</strong></span> <span class='ocrx_word' id='word_1_168' title='bbox 3237 713 3544 787; x_wconf 88' lang='lat' dir='ltr'><strong>sanguinem</strong></span> 
     </span>
    </p>
   </div>
   <div class='ocr_carea' id='block_1_20' title="bbox 1941 805 3547 880">
    <p class='ocr_par' dir='ltr' id='par_1_20' title="bbox 1941 805 3547 880">
     <span class='ocr_line' id='line_1_20' title="bbox 1941 805 3547 880; baseline 0.001 -19"><span class='ocrx_word' id='word_1_169' title='bbox 1941 807 2203 862; x_wconf 79' lang='lat' dir='ltr'><strong>hircorum</strong></span> <span class='ocrx_word' id='word_1_170' title='bbox 2239 808 2426 878; x_wconf 90' lang='lat' dir='ltr'><strong>potabo</strong></span> <span class='ocrx_word' id='word_1_171' title='bbox 2454 805 2631 880; x_wconf 88' lang='lat' dir='ltr'><strong>(Psal.</strong></span> <span class='ocrx_word' id='word_1_172' title='bbox 2657 823 2801 875; x_wconf 80' lang='lat' dir='ltr'><strong>thx,</strong></span> <span class='ocrx_word' id='word_1_173' title='bbox 2831 807 3000 879; x_wconf 90' lang='lat' dir='ltr'><strong>seqq.)</strong></span> <span class='ocrx_word' id='word_1_174' title='bbox 3021 808 3042 862; x_wconf 84' lang='lat'><strong>?</strong></span> <span class='ocrx_word' id='word_1_175' title='bbox 3067 806 3311 879; x_wconf 85' lang='lat' dir='ltr'><strong>Cumque</strong></span> <span class='ocrx_word' id='word_1_176' title='bbox 3342 808 3547 865; x_wconf 85' lang='lat' dir='ltr'><strong>veteris</strong></span> 
     </span>
    </p>
   </div>
   <div class='ocr_carea' id='block_1_21' title="bbox 1941 901 3548 976">
    <p class='ocr_par' dir='ltr' id='par_1_21' title="bbox 1941 901 3548 976">
     <span class='ocr_line' id='line_1_21' title="bbox 1941 901 3548 976; baseline 0.001 -19"><span class='ocrx_word' id='word_1_177' title='bbox 1941 901 2100 974; x_wconf 87' lang='lat' dir='ltr'><strong>Legis</strong></span> <span class='ocrx_word' id='word_1_178' title='bbox 2150 903 2507 958; x_wconf 61' lang='lat' dir='ltr'><strong>caeremonias</strong></span> <span class='ocrx_word' id='word_1_179' title='bbox 2555 903 2874 972; x_wconf 89' lang='lat' dir='ltr'><strong>respuisset,</strong></span> <span class='ocrx_word' id='word_1_180' title='bbox 2921 903 3119 958; x_wconf 91' lang='lat' dir='ltr'><strong>transit</strong></span> <span class='ocrx_word' id='word_1_181' title='bbox 3160 903 3226 958; x_wconf 92' lang='lat' dir='ltr'><strong>ad</strong></span> <span class='ocrx_word' id='word_1_182' title='bbox 3255 903 3548 976; x_wconf 84' lang='lat' dir='ltr'><strong>Evangeli-</strong></span> 
     </span>
    </p>
   </div>
   <div class='ocr_carea' id='block_1_22' title="bbox 1941 991 3543 1065">
    <p class='ocr_par' dir='ltr' id='par_1_22' title="bbox 1941 991 3543 1065">
     <span class='ocr_line' id='line_1_22' title="bbox 1941 991 3543 1065; baseline 0.001 -17"><span class='ocrx_word' id='word_1_183' title='bbox 1941 1008 2058 1048; x_wconf 85' lang='lat' dir='ltr'><strong>cam</strong></span> <span class='ocrx_word' id='word_1_184' title='bbox 2110 995 2401 1064; x_wconf 89' lang='lat' dir='ltr'><strong>puritatem</strong></span> <span class='ocrx_word' id='word_1_185' title='bbox 2457 1009 2470 1046; x_wconf 91' lang='lat'><strong>:</strong></span> <span class='ocrx_word' id='word_1_186' title='bbox 2503 1003 2558 1050; x_wconf 91' lang='lat' dir='ltr'><strong>et</strong></span> <span class='ocrx_word' id='word_1_187' title='bbox 2588 993 2717 1062; x_wconf 88' lang='lat' dir='ltr'><strong>quid</strong></span> <span class='ocrx_word' id='word_1_188' title='bbox 2751 1009 2850 1065; x_wconf 90' lang='lat' dir='ltr'><strong>pro</strong></span> <span class='ocrx_word' id='word_1_189' title='bbox 2891 991 2977 1048; x_wconf 90' lang='lat' dir='ltr'><strong>his</strong></span> <span class='ocrx_word' id='word_1_190' title='bbox 3016 993 3225 1064; x_wconf 83' lang='lat' dir='ltr'><strong>cupiat,</strong></span> <span class='ocrx_word' id='word_1_191' title='bbox 3259 994 3543 1050; x_wconf 89' lang='lat' dir='ltr'><strong>ostendit:</strong></span> 
     </span>
    </p>
   </div>
   <div class='ocr_carea' id='block_1_23' title="bbox 1942 1086 3550 1157">
    <p class='ocr_par' dir='ltr' id='par_1_23' title="bbox 1942 1086 3550 1157">
     <span class='ocr_line' id='line_1_23' title="bbox 1942 1086 3550 1157; baseline 0.001 -15"><span class='ocrx_word' id='word_1_192' title='bbox 1942 1086 2169 1142; x_wconf 84' lang='lat' dir='ltr'><strong>Immola</strong></span> <span class='ocrx_word' id='word_1_193' title='bbox 2192 1086 2304 1142; x_wconf 87' lang='lat' dir='ltr'><strong>Deo</strong></span> <span class='ocrx_word' id='word_1_194' title='bbox 2329 1087 2649 1157; x_wconf 80' lang='lat' dir='ltr'><strong>sacriﬁcium</strong></span> <span class='ocrx_word' id='word_1_195' title='bbox 2679 1087 2871 1154; x_wconf 82' lang='lat' dir='ltr'><strong>laudis,</strong></span> <span class='ocrx_word' id='word_1_196' title='bbox 2902 1097 2948 1141; x_wconf 88' lang='lat' dir='ltr'><strong>et</strong></span> <span class='ocrx_word' id='word_1_197' title='bbox 2970 1087 3129 1142; x_wconf 87' lang='lat' dir='ltr'><strong>redde</strong></span> <span class='ocrx_word' id='word_1_198' title='bbox 3148 1088 3399 1143; x_wconf 87' lang='lat' dir='ltr'><strong>altissimo</strong></span> <span class='ocrx_word' id='word_1_199' title='bbox 3430 1098 3550 1143; x_wconf 81' lang='lat' dir='ltr'><strong>vota</strong></span> 
     </span>
    </p>
   </div>
   <div class='ocr_carea' id='block_1_24' title="bbox 1944 1181 3548 1252">
    <p class='ocr_par' dir='ltr' id='par_1_24' title="bbox 1944 1181 3548 1252">
     <span class='ocr_line' id='line_1_24' title="bbox 1944 1181 3548 1252; baseline 0.001 -14"><span class='ocrx_word' id='word_1_200' title='bbox 1944 1193 2050 1238; x_wconf 90' lang='lat' dir='ltr'><strong>tua.</strong></span> <span class='ocrx_word' id='word_1_201' title='bbox 2077 1183 2145 1238; x_wconf 88' lang='lat' dir='ltr'><strong>Et</strong></span> <span class='ocrx_word' id='word_1_202' title='bbox 2175 1185 2357 1238; x_wconf 88' lang='lat' dir='ltr'><strong>invoca</strong></span> <span class='ocrx_word' id='word_1_203' title='bbox 2394 1200 2474 1237; x_wconf 91' lang='lat' dir='ltr'><strong>me</strong></span> <span class='ocrx_word' id='word_1_204' title='bbox 2493 1183 2546 1236; x_wconf 92' lang='lat' dir='ltr'><strong>in</strong></span> <span class='ocrx_word' id='word_1_205' title='bbox 2568 1181 3022 1237; x_wconf 89' lang='lat' dir='ltr'><strong>dietribulationis</strong></span> <span class='ocrx_word' id='word_1_206' title='bbox 3053 1199 3073 1237; x_wconf 91' lang='lat'><strong>:</strong></span> <span class='ocrx_word' id='word_1_207' title='bbox 3108 1194 3153 1238; x_wconf 89' lang='lat' dir='ltr'><strong>ct</strong></span> <span class='ocrx_word' id='word_1_208' title='bbox 3187 1201 3366 1238; x_wconf 91' lang='lat' dir='ltr'><strong>eruam</strong></span> <span class='ocrx_word' id='word_1_209' title='bbox 3404 1193 3469 1252; x_wconf 86' lang='lat' dir='ltr'><strong>te,</strong></span> <span class='ocrx_word' id='word_1_210' title='bbox 3500 1193 3548 1239; x_wconf 89' lang='lat' dir='ltr'><strong>et</strong></span> 
     </span>
    </p>
   </div>
   <div class='ocr_carea' id='block_1_25' title="bbox 1943 1277 3549 1349">
    <p class='ocr_par' dir='ltr' id='par_1_25' title="bbox 1943 1277 3549 1349">
     <span class='ocr_line' id='line_1_25' title="bbox 1943 1277 3549 1349; baseline 0.005 -20"><span class='ocrx_word' id='word_1_211' title='bbox 1943 1278 2313 1348; x_wconf 84' lang='lat' dir='ltr'><strong>houorificubis</strong></span> <span class='ocrx_word' id='word_1_212' title='bbox 2338 1295 2438 1332; x_wconf 90' lang='lat' dir='ltr'><strong>me.</strong></span> <span class='ocrx_word' id='word_1_213' title='bbox 2467 1277 2659 1332; x_wconf 86' lang='lat' dir='ltr'><strong>Omnis</strong></span> <span class='ocrx_word' id='word_1_214' title='bbox 2680 1292 2810 1349; x_wconf 87' lang='lat' dir='ltr'><strong>ergo</strong></span> <span class='ocrx_word' id='word_1_215' title='bbox 2832 1278 3059 1348; x_wconf 88' lang='lat' dir='ltr'><strong>capituli</strong></span> <span class='ocrx_word' id='word_1_216' title='bbox 3085 1280 3243 1349; x_wconf 87' lang='lat' dir='ltr'><strong>hujus</strong></span> <span class='ocrx_word' id='word_1_217' title='bbox 3266 1281 3549 1337; x_wconf 84' lang='lat' dir='ltr'><strong>continen-</strong></span> 
     </span>
    </p>
   </div>
   <div class='ocr_carea' id='block_1_26' title="bbox 1945 1369 3544 1444">
    <p class='ocr_par' dir='ltr' id='par_1_26' title="bbox 1945 1369 3544 1444">
     <span class='ocr_line' id='line_1_26' title="bbox 1945 1369 3544 1444; baseline 0.001 -19"><span class='ocrx_word' id='word_1_218' title='bbox 1945 1372 2042 1435; x_wconf 86' lang='lat' dir='ltr'><strong>tia,</strong></span> <span class='ocrx_word' id='word_1_219' title='bbox 2075 1385 2246 1440; x_wconf 89' lang='lat' dir='ltr'><strong>ttsque</strong></span> <span class='ocrx_word' id='word_1_220' title='bbox 2278 1369 2346 1426; x_wconf 88' lang='lat' dir='ltr'><strong>ad</strong></span> <span class='ocrx_word' id='word_1_221' title='bbox 2376 1385 2500 1425; x_wconf 88' lang='lat' dir='ltr'><strong>eum</strong></span> <span class='ocrx_word' id='word_1_222' title='bbox 2532 1369 2712 1425; x_wconf 90' lang='lat' dir='ltr'><strong>locum</strong></span> <span class='ocrx_word' id='word_1_223' title='bbox 2742 1370 2834 1424; x_wconf 89' lang='lat' dir='ltr'><strong>ubi</strong></span> <span class='ocrx_word' id='word_1_224' title='bbox 2864 1371 2943 1425; x_wconf 93' lang='lat' dir='ltr'><strong>ait</strong></span> <span class='ocrx_word' id='word_1_225' title='bbox 2983 1387 2996 1425; x_wconf 94' lang='lat'><strong>:</strong></span> <span class='ocrx_word' id='word_1_226' title='bbox 3039 1369 3287 1426; x_wconf 82' lang='lat' dir='ltr'><strong>Judicate</strong></span> <span class='ocrx_word' id='word_1_227' title='bbox 3323 1373 3544 1444; x_wconf 88' lang='lat' dir='ltr'><strong>pupillo,</strong></span> 
     </span>
    </p>
   </div>
   <div class='ocr_carea' id='block_1_27' title="bbox 1945 1466 3554 1539">
    <p class='ocr_par' dir='ltr' id='par_1_27' title="bbox 1945 1466 3554 1539">
     <span class='ocr_line' id='line_1_27' title="bbox 1945 1466 3554 1539; baseline 0.004 -20"><span class='ocrx_word' id='word_1_228' title='bbox 1945 1466 2204 1536; x_wconf 85' lang='lat' dir='ltr'><strong>defendite</strong></span> <span class='ocrx_word' id='word_1_229' title='bbox 2231 1466 2462 1531; x_wconf 85' lang='lat' dir='ltr'><strong>viduam,</strong></span> <span class='ocrx_word' id='word_1_230' title='bbox 2505 1475 2551 1520; x_wconf 88' lang='lat' dir='ltr'><strong>et</strong></span> <span class='ocrx_word' id='word_1_231' title='bbox 2577 1466 2762 1533; x_wconf 82' lang='lat' dir='ltr'><strong>uenite,</strong></span> <span class='ocrx_word' id='word_1_232' title='bbox 2793 1475 2840 1520; x_wconf 90' lang='lat' dir='ltr'><strong>et</strong></span> <span class='ocrx_word' id='word_1_233' title='bbox 2873 1467 3198 1539; x_wconf 81' lang='lat' dir='ltr'><strong>disputemus</strong></span> <span class='ocrx_word' id='word_1_234' title='bbox 3241 1484 3260 1523; x_wconf 91' lang='lat'><strong>:</strong></span> <span class='ocrx_word' id='word_1_235' title='bbox 3293 1478 3316 1505; x_wconf 73' lang='grc' dir='ltr'>ο</span> <span class='ocrx_word' id='word_1_236' title='bbox 3345 1469 3554 1539; x_wconf 84' lang='lat' dir='ltr'><strong>reSpuit</strong></span> 
     </span>
    </p>
   </div>
   <div class='ocr_carea' id='block_1_28' title="bbox 1944 1561 3553 1632">
    <p class='ocr_par' dir='ltr' id='par_1_28' title="bbox 1944 1561 3553 1632">
     <span class='ocr_line' id='line_1_28' title="bbox 1944 1561 3553 1632; baseline 0.001 -16"><span class='ocrx_word' id='word_1_237' title='bbox 1944 1561 2217 1616; x_wconf 80' lang='lat' dir='ltr'><strong>sacrificia</strong></span> <span class='ocrx_word' id='word_1_238' title='bbox 2247 1561 2615 1628; x_wconf 78' lang='lat' dir='ltr'><strong>victimarum,</strong></span> <span class='ocrx_word' id='word_1_239' title='bbox 2655 1568 2711 1616; x_wconf 88' lang='lat' dir='ltr'><strong>et</strong></span> <span class='ocrx_word' id='word_1_240' title='bbox 2740 1561 3017 1632; x_wconf 78' lang='lat' dir='ltr'><strong>Evangelii</strong></span> <span class='ocrx_word' id='word_1_241' title='bbox 3052 1561 3423 1618; x_wconf 85' lang='lat' dir='ltr'><strong>obedientiam</strong></span> <span class='ocrx_word' id='word_1_242' title='bbox 3455 1563 3553 1618; x_wconf 87' lang='lat' dir='ltr'><strong>do-</strong></span> 
     </span>
    </p>
   </div>
   <div class='ocr_carea' id='block_1_29' title="bbox 1945 1653 3552 1724">
    <p class='ocr_par' dir='ltr' id='par_1_29' title="bbox 1945 1653 3552 1724">
     <span class='ocr_line' id='line_1_29' title="bbox 1945 1653 3552 1724; baseline 0 -14"><span class='ocrx_word' id='word_1_243' title='bbox 1945 1666 2032 1710; x_wconf 92' lang='lat' dir='ltr'><strong>cet</strong></span> <span class='ocrx_word' id='word_1_244' title='bbox 2056 1670 2177 1709; x_wconf 78' lang='lat' dir='ltr'><strong>eSse</strong></span> <span class='ocrx_word' id='word_1_245' title='bbox 2209 1669 2374 1724; x_wconf 89' lang='lat' dir='ltr'><strong>super</strong></span> <span class='ocrx_word' id='word_1_246' title='bbox 2401 1653 2754 1708; x_wconf 84' lang='lat' dir='ltr'><strong>sacrificium.</strong></span> <span class='ocrx_word' id='word_1_247' title='bbox 2789 1653 3060 1722; x_wconf 77' lang='lat' dir='ltr'><strong>Quodque</strong></span> <span class='ocrx_word' id='word_1_248' title='bbox 3092 1653 3311 1709; x_wconf 90' lang='lat' dir='ltr'><strong>intulit:</strong></span> <span class='ocrx_word' id='word_1_249' title='bbox 3347 1654 3552 1710; x_wconf 84' lang='lat' dir='ltr'><strong>Plenus</strong></span> 
     </span>
    </p>
   </div>
   <div class='ocr_carea' id='block_1_30' title="bbox 1945 1749 3558 1822">
    <p class='ocr_par' dir='ltr' id='par_1_30' title="bbox 1945 1749 3558 1822">
     <span class='ocr_line' id='line_1_30' title="bbox 1945 1749 3558 1822; baseline 0.001 -18"><span class='ocrx_word' id='word_1_250' title='bbox 1945 1767 2080 1814; x_wconf 90' lang='lat' dir='ltr'><strong>sum,</strong></span> <span class='ocrx_word' id='word_1_251' title='bbox 2117 1750 2218 1804; x_wconf 91' lang='lat' dir='ltr'><strong>hoc</strong></span> <span class='ocrx_word' id='word_1_252' title='bbox 2249 1764 2414 1805; x_wconf 90' lang='lat' dir='ltr'><strong>sensu</strong></span> <span class='ocrx_word' id='word_1_253' title='bbox 2450 1762 2532 1805; x_wconf 89' lang='lat' dir='ltr'><strong>est</strong></span> <span class='ocrx_word' id='word_1_254' title='bbox 2562 1749 2966 1820; x_wconf 89' lang='lat' dir='ltr'><strong>accipiendum,</strong></span> <span class='ocrx_word' id='word_1_255' title='bbox 3005 1752 3110 1822; x_wconf 72' lang='lat'><strong>21</strong></span> <span class='ocrx_word' id='word_1_256' title='bbox 3157 1749 3300 1804; x_wconf 91' lang='lat' dir='ltr'><strong>nulla</strong></span> <span class='ocrx_word' id='word_1_257' title='bbox 3330 1766 3392 1805; x_wconf 90' lang='lat' dir='ltr'><strong>re</strong></span> <span class='ocrx_word' id='word_1_258' title='bbox 3417 1750 3558 1806; x_wconf 87' lang='lat' dir='ltr'><strong>indi-</strong></span> 
     </span>
    </p>
   </div>
   <div class='ocr_carea' id='block_1_31' title="bbox 236 1833 1861 1916">
    <p class='ocr_par' dir='ltr' id='par_1_31' title="bbox 236 1833 1840 1914">
     <span class='ocr_line' id='line_1_31' title="bbox 236 1833 1840 1914; baseline -0.004 -19"><span class='ocrx_word' id='word_1_259' title='bbox 236 1852 334 1896; x_wconf 88' lang='lat' dir='ltr'><strong>tem</strong></span> <span class='ocrx_word' id='word_1_260' title='bbox 359 1843 496 1914; x_wconf 83' lang='lat' dir='ltr'><strong>facie</strong></span> <span class='ocrx_word' id='word_1_261' title='bbox 519 1841 587 1893; x_wconf 89' lang='lat' dir='ltr'><strong>ad</strong></span> <span class='ocrx_word' id='word_1_262' title='bbox 618 1840 806 1913; x_wconf 77' lang='lat' dir='ltr'><strong>facient</strong></span> <span class='ocrx_word' id='word_1_263' title='bbox 838 1838 882 1910; x_wconf 92' lang='lat' dir='ltr'><strong>(l</strong></span> <span class='ocrx_word' id='word_1_264' title='bbox 923 1836 1043 1892; x_wconf 89' lang='lat' dir='ltr'><strong>Cor.</strong></span> <span class='ocrx_word' id='word_1_265' title='bbox 1076 1852 1191 1904; x_wconf 77' lang='lat' dir='ltr'><strong>xm,</strong></span> <span class='ocrx_word' id='word_1_266' title='bbox 1227 1836 1312 1907; x_wconf 69' lang='lat'><strong>1:2)</strong></span> <span class='ocrx_word' id='word_1_267' title='bbox 1353 1856 1365 1891; x_wconf 90' lang='lat'>:</span> <span class='ocrx_word' id='word_1_268' title='bbox 1408 1835 1622 1906; x_wconf 82' lang='lat' dir='ltr'><strong>quando</strong></span> <span class='ocrx_word' id='word_1_269' title='bbox 1644 1835 1714 1890; x_wconf 88' lang='lat' dir='ltr'><strong>de</strong></span> <span class='ocrx_word' id='word_1_270' title='bbox 1743 1833 1840 1888; x_wconf 88' lang='lat' dir='ltr'><strong>ho-</strong></span> 
     </span>
    </p>
   </div>
   <div class='ocr_carea' id='block_1_32' title="bbox 1969 1833 3552 1916">
    <p class='ocr_par' dir='ltr' id='par_1_32' title="bbox 1969 1840 3552 1916">
     <span class='ocr_line' id='line_1_32' title="bbox 1969 1840 3552 1916; baseline 0.002 -20"><span class='ocrx_word' id='word_1_271' title='bbox 1969 1858 2054 1911; x_wconf 72' lang='lat' dir='ltr'><strong>geo</strong></span> <span class='ocrx_word' id='word_1_272' title='bbox 2084 1860 2097 1895; x_wconf 91' lang='lat'><strong>:</strong></span> <span class='ocrx_word' id='word_1_273' title='bbox 2125 1840 2335 1895; x_wconf 88' lang='lat' dir='ltr'><strong>Domini</strong></span> <span class='ocrx_word' id='word_1_274' title='bbox 2356 1851 2432 1896; x_wconf 90' lang='lat' dir='ltr'><strong>est</strong></span> <span class='ocrx_word' id='word_1_275' title='bbox 2458 1851 2595 1895; x_wconf 88' lang='lat' dir='ltr'><strong>terra</strong></span> <span class='ocrx_word' id='word_1_276' title='bbox 2621 1851 2668 1895; x_wconf 90' lang='lat' dir='ltr'><strong>et</strong></span> <span class='ocrx_word' id='word_1_277' title='bbox 2690 1842 2957 1913; x_wconf 85' lang='lat' dir='ltr'><strong>plenitudo</strong></span> <span class='ocrx_word' id='word_1_278' title='bbox 2978 1845 3090 1913; x_wconf 86' lang='lat' dir='ltr'><strong>ejus</strong></span> <span class='ocrx_word' id='word_1_279' title='bbox 3108 1841 3284 1915; x_wconf 86' lang='lat' dir='ltr'><strong>(Psal.</strong></span> <span class='ocrx_word' id='word_1_280' title='bbox 3305 1858 3456 1909; x_wconf 63' lang='grc' dir='ltr'><strong>χχιιι,</strong></span> <span class='ocrx_word' id='word_1_281' title='bbox 3478 1843 3552 1916; x_wconf 89' lang='grc'><strong>1).</strong></span> 
     </span>
    </p>
   </div>
   <div class='ocr_carea' id='block_1_33' title="bbox 235 1931 1845 2003">
    <p class='ocr_par' dir='ltr' id='par_1_33' title="bbox 235 1931 1845 2003">
     <span class='ocr_line' id='line_1_33' title="bbox 235 1931 1845 2003; baseline -0.003 -14"><span class='ocrx_word' id='word_1_282' title='bbox 235 1935 480 1989; x_wconf 82' lang='lat' dir='ltr'><strong>minibus</strong></span> <span class='ocrx_word' id='word_1_283' title='bbox 516 1933 543 1971; x_wconf 75' lang='grc' dir='ltr'><strong>ἀ</strong></span> <span class='ocrx_word' id='word_1_284' title='bbox 587 1933 642 1989; x_wconf 92' lang='lat' dir='ltr'><strong>in</strong></span> <span class='ocrx_word' id='word_1_285' title='bbox 672 1932 910 2003; x_wconf 81' lang='lat' dir='ltr'><strong>Angelos</strong></span> <span class='ocrx_word' id='word_1_286' title='bbox 950 1931 1365 2002; x_wconf 82' lang='lat' dir='ltr'><strong>profecerimus,</strong></span> <span class='ocrx_word' id='word_1_287' title='bbox 1419 1941 1477 1986; x_wconf 88' lang='lat' dir='ltr'><strong>et</strong></span> <span class='ocrx_word' id='word_1_288' title='bbox 1509 1931 1845 2001; x_wconf 87' lang='lat' dir='ltr'><strong>potuerimus</strong></span> 
     </span>
    </p>
   </div>
   <div class='ocr_carea' id='block_1_34' title="bbox 235 2025 1847 2099">
    <p class='ocr_par' dir='ltr' id='par_1_34' title="bbox 235 2025 1847 2099">
     <span class='ocr_line' id='line_1_34' title="bbox 235 2025 1847 2099; baseline -0.006 -13"><span class='ocrx_word' id='word_1_289' title='bbox 235 2045 358 2087; x_wconf 87' lang='lat' dir='ltr'><strong>cum</strong></span> <span class='ocrx_word' id='word_1_290' title='bbox 388 2029 656 2099; x_wconf 81' lang='lat' dir='ltr'><strong>Apostolo</strong></span> <span class='ocrx_word' id='word_1_291' title='bbox 685 2029 870 2084; x_wconf 85' lang='lat' dir='ltr'><strong>dicere</strong></span> <span class='ocrx_word' id='word_1_292' title='bbox 903 2045 915 2082; x_wconf 90' lang='lat'><strong>:</strong></span> <span class='ocrx_word' id='word_1_293' title='bbox 951 2026 1064 2080; x_wconf 85' lang='lat' dir='ltr'><strong>Nos</strong></span> <span class='ocrx_word' id='word_1_294' title='bbox 1096 2037 1271 2082; x_wconf 87' lang='lat' dir='ltr'><strong>autem</strong></span> <span class='ocrx_word' id='word_1_295' title='bbox 1301 2043 1474 2080; x_wconf 86' lang='lat' dir='ltr'><strong>omnes</strong></span> <span class='ocrx_word' id='word_1_296' title='bbox 1499 2027 1729 2081; x_wconf 79' lang='lat' dir='ltr'><strong>revelata</strong></span> <span class='ocrx_word' id='word_1_297' title='bbox 1765 2025 1847 2094; x_wconf 87' lang='lat' dir='ltr'><strong>fa-</strong></span> 
     </span>
    </p>
   </div>
   <div class='ocr_carea' id='block_1_35' title="bbox 235 2120 1846 2197">
    <p class='ocr_par' dir='ltr' id='par_1_35' title="bbox 235 2120 1846 2197">
     <span class='ocr_line' id='line_1_35' title="bbox 235 2120 1846 2197; baseline -0.005 -17"><span class='ocrx_word' id='word_1_298' title='bbox 235 2125 310 2180; x_wconf 86' lang='lat' dir='ltr'><strong>cie</strong></span> <span class='ocrx_word' id='word_1_299' title='bbox 340 2126 565 2197; x_wconf 80' lang='lat' dir='ltr'><strong>gloriam</strong></span> <span class='ocrx_word' id='word_1_300' title='bbox 587 2122 799 2176; x_wconf 86' lang='lat' dir='ltr'><strong>Domini</strong></span> <span class='ocrx_word' id='word_1_301' title='bbox 825 2121 1170 2192; x_wconf 80' lang='lat' dir='ltr'><strong>speculantes,</strong></span> <span class='ocrx_word' id='word_1_302' title='bbox 1207 2121 1258 2174; x_wconf 88' lang='lat' dir='ltr'><strong>in</strong></span> <span class='ocrx_word' id='word_1_303' title='bbox 1303 2120 1532 2175; x_wconf 87' lang='lat' dir='ltr'><strong>eamdem</strong></span> <span class='ocrx_word' id='word_1_304' title='bbox 1569 2120 1846 2192; x_wconf 85' lang='lat' dir='ltr'><strong>imaginem</strong></span> 
     </span>
    </p>
   </div>
   <div class='ocr_carea' id='block_1_36' title="bbox 238 2210 1846 2286">
    <p class='ocr_par' dir='ltr' id='par_1_36' title="bbox 238 2210 1846 2286">
     <span class='ocr_line' id='line_1_36' title="bbox 238 2210 1846 2286; baseline -0.004 -15"><span class='ocrx_word' id='word_1_305' title='bbox 238 2217 678 2286; x_wconf 77' lang='lat' dir='ltr'><strong>transformamur</strong></span> <span class='ocrx_word' id='word_1_306' title='bbox 709 2233 738 2267; x_wconf 92' lang='lat' dir='ltr'><strong>a</strong></span> <span class='ocrx_word' id='word_1_307' title='bbox 769 2214 937 2286; x_wconf 84' lang='lat' dir='ltr'><strong>gloria</strong></span> <span class='ocrx_word' id='word_1_308' title='bbox 975 2214 1030 2266; x_wconf 84' lang='lat' dir='ltr'><strong>in</strong></span> <span class='ocrx_word' id='word_1_309' title='bbox 1070 2213 1324 2284; x_wconf 84' lang='lat' dir='ltr'><strong>gloriam,</strong></span> <span class='ocrx_word' id='word_1_310' title='bbox 1371 2213 1518 2283; x_wconf 87' lang='lat' dir='ltr'><strong>quasi</strong></span> <span class='ocrx_word' id='word_1_311' title='bbox 1561 2210 1673 2284; x_wconf 83' lang='grc' dir='ltr'><strong>[ΑΙ.</strong></span> <span class='ocrx_word' id='word_1_312' title='bbox 1708 2220 1846 2264; x_wconf 85' lang='lat' dir='ltr'><strong>tant-</strong></span> 
     </span>
    </p>
   </div>
   <div class='ocr_carea' id='block_1_37' title="bbox 238 2303 1848 2382">
    <p class='ocr_par' dir='ltr' id='par_1_37' title="bbox 238 2303 1848 2382">
     <span class='ocr_line' id='line_1_37' title="bbox 238 2303 1848 2382; baseline -0.003 -17"><span class='ocrx_word' id='word_1_313' title='bbox 238 2309 414 2382; x_wconf 84' lang='lat' dir='ltr'><strong>quam]</strong></span> <span class='ocrx_word' id='word_1_314' title='bbox 446 2327 477 2362; x_wconf 90' lang='lat' dir='ltr'><strong>a</strong></span> <span class='ocrx_word' id='word_1_315' title='bbox 515 2308 724 2362; x_wconf 88' lang='lat' dir='ltr'><strong>Domini</strong></span> <span class='ocrx_word' id='word_1_316' title='bbox 747 2308 937 2378; x_wconf 88' lang='lat' dir='ltr'><strong>spiritu</strong></span> <span class='ocrx_word' id='word_1_317' title='bbox 963 2305 1032 2378; x_wconf 87' lang='lat' dir='ltr'><strong>(tl</strong></span> <span class='ocrx_word' id='word_1_318' title='bbox 1058 2304 1182 2362; x_wconf 89' lang='lat' dir='ltr'><strong>Cor.</strong></span> <span class='ocrx_word' id='word_1_319' title='bbox 1217 2322 1293 2372; x_wconf 88' lang='grc' dir='ltr'><strong>ιιι,</strong></span> <span class='ocrx_word' id='word_1_320' title='bbox 1325 2305 1437 2377; x_wconf 82' lang='grc'><strong>18).</strong></span> <span class='ocrx_word' id='word_1_321' title='bbox 1467 2305 1620 2360; x_wconf 86' lang='lat' dir='ltr'><strong>Licet</strong></span> <span class='ocrx_word' id='word_1_322' title='bbox 1649 2303 1848 2360; x_wconf 86' lang='lat' dir='ltr'><strong>faciem</strong></span> 
     </span>
    </p>
   </div>
   <div class='ocr_carea' id='block_1_38' title="bbox 241 2398 1853 2472">
    <p class='ocr_par' dir='ltr' id='par_1_38' title="bbox 241 2398 1853 2472">
     <span class='ocr_line' id='line_1_38' title="bbox 241 2398 1853 2472; baseline -0.004 -12"><span class='ocrx_word' id='word_1_323' title='bbox 241 2404 334 2460; x_wconf 89' lang='lat' dir='ltr'><strong>Dei</strong></span> <span class='ocrx_word' id='word_1_324' title='bbox 377 2403 534 2472; x_wconf 79' lang='lat' dir='ltr'><strong>juxta</strong></span> <span class='ocrx_word' id='word_1_325' title='bbox 591 2411 800 2456; x_wconf 74' lang='lat' dir='ltr'><strong>natura:</strong></span> <span class='ocrx_word' id='word_1_326' title='bbox 849 2416 965 2455; x_wconf 79' lang='lat' dir='ltr'><strong>sua:</strong></span> <span class='ocrx_word' id='word_1_327' title='bbox 1024 2398 1416 2470; x_wconf 86' lang='lat' dir='ltr'><strong>preprietatem</strong></span> <span class='ocrx_word' id='word_1_328' title='bbox 1473 2399 1620 2453; x_wconf 91' lang='lat' dir='ltr'><strong>nulla</strong></span> <span class='ocrx_word' id='word_1_329' title='bbox 1667 2399 1853 2454; x_wconf 78' lang='lat' dir='ltr'><strong>videat</strong></span> 
     </span>
    </p>
   </div>
   <div class='ocr_carea' id='block_1_39' title="bbox 241 2493 1852 2565">
    <p class='ocr_par' dir='ltr' id='par_1_39' title="bbox 241 2493 1852 2565">
     <span class='ocr_line' id='line_1_39' title="bbox 241 2493 1852 2565; baseline -0.003 -12"><span class='ocrx_word' id='word_1_330' title='bbox 241 2511 493 2553; x_wconf 84' lang='lat' dir='ltr'><strong>creatura</strong></span> <span class='ocrx_word' id='word_1_331' title='bbox 521 2515 536 2552; x_wconf 88' lang='lat'><strong>:</strong></span> <span class='ocrx_word' id='word_1_332' title='bbox 564 2505 623 2552; x_wconf 90' lang='lat' dir='ltr'><strong>et</strong></span> <span class='ocrx_word' id='word_1_333' title='bbox 649 2504 784 2551; x_wconf 89' lang='lat' dir='ltr'><strong>tunc</strong></span> <span class='ocrx_word' id='word_1_334' title='bbox 814 2503 997 2550; x_wconf 90' lang='lat' dir='ltr'><strong>mente</strong></span> <span class='ocrx_word' id='word_1_335' title='bbox 1026 2503 1281 2550; x_wconf 87' lang='lat' dir='ltr'><strong>cernatur</strong></span> <span class='ocrx_word' id='word_1_336' title='bbox 1308 2494 1528 2565; x_wconf 86' lang='lat' dir='ltr'><strong>quando</strong></span> <span class='ocrx_word' id='word_1_337' title='bbox 1559 2493 1852 2550; x_wconf 81' lang='lat' dir='ltr'><strong>invisibilis</strong></span> 
     </span>
    </p>
   </div>
   <div class='ocr_carea' id='block_1_40' title="bbox 242 2594 510 2649">
    <p class='ocr_par' dir='ltr' id='par_1_40' title="bbox 242 2594 510 2649">
     <span class='ocr_line' id='line_1_40' title="bbox 242 2594 510 2649; baseline -0.007 0"><span class='ocrx_word' id='word_1_338' title='bbox 242 2594 510 2649; x_wconf 87' lang='lat' dir='ltr'><strong>creditur.</strong></span> 
     </span>
    </p>
   </div>
   <div class='ocr_carea' id='block_1_41' title="bbox 313 2682 1853 2757">
    <p class='ocr_par' dir='ltr' id='par_1_41' title="bbox 313 2682 1853 2757">
     <span class='ocr_line' id='line_1_41' title="bbox 313 2682 1853 2757; baseline -0.005 -15"><span class='ocrx_word' id='word_1_339' title='bbox 313 2687 503 2757; x_wconf 77' lang='lat' dir='ltr'><strong>(Vers.</strong></span> <span class='ocrx_word' id='word_1_340' title='bbox 563 2687 683 2755; x_wconf 82' lang='lat' dir='ltr'><strong>H.)</strong></span> <span class='ocrx_word' id='word_1_341' title='bbox 745 2683 857 2752; x_wconf 84' lang='lat' dir='ltr'><strong>Quo</strong></span> <span class='ocrx_word' id='word_1_342' title='bbox 912 2682 1039 2738; x_wconf 88' lang='lat' dir='ltr'><strong>mihi</strong></span> <span class='ocrx_word' id='word_1_343' title='bbox 1093 2684 1478 2739; x_wconf 86' lang='lat' dir='ltr'><strong>multitudinem</strong></span> <span class='ocrx_word' id='word_1_344' title='bbox 1529 2682 1853 2737; x_wconf 82' lang='lat' dir='ltr'><strong>victimarum</strong></span> 
     </span>
    </p>
   </div>
   <div class='ocr_carea' id='block_1_42' title="bbox 244 2776 1856 2850">
    <p class='ocr_par' dir='ltr' id='par_1_42' title="bbox 244 2776 1856 2850">
     <span class='ocr_line' id='line_1_42' title="bbox 244 2776 1856 2850; baseline -0.003 -15"><span class='ocrx_word' id='word_1_345' title='bbox 244 2792 556 2846; x_wconf 82' lang='lat' dir='ltr'><strong>vestrarum,</strong></span> <span class='ocrx_word' id='word_1_346' title='bbox 603 2780 731 2834; x_wconf 85' lang='lat' dir='ltr'><strong>dicit</strong></span> <span class='ocrx_word' id='word_1_347' title='bbox 767 2778 1070 2833; x_wconf 84' lang='lat' dir='ltr'><strong>Dominus?</strong></span> <span class='ocrx_word' id='word_1_348' title='bbox 1116 2779 1297 2850; x_wconf 87' lang='lat' dir='ltr'><strong>plenus</strong></span> <span class='ocrx_word' id='word_1_349' title='bbox 1349 2795 1480 2831; x_wconf 85' lang='lat' dir='ltr'><strong>sum.</strong></span> <span class='ocrx_word' id='word_1_350' title='bbox 1530 2776 1856 2831; x_wconf 86' lang='lat' dir='ltr'><strong>Holocausta</strong></span> 
     </span>
    </p>
   </div>
   <div class='ocr_carea' id='block_1_43' title="bbox 250 2870 1856 2943">
    <p class='ocr_par' dir='ltr' id='par_1_43' title="bbox 250 2870 1856 2943">
     <span class='ocr_line' id='line_1_43' title="bbox 250 2870 1856 2943; baseline -0.004 -14"><span class='ocrx_word' id='word_1_351' title='bbox 250 2876 493 2936; x_wconf 87' lang='lat' dir='ltr'><strong>arietum,</strong></span> <span class='ocrx_word' id='word_1_352' title='bbox 518 2883 563 2928; x_wconf 89' lang='lat' dir='ltr'><strong>et</strong></span> <span class='ocrx_word' id='word_1_353' title='bbox 594 2873 802 2943; x_wconf 87' lang='lat' dir='ltr'><strong>adipem</strong></span> <span class='ocrx_word' id='word_1_354' title='bbox 825 2873 1117 2943; x_wconf 84' lang='lat' dir='ltr'><strong>pinguium,</strong></span> <span class='ocrx_word' id='word_1_355' title='bbox 1142 2883 1188 2926; x_wconf 89' lang='lat' dir='ltr'><strong>et</strong></span> <span class='ocrx_word' id='word_1_356' title='bbox 1220 2872 1524 2942; x_wconf 88' lang='lat' dir='ltr'><strong>sanguinem</strong></span> <span class='ocrx_word' id='word_1_357' title='bbox 1553 2870 1856 2936; x_wconf 82' lang='lat' dir='ltr'><strong>vitulorum,</strong></span> 
     </span>
    </p>
   </div>
   <div class='ocr_carea' id='block_1_44' title="bbox 253 2963 1856 3040">
    <p class='ocr_par' dir='ltr' id='par_1_44' title="bbox 253 2963 1856 3040">
     <span class='ocr_line' id='line_1_44' title="bbox 253 2963 1856 3040; baseline -0.004 -18"><span class='ocrx_word' id='word_1_358' title='bbox 253 2979 298 3022; x_wconf 90' lang='lat' dir='ltr'><strong>et</strong></span> <span class='ocrx_word' id='word_1_359' title='bbox 324 2984 605 3040; x_wconf 85' lang='lat' dir='ltr'><strong>agnorum,</strong></span> <span class='ocrx_word' id='word_1_360' title='bbox 645 2977 691 3021; x_wconf 91' lang='lat' dir='ltr'><strong>et</strong></span> <span class='ocrx_word' id='word_1_361' title='bbox 730 2967 994 3020; x_wconf 85' lang='lat' dir='ltr'><strong>hircorum</strong></span> <span class='ocrx_word' id='word_1_362' title='bbox 1021 2963 1186 3019; x_wconf 87' lang='lat' dir='ltr'><strong>nolui.</strong></span> <span class='ocrx_word' id='word_1_363' title='bbox 1221 2965 1326 3020; x_wconf 88' lang='lat' dir='ltr'><strong>Pro</strong></span> <span class='ocrx_word' id='word_1_364' title='bbox 1354 2980 1421 3019; x_wconf 90' lang='lat' dir='ltr'><strong>eo</strong></span> <span class='ocrx_word' id='word_1_365' title='bbox 1451 2963 1594 3036; x_wconf 89' lang='lat' dir='ltr'><strong>quod</strong></span> <span class='ocrx_word' id='word_1_366' title='bbox 1625 2973 1726 3032; x_wconf 89' lang='lat' dir='ltr'><strong>est,</strong></span> <span class='ocrx_word' id='word_1_367' title='bbox 1760 2980 1856 3017; x_wconf 86' lang='lat' dir='ltr'><strong>no-</strong></span> 
     </span>
    </p>
   </div>
   <div class='ocr_carea' id='block_1_45' title="bbox 254 3061 1860 3130">
    <p class='ocr_par' dir='ltr' id='par_1_45' title="bbox 254 3061 1860 3130">
     <span class='ocr_line' id='line_1_45' title="bbox 254 3061 1860 3130; baseline -0.002 -13"><span class='ocrx_word' id='word_1_368' title='bbox 254 3062 347 3127; x_wconf 88' lang='lat' dir='ltr'><strong>lui,</strong></span> <span class='ocrx_word' id='word_1_369' title='bbox 385 3062 532 3118; x_wconf 71' lang='lat' dir='ltr'><strong>LXX</strong></span> <span class='ocrx_word' id='word_1_370' title='bbox 572 3065 974 3118; x_wconf 85' lang='lat' dir='ltr'><strong>transmlerunt</strong></span> <span class='ocrx_word' id='word_1_371' title='bbox 1010 3061 1151 3126; x_wconf 88' lang='lat' dir='ltr'><strong>nolo,</strong></span> <span class='ocrx_word' id='word_1_372' title='bbox 1212 3075 1458 3130; x_wconf 65' lang='lat' dir='ltr'><strong>praesens</strong></span> <span class='ocrx_word' id='word_1_373' title='bbox 1513 3070 1729 3127; x_wconf 86' lang='lat' dir='ltr'><strong>tempus</strong></span> <span class='ocrx_word' id='word_1_374' title='bbox 1761 3074 1860 3128; x_wconf 89' lang='lat' dir='ltr'><strong>pro</strong></span> 
     </span>
    </p>
   </div>
   <div class='ocr_carea' id='block_1_46' title="bbox 256 3153 1860 3228">
    <p class='ocr_par' dir='ltr' id='par_1_46' title="bbox 256 3153 1860 3228">
     <span class='ocr_line' id='line_1_46' title="bbox 256 3153 1860 3228; baseline -0.002 -17"><span class='ocrx_word' id='word_1_375' title='bbox 256 3159 562 3228; x_wconf 63' lang='lat' dir='ltr'><strong>praeterito.</strong></span> <span class='ocrx_word' id='word_1_376' title='bbox 616 3157 791 3211; x_wconf 87' lang='lat' dir='ltr'><strong>Porro</strong></span> <span class='ocrx_word' id='word_1_377' title='bbox 841 3156 994 3226; x_wconf 79' lang='lat' dir='ltr'><strong>juxta</strong></span> <span class='ocrx_word' id='word_1_378' title='bbox 1044 3153 1396 3219; x_wconf 84' lang='lat' dir='ltr'><strong>Hebraicum,</strong></span> <span class='ocrx_word' id='word_1_379' title='bbox 1449 3168 1742 3222; x_wconf 85' lang='lat' dir='ltr'><strong>numquam</strong></span> <span class='ocrx_word' id='word_1_380' title='bbox 1800 3169 1860 3208; x_wconf 88' lang='lat' dir='ltr'><strong>se</strong></span> 
     </span>
    </p>
   </div>
   <div class='ocr_carea' id='block_1_47' title="bbox 1950 1935 3554 2007">
    <p class='ocr_par' dir='ltr' id='par_1_47' title="bbox 1950 1935 3554 2007">
     <span class='ocr_line' id='line_1_47' title="bbox 1950 1935 3554 2007; baseline -0.001 -15"><span class='ocrx_word' id='word_1_381' title='bbox 1950 1935 2107 1992; x_wconf 87' lang='lat' dir='ltr'><strong>Unde</strong></span> <span class='ocrx_word' id='word_1_382' title='bbox 2135 1946 2190 1992; x_wconf 93' lang='lat' dir='ltr'><strong>et</strong></span> <span class='ocrx_word' id='word_1_383' title='bbox 2237 1951 2337 1991; x_wconf 87' lang='lat' dir='ltr'><strong>nos</strong></span> <span class='ocrx_word' id='word_1_384' title='bbox 2369 1950 2560 1990; x_wconf 90' lang='lat' dir='ltr'><strong>omnes</strong></span> <span class='ocrx_word' id='word_1_385' title='bbox 2588 1935 2656 1991; x_wconf 92' lang='lat' dir='ltr'><strong>de</strong></span> <span class='ocrx_word' id='word_1_386' title='bbox 2699 1935 3041 2004; x_wconf 89' lang='lat' dir='ltr'><strong>plenitudine</strong></span> <span class='ocrx_word' id='word_1_387' title='bbox 3065 1937 3183 2006; x_wconf 88' lang='lat' dir='ltr'><strong>ejus</strong></span> <span class='ocrx_word' id='word_1_388' title='bbox 3215 1935 3554 2007; x_wconf 82' lang='lat' dir='ltr'><strong>accepimus.</strong></span> 
     </span>
    </p>
   </div>
   <div class='ocr_carea' id='block_1_48' title="bbox 1948 2028 3555 2100">
    <p class='ocr_par' dir='ltr' id='par_1_48' title="bbox 1948 2028 3555 2100">
     <span class='ocr_line' id='line_1_48' title="bbox 1948 2028 3555 2100; baseline 0.001 -15"><span class='ocrx_word' id='word_1_389' title='bbox 1948 2031 2139 2086; x_wconf 86' lang='lat' dir='ltr'><strong>Potest</strong></span> <span class='ocrx_word' id='word_1_390' title='bbox 2168 2029 2270 2085; x_wconf 90' lang='lat' dir='ltr'><strong>hoc</strong></span> <span class='ocrx_word' id='word_1_391' title='bbox 2313 2039 2366 2086; x_wconf 91' lang='lat' dir='ltr'><strong>et</strong></span> <span class='ocrx_word' id='word_1_392' title='bbox 2414 2029 2482 2085; x_wconf 90' lang='lat' dir='ltr'><strong>de</strong></span> <span class='ocrx_word' id='word_1_393' title='bbox 2525 2029 2610 2085; x_wconf 90' lang='lat' dir='ltr'><strong>his</strong></span> <span class='ocrx_word' id='word_1_394' title='bbox 2648 2028 2842 2099; x_wconf 89' lang='lat' dir='ltr'><strong>accipi,</strong></span> <span class='ocrx_word' id='word_1_395' title='bbox 2872 2030 2962 2098; x_wconf 89' lang='lat' dir='ltr'><strong>qui</strong></span> <span class='ocrx_word' id='word_1_396' title='bbox 3009 2044 3131 2085; x_wconf 92' lang='lat' dir='ltr'><strong>cum</strong></span> <span class='ocrx_word' id='word_1_397' title='bbox 3160 2029 3256 2085; x_wconf 93' lang='lat' dir='ltr'><strong>Dei</strong></span> <span class='ocrx_word' id='word_1_398' title='bbox 3283 2039 3555 2100; x_wconf 68' lang='lat' dir='ltr'><strong>prmeepta</strong></span> 
     </span>
    </p>
   </div>
   <div class='ocr_carea' id='block_1_49' title="bbox 1956 2123 3556 2194">
    <p class='ocr_par' dir='ltr' id='par_1_49' title="bbox 1956 2123 3556 2194">
     <span class='ocr_line' id='line_1_49' title="bbox 1956 2123 3556 2194; baseline 0.002 -16"><span class='ocrx_word' id='word_1_399' title='bbox 1956 2123 1973 2162; x_wconf 75' lang='grc' dir='ltr'>ῐ</span> <span class='ocrx_word' id='word_1_400' title='bbox 2006 2141 2112 2180; x_wconf 93' lang='lat' dir='ltr'><strong>non</strong></span> <span class='ocrx_word' id='word_1_401' title='bbox 2143 2125 2362 2193; x_wconf 85' lang='lat' dir='ltr'><strong>faciant,</strong></span> <span class='ocrx_word' id='word_1_402' title='bbox 2395 2123 2638 2181; x_wconf 80' lang='lat' dir='ltr'><strong>donariis</strong></span> <span class='ocrx_word' id='word_1_403' title='bbox 2665 2132 2696 2173; x_wconf 71' lang='grc' dir='ltr'><strong>ι</strong></span> <span class='ocrx_word' id='word_1_404' title='bbox 2727 2134 2890 2194; x_wconf 89' lang='lat' dir='ltr'><strong>atque</strong></span> <span class='ocrx_word' id='word_1_405' title='bbox 2921 2125 3244 2181; x_wconf 89' lang='lat' dir='ltr'><strong>muneribus</strong></span> <span class='ocrx_word' id='word_1_406' title='bbox 3271 2125 3443 2181; x_wconf 92' lang='lat' dir='ltr'><strong>Deum</strong></span> <span class='ocrx_word' id='word_1_407' title='bbox 3470 2142 3556 2182; x_wconf 90' lang='lat' dir='ltr'><strong>re-</strong></span> 
     </span>
    </p>
   </div>
   <div class='ocr_carea' id='block_1_50' title="bbox 1949 2219 3555 2292">
    <p class='ocr_par' dir='ltr' id='par_1_50' title="bbox 1949 2219 3555 2292">
     <span class='ocr_line' id='line_1_50' title="bbox 1949 2219 3555 2292; baseline 0.001 -18"><span class='ocrx_word' id='word_1_408' title='bbox 1949 2219 2160 2276; x_wconf 87' lang='lat' dir='ltr'><strong>dimere</strong></span> <span class='ocrx_word' id='word_1_409' title='bbox 2183 2235 2343 2289; x_wconf 80' lang='lat' dir='ltr'><strong>posse</strong></span> <span class='ocrx_word' id='word_1_410' title='bbox 2370 2236 2429 2275; x_wconf 90' lang='lat' dir='ltr'><strong>se</strong></span> <span class='ocrx_word' id='word_1_411' title='bbox 2455 2220 2683 2274; x_wconf 90' lang='lat' dir='ltr'><strong>credunt</strong></span> <span class='ocrx_word' id='word_1_412' title='bbox 2715 2237 2727 2273; x_wconf 93' lang='lat'><strong>:</strong></span> <span class='ocrx_word' id='word_1_413' title='bbox 2752 2219 2838 2276; x_wconf 88' lang='lat' dir='ltr'><strong>vel</strong></span> <span class='ocrx_word' id='word_1_414' title='bbox 2869 2220 2960 2288; x_wconf 89' lang='lat' dir='ltr'><strong>qtti</strong></span> <span class='ocrx_word' id='word_1_415' title='bbox 2993 2229 3145 2289; x_wconf 89' lang='lat' dir='ltr'><strong>rapta</strong></span> <span class='ocrx_word' id='word_1_416' title='bbox 3181 2235 3278 2292; x_wconf 90' lang='lat' dir='ltr'><strong>per</strong></span> <span class='ocrx_word' id='word_1_417' title='bbox 3307 2220 3555 2291; x_wconf 87' lang='lat' dir='ltr'><strong>rapinam</strong></span> 
     </span>
    </p>
   </div>
   <div class='ocr_carea' id='block_1_51' title="bbox 1950 2311 3248 2383">
    <p class='ocr_par' dir='ltr' id='par_1_51' title="bbox 1950 2311 3248 2383">
     <span class='ocr_line' id='line_1_51' title="bbox 1950 2311 3248 2383; baseline -0.001 -14"><span class='ocrx_word' id='word_1_418' title='bbox 1950 2324 2006 2370; x_wconf 90' lang='lat' dir='ltr'><strong>et</strong></span> <span class='ocrx_word' id='word_1_419' title='bbox 2033 2314 2344 2382; x_wconf 86' lang='lat' dir='ltr'><strong>avaritiam,</strong></span> <span class='ocrx_word' id='word_1_420' title='bbox 2374 2313 2531 2368; x_wconf 88' lang='lat' dir='ltr'><strong>altari</strong></span> <span class='ocrx_word' id='word_1_421' title='bbox 2555 2311 2792 2369; x_wconf 71' lang='lat' dir='ltr'><strong>offerunt</strong></span> <span class='ocrx_word' id='word_1_422' title='bbox 2821 2321 2875 2367; x_wconf 91' lang='lat' dir='ltr'><strong>et</strong></span> <span class='ocrx_word' id='word_1_423' title='bbox 2897 2313 3248 2383; x_wconf 88' lang='lat' dir='ltr'><strong>pauperibus.</strong></span> 
     </span>
    </p>
   </div>
   <div class='ocr_carea' id='block_1_52' title="bbox 2025 2404 3550 2477">
    <p class='ocr_par' dir='ltr' id='par_1_52' title="bbox 2025 2404 3550 2477">
     <span class='ocr_line' id='line_1_52' title="bbox 2025 2404 3550 2477; baseline 0 -15"><span class='ocrx_word' id='word_1_424' title='bbox 2025 2405 2210 2475; x_wconf 83' lang='lat' dir='ltr'><strong>(Vers.</strong></span> <span class='ocrx_word' id='word_1_425' title='bbox 2243 2405 2357 2476; x_wconf 76' lang='grc'><strong>12.)</strong></span> <span class='ocrx_word' id='word_1_426' title='bbox 2381 2406 2510 2474; x_wconf 82' lang='lat' dir='ltr'><strong>Quis</strong></span> <span class='ocrx_word' id='word_1_427' title='bbox 2533 2406 2666 2460; x_wconf 88' lang='lat' dir='ltr'><strong>enim</strong></span> <span class='ocrx_word' id='word_1_428' title='bbox 2691 2407 2928 2477; x_wconf 79' lang='lat' dir='ltr'><strong>qucesivit</strong></span> <span class='ocrx_word' id='word_1_429' title='bbox 2968 2404 3079 2462; x_wconf 76' lang='lat' dir='ltr'><strong>lucc</strong></span> <span class='ocrx_word' id='word_1_430' title='bbox 3101 2407 3165 2460; x_wconf 89' lang='lat' dir='ltr'><strong>de</strong></span> <span class='ocrx_word' id='word_1_431' title='bbox 3199 2407 3442 2461; x_wconf 89' lang='lat' dir='ltr'><strong>manibus</strong></span> <span class='ocrx_word' id='word_1_432' title='bbox 3467 2422 3550 2462; x_wconf 82' lang='lat' dir='ltr'><strong>ve-</strong></span> 
     </span>
    </p>
   </div>
   <div class='ocr_carea' id='block_1_53' title="bbox 1953 2495 3546 2568">
    <p class='ocr_par' dir='ltr' id='par_1_53' title="bbox 1953 2495 3546 2568">
     <span class='ocr_line' id='line_1_53' title="bbox 1953 2495 3546 2568; baseline 0 -16"><span class='ocrx_word' id='word_1_433' title='bbox 1953 2498 2072 2552; x_wconf 86' lang='lat' dir='ltr'><strong>stris</strong></span> <span class='ocrx_word' id='word_1_434' title='bbox 2102 2498 2127 2551; x_wconf 84' lang='lat'><strong><em>?</em></strong></span> <span class='ocrx_word' id='word_1_435' title='bbox 2158 2496 2399 2552; x_wconf 81' lang='lat' dir='ltr'><strong>Audiam</strong></span> <span class='ocrx_word' id='word_1_436' title='bbox 2433 2497 2698 2563; x_wconf 71' lang='lat' dir='ltr'><strong>Ehionazi,</strong></span> <span class='ocrx_word' id='word_1_437' title='bbox 2728 2497 2818 2568; x_wconf 92' lang='lat' dir='ltr'><strong>qui</strong></span> <span class='ocrx_word' id='word_1_438' title='bbox 2851 2506 2976 2568; x_wconf 90' lang='lat' dir='ltr'><strong>post</strong></span> <span class='ocrx_word' id='word_1_439' title='bbox 3008 2496 3314 2568; x_wconf 69' lang='lat' dir='ltr'><strong>passionem</strong></span> <span class='ocrx_word' id='word_1_440' title='bbox 3344 2495 3546 2553; x_wconf 91' lang='lat' dir='ltr'><strong>Christi</strong></span> 
     </span>
    </p>
   </div>
   <div class='ocr_carea' id='block_1_54' title="bbox 1955 2587 3560 2659">
    <p class='ocr_par' dir='ltr' id='par_1_54' title="bbox 1955 2587 3560 2659">
     <span class='ocr_line' id='line_1_54' title="bbox 1955 2587 3560 2659; baseline 0 -15"><span class='ocrx_word' id='word_1_441' title='bbox 1955 2590 2219 2645; x_wconf 84' lang='lat' dir='ltr'><strong>abolitam</strong></span> <span class='ocrx_word' id='word_1_442' title='bbox 2265 2589 2460 2659; x_wconf 80' lang='lat' dir='ltr'><strong>Legem</strong></span> <span class='ocrx_word' id='word_1_443' title='bbox 2507 2600 2699 2658; x_wconf 85' lang='lat' dir='ltr'><strong>putant</strong></span> <span class='ocrx_word' id='word_1_444' title='bbox 2751 2603 2878 2644; x_wconf 90' lang='lat' dir='ltr'><strong>esse</strong></span> <span class='ocrx_word' id='word_1_445' title='bbox 2921 2589 3268 2645; x_wconf 84' lang='lat' dir='ltr'><strong>servandam.</strong></span> <span class='ocrx_word' id='word_1_446' title='bbox 3319 2587 3560 2644; x_wconf 84' lang='lat' dir='ltr'><strong>Audiant</strong></span> 
     </span>
    </p>
   </div>
   <div class='ocr_carea' id='block_1_55' title="bbox 1957 2680 3564 2752">
    <p class='ocr_par' dir='ltr' id='par_1_55' title="bbox 1957 2680 3564 2752">
     <span class='ocr_line' id='line_1_55' title="bbox 1957 2680 3564 2752; baseline -0.001 -12"><span class='ocrx_word' id='word_1_447' title='bbox 1957 2685 2334 2740; x_wconf 86' lang='lat' dir='ltr'><strong>Ebiouitarum</strong></span> <span class='ocrx_word' id='word_1_448' title='bbox 2387 2682 2546 2749; x_wconf 91' lang='lat' dir='ltr'><strong>socii,</strong></span> <span class='ocrx_word' id='word_1_449' title='bbox 2585 2682 2676 2752; x_wconf 92' lang='lat' dir='ltr'><strong>qui</strong></span> <span class='ocrx_word' id='word_1_450' title='bbox 2708 2681 2917 2737; x_wconf 67' lang='lat' dir='ltr'><strong>ludatis</strong></span> <span class='ocrx_word' id='word_1_451' title='bbox 2947 2692 3160 2736; x_wconf 87' lang='lat' dir='ltr'><strong>tantum</strong></span> <span class='ocrx_word' id='word_1_452' title='bbox 3206 2691 3261 2736; x_wconf 92' lang='lat' dir='ltr'><strong>et</strong></span> <span class='ocrx_word' id='word_1_453' title='bbox 3294 2680 3362 2737; x_wconf 90' lang='lat' dir='ltr'><strong>de</strong></span> <span class='ocrx_word' id='word_1_454' title='bbox 3387 2681 3564 2750; x_wconf 88' lang='lat' dir='ltr'><strong>stirpe</strong></span> 
     </span>
    </p>
   </div>
   <div class='ocr_carea' id='block_1_56' title="bbox 1956 2773 3566 2847">
    <p class='ocr_par' dir='ltr' id='par_1_56' title="bbox 1956 2773 3566 2847">
     <span class='ocr_line' id='line_1_56' title="bbox 1956 2773 3566 2847; baseline -0.003 -13"><span class='ocrx_word' id='word_1_455' title='bbox 1956 2777 2244 2834; x_wconf 85' lang='lat' dir='ltr'><strong>Israelitici</strong></span> <span class='ocrx_word' id='word_1_456' title='bbox 2274 2776 2497 2847; x_wconf 77' lang='lat' dir='ltr'><strong>generis</strong></span> <span class='ocrx_word' id='word_1_457' title='bbox 2529 2777 2644 2829; x_wconf 85' lang='lat' dir='ltr'><strong>ha-c</strong></span> <span class='ocrx_word' id='word_1_458' title='bbox 2673 2773 3034 2831; x_wconf 79' lang='lat' dir='ltr'><strong>custodienda</strong></span> <span class='ocrx_word' id='word_1_459' title='bbox 3083 2775 3414 2830; x_wconf 89' lang='lat' dir='ltr'><strong>decernunt.</strong></span> <span class='ocrx_word' id='word_1_460' title='bbox 3449 2773 3566 2830; x_wconf 86' lang='lat' dir='ltr'><strong>ilo-</strong></span> 
     </span>
    </p>
   </div>
   <div class='ocr_carea' id='block_1_57' title="bbox 1960 2868 3566 2941">
    <p class='ocr_par' dir='ltr' id='par_1_57' title="bbox 1960 2868 3566 2941">
     <span class='ocr_line' id='line_1_57' title="bbox 1960 2868 3566 2941; baseline -0.002 -14"><span class='ocrx_word' id='word_1_461' title='bbox 1960 2870 2079 2927; x_wconf 80' lang='lat' dir='ltr'><strong>Stiae</strong></span> <span class='ocrx_word' id='word_1_462' title='bbox 2105 2885 2235 2941; x_wconf 83' lang='lat' dir='ltr'><strong>ergo</strong></span> <span class='ocrx_word' id='word_1_463' title='bbox 2275 2879 2331 2925; x_wconf 92' lang='lat' dir='ltr'><strong>et</strong></span> <span class='ocrx_word' id='word_1_464' title='bbox 2360 2869 2671 2925; x_wconf 89' lang='lat' dir='ltr'><strong>immolatio</strong></span> <span class='ocrx_word' id='word_1_465' title='bbox 2704 2869 3050 2924; x_wconf 89' lang='lat' dir='ltr'><strong>victimarum</strong></span> <span class='ocrx_word' id='word_1_466' title='bbox 3105 2883 3213 2925; x_wconf 85' lang='lat' dir='ltr'><strong>non</strong></span> <span class='ocrx_word' id='word_1_467' title='bbox 3243 2868 3566 2940; x_wconf 82' lang='lat' dir='ltr'><strong>principali-</strong></span> 
     </span>
    </p>
   </div>
   <div class='ocr_carea' id='block_1_58' title="bbox 1964 2959 3568 3033">
    <p class='ocr_par' dir='ltr' id='par_1_58' title="bbox 1964 2959 3568 3033">
     <span class='ocr_line' id='line_1_58' title="bbox 1964 2959 3568 3033; baseline 0 -14"><span class='ocrx_word' id='word_1_468' title='bbox 1964 2973 2044 3019; x_wconf 90' lang='lat' dir='ltr'><strong>ter</strong></span> <span class='ocrx_word' id='word_1_469' title='bbox 2067 2979 2094 3016; x_wconf 87' lang='lat' dir='ltr'><strong>a</strong></span> <span class='ocrx_word' id='word_1_470' title='bbox 2131 2963 2242 3018; x_wconf 90' lang='lat' dir='ltr'><strong>Deo</strong></span> <span class='ocrx_word' id='word_1_471' title='bbox 2275 2963 2504 3033; x_wconf 67' lang='lat' dir='ltr'><strong>quaesita</strong></span> <span class='ocrx_word' id='word_1_472' title='bbox 2534 2970 2701 3028; x_wconf 90' lang='lat' dir='ltr'><strong>sunt;</strong></span> <span class='ocrx_word' id='word_1_473' title='bbox 2743 2961 2840 3018; x_wconf 90' lang='lat' dir='ltr'><strong>sed</strong></span> <span class='ocrx_word' id='word_1_474' title='bbox 2886 2977 2955 3017; x_wconf 90' lang='lat' dir='ltr'><strong>ne</strong></span> <span class='ocrx_word' id='word_1_475' title='bbox 2983 2959 3189 3017; x_wconf 81' lang='lat' dir='ltr'><strong>idolish</strong></span> <span class='ocrx_word' id='word_1_476' title='bbox 3229 2962 3429 3017; x_wconf 84' lang='lat' dir='ltr'><strong>ﬁerent</strong></span> <span class='ocrx_word' id='word_1_477' title='bbox 3463 2978 3476 3014; x_wconf 92' lang='lat'><strong>:</strong></span> <span class='ocrx_word' id='word_1_478' title='bbox 3511 2971 3568 3019; x_wconf 87' lang='lat' dir='ltr'><strong>et</strong></span> 
     </span>
    </p>
   </div>
   <div class='ocr_carea' id='block_1_59' title="bbox 1965 3054 3567 3127">
    <p class='ocr_par' dir='ltr' id='par_1_59' title="bbox 1965 3054 3567 3127">
     <span class='ocr_line' id='line_1_59' title="bbox 1965 3054 3567 3127; baseline -0.002 -14"><span class='ocrx_word' id='word_1_479' title='bbox 1965 3068 2022 3113; x_wconf 93' lang='lat' dir='ltr'><strong>ut</strong></span> <span class='ocrx_word' id='word_1_480' title='bbox 2052 3057 2120 3113; x_wconf 90' lang='lat' dir='ltr'><strong>de</strong></span> <span class='ocrx_word' id='word_1_481' title='bbox 2146 3057 2461 3112; x_wconf 83' lang='lat' dir='ltr'><strong>carnalibus</strong></span> <span class='ocrx_word' id='word_1_482' title='bbox 2508 3056 2750 3111; x_wconf 86' lang='lat' dir='ltr'><strong>victimis</strong></span> <span class='ocrx_word' id='word_1_483' title='bbox 2778 3056 2937 3127; x_wconf 87' lang='lat' dir='ltr'><strong>quasi</strong></span> <span class='ocrx_word' id='word_1_484' title='bbox 2989 3070 3091 3126; x_wconf 89' lang='lat' dir='ltr'><strong>per</strong></span> <span class='ocrx_word' id='word_1_485' title='bbox 3119 3064 3305 3126; x_wconf 84' lang='lat' dir='ltr'><strong>typum</strong></span> <span class='ocrx_word' id='word_1_486' title='bbox 3341 3067 3395 3110; x_wconf 90' lang='lat' dir='ltr'><strong>et</strong></span> <span class='ocrx_word' id='word_1_487' title='bbox 3428 3054 3567 3110; x_wconf 83' lang='lat' dir='ltr'><strong>ima-</strong></span> 
     </span>
    </p>
   </div>
   <div class='ocr_carea' id='block_1_60' title="bbox 1963 3149 3572 3224">
    <p class='ocr_par' dir='ltr' id='par_1_60' title="bbox 1963 3149 3572 3224">
     <span class='ocr_line' id='line_1_60' title="bbox 1963 3149 3572 3224; baseline 0.001 -19"><span class='ocrx_word' id='word_1_488' title='bbox 1963 3154 2144 3224; x_wconf 82' lang='lat' dir='ltr'><strong>ginem</strong></span> <span class='ocrx_word' id='word_1_489' title='bbox 2177 3151 2242 3206; x_wconf 86' lang='lat' dir='ltr'><strong>ad</strong></span> <span class='ocrx_word' id='word_1_490' title='bbox 2301 3151 2622 3222; x_wconf 88' lang='lat' dir='ltr'><strong>spirituales</strong></span> <span class='ocrx_word' id='word_1_491' title='bbox 2653 3150 2864 3206; x_wconf 85' lang='lat' dir='ltr'><strong>hostias</strong></span> <span class='ocrx_word' id='word_1_492' title='bbox 2909 3149 3297 3206; x_wconf 86' lang='lat' dir='ltr'><strong>transiremus.</strong></span> <span class='ocrx_word' id='word_1_493' title='bbox 3327 3149 3572 3206; x_wconf 85' lang='lat' dir='ltr'><strong>Dicenda</strong></span> 
     </span>
    </p>
   </div>
   <div class='ocr_carea' id='block_1_61' title="bbox 257 3241 3568 3320">
    <p class='ocr_par' dir='ltr' id='par_1_61' title="bbox 257 3241 3568 3320">
     <span class='ocr_line' id='line_1_61' title="bbox 257 3241 3568 3320; baseline -0.001 -13"><span class='ocrx_word' id='word_1_494' title='bbox 257 3253 402 3307; x_wconf 88' lang='lat' dir='ltr'><strong>Deus</strong></span> <span class='ocrx_word' id='word_1_495' title='bbox 437 3252 642 3306; x_wconf 88' lang='lat' dir='ltr'><strong>hostias</strong></span> <span class='ocrx_word' id='word_1_496' title='bbox 682 3249 997 3306; x_wconf 71' lang='lat' dir='ltr'><strong>Iudaeorum</strong></span> <span class='ocrx_word' id='word_1_497' title='bbox 1043 3249 1280 3303; x_wconf 84' lang='lat' dir='ltr'><strong>voluisse</strong></span> <span class='ocrx_word' id='word_1_498' title='bbox 1311 3247 1651 3302; x_wconf 88' lang='lat' dir='ltr'><strong>demonstrat</strong></span> <span class='ocrx_word' id='word_1_499' title='bbox 1678 3264 1692 3299; x_wconf 90' lang='lat'><strong>:</strong></span> <span class='ocrx_word' id='word_1_500' title='bbox 1716 3245 1861 3317; x_wconf 92' lang='lat' dir='ltr'><strong>quod</strong></span> <span class='ocrx_word' id='word_1_501' title='bbox 1891 3241 1936 3305; x_wconf 89' lang='lat' dir='ltr'><strong>C</strong></span> <span class='ocrx_word' id='word_1_502' title='bbox 1970 3260 2150 3305; x_wconf 88' lang='lat' dir='ltr'><strong>autem</strong></span> <span class='ocrx_word' id='word_1_503' title='bbox 2181 3263 2239 3303; x_wconf 89' lang='lat' dir='ltr'><strong>se</strong></span> <span class='ocrx_word' id='word_1_504' title='bbox 2271 3247 2480 3304; x_wconf 90' lang='lat' dir='ltr'><strong>hostias</strong></span> <span class='ocrx_word' id='word_1_505' title='bbox 2507 3264 2614 3303; x_wconf 92' lang='lat' dir='ltr'><strong>non</strong></span> <span class='ocrx_word' id='word_1_506' title='bbox 2657 3249 2949 3319; x_wconf 75' lang='lat' dir='ltr'><strong>qutesisse,</strong></span> <span class='ocrx_word' id='word_1_507' title='bbox 3003 3248 3250 3304; x_wconf 87' lang='lat' dir='ltr'><strong>ostendit</strong></span> <span class='ocrx_word' id='word_1_508' title='bbox 3289 3249 3411 3320; x_wconf 88' lang='lat' dir='ltr'><strong>quia</strong></span> <span class='ocrx_word' id='word_1_509' title='bbox 3456 3248 3568 3306; x_wconf 80' lang='lat' dir='ltr'><strong>Lex</strong></span> 
     </span>
    </p>
   </div>
   <div class='ocr_carea' id='block_1_62' title="bbox 256 3340 1864 3415">
    <p class='ocr_par' dir='ltr' id='par_1_62' title="bbox 256 3340 1864 3415">
     <span class='ocr_line' id='line_1_62' title="bbox 256 3340 1864 3415; baseline -0.006 -12"><span class='ocrx_word' id='word_1_510' title='bbox 256 3355 316 3403; x_wconf 90' lang='lat' dir='ltr'><strong>et</strong></span> <span class='ocrx_word' id='word_1_511' title='bbox 354 3347 408 3401; x_wconf 92' lang='lat' dir='ltr'><strong>in</strong></span> <span class='ocrx_word' id='word_1_512' title='bbox 431 3343 856 3415; x_wconf 77' lang='lat' dir='ltr'><strong>quadragesimo</strong></span> <span class='ocrx_word' id='word_1_513' title='bbox 893 3359 1036 3399; x_wconf 91' lang='lat' dir='ltr'><strong>nouo</strong></span> <span class='ocrx_word' id='word_1_514' title='bbox 1083 3342 1293 3413; x_wconf 82' lang='lat' dir='ltr'><strong>pSalmo</strong></span> <span class='ocrx_word' id='word_1_515' title='bbox 1321 3342 1588 3413; x_wconf 77' lang='lat' dir='ltr'><strong>legimus:</strong></span> <span class='ocrx_word' id='word_1_516' title='bbox 1627 3340 1750 3394; x_wconf 83' lang='lat' dir='ltr'><strong>Non</strong></span> <span class='ocrx_word' id='word_1_517' title='bbox 1776 3357 1864 3395; x_wconf 88' lang='lat' dir='ltr'><strong>ac-</strong></span> 
     </span>
    </p>
   </div>
   <div class='ocr_carea' id='block_1_63' title="bbox 259 3434 1861 3513">
    <p class='ocr_par' dir='ltr' id='par_1_63' title="bbox 259 3434 1861 3513">
     <span class='ocr_line' id='line_1_63' title="bbox 259 3434 1861 3513; baseline -0.002 -21"><span class='ocrx_word' id='word_1_518' title='bbox 259 3441 447 3513; x_wconf 85' lang='lat' dir='ltr'><strong>cipiant</strong></span> <span class='ocrx_word' id='word_1_519' title='bbox 475 3441 541 3494; x_wconf 91' lang='lat' dir='ltr'><strong>de</strong></span> <span class='ocrx_word' id='word_1_520' title='bbox 559 3439 820 3494; x_wconf 87' lang='lat' dir='ltr'><strong>domotua</strong></span> <span class='ocrx_word' id='word_1_521' title='bbox 848 3439 1054 3502; x_wconf 81' lang='lat' dir='ltr'><strong>vitulos,</strong></span> <span class='ocrx_word' id='word_1_522' title='bbox 1084 3455 1244 3506; x_wconf 87' lang='lat' dir='ltr'><strong>neque</strong></span> <span class='ocrx_word' id='word_1_523' title='bbox 1266 3437 1328 3490; x_wconf 90' lang='lat' dir='ltr'><strong>de</strong></span> <span class='ocrx_word' id='word_1_524' title='bbox 1358 3437 1600 3509; x_wconf 80' lang='lat' dir='ltr'><strong>gregibus</strong></span> <span class='ocrx_word' id='word_1_525' title='bbox 1623 3437 1726 3490; x_wconf 87' lang='lat' dir='ltr'><strong>tuis</strong></span> <span class='ocrx_word' id='word_1_526' title='bbox 1756 3434 1861 3490; x_wconf 84' lang='lat' dir='ltr'><strong>Itir-</strong></span> 
     </span>
    </p>
   </div>
   <div class='ocr_carea' id='block_1_64' title="bbox 259 3531 1866 3606">
    <p class='ocr_par' dir='ltr' id='par_1_64' title="bbox 259 3531 1866 3606">
     <span class='ocr_line' id='line_1_64' title="bbox 259 3531 1866 3606; baseline -0.001 -19"><span class='ocrx_word' id='word_1_527' title='bbox 259 3551 346 3589; x_wconf 87' lang='lat' dir='ltr'><strong>cos</strong></span> <span class='ocrx_word' id='word_1_528' title='bbox 370 3551 389 3589; x_wconf 91' lang='lat'><strong>:</strong></span> <span class='ocrx_word' id='word_1_529' title='bbox 405 3535 652 3606; x_wconf 86' lang='lat' dir='ltr'><strong>quoniam</strong></span> <span class='ocrx_word' id='word_1_530' title='bbox 681 3550 806 3589; x_wconf 77' lang='lat' dir='ltr'><strong>meae</strong></span> <span class='ocrx_word' id='word_1_531' title='bbox 829 3543 949 3588; x_wconf 89' lang='lat' dir='ltr'><strong>sunt</strong></span> <span class='ocrx_word' id='word_1_532' title='bbox 977 3550 1152 3587; x_wconf 86' lang='lat' dir='ltr'><strong>omnes</strong></span> <span class='ocrx_word' id='word_1_533' title='bbox 1171 3535 1296 3603; x_wconf 80' lang='lat' dir='ltr'><strong>ferte</strong></span> <span class='ocrx_word' id='word_1_534' title='bbox 1315 3531 1559 3586; x_wconf 87' lang='lat' dir='ltr'><strong>silvarum</strong></span> <span class='ocrx_word' id='word_1_535' title='bbox 1583 3547 1603 3586; x_wconf 91' lang='lat'><strong>:</strong></span> <span class='ocrx_word' id='word_1_536' title='bbox 1623 3532 1866 3602; x_wconf 88' lang='lat' dir='ltr'><strong>jumenta</strong></span> 
     </span>
    </p>
   </div>
   <div class='ocr_carea' id='block_1_65' title="bbox 337 3665 1750 3732">
    <p class='ocr_par' dir='ltr' id='par_1_65' title="bbox 337 3665 1750 3732">
     <span class='ocr_line' id='line_1_65' title="bbox 337 3665 1750 3732; baseline -0.002 -9"><span class='ocrx_word' id='word_1_537' title='bbox 337 3678 361 3704; x_wconf 74' lang='grc' dir='ltr'><strong>ἰ</strong></span> <span class='ocrx_word' id='word_1_538' title='bbox 401 3667 574 3732; x_wconf 85' lang='lat' dir='ltr'><strong>Idem,</strong></span> <span class='ocrx_word' id='word_1_539' title='bbox 613 3666 735 3720; x_wconf 86' lang='lat' dir='ltr'><strong>Vidi</strong></span> <span class='ocrx_word' id='word_1_540' title='bbox 764 3665 1041 3721; x_wconf 84' lang='lat' dir='ltr'><strong>Dominum</strong></span> <span class='ocrx_word' id='word_1_541' title='bbox 1063 3665 1315 3728; x_wconf 82' lang='lat' dir='ltr'><strong>Sabaoth,</strong></span> <span class='ocrx_word' id='word_1_542' title='bbox 1339 3665 1616 3724; x_wconf 80' lang='lat' dir='ltr'><strong>sedentem.</strong></span> <span class='ocrx_word' id='word_1_543' title='bbox 1642 3673 1750 3721; x_wconf 82' lang='lat' dir='ltr'><strong>etc.</strong></span> 
     </span>
    </p>
   </div>
   <div class='ocr_carea' id='block_1_66' title="bbox 335 3737 1862 3823">
    <p class='ocr_par' dir='ltr' id='par_1_66' title="bbox 335 3737 1862 3823">
     <span class='ocr_line' id='line_1_66' title="bbox 335 3737 1862 3823; baseline 0 -31"><span class='ocrx_word' id='word_1_544' title='bbox 335 3738 362 3778; x_wconf 70' lang='grc' dir='ltr'>δ</span> <span class='ocrx_word' id='word_1_545' title='bbox 394 3739 535 3806; x_wconf 82' lang='lat' dir='ltr'><strong>Quia</strong></span> <span class='ocrx_word' id='word_1_546' title='bbox 557 3740 612 3792; x_wconf 88' lang='lat' dir='ltr'><strong>in</strong></span> <span class='ocrx_word' id='word_1_547' title='bbox 632 3737 915 3823; x_wconf 44' lang='lat' dir='ltr'><strong>ilibrceo,‘</strong></span> <span class='ocrx_word' id='word_1_548' title='bbox 956 3750 1062 3794; x_wconf 89' lang='lat' dir='ltr'><strong>etc.</strong></span> <span class='ocrx_word' id='word_1_549' title='bbox 1119 3739 1172 3823; x_wconf 65' lang='grc' dir='ltr'><strong>Ιιι</strong></span> <span class='ocrx_word' id='word_1_550' title='bbox 1220 3739 1445 3820; x_wconf 62' lang='lat' dir='ltr'><strong>llehraeo</strong></span> <span class='ocrx_word' id='word_1_551' title='bbox 1473 3739 1717 3823; x_wconf 69' lang='lat' dir='ltr'><strong>legimus</strong></span> <span class='ocrx_word' id='word_1_552' title='bbox 1743 3741 1862 3823; x_wconf 40' lang='grc' dir='ltr'><strong>ἠεξ</strong></span> 
     </span>
    </p>
   </div>
   <div class='ocr_carea' id='block_1_67' title="bbox 264 3802 1864 3884">
    <p class='ocr_par' dir='ltr' id='par_1_67' title="bbox 264 3802 1864 3884">
     <span class='ocr_line' id='line_1_67' title="bbox 264 3802 1864 3884; baseline 0 -20"><span class='ocrx_word' id='word_1_553' title='bbox 264 3802 505 3884; x_wconf 79' lang='lat' dir='ltr'><strong>phanau,</strong></span> <span class='ocrx_word' id='word_1_554' title='bbox 544 3822 606 3866; x_wconf 66' lang='lat' dir='ltr'><strong>et</strong></span> <span class='ocrx_word' id='word_1_555' title='bbox 632 3802 763 3868; x_wconf 53' lang='lat'>13511</span> <span class='ocrx_word' id='word_1_556' title='bbox 806 3802 1154 3882; x_wconf 40' lang='lat' dir='ltr'><strong>t‘eg_l(tu,qtt0d</strong></span> <span class='ocrx_word' id='word_1_557' title='bbox 1192 3802 1864 3884; x_wconf 66' lang='lat' dir='ltr'><strong>potest__interpret.tri_i:t</strong></span> 
     </span>
    </p>
   </div>
   <div class='ocr_carea' id='block_1_68' title="bbox 265 3881 1864 3958">
    <p class='ocr_par' dir='ltr' id='par_1_68' title="bbox 265 3881 1864 3958">
     <span class='ocr_line' id='line_1_68' title="bbox 265 3881 1864 3958; baseline -0.001 -20"><span class='ocrx_word' id='word_1_558' title='bbox 265 3881 486 3958; x_wconf 76' lang='lat' dir='ltr'><strong>ejus,_et</strong></span> <span class='ocrx_word' id='word_1_559' title='bbox 510 3899 657 3958; x_wconf 79' lang='lat' dir='ltr'><strong>suam</strong></span> <span class='ocrx_word' id='word_1_560' title='bbox 676 3885 776 3958; x_wconf 41' lang='grc' dir='ltr'><strong>λιιι</strong></span> <span class='ocrx_word' id='word_1_561' title='bbox 807 3898 909 3958; x_wconf 80' lang='lat' dir='ltr'><strong>est,</strong></span> <span class='ocrx_word' id='word_1_562' title='bbox 947 3897 1236 3958; x_wconf 73' lang='lat' dir='ltr'><strong>possumus</strong></span> <span class='ocrx_word' id='word_1_563' title='bbox 1264 3881 1570 3958; x_wconf 76' lang='lat' dir='ltr'><strong>intelligere</strong></span> <span class='ocrx_word' id='word_1_564' title='bbox 1599 3883 1740 3958; x_wconf 60' lang='grc' dir='ltr'><strong>(ιιιοᾴ</strong></span> <span class='ocrx_word' id='word_1_565' title='bbox 1765 3881 1864 3958; x_wconf 55' lang='grc' dir='ltr'><strong>δεῖ</strong></span> 
     </span>
    </p>
   </div>
   <div class='ocr_carea' id='block_1_69' title="bbox 265 3953 1860 4024">
    <p class='ocr_par' dir='ltr' id='par_1_69' title="bbox 265 3953 1860 4024">
     <span class='ocr_line' id='line_1_69' title="bbox 265 3953 1860 4024; baseline -0.003 -12"><span class='ocrx_word' id='word_1_566' title='bbox 265 3953 481 4024; x_wconf 72' lang='lat' dir='ltr'><strong>fapltim</strong></span> <span class='ocrx_word' id='word_1_567' title='bbox 507 3955 606 4009; x_wconf 67' lang='lat' dir='ltr'><strong>alis</strong></span> <span class='ocrx_word' id='word_1_568' title='bbox 639 3955 750 4010; x_wconf 88' lang='lat' dir='ltr'><strong>suis</strong></span> <span class='ocrx_word' id='word_1_569' title='bbox 780 3955 1077 4010; x_wconf 76' lang='lat' dir='ltr'><strong>velaverint</strong></span> <span class='ocrx_word' id='word_1_570' title='bbox 1108 3953 1299 4008; x_wconf 72' lang='lat' dir='ltr'><strong>faciem</strong></span> <span class='ocrx_word' id='word_1_571' title='bbox 1333 3962 1388 4008; x_wconf 77' lang='lat' dir='ltr'><strong>et</strong></span> <span class='ocrx_word' id='word_1_572' title='bbox 1420 3953 1585 4022; x_wconf 82' lang='lat' dir='ltr'><strong>pedes</strong></span> <span class='ocrx_word' id='word_1_573' title='bbox 1629 3953 1745 4017; x_wconf 86' lang='lat' dir='ltr'><strong>Dei,</strong></span> <span class='ocrx_word' id='word_1_574' title='bbox 1778 3954 1860 4009; x_wconf 87' lang='lat' dir='ltr'><strong>vel</strong></span> 
     </span>
    </p>
   </div>
   <div class='ocr_carea' id='block_1_70' title="bbox 267 4025 1866 4097">
    <p class='ocr_par' dir='ltr' id='par_1_70' title="bbox 267 4025 1866 4097">
     <span class='ocr_line' id='line_1_70' title="bbox 267 4025 1866 4097; baseline -0.002 -14"><span class='ocrx_word' id='word_1_575' title='bbox 267 4027 462 4083; x_wconf 76' lang='lat' dir='ltr'><strong>faciem</strong></span> <span class='ocrx_word' id='word_1_576' title='bbox 491 4042 556 4082; x_wconf 91' lang='lat' dir='ltr'><strong>ac</strong></span> <span class='ocrx_word' id='word_1_577' title='bbox 587 4029 752 4096; x_wconf 64' lang='lat' dir='ltr'><strong>pedes</strong></span> <span class='ocrx_word' id='word_1_578' title='bbox 776 4041 927 4082; x_wconf 91' lang='lat' dir='ltr'><strong>suos.</strong></span> <span class='ocrx_word' id='word_1_579' title='bbox 973 4025 1027 4079; x_wconf 91' lang='lat' dir='ltr'><strong>In</strong></span> <span class='ocrx_word' id='word_1_580' title='bbox 1071 4025 1234 4078; x_wconf 71' lang='lat' dir='ltr'><strong>affixo</strong></span> <span class='ocrx_word' id='word_1_581' title='bbox 1279 4025 1460 4097; x_wconf 90' lang='lat' dir='ltr'><strong>igitur,</strong></span> <span class='ocrx_word' id='word_1_582' title='bbox 1496 4027 1616 4080; x_wconf 87' lang='lat' dir='ltr'><strong>sive</strong></span> <span class='ocrx_word' id='word_1_583' title='bbox 1666 4041 1866 4095; x_wconf 84' lang='lat' dir='ltr'><strong>prono-</strong></span> 
     </span>
    </p>
   </div>
   <div class='ocr_carea' id='block_1_71' title="bbox 269 4097 1864 4168">
    <p class='ocr_par' dir='ltr' id='par_1_71' title="bbox 269 4097 1864 4168">
     <span class='ocr_line' id='line_1_71' title="bbox 269 4097 1864 4168; baseline -0.003 -12"><span class='ocrx_word' id='word_1_584' title='bbox 269 4100 418 4156; x_wconf 87' lang='lat' dir='ltr'><strong>mine</strong></span> <span class='ocrx_word' id='word_1_585' title='bbox 442 4099 671 4153; x_wconf 69' lang='lat' dir='ltr'><strong>llebrmo</strong></span> <span class='ocrx_word' id='word_1_586' title='bbox 699 4107 783 4154; x_wconf 92' lang='lat' dir='ltr'><strong>est</strong></span> <span class='ocrx_word' id='word_1_587' title='bbox 809 4097 1236 4165; x_wconf 80' lang='lat' dir='ltr'><strong>ambiguitas,de</strong></span> <span class='ocrx_word' id='word_1_588' title='bbox 1257 4115 1360 4166; x_wconf 83' lang='lat' dir='ltr'><strong>qna</strong></span> <span class='ocrx_word' id='word_1_589' title='bbox 1391 4097 1480 4151; x_wconf 90' lang='lat' dir='ltr'><strong>hic</strong></span> <span class='ocrx_word' id='word_1_590' title='bbox 1505 4109 1558 4149; x_wconf 89' lang='lat' dir='ltr'><strong>et</strong></span> <span class='ocrx_word' id='word_1_591' title='bbox 1585 4097 1718 4151; x_wconf 82' lang='lat' dir='ltr'><strong>intra</strong></span> <span class='ocrx_word' id='word_1_592' title='bbox 1745 4112 1864 4168; x_wconf 90' lang='lat' dir='ltr'><strong>cap.</strong></span> 
     </span>
    </p>
   </div>
   <div class='ocr_carea' id='block_1_72' title="bbox 270 4168 1873 4241">
    <p class='ocr_par' dir='ltr' id='par_1_72' title="bbox 270 4168 1873 4241">
     <span class='ocr_line' id='line_1_72' title="bbox 270 4168 1873 4241; baseline -0.002 -14"><span class='ocrx_word' id='word_1_593' title='bbox 270 4178 436 4227; x_wconf 79' lang='lat' dir='ltr'><strong>sexto</strong></span> <span class='ocrx_word' id='word_1_594' title='bbox 489 4172 726 4238; x_wconf 82' lang='lat' dir='ltr'><strong>loquitur</strong></span> <span class='ocrx_word' id='word_1_595' title='bbox 776 4169 1154 4241; x_wconf 65' lang='lat' dir='ltr'><strong>Hieronymus.</strong></span> <span class='ocrx_word' id='word_1_596' title='bbox 1210 4168 1343 4223; x_wconf 86' lang='lat' dir='ltr'><strong>Vide</strong></span> <span class='ocrx_word' id='word_1_597' title='bbox 1390 4171 1548 4237; x_wconf 86' lang='lat' dir='ltr'><strong>epist.</strong></span> <span class='ocrx_word' id='word_1_598' title='bbox 1579 4170 1645 4241; x_wconf 74' lang='lat' dir='ltr'><strong>ad</strong></span> <span class='ocrx_word' id='word_1_599' title='bbox 1681 4171 1873 4224; x_wconf 79' lang='lat' dir='ltr'><strong>hama-</strong></span> 
     </span>
    </p>
   </div>
   <div class='ocr_carea' id='block_1_73' title="bbox 269 4239 1875 4311">
    <p class='ocr_par' dir='ltr' id='par_1_73' title="bbox 269 4239 1875 4311">
     <span class='ocr_line' id='line_1_73' title="bbox 269 4239 1875 4311; baseline -0.002 -12"><span class='ocrx_word' id='word_1_600' title='bbox 269 4259 415 4311; x_wconf 85' lang='lat' dir='ltr'><strong>sum,</strong></span> <span class='ocrx_word' id='word_1_601' title='bbox 447 4243 515 4298; x_wconf 86' lang='lat' dir='ltr'><strong>de</strong></span> <span class='ocrx_word' id='word_1_602' title='bbox 545 4244 734 4297; x_wconf 86' lang='lat' dir='ltr'><strong>eadem</strong></span> <span class='ocrx_word' id='word_1_603' title='bbox 769 4239 993 4296; x_wconf 52' lang='lat' dir='ltr'><strong>V&#39;isione&#39;</strong></span> <span class='ocrx_word' id='word_1_604' title='bbox 1013 4241 1544 4296; x_wconf 69' lang='lat' dir='ltr'><strong>Isaite.lll.trt&#39;rttttv.—</strong></span> <span class='ocrx_word' id='word_1_605' title='bbox 1575 4239 1875 4309; x_wconf 91' lang='lat' dir='ltr'><strong>Utrumque</strong></span> 
     </span>
    </p>
   </div>
   <div class='ocr_carea' id='block_1_74' title="bbox 271 4311 1873 4389">
    <p class='ocr_par' dir='ltr' id='par_1_74' title="bbox 271 4311 1873 4389">
     <span class='ocr_line' id='line_1_74' title="bbox 271 4311 1873 4389; baseline -0.001 -19"><span class='ocrx_word' id='word_1_606' title='bbox 271 4321 422 4370; x_wconf 81' lang='lat' dir='ltr'><strong>cnim</strong></span> <span class='ocrx_word' id='word_1_607' title='bbox 465 4318 576 4389; x_wconf 82' lang='lat' dir='ltr'><strong>ejus</strong></span> <span class='ocrx_word' id='word_1_608' title='bbox 604 4325 658 4370; x_wconf 89' lang='lat' dir='ltr'><strong>et</strong></span> <span class='ocrx_word' id='word_1_609' title='bbox 701 4331 850 4369; x_wconf 83' lang='lat' dir='ltr'><strong>suam</strong></span> <span class='ocrx_word' id='word_1_610' title='bbox 894 4313 1241 4383; x_wconf 83' lang='lat' dir='ltr'><strong>interpretari</strong></span> <span class='ocrx_word' id='word_1_611' title='bbox 1294 4322 1476 4384; x_wconf 86' lang='lat' dir='ltr'><strong>potest</strong></span> <span class='ocrx_word' id='word_1_612' title='bbox 1513 4311 1785 4367; x_wconf 75' lang='lat' dir='ltr'><strong>afﬁxuttt‘l</strong></span> <span class='ocrx_word' id='word_1_613' title='bbox 1821 4315 1873 4368; x_wconf 88' lang='lat' dir='ltr'><strong>in</strong></span> 
     </span>
    </p>
   </div>
   <div class='ocr_carea' id='block_1_75' title="bbox 273 4391 1870 4499">
    <p class='ocr_par' dir='ltr' id='par_1_75' title="bbox 273 4391 1870 4499">
     <span class='ocr_line' id='line_1_75' title="bbox 273 4391 1870 4499; baseline -0.004 -31"><span class='ocrx_word' id='word_1_614' title='bbox 273 4411 504 4468; x_wconf 80' lang='lat' dir='ltr'><strong>vocibus</strong></span> <span class='ocrx_word' id='word_1_615' title='bbox 546 4414 656 4499; x_wconf 58' lang='lat' dir='ltr'><strong>inp</strong></span> <span class='ocrx_word' id='word_1_616' title='bbox 703 4417 759 4464; x_wconf 88' lang='lat' dir='ltr'><strong>ct</strong></span> <span class='ocrx_word' id='word_1_617' title='bbox 786 4391 940 4471; x_wconf 55' lang='grc' dir='ltr'><strong>πήξει.</strong></span> <span class='ocrx_word' id='word_1_618' title='bbox 986 4407 1104 4463; x_wconf 83' lang='lat' dir='ltr'><strong>Mox</strong></span> <span class='ocrx_word' id='word_1_619' title='bbox 1152 4407 1380 4462; x_wconf 81' lang='lat' dir='ltr'><strong>Palatio.</strong></span> <span class='ocrx_word' id='word_1_620' title='bbox 1419 4406 1485 4461; x_wconf 82' lang='lat' dir='ltr'><strong>Et</strong></span> <span class='ocrx_word' id='word_1_621' title='bbox 1511 4409 1734 4463; x_wconf 83' lang='lat' dir='ltr'><strong>mediam</strong></span> <span class='ocrx_word' id='word_1_622' title='bbox 1762 4418 1870 4462; x_wconf 86' lang='lat' dir='ltr'><strong>tan-</strong></span> 
     </span>
    </p>
   </div>
   <div class='ocr_carea' id='block_1_76' title="bbox 275 4500 1331 4577">
    <p class='ocr_par' dir='ltr' id='par_1_76' title="bbox 275 4500 1331 4577">
     <span class='ocr_line' id='line_1_76' title="bbox 275 4500 1331 4577; baseline -0.004 -17"><span class='ocrx_word' id='word_1_623' title='bbox 275 4516 386 4560; x_wconf 86' lang='lat' dir='ltr'><strong>tum</strong></span> <span class='ocrx_word' id='word_1_624' title='bbox 415 4507 533 4577; x_wconf 81' lang='lat' dir='ltr'><strong>ejus</strong></span> <span class='ocrx_word' id='word_1_625' title='bbox 559 4515 754 4574; x_wconf 88' lang='lat' dir='ltr'><strong>partem</strong></span> <span class='ocrx_word' id='word_1_626' title='bbox 781 4500 952 4577; x_wconf 80' lang='lat' dir='ltr'><strong>Isaias</strong></span> <span class='ocrx_word' id='word_1_627' title='bbox 985 4502 1192 4577; x_wconf 81' lang='lat' dir='ltr'><strong>vidisse,</strong></span> <span class='ocrx_word' id='word_1_628' title='bbox 1226 4510 1331 4577; x_wconf 90' lang='lat' dir='ltr'><strong>etc.</strong></span> 
     </span>
    </p>
   </div>
   <div class='ocr_carea' id='block_1_77' title="bbox 353 4571 1870 4647">
    <p class='ocr_par' dir='ltr' id='par_1_77' title="bbox 353 4571 1870 4647">
     <span class='ocr_line' id='line_1_77' title="bbox 353 4571 1870 4647; baseline -0.004 -14"><span class='ocrx_word' id='word_1_629' title='bbox 353 4589 375 4616; x_wconf 76' lang='grc' dir='ltr'><strong>ο</strong></span> <span class='ocrx_word' id='word_1_630' title='bbox 405 4571 468 4633; x_wconf 71' lang='grc' dir='ltr'><strong>ς.</strong></span> <span class='ocrx_word' id='word_1_631' title='bbox 511 4571 842 4647; x_wconf 74' lang='lat' dir='ltr'><strong>Augustinus</strong></span> <span class='ocrx_word' id='word_1_632' title='bbox 871 4573 926 4647; x_wconf 91' lang='lat' dir='ltr'><strong>iu</strong></span> <span class='ocrx_word' id='word_1_633' title='bbox 957 4573 1384 4647; x_wconf 78' lang='lat' dir='ltr'><strong>Cotnmonitorio</strong></span> <span class='ocrx_word' id='word_1_634' title='bbox 1417 4572 1486 4647; x_wconf 87' lang='lat' dir='ltr'><strong>ad</strong></span> <span class='ocrx_word' id='word_1_635' title='bbox 1528 4571 1870 4628; x_wconf 86' lang='lat' dir='ltr'><strong>Fortunatia-</strong></span> 
     </span>
    </p>
   </div>
   <div class='ocr_carea' id='block_1_78' title="bbox 275 4645 1868 4717">
    <p class='ocr_par' dir='ltr' id='par_1_78' title="bbox 275 4645 1868 4717">
     <span class='ocr_line' id='line_1_78' title="bbox 275 4645 1868 4717; baseline -0.004 -13"><span class='ocrx_word' id='word_1_636' title='bbox 275 4665 435 4716; x_wconf 89' lang='lat' dir='ltr'><strong>num,</strong></span> <span class='ocrx_word' id='word_1_637' title='bbox 467 4665 563 4704; x_wconf 86' lang='lat' dir='ltr'><strong>seu</strong></span> <span class='ocrx_word' id='word_1_638' title='bbox 593 4645 750 4717; x_wconf 75' lang='lat' dir='ltr'><strong>cpist.</strong></span> <span class='ocrx_word' id='word_1_639' title='bbox 789 4646 914 4710; x_wconf 74' lang='grc'><strong>148,</strong></span> <span class='ocrx_word' id='word_1_640' title='bbox 963 4646 1104 4701; x_wconf 90' lang='lat' dir='ltr'><strong>hunc</strong></span> <span class='ocrx_word' id='word_1_641' title='bbox 1135 4645 1442 4716; x_wconf 85' lang='lat' dir='ltr'><strong>HierOnymi</strong></span> <span class='ocrx_word' id='word_1_642' title='bbox 1475 4645 1676 4713; x_wconf 84' lang='lat' dir='ltr'><strong>locum,</strong></span> <span class='ocrx_word' id='word_1_643' title='bbox 1710 4661 1868 4710; x_wconf 88' lang='lat' dir='ltr'><strong>quem</strong></span> 
     </span>
    </p>
   </div>
   <div class='ocr_carea' id='block_1_79' title="bbox 277 4718 1866 4792">
    <p class='ocr_par' dir='ltr' id='par_1_79' title="bbox 277 4718 1866 4792">
     <span class='ocr_line' id='line_1_79' title="bbox 277 4718 1866 4792; baseline -0.006 -15"><span class='ocrx_word' id='word_1_644' title='bbox 277 4724 555 4792; x_wconf 81' lang='lat' dir='ltr'><strong>integrum</strong></span> <span class='ocrx_word' id='word_1_645' title='bbox 589 4721 784 4774; x_wconf 84' lang='lat' dir='ltr'><strong>recitat</strong></span> <span class='ocrx_word' id='word_1_646' title='bbox 811 4718 876 4773; x_wconf 90' lang='lat' dir='ltr'><strong>ad</strong></span> <span class='ocrx_word' id='word_1_647' title='bbox 906 4718 1572 4792; x_wconf 10' lang='lat' dir='ltr'><strong>litteraiusquesertiouis,</strong></span> <span class='ocrx_word' id='word_1_648' title='bbox 1603 4718 1866 4792; x_wconf 66' lang='lat' dir='ltr'><strong>i_Ia_expo-</strong></span> 
     </span>
    </p>
   </div>
   <div class='ocr_carea' id='block_1_80' title="bbox 281 4788 1875 4849">
    <p class='ocr_par' dir='ltr' id='par_1_80' title="bbox 281 4788 1875 4849">
     <span class='ocr_line' id='line_1_80' title="bbox 281 4788 1875 4849; baseline -0.004 0"><span class='ocrx_word' id='word_1_649' title='bbox 281 4796 360 4849; x_wconf 85' lang='lat' dir='ltr'><strong>nit</strong></span> <span class='ocrx_word' id='word_1_650' title='bbox 386 4788 450 4847; x_wconf 78' lang='lat' dir='ltr'><strong>ac</strong></span> <span class='ocrx_word' id='word_1_651' title='bbox 479 4800 875 4846; x_wconf 88' lang='lat' dir='ltr'><strong>commentatur</strong></span> <span class='ocrx_word' id='word_1_652' title='bbox 905 4809 916 4842; x_wconf 91' lang='lat'><strong>:</strong></span> <span class='ocrx_word' id='word_1_653' title='bbox 949 4789 1015 4844; x_wconf 89' lang='lat' dir='ltr'><strong>In</strong></span> <span class='ocrx_word' id='word_1_654' title='bbox 1036 4789 1116 4843; x_wconf 85' lang='lat' dir='ltr'><strong>his</strong></span> <span class='ocrx_word' id='word_1_655' title='bbox 1147 4788 1310 4843; x_wconf 84' lang='lat' dir='ltr'><strong>verbis</strong></span> <span class='ocrx_word' id='word_1_656' title='bbox 1341 4789 1564 4843; x_wconf 86' lang='lat' dir='ltr'><strong>hominis</strong></span> <span class='ocrx_word' id='word_1_657' title='bbox 1595 4788 1689 4843; x_wconf 90' lang='lat' dir='ltr'><strong>Dei</strong></span> <span class='ocrx_word' id='word_1_658' title='bbox 1716 4789 1875 4842; x_wconf 90' lang='lat' dir='ltr'><strong>multa</strong></span> 
     </span>
    </p>
   </div>
   <div class='ocr_carea' id='block_1_81' title="bbox 282 4861 1875 4931">
    <p class='ocr_par' dir='ltr' id='par_1_81' title="bbox 282 4861 1875 4931">
     <span class='ocr_line' id='line_1_81' title="bbox 282 4861 1875 4931; baseline -0.001 -14"><span class='ocrx_word' id='word_1_659' title='bbox 282 4865 661 4919; x_wconf 86' lang='lat' dir='ltr'><strong>consideranda</strong></span> <span class='ocrx_word' id='word_1_660' title='bbox 687 4873 827 4917; x_wconf 88' lang='lat' dir='ltr'><strong>sunt.</strong></span> <span class='ocrx_word' id='word_1_661' title='bbox 865 4862 1096 4916; x_wconf 86' lang='lat' dir='ltr'><strong>Primum</strong></span> <span class='ocrx_word' id='word_1_662' title='bbox 1130 4863 1255 4931; x_wconf 88' lang='lat' dir='ltr'><strong>quia</strong></span> <span class='ocrx_word' id='word_1_663' title='bbox 1291 4861 1571 4916; x_wconf 83' lang='lat' dir='ltr'><strong>secundum</strong></span> <span class='ocrx_word' id='word_1_664' title='bbox 1608 4861 1875 4929; x_wconf 68' lang='lat' dir='ltr'><strong>apertissi-</strong></span> 
     </span>
    </p>
   </div>
   <div class='ocr_carea' id='block_1_82' title="bbox 283 4933 1877 5006">
    <p class='ocr_par' dir='ltr' id='par_1_82' title="bbox 283 4933 1877 5006">
     <span class='ocr_line' id='line_1_82' title="bbox 283 4933 1877 5006; baseline -0.004 -15"><span class='ocrx_word' id='word_1_665' title='bbox 283 4954 421 4992; x_wconf 88' lang='lat' dir='ltr'><strong>mam</strong></span> <span class='ocrx_word' id='word_1_666' title='bbox 460 4933 676 4990; x_wconf 85' lang='lat' dir='ltr'><strong>Domini</strong></span> <span class='ocrx_word' id='word_1_667' title='bbox 714 4937 1011 5006; x_wconf 68' lang='lat' dir='ltr'><strong>sententiam</strong></span> <span class='ocrx_word' id='word_1_668' title='bbox 1048 4935 1205 4987; x_wconf 89' lang='lat' dir='ltr'><strong>etiam</strong></span> <span class='ocrx_word' id='word_1_669' title='bbox 1255 4933 1365 5006; x_wconf 79' lang='lat' dir='ltr'><strong>ipse</strong></span> <span class='ocrx_word' id='word_1_670' title='bbox 1406 4934 1578 5006; x_wconf 82' lang='lat' dir='ltr'><strong>sentit.</strong></span> <span class='ocrx_word' id='word_1_671' title='bbox 1621 4943 1742 5006; x_wconf 85' lang='lat' dir='ltr'><strong>tunc</strong></span> <span class='ocrx_word' id='word_1_672' title='bbox 1785 4949 1877 5006; x_wconf 88' lang='lat' dir='ltr'><strong>nos</strong></span> 
     </span>
    </p>
   </div>
   <div class='ocr_carea' id='block_1_83' title="bbox 287 5005 1878 5079">
    <p class='ocr_par' dir='ltr' id='par_1_83' title="bbox 287 5005 1878 5079">
     <span class='ocr_line' id='line_1_83' title="bbox 287 5005 1878 5079; baseline -0.004 -16"><span class='ocrx_word' id='word_1_673' title='bbox 287 5011 489 5064; x_wconf 82' lang='lat' dir='ltr'><strong>visuros</strong></span> <span class='ocrx_word' id='word_1_674' title='bbox 513 5011 700 5079; x_wconf 85' lang='lat' dir='ltr'><strong>faciem</strong></span> <span class='ocrx_word' id='word_1_675' title='bbox 745 5005 872 5073; x_wconf 91' lang='lat' dir='ltr'><strong>Dei,</strong></span> <span class='ocrx_word' id='word_1_676' title='bbox 904 5021 1017 5058; x_wconf 86' lang='lat' dir='ltr'><strong>cum</strong></span> <span class='ocrx_word' id='word_1_677' title='bbox 1048 5006 1100 5059; x_wconf 86' lang='lat' dir='ltr'><strong>in</strong></span> <span class='ocrx_word' id='word_1_678' title='bbox 1141 5005 1362 5076; x_wconf 72' lang='lat' dir='ltr'><strong>Argelos</strong></span> <span class='ocrx_word' id='word_1_679' title='bbox 1395 5005 1792 5079; x_wconf 76' lang='lat' dir='ltr'><strong>profecerimus,</strong></span> <span class='ocrx_word' id='word_1_680' title='bbox 1824 5005 1878 5079; x_wconf 79' lang='lat' dir='ltr'><strong>id</strong></span> 
     </span>
    </p>
   </div>
   <div class='ocr_carea' id='block_1_84' title="bbox 287 5077 1879 5150">
    <p class='ocr_par' dir='ltr' id='par_1_84' title="bbox 287 5077 1879 5150">
     <span class='ocr_line' id='line_1_84' title="bbox 287 5077 1879 5150; baseline -0.004 -14"><span class='ocrx_word' id='word_1_681' title='bbox 287 5093 384 5146; x_wconf 87' lang='lat' dir='ltr'><strong>est,</strong></span> <span class='ocrx_word' id='word_1_682' title='bbox 417 5077 643 5148; x_wconf 78' lang='lat' dir='ltr'><strong>wquales</strong></span> <span class='ocrx_word' id='word_1_683' title='bbox 664 5078 872 5150; x_wconf 83' lang='lat' dir='ltr'><strong>Angelis</strong></span> <span class='ocrx_word' id='word_1_684' title='bbox 895 5079 1018 5148; x_wconf 89' lang='lat' dir='ltr'><strong>facti</strong></span> <span class='ocrx_word' id='word_1_685' title='bbox 1044 5079 1313 5150; x_wconf 73' lang='lat' dir='ltr'><strong>fuerimus,</strong></span> <span class='ocrx_word' id='word_1_686' title='bbox 1344 5078 1482 5148; x_wconf 90' lang='lat' dir='ltr'><strong>quod</strong></span> <span class='ocrx_word' id='word_1_687' title='bbox 1505 5078 1599 5132; x_wconf 89' lang='lat' dir='ltr'><strong>erit</strong></span> <span class='ocrx_word' id='word_1_688' title='bbox 1622 5077 1796 5146; x_wconf 88' lang='lat' dir='ltr'><strong>utique</strong></span> <span class='ocrx_word' id='word_1_689' title='bbox 1825 5077 1879 5150; x_wconf 81' lang='lat' dir='ltr'><strong>in</strong></span> 
     </span>
    </p>
   </div>
   <div class='ocr_carea' id='block_1_85' title="bbox 286 5148 1882 5219">
    <p class='ocr_par' dir='ltr' id='par_1_85' title="bbox 286 5148 1882 5219">
     <span class='ocr_line' id='line_1_85' title="bbox 286 5148 1882 5219; baseline -0.004 -12"><span class='ocrx_word' id='word_1_690' title='bbox 286 5155 660 5208; x_wconf 81' lang='lat' dir='ltr'><strong>resurrectione</strong></span> <span class='ocrx_word' id='word_1_691' title='bbox 688 5148 1029 5207; x_wconf 85' lang='lat' dir='ltr'><strong>mortuorum.</strong></span> <span class='ocrx_word' id='word_1_692' title='bbox 1065 5148 1262 5204; x_wconf 85' lang='lat' dir='ltr'><strong>Deinde</strong></span> <span class='ocrx_word' id='word_1_693' title='bbox 1282 5149 1568 5219; x_wconf 87' lang='lat' dir='ltr'><strong>apostolico</strong></span> <span class='ocrx_word' id='word_1_694' title='bbox 1594 5149 1882 5202; x_wconf 83' lang='lat' dir='ltr'><strong>testimonio</strong></span> 
     </span>
    </p>
   </div>
   <div class='ocr_carea' id='block_1_86' title="bbox 288 5221 1886 5288">
    <p class='ocr_par' dir='ltr' id='par_1_86' title="bbox 288 5221 1886 5288">
     <span class='ocr_line' id='line_1_86' title="bbox 288 5221 1886 5288; baseline -0.003 -10"><span class='ocrx_word' id='word_1_695' title='bbox 288 5226 418 5279; x_wconf 87' lang='lat' dir='ltr'><strong>satis</strong></span> <span class='ocrx_word' id='word_1_696' title='bbox 441 5224 664 5288; x_wconf 83' lang='lat' dir='ltr'><strong>aperuit,</strong></span> <span class='ocrx_word' id='word_1_697' title='bbox 697 5240 798 5278; x_wconf 87' lang='lat' dir='ltr'><strong>non</strong></span> <span class='ocrx_word' id='word_1_698' title='bbox 827 5222 1115 5287; x_wconf 73' lang='lat' dir='ltr'><strong>exterioris,</strong></span> <span class='ocrx_word' id='word_1_699' title='bbox 1145 5225 1233 5274; x_wconf 90' lang='lat' dir='ltr'><strong>sed</strong></span> <span class='ocrx_word' id='word_1_700' title='bbox 1261 5222 1517 5275; x_wconf 89' lang='lat' dir='ltr'><strong>interioris</strong></span> <span class='ocrx_word' id='word_1_701' title='bbox 1552 5221 1773 5274; x_wconf 86' lang='lat' dir='ltr'><strong>hominis</strong></span> <span class='ocrx_word' id='word_1_702' title='bbox 1804 5225 1886 5287; x_wconf 87' lang='lat' dir='ltr'><strong>fa-</strong></span> 
     </span>
    </p>
   </div>
   <div class='ocr_carea' id='block_1_87' title="bbox 291 5293 1974 5369">
    <p class='ocr_par' dir='ltr' id='par_1_87' title="bbox 291 5293 1974 5369">
     <span class='ocr_line' id='line_1_87' title="bbox 291 5293 1974 5369; baseline -0.001 -20"><span class='ocrx_word' id='word_1_703' title='bbox 291 5298 424 5369; x_wconf 85' lang='lat' dir='ltr'><strong>ciem</strong></span> <span class='ocrx_word' id='word_1_704' title='bbox 470 5296 1031 5369; x_wconf 78' lang='lat' dir='ltr'><strong>intelligendant,__cum</strong></span> <span class='ocrx_word' id='word_1_705' title='bbox 1059 5293 1343 5369; x_wconf 81' lang='lat' dir='ltr'><strong>videbimus</strong></span> <span class='ocrx_word' id='word_1_706' title='bbox 1383 5293 1516 5369; x_wconf 84' lang='lat' dir='ltr'><strong>facie</strong></span> <span class='ocrx_word' id='word_1_707' title='bbox 1554 5293 1622 5346; x_wconf 92' lang='lat' dir='ltr'><strong>ad</strong></span> <span class='ocrx_word' id='word_1_708' title='bbox 1656 5293 1885 5369; x_wconf 80' lang='lat' dir='ltr'><strong>faciem:</strong></span> <span class='ocrx_word' id='word_1_709' title='bbox 1967 5325 1974 5332; x_wconf 65' lang='grc' dir='ltr'><strong>ο</strong></span> 
     </span>
    </p>
   </div>
   <div class='ocr_carea' id='block_1_88' title="bbox 293 5364 1883 5439">
    <p class='ocr_par' dir='ltr' id='par_1_88' title="bbox 293 5364 1883 5439">
     <span class='ocr_line' id='line_1_88' title="bbox 293 5364 1883 5439; baseline -0.003 -19"><span class='ocrx_word' id='word_1_710' title='bbox 293 5368 359 5422; x_wconf 90' lang='lat' dir='ltr'><strong>de</strong></span> <span class='ocrx_word' id='word_1_711' title='bbox 382 5369 518 5438; x_wconf 83' lang='lat' dir='ltr'><strong>facie</strong></span> <span class='ocrx_word' id='word_1_712' title='bbox 543 5364 731 5439; x_wconf 76' lang='lat' dir='ltr'><strong>quippe</strong></span> <span class='ocrx_word' id='word_1_713' title='bbox 758 5365 926 5420; x_wconf 83' lang='lat' dir='ltr'><strong>cordis</strong></span> <span class='ocrx_word' id='word_1_714' title='bbox 955 5366 1558 5439; x_wconf 75' lang='lat' dir='ltr'><strong>loquebaturapostolus,</strong></span> <span class='ocrx_word' id='word_1_715' title='bbox 1595 5381 1709 5418; x_wconf 87' lang='lat' dir='ltr'><strong>cum.</strong></span> <span class='ocrx_word' id='word_1_716' title='bbox 1742 5364 1883 5418; x_wconf 85' lang='lat' dir='ltr'><strong>dice-</strong></span> 
     </span>
    </p>
   </div>
   <div class='ocr_carea' id='block_1_89' title="bbox 292 5385 1892 5509">
    <p class='ocr_par' dir='ltr' id='par_1_89' title="bbox 292 5385 1892 5509">
     <span class='ocr_line' id='line_1_89' title="bbox 293 5385 1883 5439; baseline -0.003 -19"><span class='ocrx_word' id='word_1_717' title='bbox 293 5385 359 5422; x_wconf 89' lang='lat' dir='ltr'><strong>ae</strong></span> <span class='ocrx_word' id='word_1_718' title='bbox 382 5385 518 5438; x_wconf 72' lang='lat' dir='ltr'><strong>[acte</strong></span> <span class='ocrx_word' id='word_1_719' title='bbox 579 5385 731 5439; x_wconf 82' lang='lat' dir='ltr'><strong>utppe</strong></span> <span class='ocrx_word' id='word_1_720' title='bbox 758 5385 926 5420; x_wconf 81' lang='lat' dir='ltr'><strong>corars</strong></span> <span class='ocrx_word' id='word_1_721' title='bbox 955 5385 1251 5427; x_wconf 74' lang='lat' dir='ltr'><strong>loquebatur</strong></span> <span class='ocrx_word' id='word_1_722' title='bbox 1272 5385 1558 5435; x_wconf 76' lang='lat' dir='ltr'><strong>aposwtus,</strong></span> <span class='ocrx_word' id='word_1_723' title='bbox 1595 5385 1709 5418; x_wconf 87' lang='lat' dir='ltr'><strong>cum</strong></span> <span class='ocrx_word' id='word_1_724' title='bbox 1742 5385 1883 5418; x_wconf 82' lang='lat' dir='ltr'><strong>utce-</strong></span> 
     </span>
     <span class='ocr_line' id='line_1_90' title="bbox 292 5385 1892 5509; baseline -0.002 -17"><span class='ocrx_word' id='word_1_725' title='bbox 292 5451 392 5508; x_wconf 89' lang='lat' dir='ltr'><strong>ret,</strong></span> <span class='ocrx_word' id='word_1_726' title='bbox 425 5385 575 5509; x_wconf 49' lang='lat' dir='ltr'><strong>quo}</strong></span> <span class='ocrx_word' id='word_1_727' title='bbox 590 5438 709 5493; x_wconf 89' lang='lat' dir='ltr'><strong>hinc</strong></span> <span class='ocrx_word' id='word_1_728' title='bbox 735 5439 1147 5493; x_wconf 83' lang='lat' dir='ltr'><strong>commemoravit</strong></span> <span class='ocrx_word' id='word_1_729' title='bbox 1173 5453 1189 5491; x_wconf 91' lang='lat'><strong>:</strong></span> <span class='ocrx_word' id='word_1_730' title='bbox 1225 5436 1336 5491; x_wconf 83' lang='lat' dir='ltr'><strong>Nos</strong></span> <span class='ocrx_word' id='word_1_731' title='bbox 1363 5448 1544 5509; x_wconf 60' lang='lat' dir='ltr'><strong>autent</strong></span> <span class='ocrx_word' id='word_1_732' title='bbox 1561 5439 1780 5490; x_wconf 72' lang='lat' dir='ltr'><strong>revelata</strong></span> <span class='ocrx_word' id='word_1_733' title='bbox 1811 5441 1892 5507; x_wconf 88' lang='lat' dir='ltr'><strong>fa-</strong></span> 
     </span>
    </p>
   </div>
   <div class='ocr_carea' id='block_1_90' title="bbox 293 5506 1892 5582">
    <p class='ocr_par' dir='ltr' id='par_1_90' title="bbox 293 5506 1892 5582">
     <span class='ocr_line' id='line_1_91' title="bbox 293 5506 1892 5582; baseline -0.003 -16"><span class='ocrx_word' id='word_1_734' title='bbox 293 5506 392 5571; x_wconf 79' lang='lat' dir='ltr'><strong>cie.</strong></span> <span class='ocrx_word' id='word_1_735' title='bbox 439 5506 548 5567; x_wconf 65' lang='lat' dir='ltr'><strong>i-tc.</strong></span> <span class='ocrx_word' id='word_1_736' title='bbox 604 5514 668 5566; x_wconf 68' lang='lat' dir='ltr'><strong>lit</strong></span> <span class='ocrx_word' id='word_1_737' title='bbox 721 5509 1041 5582; x_wconf 55' lang='lat' dir='ltr'><strong>quibusdam</strong></span> <span class='ocrx_word' id='word_1_738' title='bbox 1091 5510 1447 5582; x_wconf 84' lang='lat' dir='ltr'><strong>interpositis.</strong></span> <span class='ocrx_word' id='word_1_739' title='bbox 1496 5506 1778 5582; x_wconf 68' lang='lat' dir='ltr'><strong>Postremo</strong></span> <span class='ocrx_word' id='word_1_740' title='bbox 1813 5506 1892 5582; x_wconf 85' lang='lat' dir='ltr'><strong>ne</strong></span> 
     </span>
    </p>
   </div>
   <div class='ocr_carea' id='block_1_91' title="bbox 296 5581 1895 5655">
    <p class='ocr_par' dir='ltr' id='par_1_91' title="bbox 296 5581 1895 5655">
     <span class='ocr_line' id='line_1_92' title="bbox 296 5581 1895 5655; baseline 0 -21"><span class='ocrx_word' id='word_1_741' title='bbox 296 5585 570 5655; x_wconf 81' lang='lat' dir='ltr'><strong>quisquam</strong></span> <span class='ocrx_word' id='word_1_742' title='bbox 598 5585 696 5638; x_wconf 89' lang='lat' dir='ltr'><strong>ista</strong></span> <span class='ocrx_word' id='word_1_743' title='bbox 727 5581 896 5636; x_wconf 77' lang='lat' dir='ltr'><strong>minus</strong></span> <span class='ocrx_word' id='word_1_744' title='bbox 920 5584 1153 5655; x_wconf 76' lang='lat' dir='ltr'><strong>intuens,</strong></span> <span class='ocrx_word' id='word_1_745' title='bbox 1171 5581 1438 5655; x_wconf 83' lang='lat' dir='ltr'><strong>minusque</strong></span> <span class='ocrx_word' id='word_1_746' title='bbox 1470 5581 1786 5646; x_wconf 82' lang='lat' dir='ltr'><strong>discernens,</strong></span> <span class='ocrx_word' id='word_1_747' title='bbox 1820 5581 1895 5634; x_wconf 85' lang='lat' dir='ltr'><strong>vi-</strong></span> 
     </span>
    </p>
   </div>
   <div class='ocr_carea' id='block_1_92' title="bbox 297 5651 1894 5727">
    <p class='ocr_par' dir='ltr' id='par_1_92' title="bbox 297 5651 1894 5727">
     <span class='ocr_line' id='line_1_93' title="bbox 297 5651 1894 5727; baseline -0.003 -17"><span class='ocrx_word' id='word_1_748' title='bbox 297 5651 500 5710; x_wconf 76' lang='lat' dir='ltr'><strong>sibilem</strong></span> <span class='ocrx_word' id='word_1_749' title='bbox 523 5653 714 5721; x_wconf 87' lang='lat' dir='ltr'><strong>Deum,</strong></span> <span class='ocrx_word' id='word_1_750' title='bbox 738 5657 814 5708; x_wconf 86' lang='lat' dir='ltr'><strong>vel</strong></span> <span class='ocrx_word' id='word_1_751' title='bbox 830 5654 1046 5727; x_wconf 85' lang='lat' dir='ltr'><strong>angelis.</strong></span> <span class='ocrx_word' id='word_1_752' title='bbox 1064 5653 1154 5727; x_wconf 71' lang='lat' dir='ltr'><strong>vel</strong></span> <span class='ocrx_word' id='word_1_753' title='bbox 1179 5651 1489 5717; x_wconf 78' lang='lat' dir='ltr'><strong>hominibus,</strong></span> <span class='ocrx_word' id='word_1_754' title='bbox 1525 5669 1641 5727; x_wconf 82' lang='lat' dir='ltr'><strong>cum</strong></span> <span class='ocrx_word' id='word_1_755' title='bbox 1672 5655 1894 5717; x_wconf 63' lang='lat' dir='ltr'><strong>aequales</strong></span> 
     </span>
    </p>
   </div>
   <div class='ocr_carea' id='block_1_93' title="bbox 299 5725 1896 5800">
    <p class='ocr_par' dir='ltr' id='par_1_93' title="bbox 299 5725 1896 5800">
     <span class='ocr_line' id='line_1_94' title="bbox 299 5725 1896 5800; baseline -0.002 -19"><span class='ocrx_word' id='word_1_756' title='bbox 299 5729 502 5798; x_wconf 86' lang='lat' dir='ltr'><strong>angelis</strong></span> <span class='ocrx_word' id='word_1_757' title='bbox 546 5728 667 5800; x_wconf 86' lang='lat' dir='ltr'><strong>facti</strong></span> <span class='ocrx_word' id='word_1_758' title='bbox 702 5725 971 5800; x_wconf 76' lang='lat' dir='ltr'><strong>fuerimus,</strong></span> <span class='ocrx_word' id='word_1_759' title='bbox 1000 5725 1132 5800; x_wconf 74' lang='lat' dir='ltr'><strong>sive</strong></span> <span class='ocrx_word' id='word_1_760' title='bbox 1174 5742 1310 5800; x_wconf 85' lang='lat' dir='ltr'><strong>nunc</strong></span> <span class='ocrx_word' id='word_1_761' title='bbox 1352 5741 1479 5790; x_wconf 85' lang='lat' dir='ltr'><strong>esse,</strong></span> <span class='ocrx_word' id='word_1_762' title='bbox 1527 5725 1632 5779; x_wconf 80' lang='lat' dir='ltr'><strong>sive</strong></span> <span class='ocrx_word' id='word_1_763' title='bbox 1662 5727 1896 5800; x_wconf 79' lang='lat' dir='ltr'><strong>futurum</strong></span> 
     </span>
    </p>
   </div>
   <div class='ocr_carea' id='block_1_94' title="bbox 300 5797 1900 5869">
    <p class='ocr_par' dir='ltr' id='par_1_94' title="bbox 300 5797 1900 5869">
     <span class='ocr_line' id='line_1_95' title="bbox 300 5797 1900 5869; baseline -0.002 -16"><span class='ocrx_word' id='word_1_764' title='bbox 300 5797 409 5853; x_wconf 81' lang='lat' dir='ltr'><strong>esse</strong></span> <span class='ocrx_word' id='word_1_765' title='bbox 435 5797 683 5861; x_wconf 84' lang='lat' dir='ltr'><strong>crederet.</strong></span> <span class='ocrx_word' id='word_1_766' title='bbox 703 5797 1090 5854; x_wconf 82' lang='lat' dir='ltr'><strong>evidentissime</strong></span> <span class='ocrx_word' id='word_1_767' title='bbox 1117 5798 1243 5868; x_wconf 85' lang='lat' dir='ltr'><strong>quid</strong></span> <span class='ocrx_word' id='word_1_768' title='bbox 1268 5801 1496 5864; x_wconf 85' lang='lat' dir='ltr'><strong>sentiret,</strong></span> <span class='ocrx_word' id='word_1_769' title='bbox 1540 5798 1789 5869; x_wconf 74' lang='lat' dir='ltr'><strong>expressit</strong></span> <span class='ocrx_word' id='word_1_770' title='bbox 1819 5797 1900 5851; x_wconf 90' lang='lat' dir='ltr'><strong>di-</strong></span> 
     </span>
    </p>
   </div>
   <div class='ocr_carea' id='block_1_95' title="bbox 302 5869 1900 5943">
    <p class='ocr_par' dir='ltr' id='par_1_95' title="bbox 302 5869 1900 5943">
     <span class='ocr_line' id='line_1_96' title="bbox 302 5869 1900 5943; baseline -0.003 -13"><span class='ocrx_word' id='word_1_771' title='bbox 302 5887 442 5940; x_wconf 78' lang='lat' dir='ltr'><strong>cens,</strong></span> <span class='ocrx_word' id='word_1_772' title='bbox 476 5871 629 5938; x_wconf 83' lang='lat' dir='ltr'><strong>Quod</strong></span> <span class='ocrx_word' id='word_1_773' title='bbox 657 5871 840 5943; x_wconf 87' lang='lat' dir='ltr'><strong>facient</strong></span> <span class='ocrx_word' id='word_1_774' title='bbox 873 5869 970 5924; x_wconf 90' lang='lat' dir='ltr'><strong>Dei</strong></span> <span class='ocrx_word' id='word_1_775' title='bbox 997 5871 1144 5934; x_wconf 69' lang='lat' dir='ltr'><strong>iuxta</strong></span> <span class='ocrx_word' id='word_1_776' title='bbox 1174 5880 1377 5925; x_wconf 70' lang='lat' dir='ltr'><strong>natura:</strong></span> <span class='ocrx_word' id='word_1_777' title='bbox 1397 5885 1504 5926; x_wconf 76' lang='lat' dir='ltr'><strong>sua:</strong></span> <span class='ocrx_word' id='word_1_778' title='bbox 1533 5870 1900 5941; x_wconf 85' lang='lat' dir='ltr'><strong>proprietatem</strong></span> 
     </span>
    </p>
   </div>
   <div class='ocr_carea' id='block_1_96' title="bbox 1970 3342 3570 3416">
    <p class='ocr_par' dir='ltr' id='par_1_96' title="bbox 1970 3342 3570 3416">
     <span class='ocr_line' id='line_1_97' title="bbox 1970 3342 3570 3416; baseline 0.003 -18"><span class='ocrx_word' id='word_1_779' title='bbox 1970 3344 2274 3416; x_wconf 87' lang='lat' dir='ltr'><strong>spiritualis</strong></span> <span class='ocrx_word' id='word_1_780' title='bbox 2301 3353 2385 3400; x_wconf 87' lang='lat' dir='ltr'><strong>est</strong></span> <span class='ocrx_word' id='word_1_781' title='bbox 2416 3361 2429 3397; x_wconf 93' lang='lat'><strong>:</strong></span> <span class='ocrx_word' id='word_1_782' title='bbox 2462 3353 2516 3400; x_wconf 89' lang='lat' dir='ltr'><strong>et</strong></span> <span class='ocrx_word' id='word_1_783' title='bbox 2547 3345 2730 3400; x_wconf 88' lang='lat' dir='ltr'><strong>omnia</strong></span> <span class='ocrx_word' id='word_1_784' title='bbox 2770 3361 2893 3414; x_wconf 79' lang='lat' dir='ltr'><strong>quce</strong></span> <span class='ocrx_word' id='word_1_785' title='bbox 2937 3343 3110 3401; x_wconf 73' lang='lat' dir='ltr'><strong>Judzei</strong></span> <span class='ocrx_word' id='word_1_786' title='bbox 3158 3342 3570 3402; x_wconf 57' lang='lat' dir='ltr'><strong>carnaliter‘fa-</strong></span> 
     </span>
    </p>
   </div>
   <div class='ocr_carea' id='block_1_97' title="bbox 1971 3435 3061 3508">
    <p class='ocr_par' dir='ltr' id='par_1_97' title="bbox 1971 3435 3061 3508">
     <span class='ocr_line' id='line_1_98' title="bbox 1971 3435 3061 3508; baseline 0.001 -16"><span class='ocrx_word' id='word_1_787' title='bbox 1971 3437 2144 3501; x_wconf 91' lang='lat' dir='ltr'><strong>ciunt,</strong></span> <span class='ocrx_word' id='word_1_788' title='bbox 2177 3451 2205 3490; x_wconf 90' lang='lat' dir='ltr'><strong>a</strong></span> <span class='ocrx_word' id='word_1_789' title='bbox 2237 3435 2398 3492; x_wconf 89' lang='lat' dir='ltr'><strong>nobis</strong></span> <span class='ocrx_word' id='word_1_790' title='bbox 2425 3436 2645 3508; x_wconf 89' lang='lat' dir='ltr'><strong>impleri</strong></span> <span class='ocrx_word' id='word_1_791' title='bbox 2675 3437 3061 3507; x_wconf 80' lang='lat' dir='ltr'><strong>Spiritualiter.</strong></span> 
     </span>
    </p>
   </div>
   <div class='ocr_carea' id='block_1_98' title="bbox 2047 3529 3571 3605">
    <p class='ocr_par' dir='ltr' id='par_1_98' title="bbox 2047 3529 3571 3605">
     <span class='ocr_line' id='line_1_99' title="bbox 2047 3529 3571 3605; baseline 0.001 -20"><span class='ocrx_word' id='word_1_792' title='bbox 2047 3531 2229 3603; x_wconf 81' lang='lat' dir='ltr'><strong>(Vers.</strong></span> <span class='ocrx_word' id='word_1_793' title='bbox 2264 3530 2378 3603; x_wconf 77' lang='grc'><strong>15.)</strong></span> <span class='ocrx_word' id='word_1_794' title='bbox 2409 3529 2626 3587; x_wconf 88' lang='lat' dir='ltr'><strong>Calcare</strong></span> <span class='ocrx_word' id='word_1_795' title='bbox 2677 3532 2869 3586; x_wconf 89' lang='lat' dir='ltr'><strong>atrium</strong></span> <span class='ocrx_word' id='word_1_796' title='bbox 2905 3548 3071 3587; x_wconf 90' lang='lat' dir='ltr'><strong>meum</strong></span> <span class='ocrx_word' id='word_1_797' title='bbox 3127 3548 3228 3587; x_wconf 88' lang='lat' dir='ltr'><strong>non</strong></span> <span class='ocrx_word' id='word_1_798' title='bbox 3275 3532 3571 3605; x_wconf 89' lang='lat' dir='ltr'><strong>apponetis.</strong></span> 
     </span>
    </p>
   </div>
   <div class='ocr_carea' id='block_1_99' title="bbox 1963 3665 3574 3734">
    <p class='ocr_par' dir='ltr' id='par_1_99' title="bbox 1963 3665 3574 3734">
     <span class='ocr_line' id='line_1_100' title="bbox 1963 3665 3574 3734; baseline 0.003 -15"><span class='ocrx_word' id='word_1_799' title='bbox 1963 3665 2110 3719; x_wconf 86' lang='lat' dir='ltr'><strong>nulla</strong></span> <span class='ocrx_word' id='word_1_800' title='bbox 2148 3665 2317 3719; x_wconf 89' lang='lat' dir='ltr'><strong>videat</strong></span> <span class='ocrx_word' id='word_1_801' title='bbox 2348 3677 2608 3728; x_wconf 84' lang='lat' dir='ltr'><strong>creatura,</strong></span> <span class='ocrx_word' id='word_1_802' title='bbox 2649 3677 2694 3722; x_wconf 90' lang='lat' dir='ltr'><strong>et</strong></span> <span class='ocrx_word' id='word_1_803' title='bbox 2725 3677 2846 3722; x_wconf 87' lang='lat' dir='ltr'><strong>tunc</strong></span> <span class='ocrx_word' id='word_1_804' title='bbox 2871 3677 3037 3723; x_wconf 88' lang='lat' dir='ltr'><strong>mente</strong></span> <span class='ocrx_word' id='word_1_805' title='bbox 3067 3680 3330 3734; x_wconf 86' lang='lat' dir='ltr'><strong>cernatur,</strong></span> <span class='ocrx_word' id='word_1_806' title='bbox 3361 3667 3574 3734; x_wconf 87' lang='lat' dir='ltr'><strong>quando</strong></span> 
     </span>
    </p>
   </div>
   <div class='ocr_carea' id='block_1_100' title="bbox 1959 3737 3574 3813">
    <p class='ocr_par' dir='ltr' id='par_1_100' title="bbox 1959 3737 3574 3813">
     <span class='ocr_line' id='line_1_101' title="bbox 1959 3737 3574 3813; baseline 0.003 -23"><span class='ocrx_word' id='word_1_807' title='bbox 1959 3738 2235 3791; x_wconf 85' lang='lat' dir='ltr'><strong>invisibilis</strong></span> <span class='ocrx_word' id='word_1_808' title='bbox 2257 3740 2504 3813; x_wconf 79' lang='lat' dir='ltr'><strong>creditur.</strong></span> <span class='ocrx_word' id='word_1_809' title='bbox 2533 3737 2684 3813; x_wconf 66' lang='lat' dir='ltr'><strong>Unde</strong></span> <span class='ocrx_word' id='word_1_810' title='bbox 2712 3741 3021 3813; x_wconf 72' lang='lat' dir='ltr'><strong>sufficienter</strong></span> <span class='ocrx_word' id='word_1_811' title='bbox 3035 3740 3344 3813; x_wconf 85' lang='lat' dir='ltr'><strong>significavit</strong></span> <span class='ocrx_word' id='word_1_812' title='bbox 3368 3742 3574 3810; x_wconf 88' lang='lat' dir='ltr'><strong>quando</strong></span> 
     </span>
    </p>
   </div>
   <div class='ocr_carea' id='block_1_101' title="bbox 1963 3809 3572 3883">
    <p class='ocr_par' dir='ltr' id='par_1_101' title="bbox 1963 3809 3572 3883">
     <span class='ocr_line' id='line_1_102' title="bbox 1963 3809 3572 3883; baseline 0.004 -21"><span class='ocrx_word' id='word_1_813' title='bbox 1963 3825 2099 3883; x_wconf 72' lang='lat' dir='ltr'><strong>tusus</strong></span> <span class='ocrx_word' id='word_1_814' title='bbox 2131 3821 2204 3863; x_wconf 89' lang='lat' dir='ltr'><strong>est</strong></span> <span class='ocrx_word' id='word_1_815' title='bbox 2248 3809 2312 3862; x_wconf 91' lang='lat' dir='ltr'><strong>ab</strong></span> <span class='ocrx_word' id='word_1_816' title='bbox 2350 3811 2640 3865; x_wconf 87' lang='lat' dir='ltr'><strong>hominibus</strong></span> <span class='ocrx_word' id='word_1_817' title='bbox 2671 3809 2968 3881; x_wconf 37' lang='lat' dir='ltr'><strong>per&#39;oculos</strong></span> <span class='ocrx_word' id='word_1_818' title='bbox 3020 3809 3274 3881; x_wconf 76' lang='lat' dir='ltr'><strong>corporis,</strong></span> <span class='ocrx_word' id='word_1_819' title='bbox 3313 3809 3572 3883; x_wconf 85' lang='lat' dir='ltr'><strong>tamquam</strong></span> 
     </span>
    </p>
   </div>
   <div class='ocr_carea' id='block_1_102' title="bbox 1962 3881 3572 3952">
    <p class='ocr_par' dir='ltr' id='par_1_102' title="bbox 1962 3881 3572 3952">
     <span class='ocr_line' id='line_1_103' title="bbox 1962 3881 3572 3952; baseline 0.002 -18"><span class='ocrx_word' id='word_1_820' title='bbox 1962 3881 2075 3951; x_wconf 89' lang='lat' dir='ltr'><strong>ipse</strong></span> <span class='ocrx_word' id='word_1_821' title='bbox 2094 3897 2393 3952; x_wconf 86' lang='lat' dir='ltr'><strong>corporeus,</strong></span> <span class='ocrx_word' id='word_1_822' title='bbox 2435 3899 2541 3936; x_wconf 87' lang='lat' dir='ltr'><strong>non</strong></span> <span class='ocrx_word' id='word_1_823' title='bbox 2571 3899 2686 3937; x_wconf 87' lang='lat' dir='ltr'><strong>eum</strong></span> <span class='ocrx_word' id='word_1_824' title='bbox 2724 3883 3007 3937; x_wconf 87' lang='lat' dir='ltr'><strong>secundum</strong></span> <span class='ocrx_word' id='word_1_825' title='bbox 3062 3895 3262 3938; x_wconf 73' lang='lat' dir='ltr'><strong>natura:</strong></span> <span class='ocrx_word' id='word_1_826' title='bbox 3300 3881 3572 3952; x_wconf 24' lang='lat' dir='ltr'><strong>sute‘pro-</strong></span> 
     </span>
    </p>
   </div>
   <div class='ocr_carea' id='block_1_103' title="bbox 1971 3954 3573 4026">
    <p class='ocr_par' dir='ltr' id='par_1_103' title="bbox 1971 3954 3573 4026">
     <span class='ocr_line' id='line_1_104' title="bbox 1971 3954 3573 4026; baseline 0.002 -21"><span class='ocrx_word' id='word_1_827' title='bbox 1971 3956 2244 4026; x_wconf 80' lang='lat' dir='ltr'><strong>prietatem</strong></span> <span class='ocrx_word' id='word_1_828' title='bbox 2293 3955 2454 4026; x_wconf 81' lang='lat' dir='ltr'><strong>fuisse</strong></span> <span class='ocrx_word' id='word_1_829' title='bbox 2501 3954 2690 4014; x_wconf 85' lang='lat' dir='ltr'><strong>visum.</strong></span> <span class='ocrx_word' id='word_1_830' title='bbox 2738 3955 2923 4026; x_wconf 36' lang='lat' dir='ltr'><strong>inAqua</strong></span> <span class='ocrx_word' id='word_1_831' title='bbox 2949 3964 3069 4008; x_wconf 89' lang='lat' dir='ltr'><strong>tunc</strong></span> <span class='ocrx_word' id='word_1_832' title='bbox 3115 3965 3280 4009; x_wconf 87' lang='lat' dir='ltr'><strong>mente</strong></span> <span class='ocrx_word' id='word_1_833' title='bbox 3321 3955 3573 4022; x_wconf 84' lang='lat' dir='ltr'><strong>cernitur,</strong></span> 
     </span>
    </p>
   </div>
   <div class='ocr_carea' id='block_1_104' title="bbox 1971 4023 3572 4098">
    <p class='ocr_par' dir='ltr' id='par_1_104' title="bbox 1971 4023 3572 4098">
     <span class='ocr_line' id='line_1_105' title="bbox 1971 4023 3572 4098; baseline 0.004 -22"><span class='ocrx_word' id='word_1_834' title='bbox 1971 4023 2177 4098; x_wconf 81' lang='lat' dir='ltr'><strong>quando</strong></span> <span class='ocrx_word' id='word_1_835' title='bbox 2207 4025 2483 4098; x_wconf 83' lang='lat' dir='ltr'><strong>invisibilis</strong></span> <span class='ocrx_word' id='word_1_836' title='bbox 2506 4026 2752 4079; x_wconf 88' lang='lat' dir='ltr'><strong>creditur.</strong></span> <span class='ocrx_word' id='word_1_837' title='bbox 2780 4023 3006 4098; x_wconf 87' lang='lat' dir='ltr'><strong>Confer,</strong></span> <span class='ocrx_word' id='word_1_838' title='bbox 3039 4026 3085 4080; x_wconf 92' lang='lat' dir='ltr'><strong>si</strong></span> <span class='ocrx_word' id='word_1_839' title='bbox 3120 4028 3268 4092; x_wconf 77' lang='lat' dir='ltr'><strong>libet,</strong></span> <span class='ocrx_word' id='word_1_840' title='bbox 3305 4026 3572 4098; x_wconf 87' lang='lat' dir='ltr'><strong>reliquum</strong></span> 
     </span>
    </p>
   </div>
   <div class='ocr_carea' id='block_1_105' title="bbox 1971 4096 3575 4169">
    <p class='ocr_par' dir='ltr' id='par_1_105' title="bbox 1971 4096 3575 4169">
     <span class='ocr_line' id='line_1_106' title="bbox 1971 4096 3575 4169; baseline 0.002 -17"><span class='ocrx_word' id='word_1_841' title='bbox 1971 4097 2093 4165; x_wconf 87' lang='lat' dir='ltr'><strong>ejus</strong></span> <span class='ocrx_word' id='word_1_842' title='bbox 2125 4096 2382 4164; x_wconf 72' lang='lat' dir='ltr'><strong>Epistulae</strong></span> <span class='ocrx_word' id='word_1_843' title='bbox 2408 4105 2745 4166; x_wconf 80' lang='lat' dir='ltr'><strong>contextum,</strong></span> <span class='ocrx_word' id='word_1_844' title='bbox 2777 4097 2830 4152; x_wconf 93' lang='lat' dir='ltr'><strong>in</strong></span> <span class='ocrx_word' id='word_1_845' title='bbox 2861 4113 3095 4169; x_wconf 88' lang='lat' dir='ltr'><strong>eumque</strong></span> <span class='ocrx_word' id='word_1_846' title='bbox 3114 4100 3398 4154; x_wconf 87' lang='lat' dir='ltr'><strong>doctorum</strong></span> <span class='ocrx_word' id='word_1_847' title='bbox 3427 4096 3575 4155; x_wconf 75' lang='lat' dir='ltr'><strong>viro-</strong></span> 
     </span>
    </p>
   </div>
   <div class='ocr_carea' id='block_1_106' title="bbox 1973 4177 2297 4224">
    <p class='ocr_par' dir='ltr' id='par_1_106' title="bbox 1973 4177 2297 4224">
     <span class='ocr_line' id='line_1_107' title="bbox 1973 4177 2297 4224; baseline -0.006 -1"><span class='ocrx_word' id='word_1_848' title='bbox 1973 4183 2090 4223; x_wconf 75' lang='lat' dir='ltr'><strong>l‘lllll</strong></span> <span class='ocrx_word' id='word_1_849' title='bbox 2121 4177 2297 4224; x_wconf 70' lang='grc'><strong>110138.</strong></span> 
     </span>
    </p>
   </div>
   <div class='ocr_carea' id='block_1_107' title="bbox 2048 4261 3570 4336">
    <p class='ocr_par' dir='ltr' id='par_1_107' title="bbox 2048 4261 3570 4336">
     <span class='ocr_line' id='line_1_108' title="bbox 2048 4261 3570 4336; baseline 0.001 -18"><span class='ocrx_word' id='word_1_850' title='bbox 2048 4261 2073 4300; x_wconf 76' lang='grc' dir='ltr'>ἀ</span> <span class='ocrx_word' id='word_1_851' title='bbox 2112 4262 2178 4319; x_wconf 85' lang='lat' dir='ltr'><strong>In</strong></span> <span class='ocrx_word' id='word_1_852' title='bbox 2213 4263 2458 4334; x_wconf 85' lang='lat' dir='ltr'><strong>Angelos,</strong></span> <span class='ocrx_word' id='word_1_853' title='bbox 2488 4262 2611 4320; x_wconf 83' lang='lat' dir='ltr'><strong>&#39;etc.</strong></span> <span class='ocrx_word' id='word_1_854' title='bbox 2638 4263 2785 4336; x_wconf 14' lang='lat' dir='ltr'><strong>,Hmc</strong></span> <span class='ocrx_word' id='word_1_855' title='bbox 2813 4263 3074 4320; x_wconf 90' lang='lat' dir='ltr'><strong>videntur</strong></span> <span class='ocrx_word' id='word_1_856' title='bbox 3103 4278 3298 4336; x_wconf 80' lang='lat' dir='ltr'><strong>sapere</strong></span> <span class='ocrx_word' id='word_1_857' title='bbox 3324 4279 3570 4322; x_wconf 85' lang='lat' dir='ltr'><strong>errorem</strong></span> 
     </span>
    </p>
   </div>
   <div class='ocr_carea' id='block_1_108' title="bbox 1977 4335 3575 4408">
    <p class='ocr_par' dir='ltr' id='par_1_108' title="bbox 1977 4335 3575 4408">
     <span class='ocr_line' id='line_1_109' title="bbox 1977 4335 3575 4408; baseline 0.001 -16"><span class='ocrx_word' id='word_1_858' title='bbox 1977 4337 2228 4406; x_wconf 61' lang='lat' dir='ltr'><strong>Originis</strong></span> <span class='ocrx_word' id='word_1_859' title='bbox 2251 4351 2410 4401; x_wconf 75' lang='lat' dir='ltr'><strong>qttcm</strong></span> <span class='ocrx_word' id='word_1_860' title='bbox 2441 4336 2558 4402; x_wconf 87' lang='lat' dir='ltr'><strong>ipse</strong></span> <span class='ocrx_word' id='word_1_861' title='bbox 2586 4335 2948 4408; x_wconf 88' lang='lat' dir='ltr'><strong>ilieronymus</strong></span> <span class='ocrx_word' id='word_1_862' title='bbox 2968 4335 3257 4406; x_wconf 75' lang='lat' dir='ltr'><strong>castigavit</strong></span> <span class='ocrx_word' id='word_1_863' title='bbox 3305 4337 3466 4406; x_wconf 88' lang='lat' dir='ltr'><strong>epist.</strong></span> <span class='ocrx_word' id='word_1_864' title='bbox 3504 4337 3575 4393; x_wconf 89' lang='lat' dir='ltr'><strong>ad</strong></span> 
     </span>
    </p>
   </div>
   <div class='ocr_carea' id='block_1_109' title="bbox 1980 4408 3575 4480">
    <p class='ocr_par' dir='ltr' id='par_1_109' title="bbox 1980 4408 3575 4480">
     <span class='ocr_line' id='line_1_110' title="bbox 1980 4408 3575 4480; baseline -0.001 -16"><span class='ocrx_word' id='word_1_865' title='bbox 1980 4409 2196 4464; x_wconf 78' lang='lat' dir='ltr'><strong>Avitum</strong></span> <span class='ocrx_word' id='word_1_866' title='bbox 2229 4427 2241 4462; x_wconf 89' lang='lat'><strong>:</strong></span> <span class='ocrx_word' id='word_1_867' title='bbox 2273 4408 2519 4476; x_wconf 88' lang='lat' dir='ltr'><strong>Cumque,</strong></span> <span class='ocrx_word' id='word_1_868' title='bbox 2548 4409 2720 4477; x_wconf 84' lang='lat' dir='ltr'><strong>inquit</strong></span> <span class='ocrx_word' id='word_1_869' title='bbox 2745 4449 2759 4471; x_wconf 86' lang='lat'><strong>,</strong></span> <span class='ocrx_word' id='word_1_870' title='bbox 2791 4414 2843 4463; x_wconf 83' lang='lat' dir='ltr'><strong>in</strong></span> <span class='ocrx_word' id='word_1_871' title='bbox 2873 4419 3072 4480; x_wconf 86' lang='lat' dir='ltr'><strong>tantum</strong></span> <span class='ocrx_word' id='word_1_872' title='bbox 3107 4409 3494 4480; x_wconf 87' lang='lat' dir='ltr'><strong>profecerimus,</strong></span> <span class='ocrx_word' id='word_1_873' title='bbox 3521 4420 3575 4464; x_wconf 88' lang='lat' dir='ltr'><strong>ut</strong></span> 
     </span>
    </p>
   </div>
   <div class='ocr_carea' id='block_1_110' title="bbox 1900 4479 3574 4563">
    <p class='ocr_par' dir='ltr' id='par_1_110' title="bbox 1900 4479 3574 4563">
     <span class='ocr_line' id='line_1_111' title="bbox 1900 4479 3574 4563; baseline 0.002 -30"><span class='ocrx_word' id='word_1_874' title='bbox 1900 4500 1954 4561; x_wconf 84' lang='lat' dir='ltr'><strong>D</strong></span> <span class='ocrx_word' id='word_1_875' title='bbox 1981 4497 2306 4563; x_wconf 72' lang='lat' dir='ltr'><strong>nequqquant</strong></span> <span class='ocrx_word' id='word_1_876' title='bbox 2347 4495 2527 4563; x_wconf 63' lang='lat' dir='ltr'><strong>carncs</strong></span> <span class='ocrx_word' id='word_1_877' title='bbox 2559 4490 2606 4534; x_wconf 87' lang='lat' dir='ltr'><strong>et</strong></span> <span class='ocrx_word' id='word_1_878' title='bbox 2651 4496 2887 4547; x_wconf 85' lang='lat' dir='ltr'><strong>corpora,</strong></span> <span class='ocrx_word' id='word_1_879' title='bbox 2919 4479 3137 4563; x_wconf 72' lang='lat' dir='ltr'><strong>forsitan</strong></span> <span class='ocrx_word' id='word_1_880' title='bbox 3151 4497 3226 4563; x_wconf 42' lang='lat' dir='ltr'><strong>‘ne</strong></span> <span class='ocrx_word' id='word_1_881' title='bbox 3253 4482 3574 4563; x_wconf 70' lang='lat' dir='ltr'><strong>animatqui-</strong></span> 
     </span>
    </p>
   </div>
   <div class='ocr_carea' id='block_1_111' title="bbox 1980 4551 3572 4623">
    <p class='ocr_par' dir='ltr' id='par_1_111' title="bbox 1980 4551 3572 4623">
     <span class='ocr_line' id='line_1_112' title="bbox 1980 4551 3572 4623; baseline 0 -17"><span class='ocrx_word' id='word_1_882' title='bbox 1980 4553 2093 4606; x_wconf 90' lang='lat' dir='ltr'><strong>dem</strong></span> <span class='ocrx_word' id='word_1_883' title='bbox 2120 4554 2388 4623; x_wconf 86' lang='lat' dir='ltr'><strong>fuerimus.</strong></span> <span class='ocrx_word' id='word_1_884' title='bbox 2407 4551 2497 4605; x_wconf 89' lang='lat' dir='ltr'><strong>sed</strong></span> <span class='ocrx_word' id='word_1_885' title='bbox 2515 4568 2656 4606; x_wconf 87' lang='lat' dir='ltr'><strong>mens</strong></span> <span class='ocrx_word' id='word_1_886' title='bbox 2681 4561 2730 4606; x_wconf 89' lang='lat' dir='ltr'><strong>et</strong></span> <span class='ocrx_word' id='word_1_887' title='bbox 2755 4569 2932 4606; x_wconf 85' lang='lat' dir='ltr'><strong>sensus</strong></span> <span class='ocrx_word' id='word_1_888' title='bbox 2956 4553 3023 4607; x_wconf 91' lang='lat' dir='ltr'><strong>ad</strong></span> <span class='ocrx_word' id='word_1_889' title='bbox 3049 4553 3328 4623; x_wconf 88' lang='lat' dir='ltr'><strong>perfectum</strong></span> <span class='ocrx_word' id='word_1_890' title='bbox 3347 4551 3572 4619; x_wconf 84' lang='lat' dir='ltr'><strong>veniens,</strong></span> 
     </span>
    </p>
   </div>
   <div class='ocr_carea' id='block_1_112' title="bbox 1974 4623 3574 4697">
    <p class='ocr_par' dir='ltr' id='par_1_112' title="bbox 1974 4623 3574 4697">
     <span class='ocr_line' id='line_1_113' title="bbox 1974 4623 3574 4697; baseline 0 -19"><span class='ocrx_word' id='word_1_891' title='bbox 1974 4626 2219 4695; x_wconf 69' lang='lat' dir='ltr'><strong>nulloque</strong></span> <span class='ocrx_word' id='word_1_892' title='bbox 2263 4624 2705 4697; x_wconf 74' lang='lat' dir='ltr'><strong>perturbationum</strong></span> <span class='ocrx_word' id='word_1_893' title='bbox 2748 4623 2926 4678; x_wconf 89' lang='lat' dir='ltr'><strong>nubilo</strong></span> <span class='ocrx_word' id='word_1_894' title='bbox 2962 4625 3232 4697; x_wconf 58' lang='lat' dir='ltr'><strong>caligans,</strong></span> <span class='ocrx_word' id='word_1_895' title='bbox 3265 4625 3574 4697; x_wconf 83' lang='lat' dir='ltr'><strong>intuebimur</strong></span> 
     </span>
    </p>
   </div>
   <div class='ocr_carea' id='block_1_113' title="bbox 1973 4693 3547 4768">
    <p class='ocr_par' dir='ltr' id='par_1_113' title="bbox 1973 4693 3547 4768">
     <span class='ocr_line' id='line_1_114' title="bbox 1973 4693 3547 4768; baseline 0 -19"><span class='ocrx_word' id='word_1_896' title='bbox 1973 4693 2271 4750; x_wconf 80' lang='lat' dir='ltr'><strong>rationales</strong></span> <span class='ocrx_word' id='word_1_897' title='bbox 2290 4693 2738 4768; x_wconf 81' lang='lat' dir='ltr'><strong>intelligibtlesque</strong></span> <span class='ocrx_word' id='word_1_898' title='bbox 2769 4693 3104 4768; x_wconf 77' lang='lat' dir='ltr'><strong>substantias.</strong></span> <span class='ocrx_word' id='word_1_899' title='bbox 3133 4695 3262 4756; x_wconf 84' lang='lat' dir='ltr'><strong>facie</strong></span> <span class='ocrx_word' id='word_1_900' title='bbox 3284 4696 3351 4750; x_wconf 89' lang='lat' dir='ltr'><strong>ad</strong></span> <span class='ocrx_word' id='word_1_901' title='bbox 3363 4696 3547 4768; x_wconf 83' lang='lat' dir='ltr'><strong>facient</strong></span> 
     </span>
    </p>
   </div>
   <div class='ocr_carea' id='block_1_114' title="bbox 1979 4766 3578 4839">
    <p class='ocr_par' dir='ltr' id='par_1_114' title="bbox 1979 4766 3578 4839">
     <span class='ocr_line' id='line_1_115' title="bbox 1979 4766 3578 4839; baseline -0.001 -16"><span class='ocrx_word' id='word_1_902' title='bbox 1979 4769 2160 4837; x_wconf 74' lang='lat' dir='ltr'><strong>ltaquw</strong></span> <span class='ocrx_word' id='word_1_903' title='bbox 2202 4768 2306 4824; x_wconf 88' lang='lat' dir='ltr'><strong>hoc</strong></span> <span class='ocrx_word' id='word_1_904' title='bbox 2332 4769 2451 4822; x_wconf 89' lang='lat' dir='ltr'><strong>loco</strong></span> <span class='ocrx_word' id='word_1_905' title='bbox 2476 4766 2747 4839; x_wconf 86' lang='lat' dir='ltr'><strong>profectus</strong></span> <span class='ocrx_word' id='word_1_906' title='bbox 2771 4767 3051 4822; x_wconf 85' lang='lat' dir='ltr'><strong>hominum</strong></span> <span class='ocrx_word' id='word_1_907' title='bbox 3080 4768 3132 4823; x_wconf 91' lang='lat' dir='ltr'><strong>in</strong></span> <span class='ocrx_word' id='word_1_908' title='bbox 3159 4766 3392 4839; x_wconf 69' lang='lat' dir='ltr'><strong>Angelos</strong></span> <span class='ocrx_word' id='word_1_909' title='bbox 3419 4767 3578 4823; x_wconf 81' lang='lat' dir='ltr'><strong>intel-</strong></span> 
     </span>
    </p>
   </div>
   <div class='ocr_carea' id='block_1_115' title="bbox 1977 4838 3570 4910">
    <p class='ocr_par' dir='ltr' id='par_1_115' title="bbox 1977 4838 3570 4910">
     <span class='ocr_line' id='line_1_116' title="bbox 1977 4838 3570 4910; baseline -0.001 -14"><span class='ocrx_word' id='word_1_910' title='bbox 1977 4839 2226 4910; x_wconf 85' lang='lat' dir='ltr'><strong>ligendus</strong></span> <span class='ocrx_word' id='word_1_911' title='bbox 2255 4849 2336 4894; x_wconf 86' lang='lat' dir='ltr'><strong>est</strong></span> <span class='ocrx_word' id='word_1_912' title='bbox 2362 4839 2429 4893; x_wconf 90' lang='lat' dir='ltr'><strong>de</strong></span> <span class='ocrx_word' id='word_1_913' title='bbox 2461 4838 2838 4903; x_wconf 83' lang='lat' dir='ltr'><strong>similitudine,</strong></span> <span class='ocrx_word' id='word_1_914' title='bbox 2866 4839 3084 4908; x_wconf 86' lang='lat' dir='ltr'><strong>quando</strong></span> <span class='ocrx_word' id='word_1_915' title='bbox 3109 4841 3161 4893; x_wconf 94' lang='lat' dir='ltr'><strong>in</strong></span> <span class='ocrx_word' id='word_1_916' title='bbox 3190 4838 3403 4896; x_wconf 61' lang='lat' dir='ltr'><strong>caelesti</strong></span> <span class='ocrx_word' id='word_1_917' title='bbox 3445 4841 3570 4894; x_wconf 87' lang='lat' dir='ltr'><strong>bea-</strong></span> 
     </span>
    </p>
   </div>
   <div class='ocr_carea' id='block_1_116' title="bbox 1980 4910 3575 5038">
    <p class='ocr_par' dir='ltr' id='par_1_116' title="bbox 1980 4910 3575 5038">
     <span class='ocr_line' id='line_1_117' title="bbox 1980 4910 3575 5038; baseline -0.001 -73"><span class='ocrx_word' id='word_1_918' title='bbox 1980 4910 2435 5038; x_wconf 38' lang='lat' dir='ltr'><strong>tituditttaieritntts</strong></span> <span class='ocrx_word' id='word_1_919' title='bbox 2459 4911 2600 4967; x_wconf 88' lang='lat' dir='ltr'><strong>sicut</strong></span> <span class='ocrx_word' id='word_1_920' title='bbox 2625 4910 2817 4982; x_wconf 85' lang='lat' dir='ltr'><strong>Angeli</strong></span> <span class='ocrx_word' id='word_1_921' title='bbox 2842 4911 2959 4980; x_wconf 84' lang='lat' dir='ltr'><strong>Dei,</strong></span> <span class='ocrx_word' id='word_1_922' title='bbox 2990 4911 3239 4968; x_wconf 87' lang='lat' dir='ltr'><strong>videntes</strong></span> <span class='ocrx_word' id='word_1_923' title='bbox 3264 4927 3388 4967; x_wconf 90' lang='lat' dir='ltr'><strong>eum</strong></span> <span class='ocrx_word' id='word_1_924' title='bbox 3411 4911 3575 4968; x_wconf 89' lang='lat' dir='ltr'><strong>sicuti</strong></span> 
     </span>
     <span class='ocr_line' id='line_1_118' title="bbox 1980 4994 2460 5038; baseline -0.002 0"><span class='ocrx_word' id='word_1_925' title='bbox 1980 4994 2083 5038; x_wconf 76' lang='lat' dir='ltr'><strong>est.</strong></span> <span class='ocrx_word' id='word_1_926' title='bbox 2098 5015 2169 5024; x_wconf 91' lang='lat'><strong><em>—</em></strong></span> <span class='ocrx_word' id='word_1_927' title='bbox 2189 5007 2220 5038; x_wconf 60' lang='grc' dir='ltr'><strong>,ι</strong></span> <span class='ocrx_word' id='word_1_928' title='bbox 2243 4999 2460 5038; x_wconf 64' lang='grc' dir='ltr'><strong>Αιιτυικ.</strong></span> 
     </span>
    </p>
   </div>
   <div class='ocr_carea' id='block_1_117' title="bbox 1980 4994 2460 5039">
    <p class='ocr_par' dir='ltr' id='par_1_117' title="bbox 1980 4994 2460 5039">
     <span class='ocr_line' id='line_1_119' title="bbox 1980 4994 2460 5039; baseline -0.004 0"><span class='ocrx_word' id='word_1_929' title='bbox 1980 4994 2083 5039; x_wconf 68' lang='lat'><strong>85!.</strong></span> <span class='ocrx_word' id='word_1_930' title='bbox 2098 5015 2169 5024; x_wconf 89' lang='lat'><strong><em>—</em></strong></span> <span class='ocrx_word' id='word_1_931' title='bbox 2189 4994 2460 5039; x_wconf 68' lang='grc' dir='ltr'><strong>ΜΛΒἸῚΔΝ.</strong></span> 
     </span>
    </p>
   </div>
   <div class='ocr_carea' id='block_1_118' title="bbox 2060 5075 3470 5144">
    <p class='ocr_par' dir='ltr' id='par_1_118' title="bbox 2060 5075 3470 5144">
     <span class='ocr_line' id='line_1_120' title="bbox 2060 5075 3470 5144; baseline 0.001 -12"><span class='ocrx_word' id='word_1_932' title='bbox 2060 5088 2082 5114; x_wconf 72' lang='grc' dir='ltr'><strong><em>ε</em></strong></span> <span class='ocrx_word' id='word_1_933' title='bbox 2122 5076 2341 5132; x_wconf 82' lang='lat' dir='ltr'><strong>A-tdunt</strong></span> <span class='ocrx_word' id='word_1_934' title='bbox 2368 5075 2543 5132; x_wconf 80' lang='lat' dir='ltr'><strong>Vatic.</strong></span> <span class='ocrx_word' id='word_1_935' title='bbox 2569 5085 2625 5133; x_wconf 91' lang='lat' dir='ltr'><strong>et</strong></span> <span class='ocrx_word' id='word_1_936' title='bbox 2649 5077 2819 5133; x_wconf 87' lang='lat' dir='ltr'><strong>Palat.</strong></span> <span class='ocrx_word' id='word_1_937' title='bbox 2850 5092 3010 5144; x_wconf 89' lang='lat' dir='ltr'><strong>mss.,</strong></span> <span class='ocrx_word' id='word_1_938' title='bbox 3044 5077 3170 5132; x_wconf 83' lang='lat' dir='ltr'><strong>dicit</strong></span> <span class='ocrx_word' id='word_1_939' title='bbox 3195 5076 3470 5133; x_wconf 86' lang='lat' dir='ltr'><strong>Dominus.</strong></span> 
     </span>
    </p>
   </div>
   <div class='ocr_carea' id='block_1_119' title="bbox 2063 5147 3580 5219">
    <p class='ocr_par' dir='ltr' id='par_1_119' title="bbox 2063 5147 3580 5219">
     <span class='ocr_line' id='line_1_121' title="bbox 2063 5147 3580 5219; baseline 0.001 -16"><span class='ocrx_word' id='word_1_940' title='bbox 2063 5150 2080 5187; x_wconf 72' lang='grc' dir='ltr'><em>τ</em></span> <span class='ocrx_word' id='word_1_941' title='bbox 2113 5147 2234 5203; x_wconf 83' lang='lat' dir='ltr'><strong>Non</strong></span> <span class='ocrx_word' id='word_1_942' title='bbox 2263 5149 2478 5219; x_wconf 87' lang='lat' dir='ltr'><strong>faciant.</strong></span> <span class='ocrx_word' id='word_1_943' title='bbox 2528 5148 2606 5203; x_wconf 83' lang='lat' dir='ltr'><strong>Ita</strong></span> <span class='ocrx_word' id='word_1_944' title='bbox 2645 5149 2833 5219; x_wconf 84' lang='lat' dir='ltr'><strong>legunt</strong></span> <span class='ocrx_word' id='word_1_945' title='bbox 2861 5165 2992 5204; x_wconf 84' lang='lat' dir='ltr'><strong>mss.</strong></span> <span class='ocrx_word' id='word_1_946' title='bbox 3025 5150 3275 5215; x_wconf 89' lang='lat' dir='ltr'><strong>codices;</strong></span> <span class='ocrx_word' id='word_1_947' title='bbox 3310 5147 3453 5206; x_wconf 84' lang='lat' dir='ltr'><strong>Editi</strong></span> <span class='ocrx_word' id='word_1_948' title='bbox 3479 5163 3580 5204; x_wconf 88' lang='lat' dir='ltr'><strong>au-</strong></span> 
     </span>
    </p>
   </div>
   <div class='ocr_carea' id='block_1_120' title="bbox 1989 5221 3326 5292">
    <p class='ocr_par' dir='ltr' id='par_1_120' title="bbox 1989 5221 3326 5292">
     <span class='ocr_line' id='line_1_122' title="bbox 1989 5221 3326 5292; baseline -0.001 -15"><span class='ocrx_word' id='word_1_949' title='bbox 1989 5231 2117 5278; x_wconf 90' lang='lat' dir='ltr'><strong>tem.</strong></span> <span class='ocrx_word' id='word_1_950' title='bbox 2145 5222 2296 5276; x_wconf 84' lang='lat' dir='ltr'><strong>donis</strong></span> <span class='ocrx_word' id='word_1_951' title='bbox 2321 5223 2480 5276; x_wconf 83' lang='lat' dir='ltr'><strong>variis</strong></span> <span class='ocrx_word' id='word_1_952' title='bbox 2511 5233 2664 5292; x_wconf 87' lang='lat' dir='ltr'><strong>atque</strong></span> <span class='ocrx_word' id='word_1_953' title='bbox 2685 5221 3005 5276; x_wconf 82' lang='lat' dir='ltr'><strong>muneribus.</strong></span> <span class='ocrx_word' id='word_1_954' title='bbox 3059 5223 3326 5278; x_wconf 72' lang='lat' dir='ltr'><strong>MARTIAN.</strong></span> 
     </span>
    </p>
   </div>
   <div class='ocr_carea' id='block_1_121' title="bbox 2061 5292 3581 5364">
    <p class='ocr_par' dir='ltr' id='par_1_121' title="bbox 2061 5292 3581 5364">
     <span class='ocr_line' id='line_1_123' title="bbox 2061 5292 3581 5364; baseline 0.003 -22"><span class='ocrx_word' id='word_1_955' title='bbox 2061 5292 2268 5350; x_wconf 76' lang='lat' dir='ltr'><strong>BVatic.</strong></span> <span class='ocrx_word' id='word_1_956' title='bbox 2284 5309 2406 5347; x_wconf 86' lang='lat' dir='ltr'><strong>cunt</strong></span> <span class='ocrx_word' id='word_1_957' title='bbox 2424 5294 2554 5346; x_wconf 86' lang='lat' dir='ltr'><strong>olim</strong></span> <span class='ocrx_word' id='word_1_958' title='bbox 2568 5293 2746 5348; x_wconf 77' lang='lat' dir='ltr'><strong>editis.</strong></span> <span class='ocrx_word' id='word_1_959' title='bbox 2765 5294 2920 5348; x_wconf 90' lang='lat' dir='ltr'><strong>donis</strong></span> <span class='ocrx_word' id='word_1_960' title='bbox 2934 5295 3086 5348; x_wconf 83' lang='lat' dir='ltr'><strong>variis</strong></span> <span class='ocrx_word' id='word_1_961' title='bbox 3099 5307 3253 5364; x_wconf 89' lang='lat' dir='ltr'><strong>atque</strong></span> <span class='ocrx_word' id='word_1_962' title='bbox 3267 5293 3581 5348; x_wconf 87' lang='lat' dir='ltr'><strong>muneribus.</strong></span> 
     </span>
    </p>
   </div>
   <div class='ocr_carea' id='block_1_122' title="bbox 2065 5364 3586 5435">
    <p class='ocr_par' dir='ltr' id='par_1_122' title="bbox 2065 5364 3586 5435">
     <span class='ocr_line' id='line_1_124' title="bbox 2065 5364 3586 5435; baseline 0.001 -16"><span class='ocrx_word' id='word_1_963' title='bbox 2065 5364 2089 5402; x_wconf 66' lang='grc' dir='ltr'>δ</span> <span class='ocrx_word' id='word_1_964' title='bbox 2122 5365 2228 5419; x_wconf 81' lang='lat' dir='ltr'><strong>Sed</strong></span> <span class='ocrx_word' id='word_1_965' title='bbox 2265 5383 2326 5418; x_wconf 88' lang='lat' dir='ltr'><strong>ne</strong></span> <span class='ocrx_word' id='word_1_966' title='bbox 2361 5364 2514 5419; x_wconf 85' lang='lat' dir='ltr'><strong>idolis</strong></span> <span class='ocrx_word' id='word_1_967' title='bbox 2543 5365 2745 5435; x_wconf 77' lang='lat' dir='ltr'><strong>ﬁerent.</strong></span> <span class='ocrx_word' id='word_1_968' title='bbox 2781 5365 2895 5420; x_wconf 69' lang='lat' dir='ltr'><strong>Hoc</strong></span> <span class='ocrx_word' id='word_1_969' title='bbox 2930 5366 3094 5420; x_wconf 78' lang='lat' dir='ltr'><strong>etiam</strong></span> <span class='ocrx_word' id='word_1_970' title='bbox 3125 5370 3245 5420; x_wconf 82' lang='lat' dir='ltr'><strong>loco</strong></span> <span class='ocrx_word' id='word_1_971' title='bbox 3275 5365 3506 5434; x_wconf 79' lang='lat' dir='ltr'><strong>legimus</strong></span> <span class='ocrx_word' id='word_1_972' title='bbox 3529 5364 3586 5420; x_wconf 89' lang='lat' dir='ltr'><strong>in</strong></span> 
     </span>
    </p>
   </div>
   <div class='ocr_carea' id='block_1_123' title="bbox 1994 5435 3586 5504">
    <p class='ocr_par' dir='ltr' id='par_1_123' title="bbox 1994 5435 3586 5504">
     <span class='ocr_line' id='line_1_125' title="bbox 1994 5435 3586 5504; baseline -0.001 -11"><span class='ocrx_word' id='word_1_973' title='bbox 1994 5437 2170 5493; x_wconf 87' lang='lat' dir='ltr'><strong>Editis</strong></span> <span class='ocrx_word' id='word_1_974' title='bbox 2211 5435 2441 5492; x_wconf 87' lang='lat' dir='ltr'><strong>antehae</strong></span> <span class='ocrx_word' id='word_1_975' title='bbox 2479 5435 2665 5504; x_wconf 87' lang='lat' dir='ltr'><strong>libris;</strong></span> <span class='ocrx_word' id='word_1_976' title='bbox 2699 5439 2787 5492; x_wconf 85' lang='lat' dir='ltr'><strong>sed</strong></span> <span class='ocrx_word' id='word_1_977' title='bbox 2814 5454 2877 5492; x_wconf 88' lang='lat' dir='ltr'><strong>ne</strong></span> <span class='ocrx_word' id='word_1_978' title='bbox 2900 5436 3057 5491; x_wconf 82' lang='lat' dir='ltr'><strong>idolis</strong></span> <span class='ocrx_word' id='word_1_979' title='bbox 3089 5437 3430 5504; x_wconf 76' lang='lat' dir='ltr'><strong>offerrentur;</strong></span> <span class='ocrx_word' id='word_1_980' title='bbox 3461 5453 3586 5491; x_wconf 85' lang='lat' dir='ltr'><strong>cum</strong></span> 
     </span>
    </p>
   </div>
   <div class='ocr_carea' id='block_1_124' title="bbox 1998 5509 3590 5579">
    <p class='ocr_par' dir='ltr' id='par_1_124' title="bbox 1998 5509 3590 5579">
     <span class='ocr_line' id='line_1_126' title="bbox 1998 5509 3590 5579; baseline -0.001 -15"><span class='ocrx_word' id='word_1_981' title='bbox 1998 5527 2130 5565; x_wconf 85' lang='lat' dir='ltr'><strong>mss.</strong></span> <span class='ocrx_word' id='word_1_982' title='bbox 2160 5509 2380 5564; x_wconf 80' lang='lat' dir='ltr'><strong>codices</strong></span> <span class='ocrx_word' id='word_1_983' title='bbox 2406 5517 2719 5564; x_wconf 52' lang='lat' dir='ltr'><strong>c0ttstanter</strong></span> <span class='ocrx_word' id='word_1_984' title='bbox 2753 5512 2958 5579; x_wconf 85' lang='lat' dir='ltr'><strong>legant,</strong></span> <span class='ocrx_word' id='word_1_985' title='bbox 2993 5509 3083 5564; x_wconf 85' lang='lat' dir='ltr'><strong>sed</strong></span> <span class='ocrx_word' id='word_1_986' title='bbox 3114 5525 3175 5562; x_wconf 90' lang='lat' dir='ltr'><strong>ne</strong></span> <span class='ocrx_word' id='word_1_987' title='bbox 3195 5509 3348 5562; x_wconf 85' lang='lat' dir='ltr'><strong>idolis</strong></span> <span class='ocrx_word' id='word_1_988' title='bbox 3387 5510 3590 5578; x_wconf 80' lang='lat' dir='ltr'><strong>ﬁerent.</strong></span> 
     </span>
    </p>
   </div>
   <div class='ocr_carea' id='block_1_125' title="bbox 1997 5579 3591 5652">
    <p class='ocr_par' dir='ltr' id='par_1_125' title="bbox 1997 5579 3591 5652">
     <span class='ocr_line' id='line_1_127' title="bbox 1997 5579 3591 5652; baseline 0.001 -18"><span class='ocrx_word' id='word_1_989' title='bbox 1997 5579 2152 5648; x_wconf 88' lang='lat' dir='ltr'><strong>Quod</strong></span> <span class='ocrx_word' id='word_1_990' title='bbox 2182 5581 2324 5636; x_wconf 71' lang='lat' dir='ltr'><strong>idv-m</strong></span> <span class='ocrx_word' id='word_1_991' title='bbox 2357 5593 2512 5635; x_wconf 84' lang='lat' dir='ltr'><strong>Sonat</strong></span> <span class='ocrx_word' id='word_1_992' title='bbox 2535 5595 2598 5634; x_wconf 82' lang='lat' dir='ltr'><strong>ac</strong></span> <span class='ocrx_word' id='word_1_993' title='bbox 2629 5583 3050 5652; x_wconf 79' lang='lat' dir='ltr'><strong>sacrificarentur</strong></span> <span class='ocrx_word' id='word_1_994' title='bbox 3085 5599 3099 5636; x_wconf 90' lang='lat'><strong>:</strong></span> <span class='ocrx_word' id='word_1_995' title='bbox 3131 5597 3253 5635; x_wconf 88' lang='lat' dir='ltr'><strong>nattt</strong></span> <span class='ocrx_word' id='word_1_996' title='bbox 3279 5584 3473 5648; x_wconf 78' lang='lat' dir='ltr'><strong>facere,</strong></span> <span class='ocrx_word' id='word_1_997' title='bbox 3506 5581 3591 5636; x_wconf 79' lang='lat' dir='ltr'><strong>vel</strong></span> 
     </span>
    </p>
   </div>
   <div class='ocr_carea' id='block_1_126' title="bbox 2001 5652 3596 5726">
    <p class='ocr_par' dir='ltr' id='par_1_126' title="bbox 2001 5652 3596 5726">
     <span class='ocr_line' id='line_1_128' title="bbox 2001 5652 3596 5726; baseline 0.001 -19"><span class='ocrx_word' id='word_1_998' title='bbox 2001 5657 2171 5726; x_wconf 41' lang='lat' dir='ltr'><strong>[accire</strong></span> <span class='ocrx_word' id='word_1_999' title='bbox 2209 5652 2340 5720; x_wconf 89' lang='lat' dir='ltr'><strong>Deo,</strong></span> <span class='ocrx_word' id='word_1_1000' title='bbox 2371 5664 2454 5726; x_wconf 88' lang='lat' dir='ltr'><strong>est</strong></span> <span class='ocrx_word' id='word_1_1001' title='bbox 2499 5654 2830 5709; x_wconf 77' lang='lat' dir='ltr'><strong>sacrificium</strong></span> <span class='ocrx_word' id='word_1_1002' title='bbox 2876 5654 3094 5726; x_wconf 75' lang='lat' dir='ltr'><strong>offerre,</strong></span> <span class='ocrx_word' id='word_1_1003' title='bbox 3148 5653 3596 5726; x_wconf 12' lang='lat' dir='ltr'><strong>utrmanit&#39;estom</strong></span> 
     </span>
    </p>
   </div>
   <div class='ocr_carea' id='block_1_127' title="bbox 2003 5723 3596 5796">
    <p class='ocr_par' dir='ltr' id='par_1_127' title="bbox 2003 5723 3596 5796">
     <span class='ocr_line' id='line_1_129' title="bbox 2003 5723 3596 5796; baseline -0.003 -15"><span class='ocrx_word' id='word_1_1004' title='bbox 2003 5723 2182 5782; x_wconf 74' lang='lat' dir='ltr'><strong>exstat</strong></span> <span class='ocrx_word' id='word_1_1005' title='bbox 2213 5725 2353 5794; x_wconf 84' lang='lat' dir='ltr'><strong>apud</strong></span> <span class='ocrx_word' id='word_1_1006' title='bbox 2388 5725 2655 5781; x_wconf 85' lang='lat' dir='ltr'><strong>Anetores</strong></span> <span class='ocrx_word' id='word_1_1007' title='bbox 2692 5725 2931 5796; x_wconf 76' lang='lat' dir='ltr'><strong>purioris</strong></span> <span class='ocrx_word' id='word_1_1008' title='bbox 2958 5725 3288 5782; x_wconf 82' lang='lat' dir='ltr'><strong>Latinitatis.</strong></span> <span class='ocrx_word' id='word_1_1009' title='bbox 3332 5723 3596 5781; x_wconf 64' lang='lat' dir='ltr'><strong>Maurus.</strong></span> 
     </span>
    </p>
   </div>
   <div class='ocr_carea' id='block_1_128' title="bbox 2004 5795 3605 5865">
    <p class='ocr_par' dir='ltr' id='par_1_128' title="bbox 2004 5795 3605 5865">
     <span class='ocr_line' id='line_1_130' title="bbox 2004 5795 3605 5865; baseline -0.001 -10"><span class='ocrx_word' id='word_1_1010' title='bbox 2004 5830 2074 5838; x_wconf 99' lang='lat'><strong>—</strong></span> <span class='ocrx_word' id='word_1_1011' title='bbox 2102 5798 2280 5855; x_wconf 85' lang='lat' dir='ltr'><strong>Palat.</strong></span> <span class='ocrx_word' id='word_1_1012' title='bbox 2317 5797 2557 5853; x_wconf 88' lang='lat' dir='ltr'><strong>secunda</strong></span> <span class='ocrx_word' id='word_1_1013' title='bbox 2595 5795 2758 5853; x_wconf 86' lang='lat' dir='ltr'><strong>manu</strong></span> <span class='ocrx_word' id='word_1_1014' title='bbox 2779 5840 2795 5865; x_wconf 90' lang='lat'><strong>,</strong></span> <span class='ocrx_word' id='word_1_1015' title='bbox 2825 5795 3015 5865; x_wconf 76' lang='lat' dir='ltr'><strong>offerre</strong></span> <span class='ocrx_word' id='word_1_1016' title='bbox 3049 5801 3262 5865; x_wconf 75' lang='lat' dir='ltr'><strong>fierent,</strong></span> <span class='ocrx_word' id='word_1_1017' title='bbox 3287 5809 3446 5865; x_wconf 65' lang='lat' dir='ltr'><strong>antea</strong></span> <span class='ocrx_word' id='word_1_1018' title='bbox 3474 5809 3605 5854; x_wconf 82' lang='lat' dir='ltr'><strong>vero</strong></span> 
     </span>
    </p>
   </div>
   <div class='ocr_carea' id='block_1_129' title="bbox 2007 5868 3322 5942">
    <p class='ocr_par' dir='ltr' id='par_1_129' title="bbox 2007 5868 3322 5942">
     <span class='ocr_line' id='line_1_131' title="bbox 2007 5868 3322 5942; baseline 0.002 -21"><span class='ocrx_word' id='word_1_1019' title='bbox 2007 5869 2466 5942; x_wconf 85' lang='lat' dir='ltr'><strong>quemadmodum</strong></span> <span class='ocrx_word' id='word_1_1020' title='bbox 2497 5878 2552 5925; x_wconf 90' lang='lat' dir='ltr'><strong>et</strong></span> <span class='ocrx_word' id='word_1_1021' title='bbox 2578 5878 2798 5927; x_wconf 87' lang='lat' dir='ltr'><strong>veteres</strong></span> <span class='ocrx_word' id='word_1_1022' title='bbox 2824 5870 2957 5926; x_wconf 85' lang='lat' dir='ltr'><strong>edtti</strong></span> <span class='ocrx_word' id='word_1_1023' title='bbox 2991 5868 3322 5939; x_wconf 79' lang='lat' dir='ltr'><strong>offerrentur.</strong></span> 
     </span>
    </p>
   </div>
  </div>
