4052 6484
484 333 557 392 39
1741 326 1801 386 S.
1843 324 2118 387 EUSEBII
2156 326 2546 389 HIERONYMI

3721 329 3804 390 ιο

482 447 709 505 laudans
737 442 806 521 (ll
833 442 1021 501 Paral.
1046 441 1156 516 ιι).
1173 441 1285 502 Sed
1314 449 1371 500 et
1400 441 1762 501 Ecclesiastes
1780 443 2083 501 ministeria
2110 444 2165 506 A
2189 445 2363 514 datur,
2392 447 2512 519 plus
2550 445 2783 518 exigetur
2814 445 2878 501 ab
2904 461 2964 502 eo
2993 445 3150 522 (Luc.
3178 457 3277 515 ιιι,
3324 440 3442 519 48).
3474 442 3804 503 Abutimur-

485 544 624 610 vini,
654 550 819 613 atque
865 539 1101 598 convivii
1128 537 1237 606 sui,
1266 536 1501 611 mystico
1537 550 1790 593 sermone
1830 535 2093 594 describit

485 637 717 712 (Eccles.
764 637 849 707 ιι).
880 633 1033 692 Unde
1082 649 1181 706 pro
1212 633 1336 690 vino
1376 631 1590 704 Aquila,
1622 640 1648 669 ⁸
1691 631 2003 705 συμπόσιον,
2037 628 2089 686 id

483 740 591 799 est,
623 728 915 785 convivium
955 727 1353 800 interpretatus
1395 737 1481 783 est
1506 725 1655 799 quod
1683 725 1825 798 apud
1868 724 2092 782 Graecos

486 826 589 882 ἀπὸ
607 830 700 883 τοῦ
712 823 895 888 πότου,
915 819 1059 893 apud
1083 835 1183 878 nos
1209 835 1242 877 a
1264 819 1522 878 convictu
1545 818 1751 876 rectius
1765 817 2089 891 appellatur.

558 920 739 992 (Vers.
771 915 892 988 25.)
928 915 1202 988 Principes
1239 916 1314 970 tui
1338 914 1718 982 inobedientes,
1743 912 1874 969 socii
1892 913 2084 983 furum.

488 1013 595 1071 Pro
644 1010 673 1052 ι)
701 1009 1169 1076 inobedientibus,
1226 1008 1444 1080 Aquila,
1474 1012 1810 1063 recedentes:
1846 1004 2091 1079 Symma-

486 1107 647 1170 chus,
678 1101 1021 1170 declinantes,
1056 1100 1453 1173 interpretatus
1470 1106 1574 1156 est.
1604 1097 1885 1169 Principes
1912 1105 2092 1151 autem

490 1199 710 1258 Scribas
735 1211 793 1255 et
811 1196 1122 1253 Pharisazos
1140 1194 1421 1267 vocat,qni
1451 1209 1479 1247 a
1501 1192 1731 1250 Βοιιιίιιο
1752 1190 2093 1255 recedentes,

489 1292 658 1351 immo
685 1291 925 1349 veritatis
954 1291 1204 1346 semitam
1236 1287 1633 1359 relinquentes,
1689 1298 1952 1357 perverso
1978 1297 2095 1339 am-

488 1387 815 1445 bulaverunt
857 1383 1076 1451 itinere,
1101 1392 1156 1439 et
1187 1380 1325 1438 socii
1350 1380 1578 1436 fuerunt
1603 1377 1899 1450 proditoris
1932 1376 2095 1433 furis-

489 1496 597 1555 que
624 1479 801 1538 ludte.
840 1477 996 1549 Quod
1023 1476 1245 1550 quidem
1267 1485 1324 1533 et
1350 1489 1450 1532 nos
1477 1488 1673 1530 cavere
1708 1471 1991 1536 debemus,
2026 1485 2095 1527 ne

490 1574 830 1644 accipientes
865 1573 936 1630 ab
964 1571 1279 1630 hominibus
1327 1569 1517 1627 steculi
1562 1583 1810 1637 munera,
1858 1567 1950 1639 qui
1994 1580 2097 1638 per

493 1670 713 1740 rapinas
735 1669 1176 1737 miserorumque
1207 1665 1476 1737 lacrymas
1501 1661 1719 1717 divitias
1738 1667 2093 1731 congregant,

492 1777 600 1819 non
630 1759 739 1835 [AL
778 1757 869 1833 ne]
914 1768 1023 1814 tam
1064 1758 1168 1829 ipsi
1198 1755 1371 1822 fures,
1418 1770 1580 1825 quam
1616 1753 1753 1810 socii
1786 1751 1967 1808 furum
1998 1766 2096 1822 ap-

2193 554 2302 610 que
2327 539 2433 596 hoc
2461 539 2799 607 testimonio,
2827 539 2876 596 si
2901 539 3124 612 quando
3154 555 3292 611 opus
3319 538 3485 595 fuerit
3506 537 3804 596 adversum

2194 635 2462 694 Ecclesia:
2499 635 2797 708 principes,
2848 635 2940 708 qui
2970 651 3127 693 suam
3181 633 3479 692 destruunt
3535 635 3807 707 operibus

2194 728 2540 802 dignitatem.

2267 820 2388 877 Heu
2409 821 2716 880 consolabar
2733 839 2892 892 super
2920 823 3156 879 hostibus
3176 821 3327 889 meis,
3356 829 3407 876 et
3426 820 3808 879 uindicaborde

2195 916 2417 972 inimicis
2445 916 2594 972 meis.
2630 915 2867 973 Rursum
2896 927 2952 973 et
2976 917 3030 972 in
3070 917 3196 985 hoc,
3235 916 3383 988 quod
3430 917 3483 972 in
3526 915 3805 975 Hebraico

2198 1024 2305 1066 non
2335 1008 2587 1075 habetur,
2635 1018 2914 1081 ponuntur
2940 1007 3106 1075 LXX,
3151 1007 3276 1064 Non
3299 1008 3515 1064 cessabit
3543 1009 3679 1064 enim
3706 1009 3769 1083 {tt
3790 1038 3806 1053 ο

2196 1115 2285 1155 ror
2311 1117 2450 1157 meus
2473 1110 2655 1157 contra
2694 1101 2931 1158 inimicos
2964 1118 3129 1157 meos.
3169 1102 3409 1173 Corripit
3437 1111 3619 1157 autem
3641 1100 3800 1159 Scri-

2196 1191 2295 1249 bas
2322 1200 2378 1249 et
2404 1191 2736 1257 Pharisaeos,
2768 1192 2839 1250 de
2876 1194 3075 1266 quibus
3100 1205 3156 1251 et
3186 1194 3241 1250 in
3284 1193 3580 1264 Evangelio
3627 1196 3807 1267 loqui-

2198 1293 2286 1341 tur
2316 1303 2331 1341 :
2362 1285 2456 1342 Va:
2487 1286 2650 1352 vobis,
2688 1286 2887 1344 Scriba:
2916 1297 2964 1344 et
3000 1288 3256 1344 Pharisaei
3278 1287 3503 1359 (Matth.
3537 1305 3691 1357 xxttt,
3730 1291 3804 1347 l5

2196 1378 2362 1452 seqq).
2389 1380 2451 1435 Et
2476 1380 2530 1436 in
2560 1380 2670 1438 alio
2707 1381 2832 1440 loco
2865 1400 2880 1437 :
2925 1381 3200 1439 Generatio
3223 1383 3461 1438 adultera
3491 1395 3538 1439 et
3563 1400 3804 1457 perutrsa

2195 1472 2399 1546 signum
2430 1475 2614 1544 qurerit
2645 1492 2664 1529 :
2692 1486 2738 1531 et
2775 1477 2984 1552 signum
3011 1494 3113 1532 non
3134 1477 3341 1533 dabitur
3359 1478 3429 1546 ei,
3456 1478 3558 1534 nisi
3593 1479 3803 1552 signum

2196 1563 2347 1623 Jonw
2375 1568 2640 1642 propheta:
2666 1568 2885 1644 (Matth.
2928 1587 3025 1635 xu,
3058 1571 3175 1644 59).
3209 1572 3426 1644 l’laugit
3462 1583 3646 1630 autem
3683 1576 3803 1630 cle-

2199 1660 2569 1717 mentissimus
2597 1672 2756 1734 pater
2774 1664 3051 1736 principes
3075 1664 3463 1737 delinquentes
3495 1677 3554 1722 et
3603 1666 3798 1725 hostes

2197 1764 2327 1807 suos
2354 1763 2535 1821 vocat,
2584 1763 2635 1811 et
2670 1755 2927 1813 inimicos
2976 1758 3240 1830 appellat,
3267 1758 3412 1828 quod
3441 1769 3693 1831 pereant,
3729 1776 3802 1818 eo

492 1853 765 1926 pellemur
797 1869 811 1906 :
843 1850 1167 1921 dicaturque
1196 1847 1375 1914 nobis,
1406 1846 1638 1902 Videbas
1660 1845 1851 1917 furem,
1882 1853 1933 1899 et
1974 1859 2093 1898 cnr-
2122 1849 2171 1911 Β
2195 1846 2340 1918 quod
2372 1847 2546 1903 nolint
2569 1862 2730 1918 agere
2757 1850 3159 1921 paenitentiam,
3194 1852 3339 1923 quod
3380 1868 3443 1910 se
3489 1853 3802 1912 venientem

495 1948 644 2006 rebus
695 1964 813 2004 cum
858 1963 957 2016 eo,
1022 1953 1069 2001 et
1123 1960 1244 1999 cum
1297 1940 1549 1999 adulteris
1605 1942 1891 2012 portionem
1953 1948 2095 1994 tuam

492 2040 719 2116 ponebas
751 2037 873 2109 (Ps.
912 2053 1075 2107 xux,
1114 2035 1226 2112 18).

571 2136 764 2192 Omnes
807 2134 1036 2209 diligunt
1080 2149 1331 2203 munera,
1384 2139 1668 2201 sequuntur
1712 2129 2092 2187 retributiones.

492 2230 551 2289 in
580 2232 838 2304 catalogo
868 2229 1122 2287 vitiorum
1154 2234 1521 2285 numerantur
1552 2229 1719 2285 etiam
1755 2226 1806 2282 bi
1851 2224 1943 2297 qui
1971 2224 2098 2282 dili—

493 2336 630 2400 gunt
675 2340 924 2383 munera.
963 2322 1082 2380 Non
1132 2322 1292 2390 dixit,
1335 2323 1426 2394 qui
1458 2321 1739 2393 accipiunt
1769 2336 1781 2373 :
1817 2318 1921 2376 hoc
1948 2318 2094 2374 enim

491 2437 638 2495 saepe
689 2419 1019 2477 necessitate
1061 2418 1160 2485 lit;
1200 2415 1300 2475 sed
1344 2415 1440 2487 qui
1472 2430 1583 2472 non
1621 2422 1816 2486 putant
1866 2412 2093 2480 amicos,

493 2518 599 2576 nisi
623 2534 651 2572 a
678 2499 878 2590 quibus
904 2516 1045 2572 dona
1069 2514 1422 2588 perceperint
1453 2530 1468 2566 :
1513 2526 1616 2569 nec
1652 2525 1715 2567 os
1747 2507 2099 2567 considerant

490 2613 818 2680 amicorum,
862 2609 958 2667 sed
998 2623 1192 2665 manus
1238 2624 1253 2662 :
1303 2616 1361 2664 et
1394 2621 1492 2664 eos
1539 2611 1761 2662 sanctos
1796 2602 2050 2676 iudicant
2080 2644 2095 2670 ,

493 2719 727 2778 quorum
756 2702 1086 2760 exhauriunt
1115 2700 1449 2771 marsupium
1469 2715 1484 2752 :
1506 2696 1578 2755 de
1600 2697 1800 2770 quibus
1827 2705 1883 2753 et
1909 2694 2096 2752 Eccle-

494 2798 691 2856 siastes
717 2798 960 2871 loquitur
986 2815 1001 2854 :
1025 2796 1129 2867 Qui
1151 2794 1325 2870 diligit
1346 2793 1643 2868 pecuniam,
1667 2808 1773 2847 non
1797 2789 2099 2862 intplebitur

494 2895 715 2967 pecunia
745 2891 975 2967 (Eccles.
1010 2906 1066 2959 ν,
1100 2890 1181 2963 9).
1234 2888 1548 2946 Istiusmodi
1591 2897 1899 2961 sequuntur
1931 2886 2095 2943 retri-

490 2987 765 3056 butiones,
817 2997 877 3042 ut
913 2982 1134 3040 laudent
1172 2996 1269 3039 eos
1319 2998 1350 3039 a
1378 2982 1578 3055 quibus
1619 2980 1827 3053 aliquid
1874 2995 2102 3052 accepe-

494 3078 655 3148 rint,
703 3075 790 3134 vel
838 3084 995 3134 certe
1045 3074 1181 3131 nulli
1217 3074 1494 3147 quidpiam
1557 3074 1848 3141 tribuant,
1910 3073 2016 3130 nisi
2067 3088 2098 3128 a

489 3188 599 3247 quo
626 3187 686 3229 se
715 3179 1038 3243 recepturos
1078 3170 1409 3242 putaverint.
1464 3169 1570 3226 Pro
1605 3168 2097 3234 retributionibus,

2198 1956 2307 1996 non
2336 1942 2697 2013 susceperint.
2752 1944 3215 2018 ApprOpinquans
3264 1948 3414 2004 enim
3464 1947 3799 2019 Jerusalem,

2199 2032 2369 2103 ﬂevit,
2399 2044 2457 2090 et
2485 2034 2662 2092 dixit:
2712 2034 3031 2107 Jerusalem,
3077 2037 3393 2110 Jerusalem,
3443 2058 3559 2114 qua:
3606 2045 3804 2101 occidis

2199 2124 2492 2200 Prophetas
2521 2169 2537 2194 ,
2595 2137 2641 2184 et
2690 2128 2895 2203 lapides
2950 2148 3036 2187 eos
3068 2173 3085 2200 ,
3123 2134 3216 2205 qui
3261 2135 3331 2189 ad
3381 2145 3430 2190 te
3468 2137 3612 2193 missi
3639 2149 3803 2206 sunt,

2199 2227 2398 2297 quoties
2420 2225 2562 2281 volui
2580 2244 2895 2300 congregare
2913 2228 3053 2301 filios
3085 2240 3217 2300 tuos,
3243 2231 3378 2287 sicut
3397 2234 3597 2305 gallina
3628 2235 3805 2304 pullos

2198 2334 2343 2383 suos,
2375 2329 2425 2375 et
2454 2319 2668 2376 noluisti
2700 2320 2919 2395 (Matth.
2965 2340 3119 2393 χχιιι,
3162 2323 3295 2399 57)!
3324 2325 3641 2386 Consolatio
3670 2344 3804 2403 ergo

2199 2412 2298 2470 Dei
2325 2428 2493 2485 super
2532 2416 2779 2474 hostibus
2805 2418 2925 2489 ejus
2954 2428 3004 2475 et
3021 2419 3278 2478 'inimicis
3309 2431 3395 2478 est
3441 2440 3456 2479 :
3487 2434 3545 2481 ut
3572 2426 3664 2498 qui
3694 2442 3803 2485 non

2201 2508 2799 2579 senseruntbenelicia,
2825 2512 3117 2584 suppliciis
3140 2516 3514 2589 corrigantur.

2271 2600 2455 2672 (Vers.
2486 2602 2608 2674 25.)
2635 2603 2708 2659 Et
2736 2617 3029 2662 convertam
3063 2624 3279 2665 manum
3316 2628 3483 2669 meam
3522 2615 3592 2671 ad
3621 2625 3702 2683 te;
3752 2627 3803 2672 et

2200 2711 2483 2769 excoquam
2500 2697 2571 2753 ad
2598 2715 2789 2771 purum
2823 2703 3049 2757 scoriam
3078 2713 3246 2772 tuam,
3281 2715 3330 2762 et
3362 2707 3605 2779 auferam
3652 2727 3804 2767 omne

2198 2799 2442 2847 stannum
2480 2803 2645 2848 tuum.
2688 2793 2796 2852 Pro
2833 2797 3006 2853 scoria
3035 2843 3049 2866 ,
3078 2800 3223 2870 quod
3276 2801 3670 2874 interpretatus
3716 2814 3806 2862 est

2206 2892 2229 2921 θ
2271 2883 2652 2957 Symmachus,
2713 2888 2910 2957 Aquila
2957 2891 3239 2967 στέμφυλα,
3294 2893 3349 2950 id
3389 2904 3511 2963 est,
3570 2897 3798 2965 vinacia,

2200 2975 2506 3035 Theodotio
2534 2978 2869 3057 yqap‘rédsc,
2905 2981 2957 3038 id
2984 2991 3091 3052 est,
3139 2986 3347 3042 acinum
3376 3003 3488 3043 uva:
3531 2988 3807 3061 interpre-

2203 3080 2347 3129 tatus
2374 3081 2459 3129 est
2484 3091 2497 3126 :
2528 3073 2629 3129 soli
2654 3072 2820 3144 LXX,
2847 3075 3143 3133 incredulos
3164 3079 3250 3135 vel
3281 3080 3649 3151 inobedientes,
3674 3098 3807 3139 sen-

2201 3179 2322 3222 sum
2347 3167 2522 3238 magis
2548 3182 2711 3238 quam
2744 3167 2907 3224 verba
2948 3179 3247 3228 vertentes.
3296 3172 3431 3241 Quia
3458 3176 3604 3230 enim
3633 3191 3803 3247 supra

495 3265 893 3342 Symmachus,
924 3264 1345 3332 vicissitudines,
1406 3263 1493 3320 vel
1526 3264 1795 3333 ultiones,
1828 3263 2097 3334 interpre-
2124 3250 2170 3316 C
2200 3259 2416 3316 dixerat
2449 3278 2464 3317 :
2501 3261 2783 3329 Argentum
2803 3269 2952 3315 tuum
2971 3277 3170 3318 uersum
3187 3273 3264 3319 est
3289 3265 3342 3321 in
3374 3269 3620 3334 scoriam,
3657 3285 3807 3327 nunc

494 3369 641 3419 tatus
667 3368 770 3427 est,
795 3368 855 3416 ut
882 3358 937 3414 hi
959 3372 1182 3431 quoque
1210 3358 1263 3413 in
1293 3357 1450 3429 culpa
1464 3357 1705 3430 sint,qui
1728 3357 2097 3415 redduntma-

492 3456 604 3512 lum
631 3446 912 3525 promalo,
932 3463 989 3510 ct
1008 3452 1230 3509 dentem
1248 3468 1347 3523 pro
1371 3455 1558 3517 dente,
1574 3451 1796 3510 oculum
1822 3468 1923 3525 pro
1940 3453 2100 3511 oculo

492 3547 692 3625 (Exod.
728 3545 886 3619 xxI);
922 3555 978 3602 et
1010 3561 1120 3603 non
1150 3545 1442 3602 imitantur
1469 3545 1604 3602 illud
1635 3545 1952 3603 Davidicum
1984 3564 1999 3600 :
2036 3546 2100 3603 Si

492 3642 700 3698 reddidi
725 3638 1125 3696 retribuenttbus
1153 3638 1283 3693 mihi
1310 3638 1449 3693 mala
1477 3637 1765 3711 (Psal.vu,
1788 3639 1879 3711 5);
1917 3647 1973 3696 et
2001 3638 2098 3697 Je-

497 3735 684 3794 remim
719 3733 791 3791 de
815 3732 967 3804 justo
992 3729 1231 3788 dicentis
1259 3748 1273 3787 :
1305 3728 1459 3786 Dabit
1484 3732 1790 3803 percutienti
1814 3748 1870 3788 se
1907 3732 2099 3788 maxilo

496 3829 602 3886 lam
623 3844 796 3892 suam,
817 3824 1139 3883 saturabitur
1176 3825 1463 3898 opprobriis
1493 3823 1709 3899 (Thren.
1749 3841 1829 3895 ιιι,
1858 3825 1950 3896 ’50)
1991 3843 2006 3880 :
2040 3836 2099 3882 ut

494 3923 723 3995 impleat
773 3919 1162 3992 Evangelicum
1193 3917 1371 3974 virum
1398 3961 1414 3985 ,
1447 3920 1534 3976 cui
1568 3920 1775 3976 dicitur
1804 3939 1817 3977 :
1853 3920 1957 3990 Qui
1990 3921 2097 3996 ³7

497 4026 546 4073 te
599 4014 907 4088 percusserit
967 4013 1024 4068 in
1084 4010 1357 4067 maxillam
1386 4053 1402 4079 ,
1458 4011 1627 4086 prarbe
1680 4013 1727 4068 ei
1781 4023 1829 4070 et
1881 4012 2099 4072 alterunt

497 4109 716 4183 (Matth.
746 4123 805 4175 ν,
828 4106 949 4177 39).

568 4203 752 4279 (Vers.
778 4199 900 4268 24.)
941 4198 1166 4271 Propter
1194 4199 1291 4255 hoc
1334 4199 1408 4255 ait
1450 4197 1708 4257 Dominus
1753 4204 2094 4273 exercituum,

495 4297 646 4370 fortis
675 4293 848 4352 Israel
873 4310 892 4349 :
911 4292 1020 4349 Pro
1049 4292 1200 4364 fortis
1227 4288 1429 4361 Israel,
1458 4292 1604 4365 quod
1627 4308 1821 4351 omnes
1842 4295 2099 4354 similiter

495 4391 918 4457 transtulerunt,
939 4387 1039 4445 soli
1063 4385 1228 4455 LXX,
1255 4387 1443 4445 nescio
1469 4387 1601 4460 quid
1630 4388 1879 4447 volentes
1900 4405 2097 4462 posue-

497 4495 669 4545 runt:
706 4496 728 4525 ο
780 4483 873 4540 Va:
921 4482 1081 4554 fortes
1107 4478 1321 4548 Israel;
1370 4481 1515 4552 quod
1555 4498 1657 4539 nos
1683 4483 1763 4540 sic
1787 4484 2096 4544 cdisserere

500 4591 816 4653 possumus,
844 4582 903 4630 ut
930 4572 1205 4641 dicamus,
1237 4572 1517 4644 principes
1555 4576 1583 4613 ά
1613 4591 1829 4647 quoque
1868 4577 2089 4649 corripi,

2200 3361 2385 3410 servat
2407 3352 2805 3424 metaphoram,
2842 3364 2901 3409 ut
2921 3364 3212 3412 convertat
3236 3372 3403 3428 super
3432 3375 3576 3429 eam,
3607 3360 3659 3417 id
3689 3372 3796 3429 est,

2201 3446 2461 3504 extendat
2498 3461 2716 3503 manum
2747 3462 2906 3505 suam
2953 3448 3022 3505 ad
3070 3450 3429 3521 puniendum,
3464 3461 3631 3526 atque
3669 3468 3805 3525 pur-

2200 3541 2460 3615 gandum,
2507 3553 2564 3597 et
2606 3551 2881 3615 excoquat
2923 3559 3116 3601 omnes
3160 3544 3273 3618 28
3301 3544 3528 3615 sordes,
3574 3562 3638 3603 ac
3667 3547 3800 3605 vitia

2203 3648 2546 3707 peccatorum
2584 3654 2598 3693 2
2642 3645 2704 3694 ιιι
2723 3646 2979 3709 separato
3009 3648 3225 3709 stanno,
3275 3655 3470 3710 purum
3512 3652 3797 3714 argentum

2202 3743 2501 3801 remaneat,
2550 3732 2697 3806 quod
2738 3734 2947 3806 absque
2973 3736 3100 3807 igne
3148 3736 3264 3792 ﬁeri
3294 3752 3404 3794 non
3450 3746 3667 3808 potest:
3701 3754 3801 3808 per

2199 3826 2342 3898 quod
2369 3825 2642 3898 signiﬁcat
2670 3841 2769 3883 eos
2785 3841 3040 3899 passuros
3063 3843 3186 3885 esse
3215 3838 3509 3885 tormenta.
3540 3830 3800 3902 Legimus

2201 3931 2255 3977 et
2297 3920 2353 3977 in
2404 3919 2670 3977 Malacltia
2700 3920 2772 3978 de
2816 3922 3047 3980 Domino
3091 3939 3105 3978 :
3149 3921 3275 3996 Ipse
3316 3924 3606 3998 egredietur
3648 3927 3799 3994 quasi

2198 4014 2335 4086 ignis
2373 4014 2691 4085 con/latorii,
2737 4025 2786 4071 et
2830 4015 2979 4086 quasi
3023 4015 3180 4071 herba
3210 4015 3472 4087 fullonum
3515 4024 3563 4072 et
3600 4018 3798 4073 sedebit

2200 4109 2435 4179 con/laus
2459 4150 2476 4174 ,
2516 4117 2564 4163 et
2605 4108 2893 4164 emundans
2948 4108 3082 4165 sicut
3137 4118 3407 4185 argentum
3462 4119 3511 4165 et
3557 4127 3743 4166 aurum
3777 4129 3795 4169 :

2199 4212 2246 4257 et
2304 4200 2607 4257 cmundabit
2663 4202 2802 4272 ﬁlios
2842 4201 2968 4260 Levi
3022 4202 3306 4276 (Malach.
3372 4219 3478 4274 ιιι,
3530 4204 3565 4259 ‘2
3599 4250 3614 4273 ,
3668 4207 3702 4262 5
3732 4205 3796 4279 );

2198 4305 2258 4352 ut
2283 4305 2570 4367 postquam
2614 4294 2858 4352 mandati
2894 4295 3119 4366 fuerint,
3164 4296 3379 4352 dicatur
3428 4297 3501 4355 de
3549 4298 3678 4355 eis:
3729 4297 3796 4354 Et

2195 4400 2345 4446 erunt
2389 4388 2615 4445 Domino
2664 4388 2933 4458 olferentes
2955 4390 3189 4447 uictimas
3215 4392 3272 4447 in
3288 4392 3519 4463 justitia.
3542 4391 3794 4449 Ezechiel

2196 4498 2414 4555 quoque
2456 4497 2677 4540 omnem
2727 4483 2953 4539 domum
2994 4482 3182 4552 Israel,
3235 4501 3365 4553 tere,
3427 4494 3484 4542 et
3524 4486 3689 4553 ferro,
3741 4496 3797 4543 et

2197 4574 2442 4647 plumbo,
2475 4585 2533 4631 et
2561 4585 2760 4632 stanno
2798 4575 2932 4631 dicit
2958 4590 3085 4635 esse
3111 4577 3490 4645 commixtam,
3521 4587 3574 4633 et
3607 4588 3792 4648 postea

493 4651 659 4743 atque
696 4667 975 4732 robustos,
1029 4664 1100 4723 de
1144 4664 1342 4736 quibus
1371 4665 1634 4738 scriptum
1665 4675 1753 4723 est
1781 4685 1794 4724 :
1852 4667 2095 4727 Potentes
2124 4651 2173 4713 Ῐ)
2201 4671 2539 4744 purgandam
2572 4689 2585 4726 :
2614 4680 2674 4727 ut
2696 4678 2980 4743 postquam
3010 4681 3238 4743 purgata
3266 4670 3446 4741 fuerit,
3472 4682 3786 4743 cognoscat,

494 4774 725 4837 potenter
753 4768 1006 4818 tormenta
1031 4759 1292 4830 patientur
1317 4757 1472 4834 (Sup.
1503 4776 1579 4828 vr,
1614 4761 1669 4833 τ)
1688 4779 1708 4829 ;
1728 4771 1821 4821 et:
1854 4762 1950 4820 Cui
1976 4766 2094 4839 plus

571 4895 611 4956 εν
655 4882 762 4940 Pro
802 4878 1440 4956 wpnbatovdegendum
1466 4879 1579 4956 _hic
1628 4881 1807 4956 πότρνν
1856 4881 2086 4939 Drusius

495 4955 826 5028 coniecerat,
872 4950 1236 5028 renitentibus
1283 4966 1416 5008 mss.
1464 4950 1691 5024 ipsoque
1726 4955 2081 5028 Hieronymo,

495 5030 588 5104 qui
606 5024 895 5104 conuiuium
909 5024 1330 5104 interpretatur.

569 5098 598 5141 δ
623 5098 867 5154 Vatican.
904 5096 1012 5151 Pro
1037 5096 1383 5152 inobedientes
1409 5112 1428 5151 :
1473 5106 1584 5152 tum
1611 5096 1865 5166 Palatin.,
1900 5098 2090 5171 Aquila

498 5172 802 5232 recidentes.

569 5256 593 5285 ο
625 5243 718 5300 γω
743 5243 900 5315 fortes
929 5240 1122 5298 Israel.
1147 5238 1308 5315 Multa
1333 5239 1518 5315 ﬁrmes
1546 5242 1709 5315 verba
1734 5256 1796 5315 ac
1823 5249 2092 5315 commata

495 5310 814 5398 sustulimus
840 5331 872 5373 e
893 5311 1312 5373 Commentariis
1336 5310 1820 5398 Hier9ttylni,.q2i.tl
1854 5314 1969 5386 ipse
1988 5314 2085 5398 ho-

494 5408 615 5450 rum
645 5391 932 5446 verborum
961 5397 1300 5457 nequaquam
1333 5385 1600 5453 meminit,
1626 5386 1703 5441 uti
1735 5385 1894 5441 [idem
1929 5386 2087 5443 nobis

494 5463 701 5521 faciunt
726 5476 919 5519 omnes
943 5473 1076 5515 mss.
1106 5457 1349 5528 codices.
1375 5458 1466 5523 qui
1496 5459 1766 5514 constanti
1797 5471 2085 5528 perpetuo-

493 5552 600 5608 que
620 5549 890 5608 cnnsensu
921 5533 1159 5589 retinent
1185 5527 1383 5605 ubique
1412 5527 1821 5608 voccsCreecas
1847 5527 1918 5608 ab
1942 5530 2075 5608 .Hie~

494 5596 726 5680 roriymo
762 5607 1020 5680 recitatos
1037 5618 1067 5680 ;_
1083 5596 1225 5680 cum:
1250 5596 1478 5680 caeteras
1496 5601 1776 5680 addititias
1795 5600 2075 5680 adiiciant,

497 5690 556 5738 ut
578 5673 682 5737 hoc
706 5679 851 5744 loco,
881 5679 995 5735 οὐαὶ
1020 5675 1067 5750 oi
1095 5673 1373 5747 ἰσχύοντες
1393 5674 2081 5750 ’tepani._llac_pra:rnoni-

489 5761 579 5812 tus
608 5752 804 5810 Lector
841 5743 1317 5807 animadvertique
1342 5763 1448 5801 non
1467 5743 1729 5816 'requirat
1767 5743 1935 5801 Notas
1982 5761 2079 5804 ιιοο

491 5837 636 5885 stras
666 5820 1130 5895 inconsequentia
1157 5816 1348 5876 Graeca
1377 5816 1768 5895 additament_a_.
1798 5832 1921 5887 quae
1951 5826 2082 5874 sunt

486 5896 885 5975 mpiosissima.
927 5889 947 5895 ⁷
1702 5889 1968 5947 Murrum.

2198 4767 2323 4840 quia
2352 4765 2470 4838 ipse
2516 4766 2588 4822 sit
2637 4765 2900 4822 Dominus
2927 4761 3148 4836 (Ezech.
3173 4780 3309 4833 χιιι,
3345 4764 3459 4837 18).
3497 4764 3604 4823 Sed
3635 4775 3692 4823 et
3734 4765 3791 4822 in

2262 4882 2288 4921 ά
2316 4882 2454 4955 Tres
2476 4897 2647 4955 mss.,
2663 4882 2921 4955 principes
2943 4899 3172 4953 quosque
3189 4882 3404 4955 corripi.

2265 4965 2288 4993 ε
2309 4953 2580 5026 Corrupto
2607 4953 2973 5019 Martianaeus,
2997 4955 3256 5026 nullaque
3289 4953 3473 5009 addita
3504 4953 3793 5026 interpun-

2192 5027 2391 5109 ctionis
2421 5024 2575 5109 nota,
2602 5028 2963 5109 interprejaﬂtus
3003 5036 3081 5081 est
3113 5024 3457 5109 _ngmac_hus
3496 5034 3546 5080 et
3576 5024 3789 5109 Aquila,

2193 5107 2301 5156 etc.
2319 5109 2392 5178 ⁸ιιι
2412 5100 2657 5178 excipias,
2681 5096 3175 5178 quod‘Sytntnachi
3216 5110 3321 5167 εει,
3357 5096 3444 5154 hic
3485 5111 3586 5154 nec
3625 5096 3789 5178 Sym-

2193 5174 2389 5228 macho
2419 5169 2641 5238 revera,
2692 5169 2791 5226 nec
2822 5169 3034 5240 Aquilm
3060 5169 3415 5240 tribueretur
3454 5186 3469 5224 :
3516 5184 3640 5240 quae
3669 5169 3790 5226 'l‘uit

2195 5244 2373 5299 doctis
2407 5243 2539 5298 viris
2562 5244 2770 5301 erroris
2802 5239 2989 5298 causa.
3026 5239 3135 5297 Nos
3164 5249 3213 5296 et
3237 5242 3432 5296 vocula
3461 5239 3786 5298 ad'Palatin.

2194 5314 2352 5399 litium
2385 5314 2621 5405 sublata,
2666 5329 2885 5405 senLum
2912 5313 2978 5405 ad
3018 5313 3335 5405 Hieronymi
3373 5323 3617 5405 ‘mgntem
3658 5329 3790 5369 exe-

2192 5388 2387 5459 pimus.
2412 5387 2678 5459 linisebius
2700 5386 2753 5441 in
2776 5386 2920 5441 hunc
2934 5387 3110 5441 locum
3128 5403 3140 5439 :
3161 5386 3243 5443 Διὸ
3264 5386 3488 5445 κατὰτὸν
3504 5387 3788 5459 Σύμμαχον

2194 5457 2414 5538 ςζοητοει,
2438 5457 2542 5538 Ιξαὶ
2559 5463 2791 5538 stupebat.)
2812 5461 2883 5538 sic
2903 5459 3235 5538 uaGapbuynv
3254 5462 3480 5538 σκῳρίαν
3506 5457 3623 5538 pou"
3640 5457 3789 5538 Δκάιιςοὶ

2187 5528 2249 5610 δξ
2255 5532 2339 5588 τὸν
2359 5528 2712 5610 'Axu'la‘ﬁlég.
2731 5528 3047 5610 Θιοδιζινίωνά
3062 5550 3093 5593 t,
3111 5529 3210 5586 Καὶ
3218 5528 3455 5610 nuptiis-9
3475 5531 3546 5592 εἰς
3566 5530 3788 5610 raecipiti

2186 5606 2244 5683 rei
2281 5602 2609 5683 _7t']ap:t§5ic
2669 5600 2793 5661 eo».
2865 5601 3151 5683 Propterea
3210 5600 3359 5683 iuajta
3416 5600 3786 5683 Symmachum

2187 5672 2498 5745 diriiur,'Et
2519 5690 2800 5742 excoquant
2826 5672 2896 5745 ad
2938 5672 3125 5741 purum
3164 5675 3383 5729 scorinm
3414 5672 3555 5729 tuam
3585 5688 3604 5727 :
3625 5677 3786 5745 juxta

2190 5744 2591 5804 Theodotionem
2636 5761 2778 5813 vero,
2814 5743 2879 5800 Et
2923 5760 3207 5817 excoquam
3244 5745 3315 5801 ad
3354 5761 3544 5819 purum
3576 5743 3787 5802 acinum

2187 5826 2352 5874 tuum.
