4052 6458
287 363 352 421 41
901 369 1555 438 ΟΟΜΜΕΝΤΑΜΟΒΠΜ
1595 380 1660 438 IN
1702 377 1936 443 ISAIAM
1976 386 2402 450 PROPHETAM
2442 394 2574 452 LIB.
2616 397 2658 454 Ι.
2700 398 2860 457 CAP.
2899 399 2966 459 ll.
3516 413 3590 471 42

281 480 585 553 Evangelia
612 481 717 541 sub
739 485 847 542 alia
872 491 1193 562 metaphora
1225 492 1370 551 idem
1418 511 1616 554 sensus
1641 501 1887 556 ostendi-
1912 503 1963 565 Α
1993 505 2129 560 tibus
2156 506 2341 577 foliis;
2368 519 2418 564 et
2444 511 2575 567 velut
2596 513 2801 581 hortus,
2830 517 2945 574 sive
2972 520 3266 590 paradisus.
3299 524 3410 580 sine
3436 543 3592 598 aqua.

279 583 373 632 tur
416 594 430 631 :
480 575 642 650 Cujus
687 581 1030 638 uentilabrunt
1071 586 1127 641 in
1178 604 1338 643 manu
1387 593 1523 663 ejus,
1571 603 1620 646 et
1648 594 1888 668 purgabit

278 667 392 742 [Αι.
427 672 728 748 mundabit]
754 693 930 733 aream
958 696 1131 745 suam,
1165 693 1214 738 et
1242 684 1512 740 mundabit
1538 686 1549 759 |
1572 686 1657 742 Al.
1692 705 1889 761 purga-

272 762 380 838 bit]
423 767 672 833 triticum,
720 780 767 824 et
807 774 1145 847 congregabit
1185 780 1500 847 frumentum
1542 784 1595 835 in
1639 781 1827 837 horrea
1866 803 1884 839 :

272 855 457 929 paleas
495 871 669 915 autem
712 863 979 921 comburet
1023 865 1134 940 igni
1183 869 1595 944 inexstinguibili
1651 874 1884 947 (Matth.

273 966 359 1018 tit,
391 950 544 1024 {2).}

352 1042 531 1116 (Vers.
579 1045 700 1120 26.)
751 1048 823 1104 Et
859 1052 1133 1108 restituam
1163 1058 1534 1130 judicestuos,
1582 1071 1639 1115 ut
1676 1066 1886 1134 [uerunt

269 1137 425 1206 prius
445 1147 493 1194 et
513 1140 836 1199 consiliarios
865 1156 979 1201 tuos
1005 1148 1138 1204 sicut
1158 1153 1461 1224 antiquitus.
1493 1153 1548 1210 lii
1573 1156 1792 1212 civitate
1825 1159 1886 1213 li-

269 1230 387 1286 deli
419 1231 571 1301 Sion,
623 1250 745 1305 qua:
773 1245 961 1306 postea
1023 1240 1165 1298 facta
1212 1230 1298 1300 esi
1348 1250 1650 1315 meretrix;
1699 1257 1753 1305 et
1785 1265 1885 1321 pro

261 1324 445 1396 jusm,
495 1326 616 1383 sive
642 1328 881 1400 justitia,
912 1331 1302 1393 habitaverunt
1358 1340 1409 1394 in
1463 1357 1526 1396 ea
1571 1342 1881 1400 humicidm.

269 1418 408 1476 Ideo
437 1421 702 1479 Dominus
745 1429 1015 1483 convertit
1059 1446 1275 1487 manum
1319 1449 1496 1502 snam,
1528 1447 1585 1491 ut
1614 1450 1885 1510 excoquat

269 1530 406 1572 eam
455 1517 521 1572 ad
552 1533 748 1590 purum
777 1531 834 1577 et
882 1523 1096 1580 auferat
1126 1542 1290 1583 omne
1333 1538 1588 1586 stannum
1634 1531 1774 1602 ejus,
1831 1542 1884 1588 et

270 1612 536 1668 restituat
560 1613 777 1683 jiidices
806 1616 975 1683 illius,
1011 1621 1154 1676 sicut
1181 1620 1404 1679 fuerunt
1436 1639 1466 1678 a
1494 1625 1786 1697 principio,
1828 1637 1884 1683 et

266 1703 627 1762 consiliarios
663 1707 808 1764 sicut
837 1711 1162 1783 antiquitus.
1184 1713 1406 1773 .liidices
1432 1719 1644 1788 priores
1664 1718 1884 1775 fuerunt

265 1797 475 1868 Moses,
507 1810 563 1856 et
588 1801 750 1858 Jesus
779 1802 922 1861 ﬁlius
943 1803 1116 1872 Nave,
1140 1815 1194 1862 et
1223 1811 1405 1864 caeteri
1439 1826 1467 1865 a
1495 1810 1691 1881 quibus
1717 1813 1879 1868 etiam

1993 596 2180 669 Usque
2239 603 2400 658 hodie
2457 605 2631 662 Judaei
2685 607 2928 678 legentes
2981 613 3294 687 Scripturas
3343 596 3587 692 sanctas,

1991 692 2307 750 terebinthus
2356 707 2505 760 sunt.
2539 701 2655 757 sive
2683 720 2923 774 quercus,
2976 716 3035 764 iit
3073 709 3470 783 interpretatus
3508 726 3593 772 est

1988 784 2369 859 Symmachus.
2423 793 2491 847 Et
2535 793 2692 865 juxta
2745 797 3101 870 Evangeliuni
3149 803 3381 868 (Matth.
3429 806 3585 881 XXI),

1989 879 2122 936 limis
2137 898 2257 953 qum
2278 884 2443 950 aruit,
2465 887 2517 942 in
2543 904 2645 958 qua
2669 905 2790 945 cum
2812 892 3080 952 Duminus
3100 912 3258 966 poma
3275 879 3585 970 iiua=sis~et,

1988 984 2043 1030 et
2075 992 2180 1032 non
2216 979 2534 1046 invenisset.
2560 995 2764 1042 interna
2796 988 2845 1044 ei
2876 989 3131 1048 ariditate
3148 993 3450 1050 maledixit.
3477 996 3586 1053 Sed

1988 1077 2040 1124 et
2073 1071 2188 1142 ipsa
2223 1071 2350 1129 folia
2384 1087 2438 1131 et
2468 1093 2626 1148 poma
2658 1083 2957 1139 verborum
2992 1102 3133 1142 nunc
3163 1088 3306 1159 apud
3336 1105 3432 1146 eos
3462 1107 3589 1150 esse

1987 1176 2314 1222 cessarunt:
2349 1169 2537 1226 hortus
2566 1187 2782 1244 qu0qiie
2818 1177 3073 1247 irrigiiiis,
3107 1179 3157 1234 id
3201 1191 3308 1248 est,
3355 1184 3585 1240 scientia

1990 1257 2418 1330 Scripturariiin,
2448 1266 2563 1322 sive
2615 1271 2900 1338 paradisus
2927 1272 3269 1330 diversarum
3299 1279 3579 1346 arborum,

1987 1355 2078 1422 qui
2129 1355 2333 1426 absque
2362 1360 2536 1429 gratia
2585 1363 2852 1432 spiritiiali
2883 1377 2987 1435 est,
3030 1385 3129 1424 nec
3177 1372 3324 1426 olera
3362 1373 3582 1442 quidem

1986 1447 2168 1519 all'ert,
2186 1450 2253 1506 de
2268 1454 2465 1522 quibus
2480 1457 2778 1525 Apo~toliis
2795 1462 3034 1533 loquitur
3065 1483 3078 1518 :
3115 1465 3217 1532 Qui
3233 1467 3472 1538 inﬁrmus
3486 1479 3579 1538 est,

1987 1541 2130 1597 olera
2158 1547 2438 1604 manducet
2461 1551 2643 1620 (Rom.
2676 1570 2790 1621 xiv,
2818 1555 2920 1627 2):
2952 1568 3004 1613 et
3026 1558 3248 1615 siccatis
3275 1559 3578 1631 radicibus,

1986 1637 2164 1693 omnis
2195 1642 2344 1696 viror
2369 1644 2421 1697 iii
2452 1647 2758 1703 ariditatem
2780 1665 2970 1706 versus
2993 1663 3100 1718 est,
3131 1667 3194 1708 ac
3244 1654 3579 1725 squalorem.

2059 1732 2076 1803 (
2105 1732 2255 1790 Vei's.
2289 1737 2418 1807 51.)
2448 1737 2516 1791 Et
2536 1741 2630 1794 erit
2658 1743 2913 1813 fortitudo
2930 1754 3096 1799 vestra
3121 1755 3175 1800 ut
3201 1746 3380 1816 favilla
3399 1756 3582 1821 stupw.

1984 1822 2090 1878 Pro
2104 1826 2306 1895 favilla,
2326 1831 2652 1906 ἀποτίναγμα
2675 1833 3065 1904 interpretatus
3079 1847 3162 1893 est
3182 1838 3546 1910 Symmachus
3571 1858 3585 1895 :

265 1890 418 1947 liber
455 1893 748 1964 Scriptum
777 1907 984 1954 sanetae
1025 1915 1224 1956 nomen
1265 1903 1476 1974 accepit
1512 1921 1525 1957 :
1583 1916 1638 1960 et
1694 1918 1880 1976 postea
1914 1897 1963 1958 Β
1989 1890 2206 1990 quando
2231 1890 2386 1994 Sinpa
2420 1890 2675 1993 pectiliir,
2723 1937 2778 1983 et
2807 1890 3067 2000 quidquid
3116 1890 3361 1986 siirdiiim
3397 1931 3582 2000 habet,

265 1984 446 2040 David
484 1996 538 2041 et
561 1986 654 2042 alii
674 1987 808 2059 justi
841 2006 1022 2062 reges.
1055 1992 1332 2051 Restituet
1360 2012 1492 2067 ergo
1521 1997 1775 2054 Judicuiii
1805 2003 1881 2056 si-

265 2078 677 2136 militudinem:
709 2084 793 2139 vel
821 2096 943 2155 post
971 2088 1346 2157 captivitatem
1379 2090 1790 2162 Babylonicam,
1825 2106 1882 2152 ut

262 2170 450 2227 Judeei
487 2174 697 2240 volunt,
748 2176 1078 2247 anobabel,
1121 2181 1374 2250 Esdram,
1414 2196 1470 2240 et.
1519 2186 1795 2244 Neemiam
1827 2199 1882 2244 et

263 2278 509 2323 caeteros
554 2270 852 2341 principes,
904 2273 998 2344 qui
1034 2289 1208 2342 usque
1234 2276 1300 2331 ad
1354 2276 1650 2334 llircanum
1680 2282 1880 2351 populo

266 2363 634 2432 praefuerunt,
677 2365 763 2419 cui
804 2364 1049 2424 Herodes
1077 2370 1346 2426 successit
1374 2371 1429 2426 in
1463 2387 1690 2444 regnum
1731 2391 1743 2428 :
1790 2375 1879 2430 vel

261 2463 428 2510 certe
457 2455 641 2512 verius
692 2466 750 2512 et
799 2459 1023 2528 rectius,
1068 2461 1381 2531 Apostolos,
1416 2465 1585 2536 etqiii
1615 2482 1710 2536 per
1735 2465 1882 2534 Apo-

264 2551 448 2606 stolos
490 2551 861 2623 crediderunt,
923 2555 1402 2627 Ecclesiarumqne
1453 2560 1875 2629 priiicipesron-

266 2645 449 2702 stituii
473 2657 620 2710 sunt,
653 2648 792 2704 sicut
811 2648 866 2704 iii
897 2649 1169 2721 principio
1193 2653 1352 2723 hujus
1378 2661 1404 2690 ἰ
1432 2653 1672 2709 diximus
1710 2655 1875 2710 visio.

268 2737 385 2802 nis,
413 2739 556 2807 quod
583 2749 640 2796 et
659 2740 1014 2799 comminatio
1042 2754 1092 2800 et
1118 2745 1475 2815 repromissio
1507 2747 1781 2817 pertineat
1810 2747 1877 2803 ad

275 2837 501 2899 tempus
531 2831 830 2889 Dominicze
873 2836 1166 2905 passionis,
1202 2848 1256 2894 et
1282 2839 1349 2893 ad
1377 2839 1564 2908 tidem,
1597 2857 1718 2908 qua:
1759 2851 1879 2912 post

269 2927 585 2997 passionem
610 2927 726 3000 ejus
760 2931 1005 2987 fundavit
1027 2932 1354 2990 Ecclesium.

350 3021 477 3077 Post
493 3026 605 3078 haec
626 3025 885 3080 vocaberis
909 3026 1257 3101 ciuitasjusti.
1277 3028 1395 3083 urbs
1415 3029 1605 3100 ﬁdelis.
1624 3031 1732 3104 29
1753 3029 1878 3086 Haec

267 3117 564 3189 persiiicue
605 3119 674 3174 de
718 3118 984 3191 Ecclesia,
1023 3135 1144 3190 qua!
1179 3122 1234 3177 iii
1263 3121 1553 3178 Dominum
1602 3123 1879 3178 creditura

268 3221 359 3265 est
387 3222 491 3264 tam
537 3210 606 3266 de
656 3209 879 3280 Jiidzeis,
913 3227 1071 3282 quam
1102 3213 1172 3270 de
1197 3217 1472 3287 gentibus,
1528 3216 1877 3287 propheticus

1985 2013 2290 2082 projicitur.
2323 2014 2514 2073 Omnis
2540 2019 2704 2088 igitur
2725 2020 2990 2079 fortitudo
3014 2037 3068 2080 et
3099 2027 3354 2096 Sllpelbla
3390 2042 3586 2097 pecca-

1985 2115 2163 2162 torum
2217 2118 2273 2165 et
2320 2112 2710 2168 sceleratorum
2766 2115 2965 2186 lsrael,
3023 2120 3112 2188 qui
3175 2122 3587 2192 dereliqueriint

1985 2201 2301 2266 Dominum.
2333 2215 2390 2261 et
2419 2205 2621 2262 idcirco
2661 2213 2972 2282 consumpti
3007 2222 3170 2267 sunt:
3213 2222 3270 2269 et
3313 2215 3589 2270 sacriﬁca-

1983 2305 2185 2351 verunt
2210 2297 2394 2364 idolis,
2427 2308 2481 2354 et
2506 2301 2835 2358 erubescent
2866 2305 2917 2358 iii
2951 2304 3145 2365 bonis.
3177 2307 3285 2379 3o
3313 2323 3449 2375 quos
3476 2309 3590 2363 ele-

1983 2401 2216 2458 gerunt;
2252 2392 2574 2463 redigentur
2607 2397 2657 2450 in
2692 2411 3045 2470 piiigziinenta
3083 2412 3279 2471 stiipie,
3312 2419 3436 2472 qua:
3481 2404 3588 2459 levi

1985 2496 2248 2540 vorantur
2278 2487 2558 2546 incendio.
2589 2490 2850 2559 Sequitur
2877 2497 3021 2550 enim
3052 2513 3064 2550 ί
3095 2495 3165 2551 Et
3195 2514 3325 2566 onus
3368 2501 3499 2571 ejus.
3535 2500 3587 2555 id

1983 2586 2089 2645 est,
2143 2577 2480 2637 fortitudinis
2530 2595 2751 2651 vestrae,
2801 2589 2916 2643 sive
2967 2589 3319 2657 idololatrim,
3372 2592 3425 2646 iii
3479 2606 3588 2662 qua

1983 2672 2333 2731 erraveratis.
2370 2677 2591 2744 parvula
2622 2679 2858 2732 scintilla
2886 2691 3191 2735 consumet.
3595 2672 3609 2679 ”

2054 2761 2126 2816 Ει
2147 2765 2487 2821 succendetur
2509 2779 2783 2838 utrumque
2803 2771 2960 2826 simul
2982 2789 3000 2827 :
3031 2785 3077 2827 et
3110 2791 3212 2828 non
3253 2775 3349 2829 erit
3376 2776 3463 2841 qui
3493 2792 3584 2832 ea:-

1981 2857 2229 2931 stinguat.
2264 2860 2330 2914 Et
2359 2863 2586 2918 scientia
2617 2863 2872 2920 videlicet
2913 2867 3250 2935 Jlldil'Ol‘Ulll,
3303 2881 3356 2925 el
3403 2873 3586 2927 omnia

1983 2967 2284 3024 operaque:
2308 2954 2666 3023 laciiint,sive
2689 2959 2962 3016 elidolum
2979 2974 3032 3016 et
3060 2961 3386 3027 Jerusalem.
3413 2966 3463 3019 in
3481 2981 3584 3032 qua

1982 3042 2185 3099 idolum
2216 3045 2354 3101 fuit:
2388 3056 2442 3103 et
2473 3051 2848 3106 succeiidcnie
2884 3055 3132 3121 Domino,
3173 3057 3352 3112 nullus
3383 3068 3587 3114 exstin-

1980 3151 2148 3207 gnere
2181 3141 2399 3208 poterit.
2433 3141 2565 3208 Quae
2592 3145 2771 3198 omnia
2797 3146 2865 3200 de
2891 3147 3184 3203 contrariis
3209 3165 3422 3219 quoque
3445 3152 3584 3221 dog-

1983 3231 2223 3286 matibus
2274 3234 2526 3302 accipere
2577 3251 2909 3305 possumus:
2953 3241 3096 3310 quod
3147 3251 3200 3296 et
3250 3245 3492 3312 magistri
3528 3255 3583 3299 et

2396 3291 2410 3302 .
2577 3291 2592 3305 .
2812 3291 2907 3294 τ
2960 3291 2983 3310 -.
3014 3291 3096 3295 ν-ν-
3153 3291 3199 3296 --
3250 3291 3389 3312 --το-
3531 3291 3578 3299 ν-

267 3317 457 3358 δειτυο
513 3306 914 3374 οοῐηυ¹θο¹ίῑ¹¹¹⁹ο
960 3305 1098 3363 υνδε
1151 3317 1332 3364 “mem
1380 3307 1514 3378 Ῑ¹¹ε¹ί
1542 3354 1554 3378 ν
1616 3309 1721 3366 hoc
1768 3318 1871 3378 est,
1905 3291 1951 3355 θ
1981 3321 2235 3394 discipuli
2269 3327 2475 3395 pariter
2495 3339 2743 3398 pereant,
2777 3339 2830 3386 et
2859 3348 3020 3387 omne
3052 3347 3189 3402 opus
3217 3349 3407 3390 eorum
3439 3335 3578 3406 ignis

269 3392 491 3450 Duniiiii
517 3395 838 3465 Sali-atiiris,
869 3398 989 3454 sive
1019 3400 1132 3469 ipsa
1154 3399 1301 3470 justa
1331 3401 1633 3470 vocabitur,
1676 3402 1744 3458 de
1771 3420 1874 3475 qua

268 3485 479 3542 dictum
494 3499 576 3543 est
605 3487 761 3544 :Non
790 3499 956 3556 potest
969 3491 1154 3547 ciuitas
1180 3493 1432 3549 abscondi
1462 3512 1624 3568 supra
1653 3505 1874 3552 montem

267 3582 440 3653 posita
467 3581 488 3654 (
515 3581 707 3639 Matth.
738 3599 792 3653 v,
829 3584 952 3658 14).
989 3583 1015 3624 δ
1045 3585 1284 3644 Fidelem
1313 3604 1530 3661 quoque
1566 3592 1872 3664 appellans,

266 3677 356 3730 vel
388 3677 734 3745 metropolim
775 3679 930 3750 juxta
960 3679 1105 3736 LXX
1134 3683 1379 3738 ostendit
1407 3688 1476 3739 ab
1506 3685 1591 3740 his
1616 3701 1740 3741 esse
1778 3703 1874 3758 ap-

264 3772 609 3842 pellandam,
636 3776 725 3844 qui
764 3775 816 3830 in
853 3776 1083 3832 Domino
1111 3779 1376 3834 credituri
1404 3788 1549 3834 sunt.

340 3865 538 3937 (Vers.
569 3866 759 3923 27—29.
785 3870 804 3935 )
835 3869 965 3924 Sion
995 3871 1047 3924 in
1075 3871 1281 3945 judicio
1320 3873 1622 3941 redimetur,
1653 3883 1699 3929 et
1719 3875 1874 3929 redu-

268 3970 386 4014 cent
413 3976 528 4014 eam
563 3963 617 4014 in
639 3962 923 4031 justitiam,
964 3973 986 4001 ε
1018 3974 1067 4018 et
1096 3973 1326 4020 conteret
1351 3967 1593 4021 scelestos
1619 3979 1665 4021 et
1695 3984 1874 4036 pecca-

266 4061 411 4106 tores
447 4052 644 4120 simul;
680 4065 728 4107 et
772 4055 860 4124 qui
894 4054 1280 4128 dereliquerunt
1332 4055 1636 4122 Dominum,
1687 4076 1874 4114 consu-

271 4155 517 4212 mentur;
544 4147 927 4217 confundentur
948 4148 1083 4205 enim
1113 4149 1176 4202 ab
1204 4150 1383 4218 idolis,
1406 4149 1588 4222 quibus
1609 4152 1871 4220 sacri/ica-

270 4251 476 4307 verunt,
499 4249 549 4294 et
575 4240 885 4297 erubescetis
903 4259 1060 4316 super
1079 4242 1265 4309 hortis,
1290 4260 1418 4313 quos
1441 4245 1726 4319 elegeratis.
1751 4244 1869 4301 Non

269 4348 469 4389 omnes
496 4333 861 4406 redimentur,
898 4351 998 4393 nec
1028 4353 1219 4394 omnes
1265 4338 1400 4393 salvi
1432 4339 1583 4402 (ient,
1616 4341 1711 4394 sed
1746 4341 1872 4396 reli-

269 4429 436 4499 quite,
484 4427 554 4485 de
603 4431 800 4500 quibus
843 4438 898 4485 et
940 4445 1104 4501 supra
1135 4431 1338 4487 dictum
1371 4447 1475 4489 εει.
1517 4433 1873 4492 Reduceiitur

270 4532 458 4576 autem
488 4521 540 4576 in
567 4521 804 4592 justitia,
853 4537 975 4578 cum
1017 4524 1269 4580 scelerati
1307 4533 1364 4581 et
1393 4538 1711 4597 peccatores
1741 4546 1873 4585 cuii-

269 4618 380 4671 triti
415 4616 640 4686 iuerint,
673 4628 727 4673 et
749 4618 840 4690 qui
862 4619 1156 4676 Dominum
1189 4621 1486 4694 reliquere,
1533 4629 1866 4698 consumpti.

271 4710 517 4783 Cumque
579 4713 778 4769 salvati
831 4714 1076 4782 fuerint,
1123 4718 1530 4774 conl'undentur
1575 4722 1665 4791 qui
1711 4694 1872 4777 idolis
1901 4694 1949 4756 θ

270 4805 428 4874 prius
455 4805 941 4863 sacriﬁcaveraiit:
978 4817 1036 4865 et
1061 4810 1386 4868 erubescent
1415 4811 1469 4867 in
1503 4813 1696 4880 hortis,
1729 4827 1866 4883 quos

269 4897 578 4969 elegerant.
615 4898 899 4971 Sgnil‘tcat
943 4913 1126 4958 autem
1161 4903 1279 4959 loca
1325 4904 1577 4974 luxuriir,
1629 4905 1782 4962 lucos
1811 4915 1868 4962 et

268 5009 520 5050 nemora.
1861 4994 1873 5003 “

343 5086 539 5158 (Vers.
569 5087 657 5144 ΞΟ.
687 5087 705 5158 )
744 5087 914 5144 Erunt
943 5089 1078 5144 enim
1104 5091 1251 5161 quasi
1295 5091 1604 5147 terebinthus
1639 5093 1869 5164 deﬂuen-

343 5283 369 5310 ἰ
401 5270 647 5328 Diximus
676 5273 908 5329 uisionis.
941 5273 1203 5332 Advertet
1225 5277 1476 5332 curiosus
1499 5292 1564 5334 ac
1589 5279 1865 5334 studiosus

268 5344 681 5413 Scripturaruni
709 5344 1020 5415 indagator,
1054 5349 1281 5416 priorem
1307 5349 1553 5404 uisionem
1577 5350 1647 5404 ab
1680 5351 1868 5406 llieru-

266 5431 440 5488 nymo
466 5424 732 5492 vocatum
784 5417 1019 5484 primum
1064 5418 1216 5492 Isaia:
1249 5422 1584 5492 capitulum,
1631 5422 1775 5477 sicut
1814 5433 1872 5478 et

267 5488 598 5553 secundum,
626 5490 872 5545 visionem
910 5491 1210 5546 secundum.
1247 5488 1382 5549 Vide
1413 5491 1554 5548 infra
1580 5494 1873 5550 Commen-

271 5561 449 5632 larius
473 5561 528 5615 in
558 5561 582 5614 1
618 5576 763 5616 vers.
795 5563 994 5632 capitis
1025 5579 1064 5618 ii
1125 5561 1397 5620 MARTIAN.

345 5629 372 5669 δ
415 5631 752 5688 liitirrserunt
790 5629 883 5688 ltie
939 5635 1046 5690 duo
1086 5651 1220 5690 mss.
1248 5635 1496 5694 Vatican.
1532 5646 1589 5693 et
1632 5637 1866 5694 Palatiii.

268 5701 336 5758 Si
363 5704 441 5757 ita
460 5712 555 5758 est.

347 5786 369 5813 ε
422 5773 492 5829 Et
518 5785 766 5841 conteret,
807 5788 917 5835 etc.
949 5777 1295 5835 Omittuntur
1323 5780 1377 5835 iii
1411 5797 1544 5837 mss.
1591 5781 1875 5839 codicibus

266 5848 438 5926 verba
473 5846 972 5926 sacri_Ciin_textus:
1005 5849 1072 5904 Et
1092 5861 1317 5926 conteret
1355 5857 1595 5926 scelestos
1634 5865 1680 5909 et
1704 5870 1876 5926 usque

266 5917 338 5973 ad
362 5916 536 5975 Erunt
558 5922 714 5975 enim.
741 5921 814 5978 Ea
850 5933 1032 5979 tamen
1061 5925 1226 5979 verba
1257 5940 1324 5981 ex
1357 5924 1520 5982 editis
1551 5916 1873 5998 retinemus,

514 6013 793 6078 ΡΑτιιοι..
835 6015 1071 6077 XXIV.

1981 3417 2236 3487 pabulum
2271 3419 2361 3473 sit.

2052 3486 2222 3559 (Cap.
2256 3489 2322 3545 ll.
2356 3520 2428 3532 --
2456 3491 2614 3548 Vers.
2648 3494 2747 3566 1.)
2786 3495 3009 3551 Vrrbum
3048 3499 3186 3569 quod
3214 3499 3341 3554 vidit
3374 3501 3575 3570 Isaias,

1979 3579 2122 3649 [ilius
2149 3581 2306 3637 Amos
2348 3600 2504 3656 super
2532 3585 2734 3639 Judum
2765 3599 2808 3640 et
2839 3585 3147 3644 Jerusalem.
3203 3592 3268 3645 Et
3310 3592 3361 3646 iii
3407 3593 3576 3663 priori

1978 3675 2224 3743 Visione,
2257 3694 2419 3748 quam
2460 3678 2572 3750 jam
2604 3685 2977 3752 exposuimus,
3009 3685 3098 3741 ubi
3133 3685 3276 3741 LXX
3313 3690 3582 3758 interpre-

1979 3776 2070 3822 tati
2100 3781 2247 3838 sunt,
2279 3788 2434 3842 quam
2465 3773 2800 3829 vidit~contra
2829 3773 2856 3812 ά
2885 3775 3128 3832 Judaeum
3150 3790 3196 3832 et
3222 3790 3401 3832 contra
3419 3780 3579 3835 Jeru-

1977 3865 2158 3932 salem,
2192 3865 2243 3938 in
2275 3865 2544 3922 lleliraico
2581 3879 2600 3903 θ
2637 3871 2900 3938 scriptum
2952 3883 3036 3926 est
3065 3890 3132 3927 AL
3158 3890 3286 3929 JUDA
3315 3892 3576 3932 UJEBUSA-

1977 3971 2084 4014 LEM
2120 3936 2386 4030 (Ε’ἏὩΤῬἸ
2408 3965 2559 4020 mw
2587 3946 2690 4033 ὃν)
2719 3981 2730 4017 :
2755 3936 2808 4018 et
2838 3965 2892 4019 in
2922 3968 3020 4020 liae
3047 3985 3167 4037 qua:
3199 3973 3438 4024 secunda
3469 3984 3574 4040 est,

1977 4054 2030 4106 in
2063 4053 2332 4108 llebraico
2361 4054 2614 4108 similiter
2647 4056 2981 4113 continetur.
3015 4060 3080 4114 Et
3112 4063 3281 4117 miror
3303 4079 3400 4118 cur
3433 4065 3575 4121 LXX

1976 4144 2312 4216 lnterpretes
2356 4147 2409 4202 in
2443 4147 2531 4201 illa
2562 4149 2822 4218 dixrrint,
2857 4164 3035 4208 contra
3061 4155 3302 4211 Judaeum
3343 4168 3392 4212 et
3419 4157 3575 4214 Jeru-

1975 4241 2135 4296 salem
2165 4283 2179 4308 ,
2215 4250 2270 4298 et
2312 4243 2366 4297 iii
2419 4242 2520 4299 hac
2549 4244 2612 4297 de
2655 4243 2846 4300 Judtea
2894 4257 2942 4301 et
2990 4249 3053 4303 de
3101 4248 3436 4320 Jerusalem;
3469 4255 3574 4310 nisi

1976 4335 2116 4392 forte
2141 4337 2268 4408 quia
2295 4336 2364 4392 ibi
2396 4339 2704 4409 appellatur
2723 4357 2858 4411 gens
2883 4347 3178 4412 peccatrix,
3203 4350 3434 4418 populus
3465 4351 3578 4419 ple-

1976 4445 2082 4485 nus
2125 4429 2387 4502 peccatis,
2444 4445 2630 4487 Semen
2657 4437 2976 4503 pessimum,
3023 4438 3116 4492 lilii
3153 4438 3480 4510 iniquitatis,
3522 4453 3576 4500 et

1977 4524 2255 4596 principes
2279 4524 2672 4595 Sodomorum,
2704 4543 2767 4582 ac
2797 4531 3027 4600 pv~pulus
3048 4530 3392 4604 Gomnribaa,
3423 4549 3476 4592 et
3501 4539 3579 4593 ci-

1976 4618 2114 4673 vitas
2150 4619 2427 4689 meretrix,
2482 4630 2540 4676 et
2567 4634 2763 4678 cietera
2796 4624 3120 4692 irliUSlllOdl,
3151 4644 3372 4685 sensum
3404 4637 3577 4705 magis

1977 4725 2136 4782 quam
2187 4716 2408 4769 verbum
2438 4715 2781 4787 interpietati
2812 4729 2940 4774 sunt
2966 4737 2980 4773 :
3018 4731 3073 4776 et
3104 4721 3191 4778 liic
3235 4725 3362 4795 quia
3389 4729 3574 4784 statim

1977 4821 2241 4876 prospera
2277 4810 2704 4878 promittuntur:
2730 4809 2847 4866 Erit
2876 4813 2929 4867 in
2960 4816 3250 4873 novissimis
3269 4818 3445 4875 diebus
3469 4838 3581 4876 ma-

1975 4899 2194 4967 nifestus
2213 4918 2359 4957 ntons
2379 4901 2608 4967 Domini,
2634 4913 2681 4958 et
2702 4903 2886 4960 domus
2912 4905 3008 4961 Dei
3034 4909 3085 4962 in
3108 4913 3404 4967 summitate
3431 4932 3578 4971 nion-

1975 4994 2126 5063 tium,
2159 5010 2264 5051 non
2287 5005 2478 5051 contra
2507 4995 2748 5052 Judteaiii
2791 5008 2846 5054 et
2888 4998 3214 5068 Jerusalem,
3247 5007 3344 5062 sed
3371 5008 3441 5065 de
3478 5009 3576 5066 Ju-

1975 5091 2094 5146 dica
2125 5099 2179 5146 et
2203 5088 2506 5146 Jerusiilem
2538 5091 2878 5162 prophetiam
2923 5097 3341 5156 intellexerunt:
3370 5117 3494 5160 cum
3523 5114 3581 5161 et

1975 5279 2099 5349 quia
2125 5276 2491 5346 Hieronymus
2518 5278 2709 5334 eadem
2737 5280 2970 5340 illustrat
2992 5286 3108 5341 suis
3125 5285 3571 5350 Commentariis.

1976 5351 2243 5428 biturum.
2283 5378 2355 5391 —
2379 5351 2512 5428 Qua:
2542 5353 2668 5406 hinc
2695 5354 3122 5428 siiliSeiiiiiiiitur,
3149 5370 3195 5415 et
3224 5375 3442 5417 conteret
3465 5383 3574 5422 sce-

1976 5421 2150 5504 lestos,
2183 5431 2288 5476 etc.
2326 5423 2392 5476 ad
2425 5423 2597 5505 linem.
2628 5439 2799 5505 usque
2823 5421 2960 5505 sacri
2983 5421 3292 5500 contextus,
3318 5453 3491 5505 neque
3521 5421 3573 5494 iii

1978 5493 2179 5570 ptiSll‘iti
2203 5507 2332 5546 mss.
2377 5509 2554 5564 neque
2587 5497 2639 5550 in
2671 5495 2786 5567 bis,
2820 5501 3016 5570 quibus
3048 5518 3178 5559 usus
3209 5493 3291 5561 esi
3319 5493 3574 5567 Martian.

1979 5564 2348 5621 iuvi-niuutiir.

2051 5635 2078 5673 d
2119 5635 2292 5714 galat.
2328 5638 2572 5694 nonnihil
2607 5643 2832 5700 rectius.
2869 5642 3051 5700 Juduh
3084 5645 3463 5714 Uhirusalaim.

2057 5717 2080 5745 ο
2130 5706 2396 5788 Scriptum
2427 5722 2523 5776 est,
2566 5723 2671 5788 etc.
2708 5713 2797 5768 Sic
2840 5718 3021 5788 legunt
3051 5712 3391 5785 exemplaria
3430 5706 3578 5788 iniss.

2021 5796 2101 5868 tite
2147 5784 2534 5868 asplll‘alltlllelll
2578 5784 2772 5867 habent
2818 5784 2946 5868 ante
2981 5784 3308 5856 Hierusalem
3335 5837 3351 5859 ,
3383 5784 3581 5868 tieinpe

2021 5798 2101 5834 nte
2147 5798 2534 5850 aspiratiiiiieiii
2578 5798 2772 5840 ItaDClll
2818 5798 2946 5841 ante
2981 5798 3308 5856 Ujei'usalem
3335 5837 3351 5859 ,
3383 5813 3581 5868 tieinpe

1980 5798 2350 5924 ilujerusalein
2375 5871 2394 5922 ;
2418 5871 2592 5922 inore,
2627 5872 2683 5912 ut
2702 5858 2816 5927 jam
2850 5858 3110 5932 dmmus,
3139 5878 3383 5920 Veterum
3418 5871 3586 5929 libro-

1983 5940 2131 5982 ruin.
2494 5989 2502 5998 _
3200 5935 3470 5998 Murrum.

3015 6029 3054 6088 ‘2
