4052 6442
550 310 625 388 s3

1806 327 1866 386 s.
1907 325 2188 389 unseen
2227 314 2614 389 HIERONYMI

3786 340 3861 397 44

549 446 608 504 in
656 445 743 503 illa
789 445 1083 518 legerimus
1127 451 1272 527 post.
1305 444 1794 506 comminationem
1840 463 2106 519 prospera
2132 467 2144 504 :
2174 445 2231 511 Α
2250 447 2388 505 hanc
2418 460 2621 519 petram
2647 447 2917 519 ludiﬁcato
2943 448 3235 508 Ecclesium
3263 468 3463 508 tum:
3489 464 3538 508 et
3578 464 3744 525 porta:
3768 457 3858 511 iu-

546 537 840 595 Rcstituam
856 541 1062 614 judices
1087 550 1225 610 tuos,
1250 548 1303 594 ut
1327 542 1536 614 fuerunt
1562 542 1729 610 prius,
1754 552 1802 599 et
1822 543 2147 599 consiliarios

548 642 664 689 tuos
698 636 830 691 sicut
855 635 1140 707 aluiquitus
1159 651 1177 688 :
1202 642 1317 709 post
1352 635 1464 693 ltcec
1498 635 1761 693 vocaberis
1788 637 1970 693 civitas
1989 638 2145 711 justi,

549 725 672 781 urbs
694 724 902 794 ﬁdelis;
924 735 977 781 et
1007 727 1057 781 in
1102 726 1227 792 ista,
1254 734 1380 799 post
1409 742 1694 798 prospera,
1733 727 2037 784 truculenta
2079 728 2151 782 sit

546 820 922 877 comminatio.
949 818 1083 876 Ecce
1108 819 1405 878 dominator
1429 821 1683 881 Dominus
1709 824 2028 879 exercituum
2051 840 2149 878 au-

544 917 673 986 feret
696 913 759 969 ab
778 911 1074 971 Jerusalem
1101 924 1147 969 et
1177 916 1241 970 ab
1266 913 1299 969 .l
1305 915 1411 971 uda
1437 914 1668 971 validum
1692 924 1739 974 et
1765 919 1978 987 fortem,
2001 930 2151 971 omne

546 1004 704 1061 robur
731 1007 907 1079 panis,
949 1016 996 1063 et
1027 1022 1177 1063 omne
1210 1006 1366 1063 robur
1409 1023 1591 1079 aqua,
1624 1016 1680 1065 et
1724 1007 1957 1080 reliqua.
2001 1006 2149 1078 Ergo

535 1099 690 1173 juxta
727 1097 1054 1157 llebraicum
1083 1110 1138 1158 et
1180 1101 1235 1157 in
1260 1102 1353 1158 illa
1403 1103 1646 1169 visione,
1695 1110 1752 1161 et
1787 1103 1839 1158 iu
1892 1102 2001 1158 isto
2030 1117 2147 1159 ser—

543 1214 728 1265 mone,
753 1215 915 1270 quem
938 1200 1071 1255 vidit
1089 1200 1283 1269 Isaias,
1308 1201 1455 1258 lilius
1472 1200 1739 1269 Amos,de
1755 1201 1892 1259 Juda
1922 1210 1973 1258 et
1989 1200 2149 1257 Jeru-

542 1294 716 1351 salem
746 1294 1161 1368 iutelligendum
1202 1304 1291 1352 est
1317 1313 1331 1350 :
1364 1312 1471 1353 non
1490 1306 1679 1353 contra
1707 1294 1953 1353 Iudaeam
1984 1295 2142 1355 etle-

541 1387 784 1443 rusalem
811 1406 824 1445 :
852 1390 936 1445 vel
969 1405 1067 1460 pro
1090 1388 1230 1447 Juda
1261 1399 1315 1447 et
1335 1388 1661 1454 Jerusalem.
1691 1399 1749 1446 ut
1785 1390 2150 1463 Symmachus

541 1484 824 1540 transtulit
863 1502 876 1538 :
920 1485 1014 1543 sed
1045 1487 1319 1552 absolute,
1363 1487 1430 1543 de
1452 1487 1721 1560 31luda
1741 1497 1798 1545 et
1819 1487 2145 1556 Jerusalem,

538 1573 597 1635 iu
644 1591 754 1647 quo
796 1588 1029 1646 possunt
1077 1588 1132 1636 et
1174 1580 1297 1637 laeta
1335 1588 1393 1636 et
1430 1582 1604 1637 tristia
1631 1582 1925 1639 contineri.
1956 1584 2020 1638 Et
2045 1582 2149 1638 hoc.

539 1669 1002 1729 considerandum
1023 1714 1037 1740 ,
1083 1675 1209 1745 quia
1242 1674 1318 1730 ibi
1357 1673 1627 1731 visionem
1649 1675 1873 1743 videat;
1904 1675 1993 1732 hie
2016 1678 2151 1733 Ver-

538 1761 692 1830 bum,
708 1764 856 1836 quod
877 1774 1001 1823 erat
1028 1768 1078 1821 in
1103 1768 1528 1840 principioapud
1541 1770 1712 1829 Deum
1740 1792 1754 1825 τ
1777 1778 1834 1827 et
1859 1769 1915 1825 in
1940 1770 2033 1825 illa
2054 1770 2150 1827 Ju-

2250 540 2348 612 feri
2379 558 2482 599 non
2505 540 2854 614 prteuulebunt
2883 542 3132 602 adversus
3160 545 3532 619 consulatus.
3569 564 3682 617 ut,
3730 551 3857 625 18).

2248 634 2442 695 Simile
2465 636 2593 707 quid
2616 637 2685 695 ad
2706 638 3113 697 desiderantem
3132 641 3370 697 ultimam
3396 656 3573 710 suam,
3598 652 3657 700 et
3681 643 3860 716 impa-

2252 730 2451 787 tienter
2473 731 2699 788 domum
2730 733 2825 789 Dei
2854 733 3040 790 videre
3061 736 3398 806 cupientem,
3431 746 3657 793 sanctus
3678 737 3861 810 loqui-

2253 832 2372 881 tur:
2408 822 2584 891 Quare
2620 825 2782 883 tristis
2806 843 2883 895 es,
2927 826 3102 881 animo
3128 842 3268 897 mea,
3293 836 3340 882 et
3376 844 3538 900 quae
3579 832 3861 886 conturbas

2251 932 2331 970 me
2359 914 2549 987 (Psal.
2594 933 2702 986 xu,
2729 920 2762 971 li
2786 919 2841 990 )?
2870 919 2936 974 Et
2968 920 3167 976 iterum
3194 938 3207 974 :
3238 919 3370 976 Hcec
3409 921 3715 979 recordatus
3743 940 3861 979 sum

2247 1016 2298 1065 ot
2323 1007 2486 1076 eludi
2513 1010 2565 1063 in
2588 1026 2668 1066 me
2692 1010 2921 1067 animum
2944 1028 3112 1069 meum
3135 1029 3154 1068 :
3182 1016 3432 1085 quoniam
3455 1016 3778 1086 patrmsibo
3806 1018 3863 1071 in

2250 1098 2419 1157 locum
2463 1100 2572 1175 32
2614 1103 2934 1161 tabernaculi
2980 1105 3309 1163 admirabilis
3353 1123 3517 1178 usque
3558 1109 3629 1161 ad
3645 1110 3860 1163 domum

2250 1192 2383 1252 Dei:
2411 1196 2466 1250 i2;
2493 1212 2613 1257 voce
2639 1196 2974 1254 exultationis
2999 1210 3047 1254 et
3075 1200 3417 1270 confessionis
3450 1217 3615 1258 sonus
3640 1204 3861 1275 epulan-

2250 1289 2381 1344 tium
2409 1286 2614 1361 (Ibitl.,
2640 1290 2675 1347 5
2697 1290 2738 1362 ).
2782 1288 2947 1359 LXX,
2994 1290 3338 1365 Manifestum
3365 1303 3589 1349 montem
3616 1294 3855 1365 Domini,

2248 1392 2300 1438 et
2331 1384 2541 1437 domum
2566 1380 2665 1438 Dei
2710 1400 2867 1456 super
2897 1386 3072 1456 capita
3113 1387 3396 1455 montium,
3435 1389 3856 1445 transtulerunt.

2250 1474 2407 1545 Quod
2439 1477 2807 1537 testimonium
2857 1478 3066 1537 eisdem
3112 1480 3298 1537 verbis
3345 1490 3402 1536 et
3429 1480 3687 1538 melius
3730 1498 3861 1554 pro-

2252 1570 2420 1640 pheta
2444 1572 2626 1642 posuit
2650 1590 2664 1625 :
2686 1588 2810 1644 qum
2840 1572 2894 1627 in
2922 1587 3023 1633 suo
3047 1574 3172 1631 loco
3195 1575 3430 1646 exposui
3452 1576 3472 1649 (
3488 1575 3656 1631 lien.
3689 1575 3767 1649 l).

2326 1661 2392 1717 Et
2420 1662 2704 1720 elevabitur
2725 1682 2881 1739 super
2909 1664 3089 1722 colles.
3136 1667 3242 1735 Qui
3289 1668 3343 1723 in
3387 1668 3660 1738 capitibus
3696 1684 3859 1727 atou-

2253 1755 2386 1810 tium
2414 1765 2670 1813 ostensus
2695 1765 2782 1814 est
2824 1769 2881 1817 et
2911 1771 3155 1830 paratus,
3189 1759 3295 1819 iste
3324 1774 3492 1830 super
3535 1760 3712 1817 colles
3741 1764 3857 1820 ele-

544 1856 680 1915 dmis
708 1859 1058 1915 comminans
1078 1860 1146 1918 ad
1159 1860 1403 1932 gentium
1418 1865 1600 1919 veniat
1620 1862 1890 1928 salutem;
1925 1863 1977 1919 in
1991 1863 2131 1918 ista:

2253 1850 2484 1906 vabitur.
2511 1852 2588 1907 De
2608 1852 2809 1923 quibus
2838 1854 3115 1911 montibus
3138 1864 3196 1911 et
3213 1856 3448 1912 collibus
3468 1864 3523 1911 et
3548 1856 3602 1912 in
3627 1854 3857 1915 Cantico

538 1949 786 2020 gentium
817 1950 993 2009 salute
1038 1952 1330 2024 incipiens,
1361 1954 1554 2025 punito
1588 1954 1787 2021 Israel,
1804 1971 1870 2011 ex
1919 1964 2149 2026 utraque

537 2046 830 2103 vocatione
858 2046 1153 2103 credentes
1183 2049 1235 2104 in
1258 2048 1468 2107 Christi
1496 2049 1801 2106 Ecclesium
1827 2061 2146 2122 congregat.

611 2136 808 2211 (Ἴθι-ε.
842 2140 937 2213 2.)
971 2140 1038 2196 Et
1062 2143 1160 2198 erit
1186 2144 1239 2199 in
1276 2144 1570 2201 novissimis
1610 2143 1787 2200 diebus
1816 2155 2142 2218 prceparatus

537 2249 684 2290 mons
710 2234 895 2293 domus
917 2233 1132 2290 Domini
1156 2236 1214 2290 in
1262 2238 1444 2293 vertice
1495 2236 1770 2291 montium.
1802 2235 2144 2295 Novissimos

536 2328 653 2385 dies
678 2340 731 2384 et
758 2331 808 2384 in
831 2329 1032 2387 Genesi
1064 2332 1315 2403 legimus,
1352 2330 1518 2402 quod,
1545 2339 1779 2389 vocante
1806 2330 1977 2388 Jacob
2001 2330 2143 2387 lilios

533 2436 666 2477 suos
692 2433 858 2494 atque
884 2424 1141 2483 dicente:
1176 2425 1363 2482 Venite
1402 2435 1458 2480 ut
1496 2427 1805 2482 annuntians
1850 2426 1987 2483 vobis
2016 2425 2141 2498 quid

536 2519 773 2587 futurum
793 2517 860 2570 sit
883 2522 937 2571 in
960 2519 1249 2574 novissimis
1272 2517 1454 2573 diebus
1480 2516 1654 2592 (Gen.
1682 2534 1829 2585 χιιι,
1859 2518 1923 2590 ί)
1951 2535 1965 2572 :
1991 2527 2141 2588 post-

533 2623 597 2663 ea
631 2608 697 2663 ad
719 2607 937 2678 Judnn,
981 2610 1048 2665 de
1088 2610 1247 2681 cujus
1277 2612 1487 2667 semine
1534 2625 1691 2667 ortus
1726 2620 1814 2667 est
1859 2608 2138 2677 Christus,

532 2701 734 2759 dixerit
769 2720 784 2757 :
818 2701 942 2758 Non
972 2704 1172 2775 deﬁciet
1200 2707 1441 2777 princeps
1470 2704 1720 2773 exinde,
1746 2721 1909 2776 neque
1929 2704 2042 2759 dua:
2078 2703 2141 2756 de

532 2795 809 2866 femoribus
837 2801 952 2871 ejus
971 2840 983 2861 ,
1009 2801 1170 2854 donec
1200 2800 1369 2856 veniat
1393 2800 1481 2856 cui
1498 2799 1783 2866 repositum
1805 2809 1879 2853 est
1911 2815 1930 2853 ε
1953 2807 2001 2857 et
2029 2800 2140 2869 ipse

531 2888 629 2942 erit
651 2893 967 2961 exspectatio
986 2896 1237 2962 gentium.
1264 2892 1320 2948 ιιι
1352 2894 1437 2947 his
1465 2893 1781 2950 novissimis
1808 2892 2005 2950 diebus
2029 2893 2139 2949 erit

532 2978 666 3035 hora
691 2982 1010 3049 novissima,
1032 2983 1102 3041 de
1127 3001 1231 3055 qua
1254 2983 1495 3040 Joannes
1519 2984 1816 3054 Aposmlus
1849 2985 2094 3054 loquitur
2116 3001 2133 3044 :

532 3071 719 3129 Filiolt'
759 3076 878 3141 mei,
911 3076 1190 3132 novissima
1214 3075 1348 3131 hora
1390 3086 1463 3132 est
1494 3076 1515 3150 (
1544 3075 1588 3131 Il
1612 3076 1773 3133 Joan.
1805 3093 1847 3142 t,
1882 3076 1984 3146 18)
2012 3094 2027 3142 ;
2080 3077 2134 3133 in

2248 1944 2587 2003 canticorum
2616 1961 2818 2016 sponsa
2839 1947 3114 2018 loquitur:
3142 1947 3259 2005 Vox
3276 1949 3547 2019 fratruelis
3573 1952 3674 2007 ιιιεὶ
3694 1966 3715 2006 :
3740 1968 3857 2009 ecce

2245 2037 2331 2094 ltic
2361 2039 2494 2093 venit
2512 2036 2706 2094 saliens
2730 2056 2887 2112 super
2916 2050 3129 2109 montes,
3165 2040 3463 2098 transiliens
3489 2044 3681 2099 colles:
3707 2045 3856 2100 sinsi-

2245 2129 2313 2186 lis
2343 2141 2416 2188 est
2441 2132 2707 2201 fratruelis
2737 2150 2878 2191 meus
2901 2150 3105 2205 caprea:
3129 2136 3208 2191 uel
3237 2136 3458 2193 hinnulo
3489 2153 3759 2193 cervorum
3797 2139 3854 2193 iu

2248 2223 2506 2285 montibus
2532 2224 2714 2283 Bethel
2737 2224 2931 2297 (Cant.
2953 2242 3012 2293 u,
3040 2227 3094 2296 8,
3125 2226 3161 2284 9
3178 2227 3218 2300 ).

2316 2316 2384 2371 Et
2408 2320 2567 2389 fluent
2590 2318 2658 2375 ad
2680 2336 2797 2377 eum
2814 2336 2989 2377 omnes
3004 2329 3179 2394 gentes
3202 2338 3222 2377 ε
3243 2330 3289 2377 et
3310 2322 3454 2379 ibunt
3471 2322 3654 2395 pepuli
3674 2324 3850 2379 multi.

2243 2411 2449 2471 Omnes
2493 2413 2639 2480 enim
2685 2424 2875 2486 gentes
2915 2416 3158 2472 servient
3207 2416 3279 2483 ei,
3337 2417 3425 2473 cui
3466 2416 3670 2473 dictum
3722 2427 3849 2475 est:

2243 2503 2466 2561 Paslnla
2495 2524 2531 2559 a
2554 2524 2654 2573 me,
2687 2522 2736 2561 et
2776 2507 2913 2563 dabo
2939 2509 3030 2563 tibi
3073 2519 3246 2581 gentes
3277 2508 3637 2569 ntereditatem
3676 2520 3846 2579 tuam,

2241 2606 2288 2651 et
2313 2598 2689 2668 possessionem
2719 2609 2863 2655 tuam
2889 2601 3137 2657 terminos
3157 2611 3309 2658 teme
3329 2604 3350 2673 (
3373 2599 3526 2661 Psal.
3547 2618 3606 2669 ιι,
3636 2600 3714 2672 8)
3744 2619 3757 2655 :
3790 2610 3853 2658 ut

2242 2691 2490 2749 serviant
2516 2692 2567 2746 ei
2593 2692 2747 2763 juxta
2780 2692 3118 2764 Supbouiam
3145 2694 3248 2751 sub
3274 2694 3407 2765 iugo
3451 2710 3581 2763 uno,
3625 2694 3695 2752 de
3720 2696 3848 2766 qui-

2241 2782 2346 2844 bus
2390 2783 2533 2846 idem
2583 2784 2846 2856 propheta
2892 2796 3159 2844 testatur:
3213 2786 3299 2843 Ea:
3327 2786 3517 2859 ﬁnibus
3563 2790 3849 2859 ﬂuuiorum

2242 2878 2535 2952 Ait/tropice
2563 2880 2779 2949 afferent
2811 2883 2903 2939 tibi
2920 2882 3347 2957 hostias(Soplt.
3382 2900 3459 2954 tu,
3497 2884 3631 2957 10).
3673 2886 3741 2940 Et
3787 2886 3847 2943 itt

2238 2974 2648 3047 septuagesimo
2690 2976 2864 3046 primo
2910 2977 3126 3047 psalmo
3156 2978 3428 3049 legimus:
3459 2976 3530 3037 In
3570 2988 3851 3048 conspectu

2239 3073 2353 3142 ejus
2382 3070 2652 3141 procident
2679 3070 2956 3145 £tlti0pes
2988 3070 3179 3147 (Psal.
3208 3088 3358 3140 un,
3389 3071 3485 3145 9).
3533 3073 3590 3130 lu
3621 3074 3850 3133 nomine

530 3181 636 3238 qua
659 3167 903 3224 abscisus
935 3170 1073 3239 lapis
1094 3170 1162 3226 de
1184 3177 1371 3227 monte
1398 3170 1520 3227 sine
1541 3171 1813 3235 manibus,
1859 3172 2033 3228 crevit
2080 3171 2132 3225 iu
2239 3163 2384 3219 enim
2412 3163 2545 3221 lusu
2574 3180 2738 3220 oumc
2774 3182 2914 3235 genu
2960 3167 3235 3233 ﬂectetur,
3280 3166 3609 3234 antestium,
3643 3178 3849 3224 terres-

532 3266 779 3317 tnoutem
808 3271 1087 3331 maguum,
1117 3271 1173 3319 et
1192 3262 1666 3333 replevitomnem
1690 3273 1892 3319 terram
1922 3279 1991 3318 :a
2023 3278 2131 3331 quo
2158 3241 2203 3305 (ἶ
2238 3258 2426 3325 trium,
2457 3266 2514 3316 et
2541 3258 2877 3315 inlernorum
2908 3258 3187 3332 (Philipp.
3216 3275 3254 3317 ιι
3280 3264 3319 3330 ).

529 3355 783 3423 princeps
807 3354 934 3427 Tyri
959 3355 1011 3410 in
1035 3355 1321 3410 Ezechiele
1340 3356 1543 3411 dicitur
1560 3357 1877 3413 vulneratus
1899 3356 1919 3428 (
1939 3355 2125 3413 Ezeclt.

529 3463 644 3514 vtu,
682 3449 779 3515 l6,
808 3450 1089 3505 secundum
1110 3449 1310 3523 LXX).
1346 3450 1446 3507 llic
1474 3468 1631 3507 mons
1666 3452 1720 3508 in
1752 3452 1917 3508 domn
1944 3452 1988 3507 D
2011 3454 2130 3507 imi—

530 3540 586 3596 ni
615 3550 720 3608 est,
764 3558 927 3613 quam
982 3544 1255 3615 Propheta
1304 3546 1565 3616 suspirat,
1618 3546 1849 3603 dicens:
1883 3557 1911 3586 α
1955 3546 2129 3603 Unum

529 3634 683 3706 petivi
709 3650 742 3687 a
769 3631 1017 3702 Domino,
1049 3634 1148 3689 lsoc
1168 3639 1461 3708 requiram:
1492 3647 1546 3692 ut
1583 3637 1866 3694 inhabilem
1893 3640 1946 3694 in
1974 3640 2129 3693 domo

529 3723 765 3794 Domini,
807 3743 985 3783 omnes
1010 3729 1120 3784 dies
1145 3730 1264 3785 vita
1307 3745 1436 3787 mea
1464 3730 1596 3802 (Ps.
1627 3748 1780 3798 xm,
1823 3734 1931 3804 4);
1964 3743 2022 3789 et
2058 3733 2129 3789 de

529 3834 634 3889 qua
655 3818 860 3877 Paulus
892 3820 1090 3876 scribit
1113 3821 1178 3876 ad
1204 3820 1552 3879 Timotheum
1580 3840 1594 3876 :
1629 3823 1727 3879 Sin
1757 3836 1929 3880 autem
1949 3824 2130 3879 tarda-

526 3930 669 3980 vero,
689 3924 746 3969 ut
767 3916 902 3970 scias
928 3915 1187 3987 quomodo
1232 3927 1281 3972 te
1308 3927 1545 3990 oporteat
1566 3920 1862 3974 σθῆναι-εανὲ
1891 3919 1944 3972 in
1973 3918 2128 3973 dorus

524 4006 647 4071 Dei,
669 4018 878 4081 quaest
910 4009 1143 4065 Ecclesia
1186 4009 1286 4065 Dei
1317 4012 1549 4079 viventis,
1589 4010 1831 4068 columna
1868 4020 1917 4067 et
1950 4013 2127 4083 ﬁrma.

526 4109 756 4155 mentum
778 4102 1006 4156 ueritatis
1029 4101 1082 4174 (l
1112 4100 1249 4157 Tim.
1285 4118 1364 4169 ut,
1409 4102 1531 4173 15).
1558 4102 1685 4158 Haec
1724 4103 1920 4159 domus
1958 4104 2130 4160 aedili-

526 4207 645 4252 cata
663 4207 923 4267 estsuper
936 4196 1347 4252 ittndamentum
1359 4198 1744 4267 Apostolorum
1758 4209 1812 4254 et
1828 4197 2129 4268 Propheta-

525 4306 669 4357 rum,
696 4292 787 4363 qui
810 4300 865 4347 et
890 4292 992 4362 ipsi
1014 4302 1227 4348 montes
1250 4300 1401 4359 sunt,
1420 4292 1575 4362 quasi
1595 4291 1901 4347 imitatores
1921 4289 2127 4347 Christi

524 4382 765 4455 (Eptm.
794 4382 889 4456 ιι).
948 4384 1026 4440 De
1070 4385 1172 4441 hac
1217 4384 1384 4441 domo
1423 4382 1450 4424 δ
1476 4384 1780 4441 Jerusalem
1833 4383 2125 4439 Psahnista

521 4476 832 4531 conclamat
875 4475 1109 4533 dicens:
1148 4475 1251 4542 Qui
1298 4476 1567 4547 conﬁdunt
1612 4477 1668 4530 in
1717 4472 1947 4532 Domino
1996 4475 2128 4530 sicut

522 4584 671 4625 mons
699 4570 850 4635 Sion,
874 4586 979 4625 non
1002 4570 1401 4625 commovebitur
1420 4569 1475 4623 in
1505 4580 1778 4637 temnunt,
1807 4569 1897 4641 qui
1928 4567 2127 4622 habitat

2305 3351 2487 3424 (Vera.
2520 3348 2601 3423 ὃ.)
2632 3350 2701 3407 Et
2731 3353 2934 3409 dicent:
2972 3352 3176 3419 Venite,
3209 3354 3552 3410 ascendantus
3579 3353 3649 3413 ad
3690 3370 3846 3410 mon-

2232 3456 2332 3502 tem
2356 3445 2584 3513 υοιιιὶκί,
2619 3454 2667 3500 et
2691 3445 2761 3499 ad
2801 3444 3012 3502 domum
3052 3444 3147 3503 Dei
3182 3443 3386 3503 Jucob:
3425 3458 3474 3501 et
3518 3445 3717 3505 docebit
3745 3463 3845 3501 nos

2232 3540 2343 3595 uias
2367 3556 2488 3593 suas
2512 3554 2531 3593 :
2560 3547 2606 3593 et
2639 3539 3019 3595 ambulabimus
3051 3539 3109 3595 in
3137 3540 3333 3599 semitis
3364 3543 3502 3613 ejus.
3546 3539 3756 3599 Cellius
3785 3550 3848 3596 et

2234 3631 2419 3702 populi
2445 3645 2782 3701 nequaquam
2814 3632 3031 3702 propria
3058 3633 3233 3687 salute
3262 3632 3528 3698 contenti,
3562 3646 3622 3687 se
3651 3642 3845 3688 mutuo

2233 3725 2619 3792 bortabuntur,
2652 3735 2706 3781 et
2733 3725 2955 3780 dicent:
2990 3723 3189 3790 Venite,
3216 3725 3559 3785 ascendumus
3589 3726 3658 3785 ad
3690 3741 3845 3782 mort-

2230 3827 2333 3873 tem
2355 3816 2569 3873 Domini
2597 3826 2647 3877 et
2673 3818 2741 3875 ad
2761 3818 2972 3879 domum
2998 3816 3099 3873 Dei
3125 3814 3311 3877 Iacob.
3342 3818 3417 3875 De
3438 3818 3639 3889 quibus
3666 3833 3842 3889 supra

2230 3922 2488 3988 diximus,
2523 3920 2616 3991 qui
2662 3920 2735 3976 sit
2781 3934 2941 3976 mons
2991 3919 3209 3975 Domini
3260 3929 3599 3992 preparatus
3629 3931 3683 3977 et
3714 3936 3842 3991 qua:

2229 4021 2426 4078 domus
2459 4020 2669 4077 Domini
2696 4036 2863 4091 super
2879 4020 3141 4077 verticem
3182 4020 3472 4077 montium.
3502 4020 3709 4077 Domus
3733 4037 3840 4077 au-

2234 4132 2345 4177 teut
2377 4122 2593 4177 Domini
2616 4121 2820 4176 dicitur
2846 4120 3045 4177 domus
3072 4120 3164 4176 Dei
3188 4120 3381 4191 ἱκοῦ,
3412 4129 3474 4176 ιιι
3501 4122 3837 4193 recipiamus

2232 4237 2391 4281 vetus
2417 4226 2863 4295 lnstrumentum,
2909 4236 3101 4283 etnon
3146 4225 3447 4283 secundum
3477 4226 3832 4283 Mzmichasum

2230 4332 2390 4386 aliam
2438 4339 2589 4386 extra
2630 4332 2851 4386 domum
2901 4331 2998 4387 Dei
3044 4329 3217 4389 Jacob
3244 4346 3555 4404 qureramus
3584 4332 3832 4390 domum.

2231 4432 2366 4490 Cum
2395 4442 2578 4489 autem
2606 4433 2868 4489 fuerimus
2894 4431 2949 4488 in
2974 4431 3139 4490 domo
3170 4434 3262 4491 Ιὶεί
3284 4433 3477 4504 Iacob,
3510 4443 3637 4493 tunc
3666 4434 3834 4492 doce-

2232 4539 2311 4595 bit
2355 4553 2454 4594 nos
2486 4538 2602 4593 vias
2632 4553 2783 4605 suas,
2822 4555 2918 4610 per
2944 4553 3079 4611 quas
3107 4536 3425 4610 gradiamur
3465 4538 3532 4593 ad
3572 4554 3719 4605 eum,
3774 4549 3831 4594 et

523 4662 579 4718 δη
620 4661 936 4719 “mem
998 4662 1201 4718 "cum
1247 4663 1302 4716 in
1346 4662 1569 4716 circa,“
1615 4664 1731 4735 ei,“
1773 4680 1791 4716 ε
1820 4637 1870 4717 'u
1898 4661 2117 4718 Domi.
2152 4638 2635 4713 Dambulabimus
2666 4639 2717 4693 in
2748 4639 2957 4694 semitis
3004 4637 3145 4708 ejus,
3177 4653 3314 4710 quas
3355 4648 3378 4677 ε
3422 4639 3731 4695 tribuerunt
3773 4649 3831 4694 et

523 4773 622 4812 nus
651 4757 707 4811 in
745 4757 965 4812 circuitu
993 4756 1171 4830 populi
1213 4758 1297 4811 sui
1343 4760 1359 4826 (
1388 4754 1537 4812 Psal.
1569 4772 1729 4813 cmv
1757 4801 1771 4823 ,
1816 4757 1839 4811 l
1881 4756 1922 4829 ).
1952 4756 2112 4816 Unde

517 4859 574 4904 et
615 4865 783 4920 super
829 4864 991 4907 unum
1038 4850 1301 4905 montiqu
1360 4847 1611 4905 Christus
1677 4848 1866 4905 fundat
1930 4850 2117 4907 Eccle-

519 4938 681 5012 siam,
724 4951 781 4999 et
822 4941 1063 5014 loquitur
1101 4943 1170 4999 ad
1200 4956 1363 4998 eum:
1398 4941 1552 4999 Tuos
1599 4941 1809 5011 Petrus,
1861 4953 1909 5000 et
1959 4962 2119 5017 super

588 5119 614 5147 δ
675 5107 845 5163 Unum
890 5107 1066 5177 petivi,
1116 5115 1224 5160 etc.
1278 5104 1391 5160 lloe
1429 5102 1591 5159 modo
1638 5104 1772 5177 legit
1822 5102 2028 5177 smpins
2058 5105 2110 5159 in

512 5175 933 5239 Commentariis
956 5178 1091 5237 suis.
1118 5177 1364 5247 quamvis
1398 5178 1448 5231 in
1479 5176 1836 5231 translatione
1863 5175 2112 5243 Scriptu-

514 5268 695 5309 rarum
714 5249 980 5305 ieminino
1009 5246 1212 5317 geniire
1227 5248 1451 5315 dixerit,
1466 5265 1622 5302 unam
1640 5249 1796 5320 petivi
1816 5265 1848 5302 a
1866 5246 2106 5320 Domino,

512 5326 650 5380 hanc
689 5322 967 5392 requiram.
1003 5320 1079 5376 De
1109 5324 1208 5375 hac
1255 5335 1383 5392 vero
1426 5318 1677 5392 lectionis
1718 5320 1983 5373 varietate
2032 5318 2109 5392 ita

512 5390 763 5465 disputat
781 5393 834 5448 in
865 5399 1029 5463 caput
1053 5408 1121 5465 vri
1140 5391 1540 5465 Ecclesiastes:
1576 5390 1682 5445 Pro
1698 5406 1759 5445 eo
1778 5399 1949 5465 autem
1968 5390 2111 5457 quod

510 5462 671 5539 supra
718 5462 1004 5521 sermonem
1042 5462 1322 5539 Hebraeum
1358 5464 1776 5539 interpretantes,
1830 5463 2058 5539 digitum
2087 5478 2108 5517 :

511 5534 688 5594 Unam
718 5541 782 5591 ad
814 5553 1102 5592 unum.....
1126 5536 1357 5607 apertius
1386 5537 1751 5607 interpretatus
1776 5543 1848 5589 est
1877 5534 2114 5605 Symma-

512 5612 661 5675 chus,
691 5625 858 5665 unum
887 5608 957 5664 ad
977 5623 1264 5663 atrurn”...
1300 5605 1454 5674 Quod
1481 5605 1615 5659 enim
1647 5623 1742 5659 nos
1771 5607 1994 5660 solemus
2023 5607 2113 5659 ab-

509 5682 674 5736 solute
694 5693 739 5734 et
767 5679 1067 5735 neutraliter
1088 5678 1439 5751 appellare,in
1469 5678 1683 5743 est,lmc
1702 5679 1933 5748 quaesivi,
1966 5677 2109 5751 istud

510 5753 650 5808 volui
683 5754 945 5818 invenire;
992 5749 1202 5807 Hebrtei
1238 5750 1487 5822 feminine
1524 5765 1708 5822 genere
1740 5749 2104 5822 pronuntiant,

507 5827 640 5879 sicut
663 5825 718 5879 in
756 5822 955 5892 psalmo
984 5839 1004 5878 :
1034 5824 1205 5879 Unam
1236 5820 1367 5893 petii
1388 5834 1420 5876 ιι
1452 5820 1874 5893 Domino,_bane
1916 5820 2103 5892 requis-

506 5908 666 5965 ram;
698 5890 798 5967 pro
813 5909 883 5951 eo
903 5894 1046 5969 quod
1077 5903 1175 5969 est,
1201 5890 1389 5950 unum.
1719 5890 1991 5949 Μλιιτωι.

2218 4740 2332 4796 alii.
2361 4739 2607 4812 Denique
2632 4749 2685 4796 et
2706 4738 2869 4796 Jesus
2896 4738 3205 4797 ascendens
3228 4741 3284 4797 in
3307 4752 3570 4807 montem,
3594 4740 3828 4797 docebat

2223 4841 2523 4913 discipulos
2561 4858 2693 4899 suos
2740 4851 2868 4899 octo
2913 4841 3298 4911 beatitudines,
3346 4854 3401 4901 et
3448 4852 3648 4899 extera
3701 4859 3824 4913 qua:

2227 4945 2587 5017 Evangelieus
2644 4960 2826 5002 sermo
2875 4946 3257 5018 complectitur
3302 4945 3468 5018 (Luc.
3501 4944 3617 5017 vt).
3667 4945 3825 5003 Prius

2288 5133 2359 5143 —
2391 5102 2566 5159 Vatic.
2592 5121 2751 5158 unam
2775 5104 2950 5173 petivi,
2977 5113 3033 5161 et
3058 5119 3180 5157 mox
3211 5101 3345 5156 hanc
3370 5101 3649 5173 requiram.
3686 5101 3827 5157 Mar-

2220 5178 2351 5229 tian.
2386 5191 2623 5246 quoque,
2649 5176 2742 5244 qui
2776 5172 2947 5230 unum
2980 5186 3035 5231 et
3077 5174 3186 5246 hoc,
3206 5172 3449 5246 retinuit,
3482 5172 3549 5246 S.
3577 5174 3825 5230 Doetoris

2217 5244 2589 5302 testimonium
2614 5247 2793 5302 laudat
2814 5248 2865 5301 in
2898 5263 3021 5315 cup.
3051 5261 3123 5300 vn
3150 5244 3362 5300 Bedes.
3394 5244 3825 5315 Quodimsole—

2212 5334 2329 5372 mus
2357 5316 2611 5385 absolute,
2643 5330 2689 5373 et
2720 5314 3323 5390 neutrditﬁappcllare,
3350 5316 3405 5390 id
3425 5323 3522 5381 est,
3546 5314 3652 5369 hoc
3680 5333 3823 5387 qure-

2210 5390 2326 5456 sivi,
2357 5390 2498 5444 istud
2531 5393 2668 5445 volui
2696 5392 2963 5456 invenire;
2993 5388 3199 5460 Hebrwi
3223 5389 3471 5460 feminino
3497 5400 3683 5460 gerrere
3702 5404 3825 5460 pro.

2213 5463 2475 5529 nuntient,
2524 5463 2658 5517 sicut
2688 5466 2741 5517 in
2798 5461 3051 5516 Psalmo:
3082 5459 3261 5517 0mm
3301 5459 3432 5529 petii
3484 5474 3512 5511 τι
3562 5458 3815 5527 Domino,

2221 5535 2371 5605 hanc
2390 5536 2677 5605 requiram,
2708 5549 2805 5605 pro
2832 5549 2892 5588 eo
2917 5531 3177 5605 quod_est,
3211 5547 3399 5587 unum.
3548 5532 3555 5577 ἶ

2207 5610 2212 5615 ’
2259 5572 2527 5672 Ἔνιόξῗηι,
2545 5572 2947 5669 ’ἇὲὶὶαῗῖιοῖοἶ
2980 5613 3027 5659 et
3048 5576 3361 5658 Jertlsalem.
3499 5608 3540 5672 /

2291 5687 2313 5716 ο
2338 5662 2576 5731 Omnino
2606 5676 2833 5733 rescribi
2861 5662 3024 5731 velim
3056 5677 3306 5731 triverunt
3345 5688 3444 5747 pro
3470 5662 3816 5747 fcribuerrrnt,

2212 5749 2357 5817 quod
2386 5749 2475 5803 hic
2516 5749 2651 5803 nihil
2692 5758 2806 5815 est,
2839 5749 3056 5805 tametsi
3089 5749 3141 5804 in
3176 5747 3342 5803 editis
3382 5747 3549 5817 nefas
3588 5765 3651 5805 ac
3682 5763 3819 5804 mss.

2211 5819 2445 5892 legatur.
