4052 6448
454 411 524 467 ιτ
1675 393 1763 457 ,8.
1807 388 2085 449 EUSEBII
2127 381 2504 444 IIIERONYMI
3698 379 3770 436 48

449 538 612 579 mune
629 536 728 595 pro
751 519 991 590 proprio,
1022 532 1144 588 qua:
1165 523 1248 570 est
1271 512 1433 569 hodie
1449 523 1584 582 gens
1605 506 2049 570 Palazstinorum,
2087 505 2135 564 A
2161 500 2327 564 ditus,
2361 498 2659 553 Antinoum
2688 494 3028 550 consecrarit
3076 495 3130 549 in
3171 493 3368 558 Deum,
3404 489 3772 560 templumque

449 619 607 689 quasi
639 615 1115 672 I’bilisthinorum.
1142 611 1271 681 quia
1298 609 1334 662 P
1358 609 1598 662 litteram
1624 616 1808 659 sermo
1839 597 2064 654 Hebrai-

448 688 544 768 cus
578 727 684 764 non
733 709 926 771 habet;
981 704 1083 760 sed
1116 718 1218 774 pro
1248 717 1310 756 ea
1341 715 1428 754 rut
1456 698 1652 754 Graeco
1679 695 1870 749 utitur.
1909 688 2063 746 Unde

447 803 581 860 illud
612 801 756 873 quod
807 802 860 854 in
911 797 1144 852 Psalmis
1200 794 1420 859 dicitur,
1479 805 1603 848 cum
1647 784 2064 844 enumeratione

447 900 686 968 gentium
741 905 1065 952 exterarum
1112 908 1124 944 :
1182 888 1317 942 Mihi
1364 886 1670 956 alienigena:
1715 879 1908 936 subditi
1945 886 2064 931 sunt

449 990 623 1065 (Psal.
667 1005 774 1054 1.1x,
807 987 925 1053 I0).
975 998 1082 1038 non
1129 995 1321 1036 omnes
1367 987 1587 1033 exteras
1639 974 1914 1035 nationes,
1967 968 2061 1024 sed

449 1084 671 1154 proprie
742 1079 1062 1135 PalaeStinos
1126 1073 1418 1146 signiﬁcat.
1491 1067 1802 1137 Redditqne
1868 1078 2062 1120 causas

452 1190 622 1246 quare
650 1172 946 1243 proiecerit
974 1170 1114 1224 [)eus
1145 1166 1404 1238 populum
1432 1178 1591 1220 suum
1622 1161 1843 1217 domum
1861 1155 2059 1213 Jacob:

451 1270 580 1339 quia
626 1265 823 1336 repleti
863 1271 1010 1327 sunt,
1063 1261 1268 1327 inquit,
1307 1266 1366 1312 ut
1397 1256 1621 1312 fuerunt
1667 1255 1721 1308 in
1765 1249 2056 1320 principio,

451 1359 770 1430 auguribus,
811 1366 834 1392 ο
865 1365 917 1409 ct
949 1352 1243 1415 ominibus,
1277 1348 1601 1416 cunctisque
1644 1342 1901 1399 sordibus
1947 1340 2063 1394 ido-

451 1455 702 1510 lolatrim.
740 1449 858 1505 Non
878 1444 1210 1502 attendenda
1234 1441 1261 1480 δ
1286 1441 1470 1497 omina
1505 1454 1605 1494 nec
1631 1433 1876 1507 auguria,
1914 1433 2062 1487 Mose

453 1548 754 1610 scribente,
779 1541 1181 1613 cognoscimus,
1215 1535 1893 1607 qumhabueruntgcntes,
1925 1539 2060 1596 quas

453 1640 618 1712 ejecit
646 1639 911 1694 Dominus
940 1651 968 1690 a
998 1634 1135 1688 facie
1157 1631 1352 1698 Israel,
1381 1628 1842 1687 Chanmncorum,
1864 1621 2060 1675 Amor-

451 1732 754 1796 rhteorum,
807 1737 863 1783 et
903 1726 1310 1782 Chetbaeorum.
1355 1723 1507 1776 lluue
1562 1721 1739 1775 locum
1799 1711 2057 1770 Ecclesia}

451 1833 778 1879 traetatorcs
823 1822 1003 1884 aliter,
1035 1829 1196 1888 atque
1243 1815 1404 1871 aliter
1445 1812 1775 1868 edisserunt.
1822 1805 2053 1875 Quidam

2169 594 2220 648 ei
2250 609 2313 647 ac
2344 593 2612 658 victimas,
2669 600 2724 645 et
2763 589 3078 644 saCerdtites
3125 589 3236 661 36
3267 586 3582 653 instituerit,
3615 595 3670 639 et
3702 600 3770 640 ex

2168 703 2234 742 eo
2265 686 2486 758 Egypti
2519 685 2714 741 civitas
2745 699 2809 738 ac
2841 684 2989 754 regio
3035 699 3233 736 nomen
3273 679 3571 750 acceperit.
3625 677 3773 733 Inter

2167 790 2346 833 scorta
2372 793 2588 849 quoque
2614 776 2663 830 in
2694 775 2995 830 fornicibus
3019 773 3458 842 spectaculorum
3481 773 3634 842 pueri
3664 777 3772 824 ste-

2169 872 2334 928 terint
2367 873 2597 942 publicm
2628 867 2841 924 libiditii
2875 869 3103 939 expositi
3150 885 3162 920 :
3197 867 3371 921 donec
3419 865 3523 920 sub
3575 872 3598 899 ε
3629 859 3773 918 Con-

2165 968 2408 1024 stantino
2442 967 2789 1037 imperatore,
2827 962 3032 1018 Christi
3081 960 3380 1031 Evangelia
3418 966 3767 1022 coruscante,

2164 1071 2218 1117 et
2236 1061 2525 1115 inﬁdelitas
2540 1059 2919 1114 universarum
2940 1056 3205 1126 gentium,
3222 1062 3277 1109 et
3297 1050 3578 1118 turpitudo
3591 1049 3774 1105 deleta

2165 1164 2270 1210 est.
2307 1155 2477 1209 Porro
2505 1151 2649 1207 LXX
2681 1150 2946 1220 conjuges
2972 1164 3160 1203 eorum
3194 1146 3426 1202 violatas
3456 1158 3579 1200 esse
3602 1142 3772 1213 signi-

2168 1246 2350 1314 ﬁcant,
2383 1246 2510 1301 dum
2546 1246 2687 1299 ﬁlios
2718 1243 2932 1297 alienos
2965 1240 3168 1297 Iudaeis
3201 1247 3481 1311 generant.
3518 1237 3771 1308 Symma-

2165 1341 2299 1395 chus
2327 1337 2559 1408 quodam
2590 1336 2844 1400 circuitu,
2873 1343 2927 1389 et
2959 1334 3190 1387 honesto
3219 1345 3476 1387 sermone
3508 1328 3772 1399 plauden-

2166 1431 2322 1497 tium,
2339 1431 2585 1486 eamdem
2603 1444 2725 1484 cum
2742 1427 2922 1498 pueris
2939 1425 3334 1497 turpitudinem
3349 1422 3766 1479 demonstravit.

2238 1524 2437 1594 (Vers.
2472 1523 2652 1596 8.)’Et
2685 1525 2881 1593 repleta
2909 1532 2982 1576 est
3015 1533 3152 1576 terra
3199 1528 3412 1590 argento
3442 1527 3489 1572 et
3517 1533 3672 1581 auro,
3724 1523 3772 1570 et

2163 1637 2266 1676 non
2322 1629 2396 1674 est
2428 1619 2549 1688 ﬁnis
2590 1617 2953 1672 thesaurorum
3004 1619 3138 1690 ejus.
3188 1615 3336 1670 Inter
3388 1622 3588 1670 emtera
3637 1610 3768 1666 vitia

2161 1723 2321 1769 terrm
2351 1712 2547 1767 domus
2572 1711 2765 1779 Jacob,
2799 1711 2963 1765 etiam
2993 1712 3110 1765 auri
3130 1719 3198 1764 -et
3230 1709 3443 1780 argenti
3475 1702 3768 1761 multitudo

2161 1813 2501 1861 numeratur.
2558 1803 2704 1858 Inter
2745 1804 2927 1857 omina
2969 1812 3023 1856 et
3051 1816 3317 1872 augures,
3351 1813 3521 1868 equos
3551 1807 3605 1853 et
3629 1812 3767 1868 qna-

451 1917 602 1973 enim
653 1916 844 1971 volunt
876 1912 981 1967 hoc
1021 1907 1341 1980 signiﬁcari,
1389 1904 1530 1975 quod
1565 1902 1806 1973 proiecto
1852 1897 2053 1968 populo
2083 1892 2361 1970 Bdrigas,
2409 1913 2547 1968 quas
2617 1899 2760 1953 Deus
2822 1896 3184 1960 multiplicari
3219 1893 3498 1965 prohibuit
3547 1892 3768 1964 regibus

449 2009 786 2072 Judaeorum,
815 2007 1094 2075 ingreSsus
1120 2003 1191 2055 sit
1226 2011 1425 2055 terram
1455 1995 1730 2067 quondam
1761 1990 2056 2062 repromis-

448 2103 620 2157 sionis
663 2102 946 2154 Romanus
971 2095 1286 2157 exercitus;
1325 2100 1380 2146 et
1408 2089 1600 2158 ejectis
1639 2083 1864 2147 Iudaeis,
1903 2081 2054 2137 habi-

449 2194 688 2250 taverint
738 2195 793 2245 in
832 2189 1019 2245 Iudaea
1061 2186 1401 2255 alienigena),
1441 2183 1533 2252 qui
1580 2180 1649 2235 de
1671 2187 1786 2234 toto
1812 2177 1946 2232 orbe
1973 2173 2055 2230 di-

449 2301 733 2342 versarum
771 2283 1014 2353 gentium
1067 2277 1267 2333 accola:
1307 2284 1456 2338 sunt,
1489 2272 1708 2328 adducti
1751 2288 1778 2323 a
1821 2269 1967 2335 Tito,
2001 2278 2056 2326 et

449 2380 817 2450 Vespasiano,
877 2385 930 2430 et
981 2373 1275 2434 Hadriano,
1333 2369 1656 2438 caeterisque
1689 2366 2049 2436 principibus.

451 2476 559 2531 Alii
600 2483 780 2529 antem
840 2478 1028 2541 putant
1066 2468 1166 2522 hoc
1221 2479 1325 2519 non
1361 2461 1636 2534 pertinere
1682 2461 1748 2516 ad
1811 2461 2055 2514 Romana

449 2575 718 2636 tempora,
759 2563 852 2618 sed
877 2561 943 2616 ad
972 2557 1280 2630 superiora,
1335 2557 1649 2624 priusquam
1680 2568 1708 2606 a
1741 2549 2056 2620 Babyloniis

451 2665 825 2719 vastarentur,
871 2652 1015 2723 quod
1060 2649 1162 2706 sub
1211 2648 1391 2715 impiis
1423 2647 1641 2717 regibus
1676 2656 1696 2684 ο
1731 2645 1898 2699 luisse
1930 2657 2052 2697 nar-

458 2764 669 2814 rantur,
706 2761 760 2805 et
798 2765 828 2803 a
864 2748 1091 2803 Domino
1121 2743 1373 2800 derelieti
1405 2750 1552 2796 sunt.

528 2843 596 2898 Et
618 2844 792 2916 pueris
822 2839 1008 2894 alienis
1029 2837 1379 2892 adhwserunt.
1415 2834 1521 2888 Ι)το
1551 2848 1658 2903 quo
1690 2831 1835 2887 LXX
1866 2839 2052 2885 trans-

451 2941 730 2997 tulerunt:
761 2936 828 2989 Et
857 2934 955 3003 ﬁlii
985 2930 1456 3000 multialienigena:
1485 2929 1594 2981 nati
1620 2937 1739 2981 sunt
1770 2927 1862 2981 eis.
1895 2926 2054 2997 Synt-

450 3035 679 3089 machus
712 3048 724 3084 :
762 3027 829 3083 Et
853 3043 969 3080 cunt
996 3025 1120 3095 ﬁliis
1158 3022 1344 3076 alienis
1382 3021 1777 3090 applauserunt.
1811 3019 1915 3074 Pro
1944 3034 2054 3089 quo

453 3125 717 3191 scriptum
749 3131 834 3175 est
885 3120 936 3172 in
970 3116 1242 3172 Hebraico
1295 3112 1550 3168 Jesemcu
1584 3110 1874 3193 (piam),
1908 3109 2052 3179 quod

453 3216 671 3274 Hebraei
711 3215 1180 3284 interpretantur,
1232 3207 1629 3280 ἐσφηνὼθησαν,
1671 3215 1725 3259 et
1775 3218 1876 3258 nos
1933 3219 2054 3257 ver-

2158 1994 2324 2049 ISrael
2343 2012 2354 2048 :
2374 1994 2516 2047 inter
2537 1992 2702 2057 idola,
2718 2008 2839 2063 qua:
2856 2002 2980 2046 sunt
3005 2005 3169 2060 opera
3188 2005 3442 2044 manuum
3460 1988 3762 2054 hominum,

2156 2086 2386 2142 avaritia
2419 2085 2844 2141 condemnatur.
2903 2082 3060 2144 Unde
3112 2083 3374 2137 Dominus
3419 2083 3678 2152 praecepit
3711 2080 3765 2136 in

2158 2179 2478 2250 Evangelia.
2541 2193 2608 2232 nc
2665 2176 3098 2232 tbesaurizemus
3158 2176 3322 2230 nobis
3371 2173 3661 2228 thesauros
3711 2173 3764 2228 in

2160 2281 2326 2339 terra,
2356 2283 2412 2329 et
2443 2289 2512 2333 ne
2537 2273 2801 2327 faciamus
2834 2277 3143 2337 tchauros,
3168 2271 3237 2325 de
3263 2271 3461 2340 quibus
3485 2271 3568 2324 fur
3591 2269 3766 2341 possit

2157 2368 2398 2435 eripere,
2445 2366 2512 2420 ad
2546 2375 2853 2421 extremum
2911 2365 3194 2420 inferens:
3233 2363 3354 2418 Non
3404 2365 3613 2431 potestis
3653 2362 3764 2418 Deo

2155 2460 2348 2514 servire
2368 2468 2417 2512 et
2439 2475 2746 2514 mammona:
2777 2457 3004 2529 (Matth.
3041 2474 3118 2523 v1,
3139 2457 3210 2513 24
3239 2460 3276 2527 ).
3314 2457 3552 2512 Pulchre
3578 2465 3759 2512 autem

2157 2551 2294 2607 illud
2349 2565 2561 2606 comma
2613 2551 2916 2606 versiculi:
2957 2551 3176 2624 Semper
3222 2567 3408 2605 auarus
3445 2560 3579 2625 eget,
3632 2551 3760 2606 aliis

2157 2645 2341 2700 verbis
2370 2645 2637 2714 Proiiheta
2671 2644 3001 2711 signiﬁcavit
3030 2647 3222 2703 dicens
3251 2665 3264 2700 :
3299 2646 3367 2700 Et
3405 2664 3508 2701 non
3533 2657 3608 2701 est
3635 2647 3759 2715 ﬁnis

2159 2741 2517 2794 thesaurorum
2567 2744 2700 2813 ejus.
2732 2739 2850 2795 Non
2881 2741 3026 2810 quod
3060 2742 3298 2796 thesauri
3331 2739 3492 2796 ﬁnem
3525 2756 3630 2794 non
3663 2740 3760 2795 ha-

2158 2833 2339 2897 beant,
2367 2833 2460 2887 sed
2481 2832 2624 2902 quod
2649 2832 3042 2903 possidentium
3065 2833 3280 2888 animus
3305 2848 3410 2888 non
3436 2833 3750 2903 impleatur.

2158 2924 2398 2994 Utraque
2426 2936 2607 2980 autem
2640 2941 2771 2995 gens
2822 2936 2875 2981 et
2915 2926 3225 2982 Judteorum
3277 2936 3331 2982 et
3384 2927 3758 2982 Romanorum

2157 3034 2255 3087 per
2287 3017 2402 3072 luce
2436 3018 2600 3072 verba
2653 3017 2894 3074 avaritia:
2935 3019 3242 3090 sugillatur.
3303 3018 3460 3086 Quod
3514 3017 3761 3074 historiae

2157 3126 2368 3181 quoque
2402 3121 2507 3164 tani
2539 3109 2742 3166 Graecae
2785 3120 3010 3167 narrant
3039 3127 3199 3182 quam
3229 3112 3454 3179 Latina},
3490 3112 3624 3167 nihil
3655 3110 3760 3168 Ju-

2155 3205 2400 3261 dzeorum
2431 3216 2486 3261 et
2536 3205 2905 3261 Romanorum
2937 3218 3097 3277 gente
3138 3222 3261 3262 esse
3305 3208 3546 3262 avarius.
3606 3207 3762 3264 Unde

460 3315 656 3378 timus,
715 3308 1078 3371 adhaeserunt,
1145 3312 1203 3358 ut
1235 3303 1490 3356 vitiorum
1551 3300 1602 3353 in
1663 3305 1824 3366 gente
1865 3296 2050 3352 Judma
2078 3291 2122 3352 C
2157 3309 2212 3355 et
2243 3298 2260 3337 ί
2297 3301 2722 3370 repetundarum
2748 3301 2836 3355 lex
2869 3303 3167 3356 constituta
3189 3311 3296 3364 est,
3326 3313 3375 3357 et
3409 3301 3651 3372 quotidie
3678 3303 3762 3357 vi-

458 3404 735 3474 turpitudo
777 3406 1133 3455 monstretur.
1202 3394 1476 3448 Intautum
1519 3400 1698 3446 autem
1733 3389 1930 3454 Graeci,
2001 3398 2056 3444 et

456 3497 687 3554 Romani
723 3497 824 3550 hoc
849 3489 1126 3563 quondam
1159 3487 1292 3542 vitio
1325 3485 1739 3547 laboraverunt,
1764 3495 1822 3536 ut
1853 3491 1908 3536 et
1937 3482 2053 3536 ela-

456 3593 661 3649 rissimi
700 3583 1154 3658 pliilosOphnrum
1187 3579 1412 3636 Gracche
1437 3577 1704 3632 haberent
1754 3572 1782 3612 ἀ
1843 3577 2054 3645 publice

458 3685 793 3742 concubinos
832 3697 847 3735 :
891 3686 947 3734 et
983 3675 1260 3732 Adrianus
1293 3669 1656 3744 philosophia:
1685 3670 1895 3725 artibus
1925 3686 2050 3724 eru-

453 3797 705 3852 ell‘ntiunt
735 3789 982 3847 hodierni
1013 3787 1220 3853 Critici,
1255 3786 1349 3852 qui
1379 3801 1451 3840 ex
1481 3783 1576 3839 illo
1605 3782 1806 3838 ducere
1833 3799 1934 3838 nos
1963 3797 2052 3836 vo-

455 3871 575 3924 lunt
630 3869 681 3922 in
726 3867 864 3920 libro
914 3861 1207 3916 Nominum
1249 3857 1637 3911 Hebraictirum
1690 3854 2048 3923 abjiciendam

455 3942 696 3996 litteram
731 3936 790 4000 F,
825 3949 888 3989 ac
921 3947 1016 4003 pro
1042 3948 1103 3983 ea
1139 3926 1794 4003 usurpandumGrai-cuni
1818 3926 1962 4003 .Plll,
1988 3944 2046 4001 ip;

457 4028 566 4067 non
600 3996 944 4064 attendente;~
970 4005 1362 4126 Ηιθιυιιίιιιιιιη
1395 4002 1446 4053 in
1478 3999 1616 4051 libro
1659 3999 1767 4065 jani
1801 3996 1947 4052 du-to
1972 3996 2057 4052 se-

459 4093 643 4126 nutum
683 4080 853 4126 fuisse
900 4077 1146 4126 ordinem
1229 4075 1498 4125 :itiuorum
1531 4071 1946 4126 elementorum.
1979 4079 2057 4124 at-

459 4093 643 4139 cutum
683 4080 853 4133 fuisse
900 4077 1146 4128 ordinem
1181 4071 1498 4126 Latinorum
1531 4071 1946 4136 elementorum,
1979 4079 2058 4124 at-

455 4171 560 4224 que
593 4155 799 4224 litteras
831 4147 868 4201 F
895 4145 1087 4224 et_l’lI_
1116 4144 1421 4224 promiscue
1452 4142 1752 4224 accepisse.
1785 4141 2054 4224 Murrina.

534 4254 605 4266 __
629 4222 764 4277 Vide
789 4235 908 4289 qute
939 4218 1006 4272 de
1053 4212 1329 4271 P’Iittera
1366 4223 1479 4268 tum
1507 4213 1658 4279 alibi,
1699 4222 1808 4266 tuin
1845 4213 1910 4268 ad
1950 4212 2058 4268 No-

467 4298 672 4351 minum
716 4292 913 4347 Librum
943 4289 1202 4340 diximus.

538 4378 561 4404 ιι
596 4366 658 4420 Et
684 4363 962 4418 ominibus.
989 4358 1093 4413 Pro
1125 4371 1261 4411 voce
1289 4357 1561 4422 ominibus,
1590 4355 1724 4410 editi
1750 4365 1909 4411 antea
1935 4356 2063 4412 libri

465 4441 655 4510 legunt
685 4434 918 4496 somniis,
951 4440 1142 4486 contra
1175 4442 1501 4484 consensum
1537 4429 1986 4510 tuss._§ndicnm.

1688 4498 1953 4555 Maurus.

538 4581 564 4620 ι’
598 4579 775 4637 Vatie.
813 4575 1037 4637 somnia,
1083 4572 1228 4644 quod
1271 4589 1466 4627 nomen
1513 4581 1724 4628 veteres
1757 4574 1887 4626 editi
1941 4571 2061 4626 libri

467 4664 521 4710 et
542 4667 705 4718 supra
748 4663 844 4719 pro
875 4646 1132 4719 ominibus
1166 4645 1483 4711 prtelerunt.

543 4737 563 4763 ο
602 4725 714 4776 Duo
739 4718 895 4784 mss,
937 4718 1120 4788 fecisse
1149 4729 1448 4770 narrantur.

541 4795 569 4834 ά
602 4793 868 4850 Haberent
897 4786 1275 4862 publice,ietc.
1301 4787 1591 4862 Hue_rel'er
1633 4802 1753 4857 qua:
1783 4786 1851 4862 de
1879 4787 2064 4842 Xeno-

467 4877 616 4925 erate
643 4876 698 4921 et
719 4867 785 4918 de
815 4859 1043 4920 Sui-rate
1066 4860 1231 4914 habet
1262 4861 1376 4928 ipse
1411 4859 1769 4930 llicronymus
1808 4860 1862 4930 in
1897 4874 2062 4928 eap.t

468 4943 629 4996 Osee.
674 4937 750 4992 De
789 4936 1028 4990 Adriano
1065 4940 1246 4986 autem
1291 4930 1406 4986 hiet:
1439 4929 1689 5001 leguntur
1721 4931 1774 4984 in
1791 4929 2065 4986 Chronico

467 5012 784 5067 Enseliiauo
809 5024 820 5058 :
855 5005 1112 5059 Adrianus
1140 5004 1518 5058 eruditissimus
1539 5003 1590 5055 in
1622 5012 1834 5070 utraque
1864 5002 2063 5072 lingua;

469 5085 560 5138 sed
586 5084 641 5134 in
674 5095 944 5147 puerorum
976 5091 1150 5128 amore
1180 5092 1363 5143 parum
1401 5081 1695 5147 continens.
1721 5073 1786 5147 Et
1816 5074 2011 5147 iterum
2048 5092 2061 5127 :

471 5141 724 5210 Antinous
739 5166 863 5221 puer
884 5149 1072 5221 Regius
1095 5141 1297 5200 eximia:
1323 5141 1723 5221 pulchritudinis
1753 5146 1804 5221 in
1829 5143 2065 5218 zEggpto

470 5216 911 5289 moriturfquem
944 5219 1208 5289 Adrianus
1255 5216 1573 5271 vehementer
1612 5216 1874 5282 deperiens
1910 5216 2065 5286 (nam

470 5299 526 5351 in
553 5296 750 5352 deliciis
779 5288 1057 5361 habuerat)
1100 5291 1150 5342 in
1186 5288 1321 5361 Deos
1353 5291 1506 5361 refert
1537 5304 1554 5340 :
1584 5303 1646 5340 ex
1672 5289 1821 5361 cujus
1860 5289 2065 5342 nomine

471 5369 627 5423 etiam
669 5365 787 5420 urbs
823 5358 1103 5432 appellata,
1130 5370 1225 5413 est.
1277 5358 1537 5432 Coiisulat
1577 5362 1677 5432 qui
1701 5360 1969 5432 _Volnerit
1997 5362 2064 5416 de

467 5440 576 5495 hoc
598 5429 870 5494 Catamito
893 5429 1057 5489 Notas
1086 5431 1255 5485 Isaaci
1281 5429 1587 5485 Casauboni
1613 5429 1665 5482 in
1689 5429 2058 5500 Spartiannm.

470 5512 549 5564 De
605 5511 736 5564 urbe
779 5517 957 5562 autent
1009 5506 1246 5558 Antinoo
1315 5503 1564 5573 meminit
1610 5501 2061 5573 Martyrologium

469 5582 634 5638 Rom.
661 5582 737 5634 ‘22
772 5580 926 5649 Sept.
968 5585 1022 5631 et
1053 5576 1086 5630 8
1114 5573 1272 5627 Mart.
1303 5573 1396 5628 ubi
1428 5572 1629 5626 dicitur
1678 5572 2058 5649 dntinwpolis.

1687 5644 1930 5701 ΜιιιιτιΑΝ
1941 5686 1956 5703 .

539 5755 610 5766 —
640 5723 766 5780 Vid.
809 5722 864 5776 in
889 5720 1071 5776 Jovin.
1107 5716 1202 5773 lib.
1232 5732 1290 5783 ιι,
1326 5730 1448 5787 pag.
1481 5716 1609 5784 556,
1637 5727 1750 5772 not.
1777 5719 1808 5772 h
1834 5717 1937 5789 (hic
1959 5719 2060 5775 col.

467 5798 600 5854 997.
632 5805 738 5850 not.
774 5804 799 5830 ⁸
825 5798 860 5854 ).

774 5804 799 5830 ἃ

542 5799 774 5922 Z’lib‘iiec
803 5792 896 5919 3)th
928 5861 1286 5926 Constantino,
1309 5871 1423 5932 etc.
1461 5859 1516 5914 In
1548 5859 1839 5932 Tripartita
1883 5861 2064 5919 Histo-

465 5944 566 6006 ria,
609 5940 700 5994 lib.
753 5953 766 5992 ι
801 5981 813 6002 ,
867 5950 986 6004 cap.
1021 5935 1074 6000 8,
1126 5933 1274 5988 istaec
1305 5931 1566 6002 leguntur
1603 5931 1669 5990 ex
1700 5933 2009 5992 Sozomeno
2044 5954 2056 5992 :

2093 4616 2142 4676 D

2162 3391 2353 3447 demus
2392 3393 2527 3447 illud
2583 3394 2958 3462 Apostolicum
3014 3394 3277 3464 compleri
3316 3413 3326 3448 :
3384 3395 3488 3462 Qui
3519 3394 3766 3464 praecipis

2162 3503 2263 3540 non
2307 3487 2610 3557 furandum,
2644 3487 2838 3556 furoris
2864 3487 2882 3558 (
2913 3486 3064 3540 Rom.
3107 3504 3167 3548 ιι,
3201 3487 3326 3557 Si).
3379 3497 3403 3535 Β
3457 3486 3649 3542 Furem
3675 3488 3770 3556 ju-

2160 3579 2336 3634 dicem
2364 3580 2514 3634 audit
2538 3590 2699 3649 atque
2727 3579 3241 3650 condemuatjudex
3273 3579 3535 3648 furacior,
3569 3579 3622 3633 in
3655 3578 3768 3635 alio

2159 3672 2228 3727 de
2256 3687 2316 3726 se
2351 3687 2610 3743 promens
2647 3672 3003 3727 sententiam.

2153 3785 2270 3852 Qua
2301 3803 2459 3841 causa
2494 3787 2737 3840 inductus
2781 3785 3220 3859 (Constantinus)
3264 3791 3657 3851 intemperantes
3693 3787 3757 3842 'et

2154 3860 2457 3912 libidinosas
2504 3859 2800 3912 concubitus
2855 3871 3007 3913 antea
3040 3863 3248 3914 minime
3284 3862 3465 3914 vetitos
3504 3861 3767 3926 coercuit,

2155 3930 2584 3998 queniadmodwn
2623 3947 2690 3984 ex
2737 3931 2933 3996 legibus
2989 3931 3052 3984 de
3078 3934 3184 3986 illis
3214 3933 3365 3999 latis,
3403 3933 3451 3986 si
3481 3931 3564 3984 cui
3622 3948 3770 3986 cura:

2158 4002 2297 4056 istud
2325 4019 2650 4078 cognouere,
2678 4004 2831 4073 facile
2869 4011 3033 4078 potest
3046 4005 3306 4078 intelligi.
3368 4076 3375 4078 _
3405 4005 3690 4078 diurnam.

2231 4104 2299 4114 —
2325 4073 2546 4128 Facuim
2569 4073 2621 4128 id
2649 4078 2877 4142 primum
2911 4076 3010 4129 lata
3035 4073 3378 4132 Constantini
3403 4075 3548 4144 Lege
3565 4087 3760 4129 contra

2162 4146 2577 4214 cnnjitnctitnies
2628 4149 3051 4216 intemperantes
3090 4163 3157 4203 ac
3206 4149 3524 4213 dissolutas,
3581 4155 3770 4202 narrat

2163 4217 2508 4272 Sozomenus
2559 4218 2652 4271 lib.
2683 4233 2723 4282 ι,
2753 4235 2874 4287 cap.
2900 4219 2953 4283 8,
2991 4221 3042 4273 in
3078 4224 3216 4274 line:
3272 4220 3676 4285 Intemperantes
3705 4233 3770 4270 ac

2164 4289 2442 4361 dissolutos
2474 4290 2774 4343 concubitus
2804 4301 2954 4342 antea
2978 4291 3186 4344 minime
3207 4290 3491 4361 prohibitos
3514 4291 3762 4361 coercuit,

2163 4361 2294 4415 sicut
2335 4375 2398 4430 ea;
2428 4360 2646 4428 legibus,
2679 4377 2794 4430 qua:
2814 4361 2878 4414 de
2902 4361 3008 4414 illis
3038 4363 3158 4415 latw
3199 4360 3318 4416 sunt
3374 4360 3767 4426 deprehendere

2167 4433 2302 4487 licet.
2353 4429 2492 4486 Vide
2522 4429 2722 4501 Legem
2755 4435 2821 4487 de
2845 4442 3002 4499 raptu
3029 4435 3299 4499 virginum
3350 4447 3412 4487 ac
3452 4433 3760 4498 viduarum,

2167 4519 2288 4570 qua:
2319 4503 2554 4556 habetur
2584 4504 2636 4556 in
2661 4504 2784 4558 cod.
2827 4503 3209 4557 'I‘beodosiano
3246 4505 3342 4558 lib.
3376 4519 3529 4568 xxix,
3561 4513 3644 4557 tit.
3665 4501 3762 4568 24,

2168 4574 2445 4631 Valesium
2479 4591 2694 4644 quoque
2725 4576 2779 4629 in
2805 4574 3080 4630 laudatum
3107 4578 3399 4634 Sozomeni
3436 4575 3634 4630 locum.

2245 4644 2264 4719 ξ
2295 4645 2445 4702 Unde
2467 4655 2514 4699 et
2544 4647 3090 4719 repetundarum,ete.
3111 4647 3280 4719 Leges
3303 4648 3370 4702 de
3404 4644 3759 4719 Repetupdis,

2169 4718 2379 4774 scilicet
2431 4719 2701 4786 pecuniis,
2753 4733 2846 4772 sex
2897 4717 3048 4774 l‘uere
3075 4724 3158 4775 vel
3191 4717 3451 4786 'septem.
3513 4717 3575 4772 L.
3608 4717 3756 4782 Piso,

2168 4789 2443 4845 Tribunus
2472 4794 2676 4859 p0pnli,
2703 4791 2932 4859 primum
2958 4789 3026 4844 de
3057 4792 3396 4861 ltepetundis
3423 4788 3760 4859 rogationem

2169 4863 2323 4926 tulit;
2354 4861 2422 4914 de
2453 4880 2555 4930 qua
2584 4861 2699 4916 Cic.
2734 4863 2830 4915 lib.
2885 4877 2922 4916 ιι
2971 4861 3126 4919 Ollic.
3153 4882 3167 4918 :
3209 4863 3461 4917 Nondum
3483 4874 3684 4915 centum
3704 4869 3759 4930 et

2167 4934 2342 5007 decem
2381 4929 2504 4986 anni
2551 4943 2702 4997 sunt,
2754 4950 2871 5007 cum
2901 4935 2964 4987 de
3004 4937 3233 5007 pecuniis
3287 4935 3582 5003 repetundis
3611 4951 3658 5007 a_
3688 4929 3753 4986 L.

2169 5003 2360 5057 Pisone
2389 5009 2493 5058 lata
2526 5015 2597 5058 est
2629 5007 2726 5059 lex.
2767 5006 2969 5060 Eodem
3003 5003 3167 5069 anno,
3197 5018 3290 5062 aut
3314 5017 3462 5061 certe
3509 5003 3756 5074 proximo

2166 5077 2272 5130 alia
2298 5077 2377 5129 lex
2407 5093 2435 5128 a
2463 5076 2678 5131 Caecilio
2703 5077 2921 5131 tribuno
2947 5080 3126 5147 populi
3161 5083 3262 5132 lata
3294 5093 3511 5148 quaque
3532 5074 3754 5148 dicitur.

2169 5147 2374 5219 Deinde
2403 5149 2542 5219 aliter
2575 5151 2718 5218 leges
2758 5149 2825 5203 de
2873 5151 3217 5219 repetundis,
3264 5147 3525 5214 Servilia,
3557 5147 3755 5219 Acilia,

2165 5218 2414 5274 Comelia
2442 5232 2493 5272 et
2521 5218 2660 5275 Julia
2695 5238 2709 5275 :
2742 5218 3185 5284 quibussingulis
3210 5221 3524 5290 aliquandiu
3553 5218 3758 5290 judicia

2166 5302 2290 5346 sunt
2322 5291 2722 5347 administrata.
2753 5293 2925 5347 Porro
2953 5293 3019 5348 de
3049 5289 3421 5347 Romanorum
3457 5300 3508 5345 et
3539 5289 3760 5345 .ludteo-

2166 5379 2285 5435 rum
2331 5364 2554 5417 avaritia
2591 5380 2696 5419 non
2733 5379 2900 5434 pauca
2927 5364 3143 5430 scripsit
3171 5364 3441 5435 Josephus
3471 5363 3620 5416 libris
3645 5361 3760 5435 suis

2165 5434 2390 5504 Auliqq.
2436 5436 2649 5491 Judaic.
2701 5432 2766 5490 ac
2805 5438 2871 5489 de
2921 5436 3069 5490 Bello
3095 5432 3343 5492 Jutlaico.
3408 5435 3480 5490 De
3530 5432 3760 5504 avaritia

2167 5503 2660 5573 verolmpei-atoris
2682 5507 2867 5563 Severi
2899 5508 3021 5562 vide
3053 5509 3337 5577 Epitonieu
3359 5507 3540 5561 Dionis
3570 5505 3622 5558 in
3653 5503 3758 5577 Se-

2164 5593 2317 5634 vero.
2352 5577 2620 5635 MARTIAN.
2651 5607 2722 5619 -η
2760 5581 2953 5633 Cicero
2983 5580 3054 5632 de
3101 5574 3247 5634 Clar.
3293 5582 3444 5634 Orat.
3487 5591 3607 5646 cap.
3644 5574 3756 5630 27:

2164 5647 2231 5704 Ιι.
2277 5648 2407 5722 ξιδο
2439 5653 2598 5722 legem
2630 5652 2824 5717 primus
2853 5651 2930 5722 de
2957 5653 3184 5721 pecuniis
3216 5650 3513 5720 repetundis
3544 5650 3681 5703 tulit.

2239 5731 2263 5768 Β
2292 5719 2730 5791 Ρωέηίῄιάὶοεηι
2757 5721 2923 5790 audit,
2947 5719 3053 5776 etc.
3078 5724 3168 5779 Sic
3197 5719 3381 5789 legunt
3409 5737 3543 5778 mss.
3573 5735 3760 5776 excin-

2163 5792 2371 5864 plaria;
2408 5795 2457 5848 in
2491 5796 2654 5849 editis
2686 5810 2814 5849 vero
2840 5809 2938 5864 pro
2963 5793 3134 5859 audit,
3166 5796 3424 5866 scriptum
3449 5803 3532 5849 est
3551 5792 3757 5866 arguit:

2163 5881 2285 5935 quae
2313 5866 2426 5920 vari
2447 5877 2585 5922 nites
2617 5869 2880 5922 teetiones
2913 5884 3017 5923 non
3063 5865 3288 5920 multum
3330 5867 3535 5924 distare
3565 5865 3758 5920 viden-

2163 5945 2275 6004 tur,
2302 5952 2402 5994 nec
2435 5948 2559 5993 sunt
2591 5948 2966 5996 niomentosae.
3012 5942 3280 5996 Μιιιτιλιι.
