4052 6448
291 380 367 438 49
904 376 1556 436 COMMENTARIORUM
1593 378 1657 435 IN
1701 378 1940 436 ISAIAM
1978 377 2403 437 PROPHETAM
2442 382 2574 440 LIB.
2620 383 2660 440 Ι.
2701 383 2859 442 CAP.
2903 386 2974 444 Il.
3526 388 3600 446 50

366 497 434 554 Et
466 497 662 572 repleta
690 507 761 555 est
790 506 928 553 terra
959 500 1073 570 ejus
1094 497 1237 568 equis
1260 506 1308 552 et
1338 497 1738 552 innumerabiles
1767 513 1894 568 qua-
1922 497 1967 558 Α
1998 496 2090 552 Iud
2138 498 2282 566 quod
2329 499 2382 554 in
2416 499 2716 572 Evangelia
2747 503 2977 574 legimus
3005 503 3190 560 :Tunc
3216 506 3386 562 dicent
3412 508 3605 561 monti-

288 595 453 665 drigre
473 598 608 668 ejus.
638 594 755 650 Non
782 594 928 650 enim
953 595 1176 663 dignum
1204 601 1289 648 est
1321 610 1550 650 numero
1583 594 1723 663 quod
1755 608 1889 648 con-

286 695 366 743 tra
426 689 518 744 Dei
566 689 860 756 imperium
896 688 1228 758 possidetur.
1263 687 1423 744 Unde
1472 696 1528 742 ct
1559 691 1613 742 in
1653 686 1886 742 Psalmis

285 780 492 835 dicitur
519 798 531 832 :
573 779 768 836 Fallax
795 798 955 850 equus
985 782 1036 834 in
1065 780 1283 833 salutent
1325 778 1515 852 (Psal.
1550 795 1718 846 xxxtt,
1751 781 1816 834 17
1842 779 1884 850 ).

287 874 353 929 Ει
387 875 439 927 in
486 872 677 929 EXodo
705 891 719 928 :
751 874 956 944 Equum
988 883 1035 926 et
1063 889 1380 927 ascensorem
1429 872 1615 945 dejecit
1661 873 1712 926 in
1748 888 1891 926 mare

285 967 306 1039 (
332 967 504 1021 Exod.
530 983 621 1030 xv,
650 969 672 1022 1
706 967 752 1038 ).
782 969 846 1022 Et
892 968 946 1023 in
977 967 1086 1022 alio
1121 967 1330 1037 psalmo
1358 985 1370 1019 :
1431 965 1498 1020 lli
1530 969 1581 1019 in
1627 968 1884 1031 curribus,

285 1061 391 1133 37
431 1072 482 1116 et
508 1060 564 1116 Ιιὶ
593 1063 645 1116 in
678 1062 821 1131 equis
850 1078 868 1116 :
909 1079 1004 1116 nos
1034 1073 1206 1115 autem
1233 1063 1288 1116 in
1329 1063 1533 1114 nomine
1558 1060 1766 1114 Domini
1789 1058 1887 1114 Dei

283 1157 450 1210 nostri
512 1157 864 1210 int-ocabimus
921 1155 1109 1225 (Psal.
1169 1172 1280 1222 XIX,
1313 1154 1405 1224 8).
1466 1155 1649 1210 Potest
1702 1163 1882 1209 autem

281 1258 580 1318 utrumque
647 1248 913 1320 intelligi,
973 1248 1122 1319 quod
1180 1258 1233 1303 et
1285 1247 1517 1318 populus
1573 1245 1885 1302 Judalotttm

280 1354 475 1396 contra
503 1350 843 1412 pratceptum
877 1341 972 1396 Dei
994 1342 1100 1396 sibi
1128 1355 1322 1407 equos,
1355 1349 1410 1395 et
1436 1342 1727 1410 quadrigas
1746 1339 1888 1394 mul-

277 1435 636 1504 tiplicaverit,
667 1445 723 1491 et
745 1443 892 1490 terra
915 1435 1118 1491 Judaete
1138 1436 1411 1490 victorum
1444 1435 1598 1505 equis
1630 1443 1684 1489 et
1713 1434 1887 1489 curri-

276 1528 380 1585 bus
407 1530 480 1584 sit
515 1530 746 1598 repleta.

352 1619 546 1694 (Vers.
574 1619 657 1692 9.)
684 1619 756 1675 Et
777 1622 976 1689 repleta
1003 1630 1079 1676 est
1101 1631 1238 1676 terra
1267 1623 1380 1690 ejus
1412 1620 1602 1677 idolis:
1625 1638 1754 1691 opus
1776 1638 1887 1676 ma-

276 1731 437 1769 nuum
458 1731 677 1769 suarum
699 1717 1070 1779 adorauerunt,
1102 1715 1238 1784 quod
1258 1719 1488 1786 fecerunt
1507 1715 1658 1788 digiti
1683 1731 1882 1785 eorum,

274 1818 326 1862 et
353 1809 640 1862 incurravit
669 1825 723 1862 se
742 1807 920 1874 homo,
954 1818 998 1862 et
1022 1807 1331 1861 humiliatus
1352 1817 1426 1862 est
1456 1809 1551 1862 vir.
1574 1807 1677 1864 Ubi
1707 1823 1886 1878 quon-

1989 588 2101 654 bus,
2137 591 2305 645 cadite
2339 607 2500 659 super
2528 610 2619 646 nos
2643 612 2662 660 ;
2688 605 2735 649 et
2769 597 2954 668 petris,
2987 598 3286 652 abscondite
3317 615 3412 653 nos
3445 599 3601 672 (Luc.

1991 697 2143 747 χχιιι,
2175 681 2289 751 50).
2312 683 2471 738 Juxta
2496 700 2777 757 anagogen
2803 704 2934 743 vero
2956 704 2986 744 a
3010 689 3148 745 faeie
3169 691 3462 747 Dominicai
3488 707 3604 747 ma-

1984 774 2197 846 iestatis
2229 779 2547 851 prter-ipitur
2577 784 2760 848 nobis,
2792 793 2850 838 ut
2881 800 3224 842 assumamus
3252 799 3422 859 petrae
3451 789 3605 844 forti-

1990 869 2256 938 tudinem,
2275 872 2341 926 de
2363 889 2468 944 qua
2497 875 2700 929 dictum
2727 886 2839 930 est:
2865 876 3026 933 Petra
3052 882 3313 951 refugium
3342 883 3604 953 leporibus

1994 962 2111 1033 (Ps.
2142 979 2254 1032 cut,
2289 965 2400 1035 18).
2430 977 2504 1034 et,
2538 967 2602 1022 In
2635 981 2782 1035 petra
2810 969 3052 1025 exaltasti
3079 989 3158 1028 me
3191 973 3310 1043 (Ps.
3344 990 3491 1039 xxvt,
3520 973 3604 1043 6).

1989 1057 2169 1113 Moses
2199 1077 2416 1130 quoque
2447 1061 2499 1114 in
2536 1061 2801 1119 foramine
2840 1075 3006 1135 petr:e
3035 1070 3288 1134 ponitur,
3321 1076 3377 1122 ut
3421 1067 3608 1122 videat

1990 1154 2290 1220 posteriora
2323 1151 2420 1207 Dei
2447 1153 2642 1222 (Exod.
2680 1159 2894 1224 xxxm).
2925 1158 3007 1223 Et,
3042 1157 3256 1212 Bibebat
3285 1157 3511 1229 populus
3541 1159 3605 1214 de

1989 1241 2215 1313 spiritali
2253 1245 2486 1311 sequenti
2529 1262 2612 1298 eos
2655 1257 2800 1318 petra
2831 1247 2889 1315 (l
2917 1248 3039 1302 Cor.
3070 1266 3124 1316 x,
3170 1247 3260 1321 4).
3297 1251 3602 1305 Abscondi-

1989 1343 2186 1405 turque
2241 1337 2292 1391 in
2343 1350 2491 1406 petra
2523 1339 2613 1408 qui
2647 1341 2950 1410 ingreditur
2986 1343 3300 1398 cubiculum
3331 1358 3513 1408 suum,
3543 1355 3600 1400 et

1988 1427 2176 1484 clauso
2224 1431 2366 1485 ostio
2411 1429 2601 1486 adorat
2649 1431 2902 1497 Patrem,
2938 1444 2994 1489 ut
3022 1434 3074 1488 in
3107 1446 3326 1491 terreno
3373 1451 3606 1505 corpore

1988 1522 2332 1590 constitutus,
2362 1530 2733 1581 transeuntem
2759 1528 2945 1582 mundi
2979 1543 3084 1584 non
3130 1529 3333 1584 sentiat
3360 1537 3600 1600 tempes-

1991 1624 2177 1670 tatem.

2065 1709 2254 1782 (Vers.
2293 1712 2378 1765 Η.
2406 1711 2426 1784 )
2460 1711 2614 1766 Oculi
2637 1714 2879 1769 sublimes
2913 1715 3136 1770 hominis
3165 1717 3425 1771 humiliati
3455 1727 3596 1784 sunt,

1988 1811 2035 1856 et
2059 1802 2406 1856 incurvabitur
2429 1804 2654 1858 altitudo
2669 1808 2894 1859 virorum
2912 1823 2928 1860 :
2952 1805 3268 1861 exaltabitur
3287 1817 3461 1861 autem
3487 1806 3598 1862 Do-

275 1900 402 1955 dam
435 1913 557 1956 erat
588 1901 874 1967 Templum
922 1911 976 1956 ct
1011 1902 1202 1962 religio
1231 1900 1362 1966 Dei,
1406 1901 1478 1955 ibi
1510 1901 1729 1956 Adriani
1771 1911 1884 1956 sta-

1998 1893 2163 1947 minus
2216 1895 2357 1948 solus
2408 1896 2461 1948 in
2513 1896 2597 1950 die
2649 1897 2763 1952 illa.
2809 1900 2941 1951 Cum
2996 1899 3182 1953 hOSleS
3213 1901 3487 1965 venerint,
3546 1907 3604 1954 et

275 2000 393 2058 tua,
423 2003 478 2048 et
504 1992 652 2048 Jovis
693 1993 896 2048 idolum
948 1994 1276 2050 collocatum
1306 2004 1406 2050 est.
1434 1995 1587 2064 Quod
1621 1995 1772 2050 multi
1800 2012 1890 2051 su-

272 2100 374 2156 per
403 2086 496 2141 illo
525 2086 838 2142 testimonio
862 2086 1313 2156 interpretantur,
1340 2087 1487 2158 quod
1513 2091 1562 2143 in
1599 2089 1892 2156 Evangelio

275 2177 545 2249 legimus:
579 2179 708 2234 Cum
749 2190 920 2234 autem
956 2173 1184 2234 videritis
1223 2181 1658 2236 abominationem
1689 2181 1893 2237 desola-

275 2274 434 2326 tionis
457 2282 677 2327 stantem
709 2273 760 2326 in
789 2282 966 2328 sancto
994 2274 1106 2327 loco
1135 2273 1332 2345 (Marc.
1356 2290 1472 2339 xm,
1501 2273 1611 2344 14).
1643 2275 1708 2329 Et
1737 2275 1890 2345 operi

275 2381 538 2420 manuum
581 2381 803 2420 suarum
852 2365 1097 2421 inclinati
1129 2374 1289 2421 sunt:
1325 2377 1382 2422 et
1406 2371 1591 2432 homo,
1625 2368 1891 2424 rationale

272 2458 501 2523 animal,
535 2473 610 2510 ms
635 2457 904 2524 adoravit,
931 2469 984 2512 et
1010 2458 1430 2527 lapidem.Sunt
1449 2466 1626 2514 autem
1653 2459 1745 2529 qui
1775 2459 1891 2515 ltzec

271 2550 349 2605 de
373 2550 577 2606 Jndteis
595 2549 1048 2620 interpretentur,
1074 2552 1218 2620 quod
1245 2561 1532 2622 antequam
1563 2562 1891 2622 caperentur

269 2659 305 2699 a
351 2643 664 2714 Babyloniis
691 2644 946 2698 universa
989 2644 1104 2697 lure
1135 2643 1392 2708 fecerint,
1427 2657 1477 2699 et
1509 2643 1632 2699 ideo
1676 2645 1888 2701 dimissi

269 2749 406 2794 sunt
435 2753 464 2790 a
493 2738 621 2792 Deo.
645 2736 800 2793 Unde
827 2746 884 2792 et
911 2737 965 2791 in
996 2739 1101 2792 line
1123 2739 1344 2807 capituli
1377 2741 1627 2808 ponitur:
1666 2736 1748 2792 Ne
1769 2753 1888 2808 ergo

273 2831 512 2884 dimittas
555 2831 649 2884 eis.
704 2830 1001 2886 Possumus
1038 2831 1340 2886 secundum
1381 2848 1662 2903 anagogen
1691 2841 1747 2887 et
1789 2832 1890 2887 hoc

273 2923 493 2990 dicere,
519 2924 662 2992 quod
687 2938 852 2979 omne
874 2925 1068 2993 dogma
1090 2925 1427 2978 contrarium
1454 2925 1670 2980 veritati
1696 2924 1892 2979 adoret

275 3031 451 3087 opera
485 3031 739 3070 manuum
793 3031 1046 3084 suarum,
1079 3028 1134 3072 et
1162 3017 1459 3072 constituat
1488 3017 1628 3071 idola
1662 3017 1712 3070 in
1745 3027 1890 3072 terra

275 3124 410 3173 sua,
442 3122 496 3164 et
530 3111 841 3164 incurvetnr
867 3108 1053 3172 homo,
1080 3119 1135 3164 et
1159 3110 1476 3166 ltumilietur
1496 3113 1599 3175 vir,
1628 3123 1678 3166 et
1699 3127 1758 3166 se
1782 3111 1891 3165 eri-

273 3219 416 3274 gere
466 3219 570 3259 non
607 3204 816 3273 possit:
847 3213 974 3274 quia
1006 3205 1130 3260 sita
1177 3206 1396 3261 diabolo
1441 3208 1748 3276 colligatus,
1785 3206 1888 3262 nisi

1995 2004 2209 2044 onmem
2253 1991 2584 2057 previneiatn
2632 1991 2962 2063 Babylonius
2991 2003 3084 2047 aut
3112 1993 3386 2048 Romanus
3415 2006 3604 2048 mucro

1993 2085 2310 2148 vastaverit,
2336 2097 2389 2139 et
2421 2086 2877 2141 circumsederint
2905 2086 3122 2156 agmina
3153 2088 3480 2144 bellatorum
3509 2085 3603 2142 Je-

1992 2177 2257 2230 rusalem:
2295 2186 2424 2231 tunc
2447 2193 2545 2232 nec
2573 2177 2800 2241 divitiae,
2827 2195 2928 2234 nec
2955 2179 3212 2234 nobilitas
3233 2181 3471 2250 generis,
3500 2195 3604 2235 nec

1992 2271 2234 2339 pOIentia
2252 2269 2577 2340 dignitatum
2602 2271 2838 2342 aliquem
2857 2271 3155 2328 defendere
3187 2282 3476 2342 poterunt;
3506 2273 3603 2328 sed

1991 2364 2232 2417 omnium
2265 2366 2371 2419 erit
2411 2382 2516 2419 una
2544 2367 2857 2438 captivitas,
2892 2376 2948 2422 et
2975 2367 3117 2423 Deus
3149 2369 3298 2424 solus
3327 2369 3600 2423 exaltabi-

1994 2467 2099 2525 tur,
2134 2458 2293 2527 cujus
2329 2457 2462 2514 iram
2500 2459 2680 2514 nullus
2709 2461 2910 2530 poterit
2937 2461 3238 2517 declinare.
3290 2461 3436 2516 Multi
3484 2461 3601 2518 hinc

1989 2549 2057 2605 de
2079 2549 2167 2604 die
2191 2551 2382 2618 judicii
2426 2551 2756 2623 intelligunt,
2791 2554 2931 2624 quod
2959 2557 3140 2611 omnis
3167 2566 3418 2610 creatura
3447 2571 3598 2610 eom-

1990 2643 2268 2712 paratione
2293 2642 2494 2698 ἀὶνὶιιιιδ
2521 2645 2707 2714 gloriae
2731 2645 3069 2712 humilietur,
3093 2659 3146 2702 et
3168 2646 3516 2715 incurvetur,
3544 2658 3600 2702 et

1992 2733 2126 2788 nihil
2156 2750 2278 2789 esse
2306 2751 2366 2790 se
2391 2737 2612 2791 sentiat.
3056 2795 3060 2798 ,

2067 2825 2264 2898 (Vers.
2302 2827 2431 2896 12.)
2472 2828 2594 2883 Dies
2647 2831 2784 2884 enim
2824 2829 3038 2885 Domini
3089 2833 3406 2888 exercituum
3447 2849 3601 2904 super

1993 2935 2191 2974 omnem
2235 2920 2513 2989 superbum
2544 2933 2590 2976 et
2637 2922 2924 2990 excelsum,
2955 2934 3002 2979 et
3029 2942 3188 2995 super
3216 2942 3419 2979 omnem
3455 2941 3604 2980 arro-

1992 3023 2259 3087 gentem.ﬂ
2288 3015 2355 3069 Et
2380 3017 2496 3070 lucc
2527 3017 2799 3084 prioribus
2827 3020 3254 3091 coniunguntur.
3285 3022 3342 3076 In
3370 3022 3478 3088 die,
3516 3022 3604 3075 in-

1993 3109 2130 3178 quit,
2167 3110 2254 3162 illa
2285 3110 2336 3164 in
2369 3126 2473 3180 qua
2507 3112 2836 3166 exaltabitnr
2869 3112 3134 3168 Dominus
3163 3113 3333 3180 solus,
3366 3115 3469 3169 hoc
3495 3124 3602 3180 est,

1998 3202 2051 3255 in
2085 3201 2172 3258 die
2203 3203 2421 3258 ultionis
2448 3203 2764 3271 Dominica‘,
2791 3205 2996 3260 excelsi
3035 3205 3232 3277 quique
3259 3217 3314 3260 et
3346 3221 3604 3277 arrogan-

275 3297 442 3353 illuin
495 3299 736 3354 erexerit
787 3298 1067 3362 Dominus,
1119 3301 1372 3369 exemplo
1428 3301 1572 3356 illius
1626 3301 1886 3367 mulieris,
1918 3289 1964 3352 C
2000 3307 2080 3352 tes
2107 3309 2272 3366 atque
2293 3299 2555 3354 sublimes
2582 3301 2884 3369 captivitati
2916 3308 2970 3356 et
3011 3300 3194 3371 gladio
3221 3301 3602 3370 subjacebunt.

277 3406 447 3463 quam
467 3390 699 3446 Satanas
717 3393 962 3448 vinxerat
984 3394 1141 3448 annis
1163 3393 1350 3449 decem
1375 3403 1428 3449 et
1449 3403 1594 3461 octo,
1611 3405 1670 3450 ut
1688 3410 1860 3465 nequa
1876 3427 1891 3437 ο

275 3501 447 3556 quam
476 3486 698 3550 cadum,
723 3486 819 3540 sed
833 3497 1032 3541 terram
1048 3489 1557 3556 semperaSpieeret
1582 3486 1732 3559 (Luc.
1752 3484 1891 3558 xm).

363 3577 446 3632 Ne
475 3596 598 3649 ergo
650 3579 885 3633 dimittas
921 3581 1014 3633 eis.
1067 3579 1172 3635 Pro
1221 3595 1328 3651 quo
1358 3580 1502 3635 LXX
1556 3581 1892 3651 interpretati

273 3682 414 3729 sunt
441 3690 454 3727 :
490 3671 555 3727 Et
588 3689 690 3727 non
726 3673 986 3728 dimittam
1015 3675 1109 3728 eis.
1157 3674 1212 3727 Si
1243 3675 1386 3729 Deus
1417 3676 1676 3740 l0quitur,
1710 3676 1780 3730 ita
1809 3675 1894 3729 in-

274 3765 636 3835 telliga-ndum
677 3777 800 3822 est:
839 3767 974 3836 Quia
1006 3776 1154 3823 tanta
1201 3767 1468 3831 fecerunt,
1505 3784 1608 3822 noa
1670 3784 1892 3838 parcam

272 3853 387 3922 eis,
420 3872 518 3912 nec
541 3867 647 3912 tatu
670 3859 1086 3914 innumerabilia
1119 3870 1338 3928 peccata
1363 3861 1656 3914 dimittam.
1683 3861 1738 3914 Si
1767 3861 1896 3916 Pro-

274 3949 473 4020 pheta,
523 3949 604 4004 sic
652 3949 1035 4005 sentiendum:
1072 3967 1139 4006 ne
1171 3967 1300 4022 ergo
1347 3951 1593 4005 dimittas
1647 3954 1751 4016 eis,
1803 3952 1894 4022 qui

275 4053 436 4097 tanta
465 4042 672 4097 scelera
703 4052 1110 4113 perpetrarunt.
1142 4045 1294 4112 Quod
1326 4043 1374 4098 si
1420 4045 1488 4098 de
1523 4047 1780 4100 Romanis
1807 4045 1892 4100 in-

274 4134 600 4204 telligtmus,
628 4139 812 4190 verior
842 4138 1218 4206 interpretatio
1249 4145 1366 4193 est:
1399 4138 1487 4208 qui
1515 4138 1896 4193 Stthertentcs

272 4232 549 4300 templum
599 4230 714 4296 Dei,
750 4247 857 4285 non
909 4247 1032 4286 eum
1065 4231 1452 4296 adoravernnt,
1489 4233 1578 4300 qui
1612 4231 1892 4285 victoriam

274 4321 538 4393 praebuit,
591 4323 686 4378 sed
719 4323 865 4378 idola
913 4339 1168 4378 manuum
1198 4340 1441 4378 suarum.
1473 4325 1568 4380 Sin
1601 4338 1782 4379 autem
1827 4325 1894 4381 de

272 4413 509 4481 Judazis,
539 4415 826 4484 Prottheta:
855 4418 1160 4471 truculenta
1184 4417 1454 4471 sententia
1480 4428 1584 4482 est,
1619 4427 1675 4472 ut
1703 4428 1893 4472 contra

277 4509 545 4581 populum
596 4523 752 4564 suutn
793 4526 952 4565 orare
998 4510 1280 4576 videatur,
1318 4511 1402 4564 cui
1451 4525 1612 4580 supra
1641 4511 1888 4565 dixerat:

277 4604 494 4660 Domus
523 4603 715 4669 Jacob,
740 4606 942 4671 venite,
972 4616 1026 4660 et
1066 4605 1407 4660 ambulemus
1453 4605 1504 4659 in
1550 4604 1752 4660 lumine
1789 4605 1892 4659 Do-

355 4791 558 4863 (Vcrs.
592 4792 716 4863 10.)
770 4793 1053 4863 Ingredere
1101 4794 1155 4846 in
1203 4805 1404 4866 petram
1430 4808 1448 4845 :
1486 4792 1796 4846 abscondere
1835 4794 1889 4846 in

273 4887 428 4958 fossa
458 4888 615 4939 humo
644 4902 674 4938 a
703 4886 836 4957 [acie
864 4886 1064 4940 timoris
1093 4883 1328 4951 Domini,
1365 4892 1414 4939 et
1436 4902 1467 4938 a
1506 4885 1673 4955 gloria
1702 4887 1889 4954 majes-

276 4981 406 5034 tatis
431 4982 565 5052 ejus.
599 4980 711 5045 Ego
744 4978 965 5049 quidem
999 4979 1254 5049 populum
1287 4978 1603 5034 cohortatus
1630 4993 1774 5045 sum,
1805 4978 1892 5032 di-

273 5086 436 5127 cens.
466 5069 656 5124 Domus
673 5067 858 5134 Iacob,
885 5070 1068 5134 venite,
1088 5080 1130 5123 et
1151 5069 1473 5123 ambulemus
1495 5073 1547 5122 in
1571 5069 1763 5122 lumine
1781 5065 1891 5122 Do-

278 5162 554 5234 mini.38
581 5163 684 5217 Sed
709 5163 832 5233 quia
866 5162 1094 5232 proiecit
1121 5163 1382 5217 Dominus
1407 5164 1663 5234 populum
1687 5163 1887 5218 Jacob:

277 5257 522 5329 proiecit
573 5264 779 5322 autem,
809 5258 931 5326 quia
983 5265 1077 5310 aut
1107 5254 1260 5322 fecit,
1295 5265 1388 5310 aut
1417 5271 1606 5326 passus
1634 5265 1739 5317 est.
1771 5271 1892 5326 quae

279 5365 455 5420 supra
500 5349 882 5419 exposuimus;
936 5349 1056 5404 ideo
1084 5351 1390 5420 praenuntio
1419 5349 1572 5404 vobis
1603 5365 1725 5420 qure
1756 5365 1892 5404 ven-

283 5459 414 5502 tura
443 5445 553 5499 sint
585 5445 747 5511 mala,
771 5453 826 5500 et
855 5447 1046 5498 hortor
1091 5455 1145 5498 ιιι
1194 5443 1572 5514 ingrediamini
1605 5455 1804 5513 petras,
1841 5451 1896 5499 et

281 5536 704 5594 abscondamini
733 5537 784 5592 itt
816 5537 1096 5606 Speluncis
1121 5553 1151 5592 a
1192 5537 1330 5591 facie
1360 5535 1642 5605 Babylonii
1672 5538 1753 5591 vel
1786 5537 1894 5590 R0-

282 5635 442 5692 maui
470 5634 765 5701 exercitus,
791 5631 1006 5704 quando
1034 5633 1217 5688 omnia
1245 5632 1622 5696 vastabantur,
1646 5631 1799 5700 juxta
1833 5633 1887 5686 il-

370 5867 397 5924 a
428 5855 549 5924 Duo
579 5869 712 5910 mss.
745 5854 920 5924 Vatic.
950 5863 1006 5908 et
1035 5851 1207 5908 Palat.
1237 5853 1437 5908 addunt
1465 5863 1513 5908 et
1542 5855 1762 5924 reliqua.

377 5922 406 5965 δ
439 5923 599 5982 Falso
627 5925 757 5995 legit
787 5923 1037 5980 Martiae.
1075 5924 1124 5978 in
1153 5924 1410 5979 tricesimo
1441 5922 1902 5994 psalmo’tanturn;

1917 4680 1972 4740 D

1999 3402 2349 3470 Μεταφορικῶς
2374 3404 2552 3448 autem
2586 3410 2767 3450 sermo
2811 3395 2880 3450 de
2911 3395 3120 3466 magnis
3150 3402 3236 3450 est
3261 3405 3423 3466 atque
3457 3395 3608 3465 prin-

1997 3488 2207 3557 cipibus
2235 3506 2248 3542 :
2281 3487 2422 3557 quod
2453 3496 2658 3557 quanto
2685 3489 2855 3558 magis
2887 3488 3277 3556 superbierint,
3308 3499 3458 3542 tanto
3488 3502 3609 3540 ain-

2002 3580 2145 3647 plius
2173 3580 2568 3650 deprimantur.
2598 3580 2860 3635 Dowinus
2899 3581 3044 3636 enim
3087 3581 3341 3650 superbis
3378 3580 3607 3648 resistit,

1998 3683 2056 3728 et
2083 3675 2380 3730 lmmilibus
2409 3676 2501 3730 dat
2542 3677 2772 3745 gratiam
2807 3677 2849 3746 (l
2874 3676 2992 3732 Pet.
3018 3674 3095 3748 v).
3122 3677 3223 3745 Qui
3247 3677 3315 3732 de
3345 3676 3435 3733 die
3458 3677 3606 3746 judi-

1998 3768 2068 3822 cii
2096 3769 2422 3837 intelligunt,
2457 3770 2750 3840 superbum
2779 3781 2834 3825 et
2863 3773 3161 3838 excelsum,
3193 3782 3246 3826 et
3282 3772 3601 3840 sublimem,

1997 3869 2051 3914 et
2081 3871 2446 3932 arrogantem,
2473 3862 2747 3919 diabolum
2777 3863 2883 3917 dici
2906 3873 3114 3931 putant.
3147 3865 3247 3930 Qui
3279 3865 3606 3935 superbiens

1997 3951 2279 4022 loquitur:
2307 3953 2478 4026 Super
2502 3955 2679 4008 stellas
2709 3956 2824 4009 cmli
2853 3972 3046 4026 ponam
3078 3956 3249 4010 sedem
3278 3973 3442 4009 meam
3464 3972 3482 4009 :
3523 3973 3604 4010 se-

1998 4045 2126 4099 debo
2149 4047 2202 4099 in
2227 4057 2394 4100 monte
2415 4048 2634 4115 excelso,
2661 4063 2818 4116 super
2842 4063 3013 4101 omnes
3036 4057 3232 4101 montes
3247 4046 3356 4118 39
3375 4048 3604 4102 excelsos

1997 4140 2066 4192 ad
2095 4139 2433 4206 Aquilonem:
2461 4141 2739 4193 ascendam
2781 4155 2936 4210 super
2963 4137 3142 4207 nubes,
3172 4155 3260 4193 ero
3299 4139 3483 4192 similis
3515 4139 3607 4194 Al-

1999 4232 2196 4285 tissimo
2228 4231 2398 4304 (Isai.
2433 4247 2543 4299 xlv,
2582 4233 2671 4296 15,
2705 4230 2794 4303 14)
2817 4249 2828 4284 :
2853 4232 3071 4300 quando
3094 4247 3159 4286 ex
3191 4245 3287 4285 ore
3315 4229 3604 4285 infantium

1997 4333 2053 4381 et
2085 4326 2402 4380 lactentium
2434 4326 2747 4396 perlicietur
2766 4325 2905 4391 laus,
2931 4334 2989 4380 ut
3016 4323 3336 4381 destruatur
3357 4325 3607 4381 inimicus

1997 4427 2052 4472 et
2074 4418 2218 4472 ultor
2249 4417 2431 4487 (Psal.
2467 4433 2581 4484 vin,
2617 4418 2710 4488 5).

2069 4515 2088 4586 (
2113 4513 2271 4568 Vers.
2306 4513 2424 4582 15.)
2455 4511 2526 4565 Et
2556 4529 2714 4582 super
2739 4528 2916 4566 omnes
2938 4511 3117 4566 cedros
3147 4511 3334 4566 Libani
3363 4512 3607 4568 sublimes

1995 4618 2046 4661 et
2073 4617 2288 4675 erectas,
2320 4616 2366 4660 et
2399 4622 2554 4676 super
2579 4622 2755 4659 omnes
2796 4621 3015 4674 quercus
3043 4603 3240 4659 Basan.
3271 4605 3340 4660 Et
3369 4605 3422 4659 itt
3457 4605 3606 4660 vice-

1997 4702 2137 4756 simo
2165 4709 2358 4756 octavo
2389 4701 2601 4770 psalmo
2626 4699 2843 4754 canitur
2868 4718 2880 4753 :
2913 4699 3032 4754 Vox
3061 4698 3273 4754 Domini
3297 4701 3606 4754 conterentis

2000 4796 2179 4850 cedros
2205 4813 2222 4849 :
2253 4804 2474 4848 conteret
2505 4791 2759 4847 Dominus
2787 4794 2968 4847 cedros
2986 4792 3195 4855 Libani,
3226 4803 3273 4847 et
3298 4795 3610 4847 comminuet

1999 4903 2088 4942 eas
2115 4887 2262 4958 quasi
2283 4887 2499 4940 uitulum
2521 4883 2895 4955 Libani(Psal.
2927 4900 3118 4951 xxvm,
3150 4884 3262 4956 35).
3291 4885 3421 4940 Etin
3448 4886 3609 4942 trice-

1998 4977 2188 5035 simob
2221 4987 2374 5034 sexto
2404 4977 2655 5049 psalmo:
2697 4976 2819 5031 Vidi
2860 4979 3075 5049 impium
3118 4979 3401 5033 exaltatum
3430 4989 3479 5034 et
3507 4979 3611 5034 eleo

1998 5085 2172 5127 vatum
2199 5073 2349 5144 quasi
2379 5072 2557 5127 cedros
2598 5069 2803 5137 Libani,
2837 5079 2882 5124 et
2904 5072 3142 5138 transivi,
3188 5083 3234 5126 et
3262 5089 3364 5126 non
3393 5082 3525 5138 erat,
3558 5083 3604 5126 et

1999 5166 2208 5238 quwsiui
2239 5181 2377 5231 eum,
2406 5174 2452 5219 et
2477 5181 2579 5218 non
2607 5173 2679 5217 est
2705 5164 2936 5217 inventus
2986 5164 3127 5216 locus
3152 5167 3268 5236 ejus
3297 5163 3315 5236 (
3346 5161 3494 5218 Psal.
3530 5181 3604 5232 Vl,

1996 5260 2112 5330 54).
2142 5259 2386 5326 Quercus
2407 5273 2621 5328 quoque
2644 5257 2841 5321 Basau,
2858 5272 2994 5326 quas
3017 5258 3214 5327 Aquila
3239 5257 3421 5335 δρύας,
3449 5257 3610 5329 Sym-

1996 5351 2256 5418 machus,
2317 5359 2373 5405 et
2419 5351 2722 5406 Tlteodotio
2763 5352 3015 5424 βαλάνους
3059 5352 3402 5420 interpretati
3449 5359 3604 5420 sunt,

1996 5445 2332 5517 glandiferas
2385 5447 2673 5513 novimus,
2717 5462 2839 5516 qum
2911 5447 3015 5501 etsi
3079 5445 3310 5501 fecerint
3361 5444 3600 5517 fructus,

2000 5552 2294 5610 porcorum
2326 5545 2453 5591 sunt
2483 5538 2760 5603 alimenta,
2809 5553 2919 5592 non
2953 5536 3254 5592 hominum.
3302 5535 3478 5591 Busan
3520 5553 3607 5594 re-

1997 5633 2088 5704 gio
2117 5639 2200 5688 est
2228 5630 2463 5698 Arabiae,
2490 5631 2576 5686 cui
2618 5629 2906 5702 imperavit
2935 5630 3034 5700 Og,
3065 5630 3157 5701 qui
3189 5629 3492 5700 appellatus
3522 5640 3609 5686 est

2013 5871 2114 5924 pro
2136 5857 2390 5912 tricesimo
2421 5868 2582 5920 sexto,
2608 5865 2665 5913 ut
2691 5864 2779 5912 est
2801 5869 2860 5910 re
2883 5856 3025 5926 ipsa,
3055 5866 3110 5914 et
3137 5873 3270 5915 mss.
3292 5853 3606 5929 prmlerunt‘.
