4052 6476
451 354 522 412 55
1700 355 1756 410 S.
1799 352 2069 411 EUSEBII
2109 352 2488 412 HIERONYMI
3681 357 3752 414 56

449 482 542 530 tur
570 489 598 530 a
628 473 826 531 etscis:
873 483 928 531 et
957 474 1136 530 omnia
1187 474 1439 545 dogmata
1486 474 1760 530 contraria
1802 473 2044 530 veritati.
2074 475 2130 538 Α
2153 472 2386 532 fendatis
2410 489 2568 544 eum,
2601 476 2694 547 qui
2722 475 2948 532 omnino
2979 475 3134 532 nihili
3173 478 3292 533 est?
3316 477 3460 548 Ergo
3497 485 3751 534 econtra-

449 569 583 638 Qnae
606 585 729 627 cum
753 571 806 626 in
835 569 924 626 die
952 569 1167 626 Domini
1200 569 1400 625 fuerint
1427 569 1708 637 derelicta,
1742 570 2050 642 ingredien-

450 672 541 720 tur
566 663 621 720 hi
653 665 744 734 qui
773 665 1103 734 projecerint
1122 678 1184 720 ea
1213 664 1266 718 in
1302 664 1522 719 fissuras
1542 673 1836 733 petrarum,
1863 679 2051 721 caver-

453 774 659 827 nasque
690 773 966 826 saxorum,
994 766 1053 813 ut
1076 773 1182 813 non
1204 758 1257 813 in
1286 767 1446 814 terra:
1468 758 1692 827 pulvere
1719 767 1772 812 et
1792 757 1886 813 vili
1905 758 2044 824 luto,

451 851 548 910 sed
577 853 632 907 in
663 851 814 907 firma
841 851 1054 907 ratione
1092 859 1401 919 versentur,
1435 857 1492 906 et
1515 851 1793 906 inveniant
1832 849 1937 906 sibi
1965 849 2050 905 di-

450 961 611 1002 versa
640 946 901 1001 virtutum
944 943 1232 1011 foramina,
1267 959 1364 1014 per
1390 959 1513 1015 qua;
1542 942 1609 999 ad
1649 944 1930 998 veritatem
1959 957 2053 996 va-

452 1039 607 1096 leant
638 1039 944 1109 pervenire.
968 1039 1095 1095 Hmc
1117 1039 1269 1109 juxta
1290 1054 1589 1109 anagogen,
1620 1047 1680 1093 ut
1709 1038 1879 1108 pomi,
1901 1037 2050 1094 brevi

452 1149 708 1190 sermone
735 1135 1048 1205 perstrinxi,
1084 1150 1205 1205 qua!
1248 1134 1459 1190 liebrmi
1489 1134 1553 1189 ad
1587 1134 1880 1207 Babylonia
1910 1133 2054 1189 refe-

451 1237 579 1280 runt
626 1235 869 1297 tempora
901 1236 956 1282 et
996 1225 1407 1282 subversionem
1456 1225 1781 1293 Jerusalem,
1835 1225 2052 1297 quando

451 1319 692 1374 surrexit
713 1319 974 1374 Dominus
995 1327 1196 1375 terram
1231 1329 1517 1390 percutere
1529 1319 1870 1376 ‘Judrcorum.

523 1412 705 1486 (Vers.
738 1414 855 1482 20.)
892 1413 1154 1481 Quiescite
1179 1429 1304 1482 ergo
1320 1415 1383 1468 ab
1403 1413 1632 1481 homine,
1665 1415 1818 1479 cuius
1839 1415 2054 1486 spiritus

452 1509 510 1563 in
538 1509 747 1562 naribus
777 1509 890 1577 ejus
916 1524 933 1561 :
965 1508 1088 1580 quia
1116 1507 1352 1563 excelsus
1381 1516 1653 1580 reputatus
1678 1517 1754 1562 est
1778 1508 1908 1576 ipse.
1941 1507 2053 1563 Hoc

453 1602 858 1672 przetermisere
884 1599 1048 1669 LXX,
1107 1611 1162 1657 et
1202 1603 1254 1656 in
1301 1601 1506 1657 ercis
1536 1603 1943 1672 exemplaribus
1986 1597 2054 1656 ali

453 1694 691 1768 Origene
723 1697 821 1751 sub
869 1695 1150 1752 asteriscis
1177 1695 1244 1752 de
1288 1695 1531 1751 editione
1557 1695 1764 1766 Aquila!
1809 1682 2051 1750 additum

453 1796 560 1853 est,
599 1790 741 1859 quod
787 1788 842 1843 in
885 1787 1115 1844 Hebraeo
1139 1789 1212 1843 ita
1261 1789 1496 1859 legitur:
1531 1799 1557 1827 κ
1583 1804 1792 1845 neum)
1841 1803 2051 1845 ιΑοιιεκ

2149 569 2231 624 rio
2257 568 2338 625 sic
2385 569 2792 642 intelligendum
2841 588 2854 625 :
2903 570 3036 626 Cum
3079 571 3197 627 haec
3241 572 3491 628 universa
3519 583 3749 630 ventura

2151 663 2261 719 sint
2289 664 2462 731 vobis,
2494 672 2547 718 et
2574 663 2880 733 prophetali
2909 662 3107 735 spiritu
3133 664 3521 736 prrcdicantur,
3553 681 3752 722 moneo

2150 767 2311 827 atque
2353 757 2627 826 praecipio,
2662 767 2722 811 ut
2771 757 3069 828 quiescatis
3111 757 3183 814 ab
3209 773 3277 814 eo
3324 760 3416 830 qui
3449 758 3749 815 secundum

2151 865 2367 906 carnem
2395 850 2612 921 quidem
2656 851 2819 906 homo
2848 859 2954 920 est,
3005 861 3059 907 et
3089 852 3256 908 habet
3282 855 3540 922 animam,
3598 863 3653 910 et
3678 854 3750 909 ita

2151 944 2342 1012 Spirat,
2390 953 2446 1000 et
2493 945 2715 1001 naribus
2770 944 2998 1001 halitum
3049 945 3239 1015 trahit,
3273 956 3329 1003 ut
3355 962 3456 1002 nos
3500 947 3752 1005 homines

2152 1040 2441 1112 spiramus,
2473 1049 2528 1098 et
2555 1042 2789 1097 vivimus
2813 1058 2826 1096 :
2859 1041 2954 1098 sed
2973 1040 3271 1098 secundum
3295 1041 3536 1098 divinam
3557 1042 3753 1114 majes-

2155 1140 2321 1188 tatem
2373 1135 2627 1190 excelsus
2682 1143 2869 1202 etest,
2918 1145 2975 1190 et
3019 1144 3327 1206 reputatur,
3380 1145 3437 1192 et
3488 1135 3747 1192 creditur.

2159 1237 2180 1264 ε
2205 1226 2387 1282 Tacita
2403 1242 2615 1282 mecum
2643 1238 2825 1283 mente
2839 1236 3200 1298 pertractans,
3230 1244 3337 1284 non
3358 1244 3580 1300 possum
3606 1230 3754 1286 inve-

2155 1321 2274 1376 nire
2335 1321 2644 1388 rationem,
2707 1338 2875 1394 quare
2933 1321 3075 1378 LXX
3137 1331 3246 1378 tam
3294 1326 3635 1396 perspicuam
3686 1325 3756 1380 de

2151 1413 2370 1470 Christo
2391 1413 2731 1485 prophetiam
2748 1415 2798 1468 in
2822 1415 3067 1472 Graecum
3093 1417 3370 1473 noluerint
3390 1429 3623 1474 vertere.
3638 1418 3760 1474 Cir-

2155 1509 2257 1563 teri
2291 1509 2457 1575 enim,
2491 1508 2585 1579 qui
2608 1518 2892 1565 verterunt
2914 1509 3158 1582 quidem,
3185 1511 3278 1566 sed
3312 1526 3618 1568 sermonem
3641 1528 3758 1569 am-

2157 1601 2381 1671 biguum
2427 1602 2493 1654 ad
2529 1602 2823 1672 impietatis
2863 1611 3088 1658 traxere
3129 1619 3370 1672 sensum,
3421 1621 3529 1661 non
3561 1605 3753 1661 mirum

2156 1707 2254 1749 cur
2286 1694 2425 1750 male
2454 1693 2796 1764 interpretati
2841 1695 2972 1766 sint,
3009 1712 3108 1753 nec
3137 1698 3408 1755 voluerint
3430 1699 3500 1754 de
3541 1698 3758 1756 Christo

2154 1791 2452 1860 glorio~um
2477 1789 2606 1861 quid
2634 1789 2844 1856 dicere,
2880 1791 2931 1845 in
2959 1806 3118 1861 quem
3145 1808 3251 1847 non
3275 1793 3571 1848 credebant
3592 1811 3606 1848 :
3631 1792 3657 1830 ιι
3681 1794 3760 1849 vi-

454 1896 566 1938 tten
595 1898 773 1939 AADM!
818 1898 952 1939 asnn
999 1898 1206 1939 NASAIA
1249 1898 1524 1939 nxsruruo
1571 1899 1660 1940 cnt
1705 1900 1846 1940 BAIIA
1889 1900 2054 1941 NESAI:
2086 1875 2134 1935 Β
2159 1881 2360 1939 delicet
2402 1881 2574 1939 Judaei
2601 1892 2694 1938 aut
2713 1881 3053 1954 Semijudaei,
3085 1883 3136 1939 id
3159 1893 3263 1950 est,
3295 1884 3579 1944 Ebionitm.
3604 1886 3759 1954 Quod

456 1989 549 2033 nu.
588 1976 689 2032 Ubi
736 1992 835 2032 nos
863 1975 1118 2043 diximus,
1179 1979 1414 2032 excelsus
1458 1988 1730 2050 reputatus
1784 1989 1858 2032 est
1905 1979 2055 2050 ipse:

452 2066 650 2138 Aquila
677 2068 1067 2138 interpretatus
1085 2079 1191 2136 est,
1216 2070 1268 2121 in
1291 2085 1393 2139 quo
1416 2079 1684 2141 reputatus
1707 2079 1782 2124 est
1808 2070 1924 2124 iste.
1947 2066 2058 2142 ω

458 2161 696 2218 Verbum
737 2162 1063 2220 Hebraicum
1095 2178 1236 2218 nam
1264 2165 1434 2236 (una)
1457 2208 1470 2231 ,
1503 2164 1587 2218 vel
1615 2163 1809 2237 ὕψωμα
1835 2163 2049 2231 dicitur,

458 2255 512 2309 id
548 2266 652 2315 est.
682 2257 962 2324 exrrtsum,
998 2257 1140 2327 quod
1181 2263 1236 2311 et
1265 2259 1316 2311 in
1358 2256 1669 2327 Regnorum
1698 2257 1873 2323 libris,
1926 2257 2056 2312 etin

459 2347 747 2404 Ezechiele
779 2349 1044 2420 legimus:
1098 2349 1183 2404 vel
1214 2361 1366 2404 certe
1393 2352 1447 2404 in
1476 2365 1599 2420 quo,
1634 2358 1691 2404 et
1729 2348 1934 2404 eisdem
1969 2349 2057 2404 lit-

457 2443 593 2498 teris
621 2443 880 2498 scribitur
908 2458 1068 2510 ητα,
1101 2458 1236 2511 ιιιςκ,
1271 2459 1377 2498 ne:
1405 2459 1468 2498 ac
1499 2458 1595 2514 pro
1623 2443 1862 2498 locorum
1887 2443 2060 2512 quali-

459 2543 593 2602 tate,
628 2536 674 2590 si
713 2535 1047 2591 voluerimus
1094 2535 1299 2606 legere,
1325 2537 1378 2590 in
1402 2552 1526 2606 quo,
1578 2535 1813 2590 dicimus
1842 2551 2055 2601 nauus;

460 2629 544 2683 sin
582 2640 787 2696 autem,
821 2628 1083 2683 excelsum
1111 2629 1194 2682 vel
1224 2629 1476 2696 excelsus,
1515 2627 1742 2699 legimus
1778 2645 1940 2684 usus.
1974 2629 2062 2684 ln-

459 2723 774 2794 telligentes
803 2739 934 2795 ergo
975 2724 1150 2780 Judaei
1183 2725 1521 2795 prophetiam
1553 2742 1680 2781 esse
1720 2726 1788 2781 de
1819 2727 2057 2795 Christo,

459 2817 684 2871 verbum
715 2818 1026 2884 ambiguum
1052 2819 1104 2872 in
1135 2819 1462 2874 deteriorem
1488 2828 1695 2889 partem
1721 2819 2061 2890 interpretati

461 2920 609 2976 sunt,
643 2921 700 2965 ut
725 2911 1044 2966 viderentur
1067 2928 1171 2966 non
1203 2912 1427 2967 laudare
1453 2910 1754 2980 Christum,
1780 2914 1874 2968 sed
1909 2912 2063 2968 nihili

462 3003 729 3074 pendere.
755 3005 888 3070 Qu:e
914 3014 998 3058 est
1043 3005 1188 3060 enim
1219 3004 1514 3061 verborum
1557 3005 1972 3076 consequentia,
2008 3014 2065 3060 et

461 3097 555 3166 qui
579 3096 718 3151 ordo
757 3097 987 3152 rationis
1017 3112 1081 3153 ac
1111 3114 1324 3165 sensus,
1375 3111 1434 3154 ut
1460 3099 1746 3154 dicamus:
1785 3097 1918 3154 Cum
1950 3099 2064 3152 htec

461 3192 541 3246 ita
561 3207 623 3247 se
667 3191 919 3260 habeant,
955 3202 1008 3247 et
1033 3191 1153 3248 dies
1199 3203 1424 3248 ventura
1465 3193 1538 3248 sit
1579 3191 1812 3258 Domini,
1863 3193 1914 3246 in
1961 3206 2065 3261 qua

2160 1984 2338 2030 autem
2369 1975 2618 2030 Christus
2648 1976 2896 2031 excelsus
2932 1975 3005 2031 sit
3030 1977 3116 2033 vel
3149 1976 3475 2042 altissimus,
3519 1981 3608 2047 qui
3651 1978 3760 2051 55

2161 2071 2270 2126 alio
2297 2085 2549 2127 sermone
2569 2071 2709 2141 apud
2736 2071 2996 2127 Hebrrcos
3021 2072 3350 2143 appellatur,
3380 2087 3535 2129 suos
3560 2057 3757 2158 (τήν).

2161 2164 2213 2220 in
2241 2165 2573 2234 octogesimo
2605 2175 2760 2222 sexto
2791 2166 3000 2236 psalmo
3031 2166 3300 2237 legimus:
3332 2166 3602 2239 Numquid
3633 2169 3763 2224 Sion

2159 2257 2298 2310 dicet
2324 2258 2497 2325 homo,
2537 2266 2560 2294 θ
2588 2266 2635 2311 et
2667 2257 2822 2312 homo
2849 2269 3003 2312 natus
3021 2268 3096 2312 est
3123 2259 3178 2313 in
3208 2275 3302 2326 ea;
3329 2270 3374 2314 et
3401 2259 3514 2326 ipse
3531 2259 3765 2331 {undavit

2161 2365 2276 2403 eam
2302 2347 2598 2405 Altissimus
2638 2347 2814 2420 (Psal.
2847 2365 3065 2416 Lxxxvt,
3093 2349 3196 2421 5)?
3225 2351 3293 2406 Et
3336 2352 3392 2407 in
3427 2351 3719 2423 Evangelia
3747 2371 3762 2406 :

2163 2438 2233 2494 Et
2257 2451 2313 2495 tu
2352 2458 2481 2512 puer
2506 2439 2774 2512 Propheta
2795 2440 3049 2497 Altissimi
3075 2443 3337 2498 vocaberis
3359 2443 3515 2517 (Luc.
3563 2459 3613 2511 t,
3649 2444 3766 2516 76).

2165 2535 2246 2590 Ac
2287 2550 2354 2589 ne
2385 2534 2605 2604 longum
2642 2534 2822 2590 funem
2852 2535 3064 2590 traham
3107 2538 3199 2606 (in
3249 2537 3590 2607 expositione
3618 2539 3767 2593 enim

2164 2638 2474 2682 sanctarum
2520 2626 2928 2696 Scripturarum
2963 2629 3248 2685 veritatem
3295 2630 3560 2687 debemus
3587 2632 3767 2702 sequi,

2167 2735 2277 2776 non
2308 2721 2754 2792 contentionem)
2792 2723 2844 2776 in
2873 2722 2980 2777 isto
3009 2722 3130 2777 loco
3167 2739 3308 2779 usus
3335 2725 3476 2795 apud
3510 2724 3771 2781 Hebraeos

2167 2833 2272 2872 non
2300 2815 2533 2872 excelsus
2562 2816 2782 2881 dicitur,
2814 2816 2910 2871 sed
2939 2817 3199 2872 excelsum
3219 2863 3232 2883 ,
3265 2820 3315 2874 id
3347 2827 3432 2874 est
3452 2860 3466 2882 ,
3501 2820 3614 2889 ipsa
3643 2820 3772 2874 atti-

2167 2912 2296 2964 tudo
2329 2920 2490 2980 atque
2515 2907 2811 2964 sublimitas
2832 2925 2851 2964 :
2877 2909 3033 2980 quasi
3079 2911 3126 2964 si
3159 2909 3270 2982 ω
3301 2913 3369 2965 de
3394 2910 3576 2981 aliquo
3614 2911 3770 2966 dica-

2168 3019 2310 3069 mus,
2345 3018 2452 3059 non
2481 3012 2566 3060 est
2604 3003 2812 3057 divinus
2833 3045 2848 3070 ,
2893 3002 2988 3058 sed
3021 3003 3269 3058 divinatio
3294 3020 3314 3059 .'
3340 3019 3446 3060 non
3487 3014 3573 3060 est
3599 3005 3764 3072 rivus,

2169 3097 2262 3154 sed
2292 3099 2444 3169 fons:
2476 3113 2582 3152 non
2601 3108 2684 3153 est
2702 3098 2874 3163 homo,
2908 3097 3002 3152 sed
3026 3098 3140 3168 ipsa
3159 3098 3479 3152 humanitas.
3503 3095 3772 3169 Origenes

2170 3189 2316 3244 hunc
2345 3189 2525 3244 locum
2563 3189 2636 3243 ita
2667 3189 3059 3258 interpretatus
3089 3197 3205 3243 est:
3250 3189 3386 3256 Quia
3417 3187 3772 3259 singulariter

461 3288 758 3341 universus
785 3285 989 3342 Iudaeae
1025 3295 1196 3342 status
1224 3287 1622 3343 subvertendus
1651 3297 1760 3356 est,
1791 3297 1846 3344 et
1877 3287 2061 3341 omnia
2092 3271 2138 3336 C
2167 3283 2236 3340 de
2266 3299 2374 3338 uno
2402 3283 2622 3338 homine
2644 3282 2863 3348 dicitur,
2886 3281 3081 3339 referri
3112 3290 3290 3353 potest
3317 3292 3370 3338 et
3393 3282 3460 3337 ad
3480 3282 3769 3338 Dominum

462 3379 796 3434 conterenda
824 3396 838 3433 :
865 3395 1064 3435 moneo
1085 3396 1183 3436 V08
1204 3391 1364 3451 atque
1382 3380 1662 3451 prrt-cipio,
1691 3388 1751 3434 ut
1769 3379 2063 3451 quiescatis

459 3475 531 3530 ab
563 3475 806 3542 homine,
838 3475 927 3543 qui
960 3476 1028 3530 ita
1075 3477 1248 3546 spirat
1284 3492 1347 3531 ac
1378 3477 1528 3544 vivit,
1566 3485 1626 3532 ut
1655 3491 1755 3530 nos
1787 3475 2056 3541 homines,

459 3569 588 3641 quia
615 3567 642 3607 ι’
667 3570 718 3624 in
746 3569 898 3624 nihili
920 3569 1321 3641 computandus
1339 3569 1458 3626 est?
1477 3569 1774 3638 Quisquam
1795 3585 1864 3624 ne
1886 3568 2062 3624 homi-

459 3678 590 3719 num
622 3664 696 3719 ita
731 3663 1040 3734 quempiam
1088 3663 1291 3731 laudet,
1336 3670 1398 3718 ut
1425 3665 1604 3720 dicat:
1636 3662 1839 3719 Cavete
1883 3678 1950 3718 ne
1980 3661 2062 3719 of-

532 3836 560 3865 ·
592 3826 805 3882 Hedatu
828 3829 1060 3897 lachem,
1089 3837 1197 3884 etc.
1234 3828 1374 3896 Quot
1413 3843 1478 3884 ac
1525 3837 1744 3899 quantis
1797 3827 1907 3882 sint
1930 3842 2063 3899 cor-

458 3902 690 3970 ruptelte
717 3900 1125 3971 liieronytniani
1157 3911 1442 3956 contextus
1464 3899 1518 3954 in
1536 3898 1692 3956 antea
1717 3899 1879 3971 editis
1906 3898 2060 3953 libris

459 3987 566 4026 non
591 3971 771 4028 audeo
802 3970 1009 4030 dicere.
1046 3987 1116 4027 ne
1155 3972 1522 4027 Calumniator
1549 3971 1783 4027 (ΣΙ-ἱείσας
1826 3970 2058 4040 alicujus

460 4044 751 4098 calumnia»
815 4061 900 4098 me
952 4045 1263 4111 insimulet,
1312 4043 1391 4098 uti
1441 4043 1570 4099 fecit
1611 4058 1765 4098 more
1805 4059 1906 4096 suo
1936 4058 2058 4096 cum

461 4119 666 4171 editum
701 4116 837 4170 vidit
875 4117 1233 4170 Prodromum
1262 4120 1318 4168 ἢ.
1371 4116 1711 4186 Hieronymi,
1767 4116 1820 4170 itt
1853 4129 1960 4184 quo
1988 4117 2057 4170 de

460 4187 717 4258 praisenti
742 4189 1132 4258 depravatione
1153 4186 1398 4258 dixeram
1435 4206 1447 4240 :
1482 4187 1648 4256 Legat
1681 4188 1842 4256 igitur
1869 4201 2055 4256 aequus

459 4257 644 4314 rerum
668 4257 966 4313 insumatur
998 4267 1170 4312 totum
1196 4257 1404 4313 huncce
1427 4259 1626 4326 locum,
1647 4270 1695 4314 et
1723 4257 1903 4311 statim
1935 4273 2054 4327 per-

461 4341 709 4401 spectum
763 4331 985 4384 habebit
1039 4329 1171 4383 nihil
1222 4329 1573 4393 depravatius
1619 4330 1707 4385 eili
1736 4329 1979 4401 potuisse
2003 4331 2054 4382 in

460 4399 721 4472 operibus
746 4402 1055 4472 Hieronymi
1094 4419 1107 4453 :
1137 4415 1270 4472 nam,
1291 4401 1436 4465 quod
1473 4403 1590 4472 ipse
1618 4399 2052 4472 reprehenditin

459 4470 682 4537 Judreis,
714 4470 1058 4541 Semijndzeis
1109 4483 1164 4525 et
1215 4470 1502 4536 Ebionitis,
1552 4471 1610 4524 id
1640 4472 1817 4534 ipsum
1857 4471 2056 4538 impin-

459 4560 586 4615 gunt
637 4545 693 4599 in
733 4553 979 4615 sanctum
1026 4544 1310 4598 Ductorem
1357 4559 1516 4615 prava
1564 4542 1798 4615 lectione
1842 4543 2052 4597 Hebraei

459 4613 640 4671 textus
668 4631 764 4670 seu
796 4614 945 4669 vocis
963 4620 1093 4670 nm
1119 4615 1286 4674 bama,
1313 4629 1473 4684 quam
1495 4614 1679 4682 legunt
1709 4613 1908 4667 bamme
1929 4630 2052 4668 cum

459 4686 748 4760 obctecatis
785 4685 1008 4749 Judaus,
1044 4685 1133 4753 qui
1161 4700 1473 4760 sermonem
1500 4686 1812 4760 ambiguum
1853 4686 1918 4738 ad
1953 4687 2054 4740 im-

461 4757 680 4828 pietatis
725 4770 943 4813 traxere
993 4772 1241 4823 sensum,
1292 4772 1359 4812 ne
1403 4757 1471 4812 de
1497 4757 1718 4812 Christo
1759 4758 2056 4827 gloriosqu

459 4830 588 4900 quid
620 4831 884 4884 dicerent.

533 4901 801 4956 Caeterum
845 4916 954 4971 non
1001 4899 1196 4954 omitto
1229 4904 1283 4954 in
1331 4899 1540 4971 aliquot
1590 4915 1724 4954 mss.
1777 4900 2060 4956 codicibus

459 4984 699 5043 posnum
731 4987 853 5027 esse
881 4970 1013 5025 Eser
1053 4985 1149 5041 pro
1171 4971 1318 5039 Aser,
1366 4970 1657 5026 et’nesama
1695 4987 1793 5041 pro
1822 4990 2053 5026 nasama.

462 5066 730 5121 Hebraice
763 5065 993 5132 positum
1017 5064 1248 5135 legimus
1277 5081 1291 5120 :
1318 5069 1442 5120 W18
1485 5070 1639 5125 eum
1670 5069 1746 5150 pa
1783 5049 1895 5123 D35
1933 5043 2061 5120 15m

457 5162 559 5216 κτῑ
575 5162 733 5219 :utm:
751 5163 878 5214 ττὩὲ
897 5161 949 5212 ⁷)
971 5161 1112 5218 ῚΞΝΞ
1133 5161 1317 5213 ΠὩΨΤ

1680 5229 1949 5285 Maurum.

526 5353 599 5367 -
629 5323 809 5378 Nostri
840 5339 1000 5391 mss.,
1035 5321 1166 5378 Eser
1194 5340 1403 5378 nesama
1424 5322 1597 5392 [ναοπο
1617 5339 1635 5388 ;
1657 5335 1819 5391 atque
1850 5325 1920 5378 ita
1942 5323 2059 5390 qui-

456 5395 581 5452 dem
615 5396 840 5451 rescribi
892 5398 1095 5450 malim.
1148 5394 1343 5451 Verum
1387 5396 1492 5451 alia
1539 5405 1802 5462 praeterea
1843 5396 1996 5449 duxit
2027 5411 2058 5449 e

456 5482 592 5522 mss.
628 5467 970 5523 emendanda
1000 5465 1225 5522 doctiss.
1253 5468 1501 5533 Drusius,
1535 5466 1716 5522 Hedlu
1738 5481 1934 5532 nempe
1959 5481 2056 5535 pro

455 5536 692 5609 Hedatu,
725 5539 783 5596 in
811 5554 946 5597 mss.
975 5539 1298 5612 plerumque
1325 5553 1409 5597 est
1437 5537 1650 5596 Heaut:
1681 5551 1792 5596 tum
1810 5536 2056 5594 Haadam

2171 3376 2548 3434 Salvatorem:
2595 3374 2825 3444 iubente
2857 3373 3150 3445 Propheta,
3183 3383 3244 3429 ut
3273 3375 3555 3444 quiescant
3591 3375 3661 3430 ab
3700 3390 3771 3431 eo

2163 3471 2254 3540 qui
2283 3471 2336 3526 in
2365 3483 2564 3539 magno
2604 3468 2786 3538 aliquo
2814 3475 3099 3537 reputatus
3125 3475 3242 3533 est;
3289 3466 3417 3522 licet
3445 3468 3768 3535 impra-sen-

2164 3567 2361 3621 tiarum
2392 3564 2638 3619 videatur
2669 3571 2728 3617 ut
2753 3561 2940 3628 homo,
2967 3570 3024 3618 et
3053 3561 3327 3632 spiramen
3358 3559 3557 3618 habere
3587 3561 3640 3616 in
3669 3575 3772 3616 na-

2163 3661 2334 3726 ribus,
2366 3659 2508 3713 sicut
2536 3666 2592 3712 et
2619 3656 2804 3712 caeteri
2837 3656 3048 3726 spirant
3069 3653 3340 3711 homines.

2168 3839 2268 3893 pro
2297 3822 2509 3878 Hadam
2529 3839 2547 3876 :
2578 3821 2812 3893 denique
2829 3820 3051 3876 Bamma
3071 3837 3194 3878 cum
3225 3820 3448 3890 duplici,
3473 3836 3764 3893 m,iquam-

2166 3892 2324 3967 quam
2353 3909 2486 3949 mss.
2518 3909 2642 3948 cum
2668 3892 3044 3949 uno-habeant
3069 3912 3082 3946 :
3117 3908 3238 3948 nam
3271 3893 3394 3958 hoc,
3419 3892 3613 3960 inquit,
3639 3906 3766 3967 pos:

2164 3964 2335 4022 terius
2365 3980 2549 4020 vermn
2582 3979 2706 4022 esse
2749 3967 3038 4020 ostendunt
3071 3980 3132 4020 ea
3169 3980 3290 4034 quze
3323 3973 3658 4033 sequuntur:
3701 3964 3763 4020 Si

2163 4038 2474 4094 voluerimus
2502 4037 2689 4106 legere,
2721 4038 2772 4091 in
2795 4051 2926 4108 quo,
2959 4035 3457 4108 dirimusﬁumma;
3485 4037 3567 4090 sin
3591 4045 3762 4090 autent

2161 4111 2464 4174 excelsum,
2515 4110 2594 4164 uel
2620 4106 2872 4165 excelsus
2915 4109 3136 4163 dicimus
3182 4106 3365 4164 Bama.
3396 4108 3679 4163 Postremo
3708 4108 3760 4163 in

2165 4181 2340 4236 Nesab
2397 4180 2620 4252 antiqua
2675 4181 3072 4236 consuetudine
3126 4179 3316 4235 elisam
3369 4179 3759 4251 aspiratimiem

2160 4253 2313 4315 heth,
2346 4252 2574 4322 ejusque
2605 4253 2867 4320 vocalem,
2903 4253 3046 4307 idem
3093 4260 3275 4318 notat,
3311 4267 3438 4307 cum
3488 4252 3758 4321 integrum

2160 4325 2483 4380 vocabulum
2511 4324 2582 4379 sit
2604 4323 2862 4379 Neltesab.

2231 4395 2258 4435 δ
2294 4395 2679 4467 Vulgati._quia
2717 4397 2770 4451 in
2798 4396 2983 4462 nihili;
3023 4405 3078 4450 et
3110 4409 3236 4451 mox
3264 4394 3352 4467 qui
3379 4395 3592 4450 omnino
3629 4395 3761 4451 nihil

2160 4479 2253 4533 est,
2290 4482 2388 4538 pro
2416 4465 2586 4522 nihili.

2235 4549 2258 4580 ο
2302 4539 2487 4593 Tacita
2525 4555 2724 4593 mecum
2751 4548 2936 4596 mente.
2968 4548 3076 4595 etc.
3115 4538 3306 4595 Videat
3335 4551 3480 4594 nunc
3518 4537 3760 4594 infensus

2163 4610 2496 4682 Hieronymo
2535 4609 2692 4666 Joan.
2728 4611 3011 4677 Clericus,
3062 4611 3350 4667 calumnia:
3378 4610 3490 4682 VSS.
3538 4609 3756 4682 Patrum

2084 4657 2139 4717 D
2162 4657 2458 4746 iuuans";
2470 4657 3349 4738 Ἴῆιῖι-έῖἆδιῖιῖῖίέιῖῖδ.ἒίιῘί-Χέὲέῖεῐ
3363 4657 3756 4742 autem;

2166 4754 2257 4809 tici
2323 4753 2638 4824 ἱιιΐιιιῃεῃιιίς
2684 4752 2839 4824 LXX
2899 4754 3233 4824 lnterpretes
3269 4795 3283 4819 ,
3349 4753 3492 4822 quod
3558 4751 3760 4808 dixerit

2165 4826 2386 4896 eodem
2411 4823 2574 4888 LXX,
2605 4823 2832 4878 noluisse
2855 4824 2978 4891 ﬁdei
3005 4823 3114 4880 sua!
3140 4824 3760 4896 Sacramentaperspieue

2164 4895 2400 4950 Ethnicis
2430 4896 2664 4967 prodere.
2683 4896 2843 4950 Certe
2871 4898 3124 4953 infamem
3147 4898 3435 4952 calumnia-
3462 4894 3758 4967 Clericatite

2165 4966 2446 5037 erpqunt
2506 4967 2591 5038 hic
2649 4967 2751 5020 loci
2799 4969 3079 5034 inveniet,
3125 4967 3218 5038 qui
3268 4967 3426 5037 hujus
3477 4966 3754 5022 Sociniani

2161 5041 2503 5105 Quaestiones
2531 5037 2981 5109 Hieronymianas
3007 5037 3218 5108 legerit.
3240 5038 3561 5106 SuSpit-atur
3593 5053 3756 5107 porro

2164 5110 2526 5181 Hieronymus
2547 5114 2754 5181 incap.
2781 5126 2893 5165 xvrt
2921 5110 3198 5176 Ieremia),
3233 5109 3572 5181 prophetiam
3596 5110 3755 5165 istam

2163 5179 2420 5236 omissam
2455 5196 2485 5234 a
2527 5179 2686 5253 LXX
2744 5181 3166 5253 luterpretibus,
3225 5179 3282 5236 ut
3331 5179 3619 5251 parcerent
3670 5195 3740 5252 po

2164 5255 2292 5322 pulo
2322 5267 2445 5307 suo.
2488 5252 2761 5308 Manum.

2233 5321 2260 5360 ἀ
2291 5323 2376 5378 Al.
2411 5339 2533 5378 cum
2566 5335 2619 5378 ut
2650 5325 2862 5387 vocula,
2898 5325 3131 5379 uidelicet
3160 5334 3214 5380 ut
3239 5322 3437 5392 Judwi,
3465 5332 3574 5380 etc.

2237 5405 2259 5432 θ
2301 5395 2418 5450 Duo
2466 5413 2598 5469 mss.
2652 5396 2824 5452 Vatic.
2857 5407 2913 5452 et
2965 5394 3160 5462 Palat.,
3207 5398 3340 5451 dicet
3381 5395 3557 5465 Immo,
3616 5397 3756 5469 quod

2159 5465 2312 5521 homo
2346 5477 2496 5523 natus
2523 5467 2591 5522 sit
2614 5469 2668 5522 in
2696 5484 2776 5523 ea.

1974 5744 2240 5800 ’σε
