4052 6456
260 369 372 462 ⁴5¹Ι
884 366 1541 428 COMMENTARIOBUM
1580 367 1648 424 IN
1686 366 1922 425 ISAIAM
1965 367 2390 426 PROPHETAM
2433 367 2561 425 [ΛΒ.
2605 366 2670 425 ll.
2710 363 2866 426 CAP.
2909 366 2997 426 III.
3541 369 3610 425 58

1248 652 1737 765 LIBER
1819 649 2652 762 SECUNDUS.

370 1053 618 1131 55-56
646 1052 823 1110 Finito
863 1053 916 1109 in
965 1051 1158 1108 Isaiam
1203 1052 1380 1125 primo
1408 1051 1704 1120 volumine,
1752 1052 1898 1125 quod
1926 1057 1974 1116 Α
2005 1055 2080 1109 tui
2107 1053 2341 1110 romedes
2371 1070 2555 1125 panem
2583 1063 2751 1123 tuum,
2794 1055 2956 1112 donec
2996 1059 3274 1115 revertaris
3300 1059 3354 1113 in
3387 1067 3601 1127 terram,

289 1161 355 1208 ut
384 1151 563 1224 potui,
596 1165 702 1204 non
731 1157 790 1203 ut
818 1147 988 1212 volui,
1017 1145 1185 1204 celeri
1212 1161 1469 1203 sermone
1496 1147 1698 1203 dictavi
1725 1165 1739 1202 :
1770 1163 1899 1204 sen-

288 1259 418 1302 sum
453 1242 634 1314 potius
668 1241 1101 1314 Scripturarnm,
1143 1254 1304 1310 quam
1345 1241 1664 1312 composita:
1692 1241 1896 1297 oratio-

287 1343 384 1398 nis
409 1338 573 1396 verba
605 1340 967 1410 perquirens:
995 1351 1138 1392 nunc
1181 1336 1564 1392 transcendam
1602 1336 1669 1392 ad
1699 1352 1896 1393 secun-

287 1437 461 1501 dum;
510 1445 566 1491 et
606 1431 869 1504 quidquid
900 1433 952 1487 in
1000 1447 1086 1486 me
1117 1432 1314 1486 virium
1358 1440 1464 1498 est,
1516 1446 1808 1502 proua'que
1840 1432 1893 1487 in

289 1530 590 1590 Dominum
619 1527 935 1590 voluntatis.
966 1525 1192 1583 oderam
1224 1527 1274 1582 ei
1297 1527 1390 1597 qui
1422 1543 1518 1596 per
1561 1526 1890 1597 Prophetam

288 1624 512 1681 locutus
535 1633 658 1679 est:
695 1620 808 1693 Ego
840 1621 1063 1675 visiones
1094 1619 1435 1688 multiplicavi
1458 1635 1477 1674 :
1503 1628 1549 1674 et
1575 1619 1628 1672 in
1657 1619 1893 1677 manibus

287 1715 685 1789 Prophetarum
725 1714 1045 1768 assimilatas
1071 1729 1185 1767 sum
1220 1711 1377 1779 (Ure.
1430 1727 1524 1778 xu,
1574 1710 1688 1783 lO).
1735 1711 1891 1768 Unde

285 1810 527 1866 obsecro
566 1815 642 1871 te,
671 1806 824 1877 virgo
868 1803 1074 1860 Christi
1108 1804 1484 1869 Eustochium,
1534 1814 1584 1857 ut
1637 1805 1796 1859 nobis
1837 1804 1890 1859 in

285 1901 700 1972 Set'ipturarum
722 1899 1106 1970 explanatione
1133 1899 1492 1966 certantibus,
1517 1907 1571 1952 tu
1597 1913 1718 1953 cum
1742 1899 1892 1956 Mose

283 1996 361 2052 ad
413 1993 701 2051 Dominum
734 1993 918 2049 eleves
969 2008 1160 2048 manus
1209 2010 1222 2048 :
1270 2002 1326 2046 ut
1374 1990 1468 2063 qui
1511 2001 1775 2047 exeuntes
1822 1992 1890 2047 de

282 2090 550 2163 Afgypto,
631 2104 783 2145 mare
848 2088 1197 2144 transivimus
1256 2086 1527 2151 Rubrum,
1607 2085 1890 2142 vincamus

283 2185 526 2250 Amalec,
557 2184 647 2256 qui
687 2184 1083 2251 interpretatur
1129 2181 1384 2236 devorans
1411 2189 1466 2236 et
1514 2179 1782 2252 elingens;
1835 2188 1892 2236 et

281 2278 566 2350 possimus
610 2285 789 2334 tecum
830 2275 1054 2331 dicere:
1090 2273 1401 2329 Benedictus
1434 2273 1691 2328 Dominus
1749 2272 1889 2328 Deus

282 2388 455 2437 meus,
504 2371 591 2443 qui
637 2371 784 2424 docet
830 2385 1017 2424 manus
1046 2384 1185 2421 meas
1215 2366 1282 2421 ad
1311 2367 1573 2439 praelium,
1625 2376 1672 2421 et
1696 2366 1888 2439 digitos

282 2483 433 2523 meos
463 2465 531 2520 ad
562 2464 752 2521 bellum
776 2464 796 2538 (
817 2463 908 2520 Ps.
932 2478 1115 2529 chtu,
1153 2463 1238 2533 l).

361 2563 532 2634 (Cap.
579 2561 926 2617 ιιι-γεγε.
953 2559 1044 2631 l.)
1087 2557 1222 2613 Ecce
1266 2558 1401 2612 enim
1445 2557 1740 2612 dominator
1783 2555 1890 2610 Do-

279 2659 463 2711 minus
506 2655 822 2711 exercituum
865 2654 1060 2723 auferet
1104 2653 1167 2706 ab
1211 2649 1524 2717 Jerusalem,
1573 2659 1619 2705 et
1655 2649 1719 2704 ab
1748 2647 1890 2704 Juda

278 2749 541 2816 validum,
576 2759 624 2804 et
673 2751 898 2821 fortem:
925 2762 1074 2801 omne
1120 2744 1278 2800 robur
1309 2746 1480 2817 panis,
1535 2754 1578 2798 et
1612 2759 1759 2797 omne
1798 2758 1887 2796 ro-

281 2845 387 2900 bur
432 2858 602 2915 aqua.
647 2841 936 2912 Hneusquo
975 2841 1044 2896 de
1076 2840 1283 2910 judicio
1319 2839 1428 2894 dici
1481 2848 1689 2908 putant.
1733 2837 1887 2903 Quod

280 2938 560 3009 sequitur,
585 2935 654 2992 de
683 2936 998 3006 Captivitate
1022 2943 1285 2999 ventura;
1317 2948 1476 3001 quant
1503 2932 1592 2986 alii
1626 2931 1691 2985 ad
1717 2930 1890 3003 Baby-

278 3028 490 3094 lonios,
521 3029 612 3084 alii
646 3027 886 3084 referunt
921 3027 985 3082 ad
1009 3026 1304 3081 Romanos.
1340 3023 1448 3082 Sed
1480 3022 1674 3080 melius
1696 3032 1800 3090 est,
1831 3032 1888 3077 ut

281 3139 451 3194 supra
477 3121 737 3186 diximus,
762 3130 959 3178 cuncta
990 3121 1181 3175 referri
1203 3119 1267 3173 ad
1297 3119 1632 3173 Dominicam
1674 3117 1882 3188 passio-

279 3233 437 3274 nem.
467 3215 596 3270 Post
619 3212 1058 3271 interfectionem
1083 3213 1284 3283 quippe
1303 3211 1470 3276 illius,
1491 3223 1681 3266 omnes
1699 3209 1887 3279 gratiae

277 3320 340 3368 et
365 3309 690 3365 donationes
711 3308 940 3363 sublata:
959 3314 1085 3362 sunt
1108 3322 1135 3360 a
1161 3305 1363 3361 Judzeis
1387 3323 1398 3358 :
1421 3303 1716 3359 secundum
1741 3301 1884 3372 quod

279 3405 337 3462 in
377 3401 672 3473 Evangelia
715 3403 978 3473 scriptum
1027 3408 1110 3455 est
1140 3398 1290 3456 :Lea:
1325 3408 1371 3452 et
1409 3397 1684 3468 Propheta:
1726 3410 1889 3462 usque

277 3495 353 3550 ad
376 3492 638 3549 Joannem
663 3492 954 3566 Baptistam
978 3491 1206 3566 (Matth.
1235 3507 1309 3552 st,
1348 3489 1464 3562 15).
1501 3490 1566 3544 Et
1593 3498 1678 3544 est
1712 3488 1882 3543 ordo:

278 3589 555 3658 Quoniam
587 3586 845 3643 noluistis
864 3601 1084 3642 cessare
1111 3585 1179 3640 ab
1211 3585 1453 3652 homine,
1479 3584 1636 3655 cujus
1663 3582 1886 3654 spiritus

281 3682 340 3738 in
393 3679 620 3736 naribus
662 3681 800 3750 ejus,
833 3680 928 3751 qui
969 3678 1223 3734 excelsus
1279 3686 1562 3748 reputatus
1619 3685 1705 3732 est
1741 3693 1754 3729 :
1788 3675 1884 3730 sed

279 3773 598 3830 econtrario
614 3771 828 3827 fudistis
849 3773 1168 3843 sanguinem
1193 3769 1345 3840 juSti,
1381 3779 1437 3824 et
1460 3768 1740 3840 cogitastis
1761 3781 1888 3822 con-

2001 1148 2065 1202 de
2090 1165 2194 1219 qua
2238 1158 2478 1218 sumptus
2505 1165 2557 1203 es
2588 1147 2755 1222 (Gen.
2781 1164 2865 1215 ttt,
2908 1149 3031 1220 l9),
3063 1151 3318 1207 similiter
3367 1152 3598 1208 audien-

1999 1240 2148 1295 dum.
2183 1240 2293 1297 Nec
2320 1256 2426 1296 non
2454 1241 2595 1312 quod
2619 1257 2648 1296 a
2671 1240 2961 1298 Salvatore
2988 1242 3214 1298 dicitur:
3235 1243 3360 1299 Non
3383 1246 3439 1300 in
3463 1262 3600 1317 pane

1996 1334 2106 1389 solo
2131 1334 2251 1388 vivit
2276 1333 2453 1401 homo,
2491 1332 2582 1389 sed
2607 1334 2662 1389 in
2697 1335 2836 1388 omni
2862 1336 3015 1390 verba
3043 1337 3181 1407 quod
3219 1337 3484 1411 egreditur
3509 1355 3600 1408 per

1998 1444 2054 1482 os
2086 1427 2182 1484 Dei
2215 1427 2436 1501 (Matth.
2466 1445 2540 1495 tv,
2568 1427 2659 1501 4).
2693 1427 2977 1485 Fortitudo
3014 1431 3177 1502 igitur
3205 1433 3358 1503 panis
3385 1434 3600 1490 aufere-

1999 1533 2087 1575 tur
2111 1522 2180 1574 ab
2211 1522 2294 1578 eis
2322 1539 2335 1576 :
2365 1531 2391 1559 ει
2414 1521 2504 1577 ille
2534 1523 2624 1593 qui
2646 1522 2777 1578 dicit
2806 1539 2819 1578 :
2848 1522 2960 1595 Ego
2988 1541 3100 1578 sum
3133 1526 3284 1593 panis
3313 1527 3475 1594 vivus,
3513 1529 3602 1597 qui

1997 1613 2062 1668 de
2100 1613 2227 1668 caelo
2253 1613 2494 1668 descendi
2523 1611 2712 1688 (Joan.
2747 1629 2820 1683 vt,
2854 1613 2976 1686 51).
3017 1616 3081 1671 Et
3126 1615 3386 1673 fortitudo
3414 1633 3590 1686 aqute,

1995 1707 2064 1764 de
2100 1723 2202 1777 qua
2234 1708 2375 1762 idem
2411 1708 2674 1764 Dominus
2700 1710 3024 1779 loquebatur
3060 1708 3283 1765 :Omnis
3303 1712 3389 1780 qui
3413 1711 3593 1766 biberit

1995 1816 2059 1855 ea:
2087 1816 2222 1873 aqua
2243 1800 2360 1868 hac,
2391 1801 2530 1855 sitiet
2557 1802 2742 1855 iterum
2773 1818 2792 1857 :
2818 1807 2908 1872 qui
2933 1813 3102 1858 autem
3128 1802 3311 1858 biberit
3341 1821 3406 1860 ea:
3431 1821 3589 1876 aqua,

1995 1911 2150 1964 quam
2193 1911 2286 1964 ego
2314 1895 2445 1949 dabo
2488 1895 2554 1962 ei,
2593 1912 2700 1949 non
2737 1895 2875 1949 sitiet
2917 1895 2970 1949 in
3001 1898 3398 1952 wternumnrd
3435 1913 3592 1970 aqua,

1995 2004 2149 2059 quam
2177 2005 2270 2060 ego
2297 1987 2432 2042 dabo
2461 1988 2528 2054 ei,
2561 1989 2645 2057 ﬁet
2671 1989 2725 2042 in
2754 2005 2813 2043 eo
2842 1989 2960 2056 fons
2990 2005 3137 2058 aqua
3165 1990 3397 2045 salientis
3436 1992 3489 2044 in
3515 1991 3592 2044 vi-

1995 2095 2099 2137 tam
2127 2094 2370 2138 wternam
2401 2081 2592 2157 (Joan.
2624 2098 2702 2152 tv,
2733 2085 2799 2138 l3
2822 2086 2858 2154 ).
2889 2083 2966 2138 De
2994 2083 3308 2152 hujusmodi
3340 2083 3572 2154 panibus

1993 2186 2049 2232 et
2066 2177 2117 2232 iu
2141 2177 2456 2232 Proverbiis
2479 2177 2710 2249 legimus
2740 2195 2752 2230 :
2775 2178 2929 2240 Aperi
2953 2177 3132 2233 oculos
3155 2188 3288 2245 tuos,
3313 2188 3360 2232 et
3381 2179 3583 2248 replere

1995 2271 2219 2336 panibus
2244 2271 2440 2342 (Prov.
2473 2287 2562 2339 χχ,
2593 2272 2717 2341 15).
2741 2268 2770 2310 δ
2796 2270 3010 2328 Habent
3037 2270 3210 2327 Judtni
3243 2286 3459 2342 panem,
3490 2272 3588 2328 sed

1993 2363 2200 2436 absque
2241 2363 2591 2432 fortitudine;
2647 2363 2851 2421 habent
2873 2379 3060 2435 aquas,
3108 2363 3204 2420 sed
3251 2365 3456 2436 absque
3505 2380 3594 2418 ro-

1917 2460 1964 2520 B
1994 2458 2146 2513 bore.
2187 2457 2392 2529 Legum
2416 2458 2563 2513 enim
2596 2455 2930 2525 Seripturas,
2976 2458 3070 2512 sed
3099 2474 3206 2513 non
3237 2457 3546 2528 intelligunt
3579 2499 3590 2511 .

1993 2561 2180 2610 tenent
2207 2553 2575 2620 membranas,
2610 2560 2665 2608 et
2690 2550 2989 2618 Christum,
3026 2555 3120 2622 qui
3169 2553 3222 2609 in
3253 2551 3592 2608 membranis

1990 2649 2230 2719 scriptus
2275 2657 2377 2714 est,
2431 2647 2789 2717 perdiderunt
2826 2642 3019 2714 (lCor.
3071 2644 3182 2715 ιιι).
3232 2644 3400 2701 Lacte
3446 2643 3592 2698 enim

1991 2740 2229 2808 aluntur,
2275 2739 2426 2810 quasi
2461 2739 2692 2809 parvuli,
2729 2746 2784 2792 et
2828 2753 2938 2792 non
2969 2737 3146 2790 solido
3175 2738 3321 2791 cibo.
3373 2735 3440 2791 Et
3467 2737 3592 2806 quia

1990 2833 2363 2889 fortitudinem
2395 2831 2772 2901 perdiderunt,
2803 2837 2858 2885 ct
2885 2828 3082 2884 inﬁrmi
3114 2839 3266 2896 sunt,
3299 2836 3591 2900 pr0pterea

1989 2926 2138 2982 olera
2189 2926 2501 2982 comedunt.
2555 2923 2895 2980 Athletarum
2929 2937 3109 2980 autem
3164 2922 3378 2979 solidus
3432 2923 3587 2979 cibus

1989 3028 2093 3087 est,
2131 3019 2222 3090 qui
2254 3029 2308 3074 et
2337 3019 2501 3073 vitam
2531 3026 2802 3073 sustentat
2834 3016 3147 3087 humanam,
3182 3027 3237 3073 et
3281 3018 3592 3072 viventibus

1991 3113 2196 3185 praebet
2223 3111 2590 3169 fortitudinem
2611 3111 2630 3182 (
2651 3111 2803 3166 Rom.
2832 3128 2920 3167 χιν
2940 3112 2981 3183 ).
3011 3111 3088 3166 De
3120 3110 3431 3167 istiusmodi
3455 3124 3594 3180 pane

1989 3215 2045 3262 et
2070 3222 2227 3278 aqua,
2259 3206 2403 3276 quod
2436 3204 2752 3261 auferantur
2783 3219 2812 3258 a
2842 3203 3072 3274 ludatis,
3101 3208 3264 3260 etiam
3290 3205 3429 3260 alius
3463 3204 3592 3259 Pro-

1991 3285 2148 3370 pheta
2175 3309 2425 3368 testatur,
2461 3299 2689 3355 dicens:
2717 3297 2852 3353 Ecce
2879 3299 2993 3352 dies
3023 3300 3211 3366 veniet,
3246 3298 3373 3352 dicit
3410 3296 3596 3351 Domi-

1989 3410 2105 3461 nus,
2139 3402 2186 3447 et
2215 3393 2444 3448 emittam
2471 3395 2660 3464 famem
2689 3408 2848 3463 super
2875 3401 3065 3445 terram
3091 3407 3109 3445 :
3133 3408 3234 3445 non
3267 3394 3459 3462 famem
3492 3406 3584 3458 pa-

1988 3488 2090 3555 nis,
2136 3502 2296 3555 neque
2326 3486 2467 3540 sitim
2493 3501 2660 3556 aqua,
2686 3484 2777 3538 sed
2810 3488 3002 3555 famem
3022 3495 3043 3522 ε
3061 3484 3311 3538 audiendi
3337 3498 3596 3538 sermones

1989 3579 2200 3636 Domini
2225 3581 2417 3654 (Amos
2465 3597 2580 3646 vut,
2608 3581 2669 3636 ll
2688 3582 2731 3652 ).

2063 3677 2082 3749 (
2103 3675 2263 3732 Vers.
2293 3676 2393 3747 2.)
2434 3674 2652 3732 Fortem
2695 3685 2744 3730 et
2786 3677 2955 3731 virum
2984 3676 3314 3742 bellatorem,
3369 3675 3593 3744 iudicem

1989 3782 2038 3827 et
2085 3771 2426 3844 PrOphetam,
2484 3782 2531 3826 et
2598 3772 2888 3838 hariolum,
2949 3781 2996 3826 et
3036 3787 3229 3826 senem.
3267 3771 3374 3826 Pro
3423 3769 3587 3838 forti,

278 3867 465 3924 silium
500 3867 819 3937 pessimum,
851 3865 1098 3920 dicentes
1123 3882 1136 3918 :
1160 3862 1447 3937 Alligemns
1483 3866 1710 3936 justum,
1761 3862 1882 3932 quia
1911 3851 1956 3914 C
1989 3866 2132 3938 quod
2163 3867 2342 3921 solum
2391 3874 2472 3920 est
2503 3865 2553 3919 itt
2587 3864 2835 3932 Hehravo,
2880 3863 2987 3918 duo
3031 3864 3193 3917 simul
3223 3862 3368 3917 LXX
3415 3872 3592 3916 trans-

279 3959 493 4014 inutilis
520 3968 592 4014 est
629 3957 774 4013 nobis
805 3956 970 4030 (Sap.
1017 3972 1076 4022 tt,
1116 3955 1251 4027 12);
1296 3955 1418 4010 ideo
1453 3954 1686 4010 fructum
1724 3953 1879 4009 adin~

279 4053 602 4108 ventionum
636 4059 941 4106 vestrarum
972 4049 1290 4104 comedetis.
1326 4048 1468 4103 Nihil
1501 4047 1640 4118 apud
1667 4047 1886 4104 Jttdmos

280 4155 411 4217 post
437 4143 756 4200 Passionem
785 4144 996 4198 Domini
1028 4141 1190 4209 forte,
1220 4143 1352 4197 nihil
1381 4141 1616 4196 validum
1645 4151 1763 4196 est:
1789 4140 1885 4195 sed

279 4238 466 4293 omnia
498 4238 709 4291 inlirma
738 4244 795 4292 et
817 4235 1092 4307 languida.
1127 4234 1238 4291 Nec
1280 4235 1475 4306 aliquis
1520 4241 1696 4304 potest
1743 4233 1884 4304 apud

279 4344 382 4386 eos
410 4328 632 4385 dicere:
667 4328 856 4383 Omnia
901 4345 1110 4399 possum
1158 4329 1212 4382 in
1256 4344 1333 4395 eo,
1365 4330 1450 4398 qui
1499 4344 1579 4382 me
1624 4330 1885 4400 confortat

282 4422 464 4498 (Phil.
493 4438 568 4489 tv,
600 4424 726 4494 15).
752 4421 974 4478 Christo
999 4421 1131 4478 Jesu
1165 4423 1398 4478 Domino
1428 4432 1640 4477 nostro.
1674 4423 1737 4477 Et
1758 4423 1883 4493 quia

274 4517 437 4589 juxta
460 4515 602 4571 LXX
635 4516 864 4588 legimus
903 4516 1134 4570 validum
1161 4525 1209 4570 et
1235 4514 1497 4582 validam;
1543 4516 1720 4572 valido
1753 4516 1882 4572 illud

278 4625 576 4684 possumus
607 4619 864 4681 coaptare
893 4627 906 4663 :
941 4608 1119 4663 Donec
1150 4625 1484 4663 occurramus
1516 4626 1690 4663 omnes
1725 4610 1778 4663 in
1811 4609 1884 4664 ri-

277 4722 402 4760 rum
425 4709 733 4773 perfectum,
757 4704 809 4757 in
828 4720 1122 4758 mensuram
1145 4703 1310 4758 aetatis
1332 4703 1671 4772 plenitudinis
1692 4700 1884 4757 Christi

278 4796 845 4874 (Ephes.tv,l5).ﬁ.7
867 4797 1271 4853 Porrovalidm:
1297 4796 1448 4864 Volo,
1483 4797 1677 4866 inquit,
1710 4813 1884 4851 omne.-

278 4908 380 4948 vos
399 4893 648 4964 virginem
679 4903 874 4947 castam
910 4891 1152 4946 exhibere
1175 4890 1382 4945 Christo
1413 4890 1487 4963 (ll
1512 4891 1633 4947 Cor.
1681 4907 1761 4957 χι,
1786 4891 1881 4964 2).

277 4985 575 5043 Fortitudo
600 4995 781 5040 autem
814 4985 988 5055 panis.
1021 4993 1077 5040 et
1103 4983 1365 5040 fortitudo
1390 5000 1566 5054 aquae,
1614 5002 1710 5055 pro
1735 4985 1883 5040 omni

276 5082 429 5145 cibo.
459 5091 516 5137 et
542 5088 672 5152 potu
713 5081 998 5151 accipitur.
1030 5078 1286 5150 Legimus
1315 5078 1460 5149 quod
1509 5079 1684 5134 Moses
1724 5079 1888 5134 fuerit

277 5177 333 5233 in
380 5185 568 5232 monte
612 5175 786 5241 Sinni,
835 5186 886 5229 et
917 5173 1272 5245 quadraginta
1304 5172 1498 5229 diebus
1539 5190 1732 5244 panem
1777 5191 1882 5229 non

1993 3961 2249 4022 tulerunt,
2305 3961 2564 4033 gigantem
2610 3956 2637 3995 ά
2676 3969 2724 4014 et
2766 3963 2988 4029 fortem,
3037 3958 3290 4013 eumdem
3342 3957 3592 4012 volentes

1989 4055 2259 4124 gigantem
2294 4067 2440 4120 esse,
2479 4065 2639 4122 quem
2675 4050 2895 4105 fortem.
2929 4049 3005 4105 De
3039 4050 3163 4106 forti
3195 4065 3357 4120 supra
3385 4049 3589 4106 dictum

1990 4155 2093 4201 est.
2125 4144 2412 4215 Gigantem
2443 4152 2623 4199 autem
2656 4146 2708 4199 in
2739 4144 2936 4200 bonam
2978 4154 3212 4214 partem,
3246 4144 3349 4199 hoc
3378 4155 3482 4211 est,
3522 4145 3591 4202 de

1992 4237 2222 4294 Dumino
2245 4239 2548 4302 Sztlvalore,
2573 4239 2623 4293 in
2649 4249 2844 4294 octavo
2866 4238 3083 4292 decimo
3101 4239 3310 4310 psalmo
3329 4238 3588 4310 legimus:

1991 4333 2258 4389 Exultavit
2281 4342 2336 4388 ut
2358 4335 2505 4407 gigas
2534 4333 2601 4388 ad
2625 4332 2938 4387 currendam
2960 4334 3093 4386 riam
3121 4349 3269 4387 suam
3291 4350 3308 4387 :
3331 4350 3361 4386 a
3389 4350 3587 4388 summa

1989 4427 2115 4482 aeto
2145 4427 2370 4499 egressio
2399 4429 2532 4500 ejus,
2564 4426 2740 4498 et“
2759 4443 3008 4480 occursus
3040 4430 3152 4500 ejus
3184 4443 3346 4496 usque
3363 4428 3430 4497 ad
3447 4444 3590 4481 sunt-

1991 4536 2130 4572 mum
2165 4518 2307 4573 illius
2339 4517 2521 4590 (Psal.
2566 4533 2715 4585 tmtt,
2753 4519 2842 4586 8).
2885 4517 2981 4573 Sin
3029 4529 3209 4573 autem
3265 4519 3578 4589 legerimus,

1988 4613 2226 4670 Nemrod
2246 4613 2520 4685 gigantem
2554 4612 2716 4683 (Gen.
2745 4613 2834 4684 χ),
2876 4612 2966 4682 qui
3006 4613 3104 4667 fuit
3135 4622 3367 4667 venator
3401 4628 3587 4668 coram

1990 4699 2241 4776 Domino,
2281 4719 2336 4765 et
2374 4710 2622 4781 gigantes
2646 4707 2812 4798 (Gen.
2857 4711 2965 4779 vt),
3010 4719 3232 4780 propter
3263 4724 3401 4780 quos
3440 4711 3589 4764 venit
3623 4751 3633 4762 .

1989 4801 2248 4857 diluvium
2288 4817 2454 4872 super
2493 4814 2720 4869 terram,
2757 4803 2807 4856 in
2840 4801 3169 4856 contrariam
3209 4810 3416 4873 partem
3445 4802 3589 4858 acci-

1989 4895 2172 4968 piendi
2203 4904 2347 4952 sunt.
2387 4896 2577 4952 Virum
2609 4911 2826 4966 quoque
2865 4895 3188 4950 bellatorem
3228 4894 3378 4965 juxta
3417 4895 3587 4950 histo-

1989 4990 2122 5044 riam
2153 4992 2233 5045 sic
2258 4988 2634 5061 intelligimus,
2667 4988 2810 5061 quod
2843 4989 2988 5059 capti
3028 4988 3159 5055 sint,
3195 4998 3251 5044 et
3280 5005 3450 5058 usque
3488 4988 3583 5044 ho-

1990 5083 2077 5139 die
2115 5082 2377 5152 serviant,
2411 5091 2467 5138 et
2509 5099 2615 5138 non
2657 5082 3011 5153 deposuerint
3051 5082 3332 5138 servitutis
3368 5082 3579 5154 jngum.

1989 5176 2097 5232 Sed
2130 5193 2195 5233 ne
2218 5177 2437 5248 judices
2471 5177 2688 5246 quidem
2724 5175 2961 5230 habeant
2988 5175 3260 5246 proprios,
3302 5175 3588 5230 Romanis-

276 5268 609 5334 comederit,
652 5279 706 5324 et
754 5282 949 5338 aquam
996 5281 1103 5321 non
1155 5266 1354 5321 biberit
1395 5266 1606 5340 (Exod.
1654 5269 1879 5339 χχχιιι).
1913 5252 1962 5311 Ῑ)
1990 5288 2096 5345 que
2125 5272 2485 5343 subjiciantur
2511 5269 2786 5342 iudicibus
2813 5286 2826 5322 :
2856 5269 2908 5322 iu
2950 5277 3159 5324 tantum
3191 5280 3249 5324 ut
3283 5269 3349 5322 de
3386 5266 3587 5336 princi-

275 5363 424 5422 ltlud
449 5375 667 5434 quoque
688 5360 834 5433 quod
860 5359 927 5415 ad
949 5359 1122 5415 Adam
1151 5359 1380 5415 dicitur:
1407 5359 1475 5419 In
1498 5361 1690 5417 sudore
1716 5363 1885 5418 vultus

352 5535 381 5566 α
422 5523 630 5595 Supple
660 5532 708 5578 et
732 5525 952 5595 auferet,
980 5529 1074 5576 aut
1102 5519 1231 5592 qttid
1249 5521 1448 5595 simile.

351 5595 384 5638 ι’
425 5597 580 5653 Sicut
607 5604 776 5650 totum

287 5813 458 5908 ὕδωρ.
488 5808 569 5868 ἴτι
590 5808 1091 5900 πολυπρὰχμονοῦάι
1117 5809 1217 5934 qia
1238 5808 1305 5865 τᾶ
1331 5808 1554 5901 Mosaian
1581 5811 1887 5886 γράμματα,

288 5891 378 5934 unt
401 5880 809 5934 ανανιιιώειιονσι
831 5893 916 5934 τον
941 5882 1109 5934 nonor.
1193 5875 1300 5934 ιιδή
1322 5879 1375 5934 δὲ
1397 5893 1704 5934 nummum
1727 5881 1885 5934 male.

288 5891 378 5944 tuti
401 5875 809 5957 ἃναγινὼσκθνὸι
831 5875 916 5936 iis
941 5882 1109 5950 tisana.
1123 5875 1300 5937 non
1322 5879 1375 5937 δὲ
1397 5875 1704 5950 whatever}
1725 5875 1885 5952 obsis,

1995 5366 2153 5437 pibus
2189 5379 2404 5432 eorum,
2437 5364 2528 5436 qui
2559 5376 2683 5419 esse
2726 5362 2978 5418 videntur
3006 5362 3059 5417 in
3091 5361 3314 5432 p0pulo,
3353 5357 3585 5413 Romani

1991 5528 2080 5581 οὐκ
2104 5523 2298 5599 ἔχουσι
2324 5531 2417 5586 τήν
2441 5526 2601 5597 ἰσχὺν
2628 5528 2721 5579 τοῦ
2771 5518 2954 5599 ἄρτου,
3006 5521 3124 5579 οὔτε
3153 5528 3251 5597 μὴν
3303 5527 3394 5582 τήν
3421 5523 3583 5595 ἰσχὺν

812 5594 956 5649 Ιιιιιιε
983 5609 1207 5649 sensum
1231 5608 1299 5648 ex
1342 5592 1565 5650 Eusebii
1595 5593 1890 5651 Commen-
1987 5605 2076 5654 τοῦ
2103 5592 2318 5663 ὕδατος,
2344 5611 2452 5652 etc.

279 5669 446 5728 tariis
475 5667 750 5736 expressit
775 5665 920 5721 Hier.
953 5666 1175 5736 italth
1199 5665 1536 5736 potissimum
1563 5665 1724 5721 verba
1753 5683 1889 5735 pene

280 5742 474 5817 vertit.
496 5735 770 5817 _‘lou39ti'oi
795 5759 852 5810 ’γε
879 5742 980 5813 μὴν
1004 5735 1220 5817 Αἴχουᾳι
1273 5738 1365 5817 μέν
1392 5738 1482 5817 τὸιι
1508 5735 1672 5817 ἄρτον.
1719 5742 1804 5794 καὶ
1831 5743 1889 5796 τὸ

2063 5681 2086 5708 ο
2130 5669 2304 5724 Vatic.
2335 5668 2584 5723 audiendi
2606 5666 2857 5722 sermonis
2888 5667 3002 5722 Dei.

2059 5739 2086 5777 ἀ
2126 5741 2350 5797 Drusius
2383 5750 2534 5811 putat
2565 5738 2922 5812 posteriorem
2955 5755 3141 5795 vocem
3195 5740 3378 5812 fortem
3404 5755 3469 5797 εχ
3501 5739 3577 5794 al-

1991 5823 2103 5869 tera
2137 5810 2394 5870 Editione
2417 5812 2757 5882 desumptam
2789 5810 2976 5866 fuisse.
