4052 6448
508 362 580 421 59
1768 362 1825 421 S.
1867 362 2145 420 EUSEBIl
2186 361 2565 419 IIIERONYMI
3737 353 3814 409 (‘0
3859 447 3866 458 1

509 479 781 549 principes
808 478 1073 548 judicent.
1103 477 1209 534 Sed
1239 489 1288 531 et
1324 477 1423 532 hoc
1455 475 1767 538 dicendum,
1798 476 1940 546 quod
1975 477 2099 531 nul-
2128 483 2174 541 Α
2205 477 2295 548 qui
2326 476 2603 532 salvantur
2632 490 2730 542 per
2751 473 3148 546 pteuitentiam,
3173 471 3427 528 Christus
3451 481 3538 526 est
3569 489 3581 524 :
3617 470 3810 526 brevi-

507 573 593 628 lus
624 576 694 628 sit
730 573 872 643 apud
909 590 1004 630 eos
1040 573 1272 628 bellator
1311 573 1362 626 in
1396 573 1535 643 lege,
1574 573 1782 628 habens
1812 573 2097 628 scientiam

517 665 794 736 judicandi
822 684 834 720 :
861 665 954 720 sed
981 665 1160 719 omnia
1194 679 1332 718 vana
1361 665 1490 728 sint,
1516 667 1574 719 et
1603 665 1831 729 caduca,
1864 675 1919 720 et
1943 665 2100 738 plena

506 760 770 814 Stultiti:c.
819 759 894 813 De
933 758 1203 826 Propheta
1237 767 1442 822 autem,
1485 757 1625 828 quod
1667 758 1807 827 apud
1850 773 1946 812 eos
1977 772 2101 812 esse

505 851 823 918 cessaverit,
866 852 998 904 nulli
1042 851 1263 906 dubium
1306 861 1408 908 est.
1438 850 1744 919 Quaerimus
1787 852 1940 920 justa
1992 850 2098 905 He-

507 945 768 1011 braicum,
821 944 1092 1014 quomodo
1142 944 1570 1013 interpretemur
1606 944 1886 1013 hariolum,
1941 961 2100 1016 quem

504 1054 694 1096 omnes
722 1041 1061 1109 interpretati
1086 1050 1212 1094 sunt
1238 1039 1468 1094 divinum
1499 1057 1518 1095 :
1548 1039 1791 1110 exceptis
1819 1039 1984 1106 LXX,
2007 1041 2101 1111 qui

506 1151 602 1208 pro
630 1138 728 1190 hoc
751 1139 1093 1210 conjectorem
1113 1137 1524 1192 transtulerunt.
1550 1137 1615 1190 Et
1637 1135 1928 1192 dicendum
1955 1134 2099 1205 quod

506 1247 650 1301 saipc
689 1232 854 1286 etiam
905 1246 999 1299 per
1036 1230 1274 1285 hariolos
1323 1229 1501 1284 futura
1545 1230 1818 1295 dicantur,
1860 1229 2003 1285 sicut
2045 1229 2098 1284 in

501 1325 720 1381 Balaam
744 1325 930 1380 divino
953 1326 1199 1394 legimus,
1227 1334 1284 1380 et
1314 1325 1368 1379 in
1391 1323 1590 1378 divinis
1622 1326 1861 1394 quinque
1885 1325 2099 1379 urbium

505 1417 944 1483 Palaesunarum,
979 1417 1138 1473 Gazae
1167 1423 1224 1471 et
1253 1415 1557 1485 Ascalonis,
1589 1415 1753 1479 Gcth,
1790 1425 1843 1470 et
1874 1418 2104 1471 Accaro-

505 1511 612 1577 nis,
648 1519 702 1564 et
723 1510 899 1574 Azoti,
922 1510 1012 1581 qui
1045 1508 1178 1564 dant
1207 1509 1494 1564 consilium
1525 1509 1801 1580 quomodo
1831 1523 1957 1564 arca
1991 1509 2099 1565 Do-

506 1606 638 1659 mini
669 1604 1056 1674 remittatur(l
1085 1603 1216 1677 Reg.
1249 1621 1298 1658 vt
1321 1603 1360 1674 ).
1397 1603 1461 1657 Et
1500 1615 1582 1658 est
1624 1619 1851 1659 sensus:
1879 1605 1944 1659 Et
1971 1619 2100 1660 vera

503 1712 558 1756 et
581 1701 711 1754 l'alsa
735 1716 762 1754 a
795 1700 996 1756 Judicis
1021 1702 1225 1768 pariter
1268 1698 1604 1755 auferentur.
1643 1699 1833 1755 Senem
1859 1716 2095 1770 quoque,

497 1809 656 1862 quem
677 1792 818 1848 LXX
843 1793 1190 1864 presbyterum
1222 1794 1637 1858 transtulerant,
1692 1794 1943 1864 intelligit
1969 1792 2096 1866 [ΑΙ.

2208 581 2288 625 ter
2330 571 2539 625 numeri
2573 570 2732 639 hujus
2773 578 3108 624 sacramenta
3156 569 3473 637 pandemus.
3509 566 3569 621 In
3606 565 3809 622 Genesi

2206 665 2718 734 legitutis,lo';uente
2738 665 3007 719 Abraham
3028 664 3093 718 ad
3116 663 3578 733 Damiuum,quod
3602 677 3629 715 a
3649 665 3812 732 quin-

2205 760 2456 829 quaginta
2493 759 2725 829 primuni
2763 756 2947 828 justis,
2989 758 3031 811 si
3077 757 3425 812 inveniantur
3466 756 3518 808 in
3560 756 3809 824 civitate,

2205 850 2402 905 dixerit
2431 851 2623 906 urbem
2652 866 2774 907 esse
2800 850 3135 905 salvandam.
3176 851 3240 904 Et
3268 859 3477 920 septem
3508 849 3814 903 hebdoma-

2206 945 2394 999 darttm
2423 947 2474 1000 in
2500 957 2519 984 α
2546 945 2821 1012 Numeris,
2846 946 2895 1000 id
2927 955 3030 1013 est,
3069 947 3416 1000 l‘cutecbstes
3447 945 3810 1000 celeberrima

2205 1039 2473 1094 festivitas
2519 1047 2626 1095 est.
2664 1039 2914 1095 Jubileus
2962 1053 3197 1110 quoque,
3241 1039 3293 1092 id
3326 1047 3432 1102 est,
3464 1038 3813 1092 remissionis

2205 1148 2399 1197 anuus,
2433 1134 2522 1203 qui
2551 1135 2798 1203 septenis
2820 1148 3088 1186 annorum
3120 1131 3570 1194 hebdomadibus,
3612 1129 3666 1185 id
3697 1138 3810 1198 est,

2206 1230 2558 1300 quadraginta
2600 1244 2798 1284 novem
2843 1227 3002 1284 anuis
3037 1230 3256 1295 texitur,
3304 1229 3356 1283 in
3397 1243 3506 1298 quo
3548 1227 3817 1298 clangunt

2207 1323 2370 1384 tubae,
2397 1331 2453 1377 et
2481 1321 2547 1376 ad
2576 1337 2766 1378 omnes
2798 1323 3095 1378 revertitur
3121 1323 3341 1393 antiqua
3374 1322 3675 1392 possessio,
3701 1323 3814 1378 hoc

2204 1419 2454 1472 continet
2478 1429 2902 1473 sacramentum.
2933 1416 3089 1472 Unde
3118 1428 3171 1471 et
3198 1415 3366 1471 David
3397 1416 3448 1470 in
3483 1418 3820 1487 quinquage-

2204 1517 2344 1566 simo
2371 1528 2598 1567 numero
2631 1512 2904 1566 Psalmum
2939 1511 3130 1566 scribit
3161 1509 3519 1581 paenitentia.
3552 1509 3818 1580 Legimus

2204 1621 2424 1676 quoque
2453 1607 2505 1661 in
2535 1605 2731 1661 eodem
2767 1604 3127 1660 Numerorum
3169 1605 3328 1669 libro,
3356 1605 3498 1674 quod
3527 1603 3595 1658 de
3626 1603 3816 1673 prasda

2205 1709 2261 1754 et
2295 1698 2488 1768 Spuliis
2508 1739 2522 1764 ,
2575 1698 3084 1770 quinquagesimum
3114 1695 3236 1770 [ΑΙ.
3262 1695 3816 1768 quingentesimumj

2205 1803 2388 1863 caput,
2434 1802 2540 1846 tam
2582 1792 2651 1848 de
2697 1792 3032 1858 hominibus,
3071 1805 3232 1860 quam
3264 1789 3333 1846 de
3366 1791 3633 1860 jumeutis
3659 1789 3816 1845 acci-

501 1885 801 1958 intelliget]
826 1885 1060 1939 ablatum
1081 1900 1110 1939 a
1137 1885 1360 1953 .ludaeis,
1385 1887 1475 1955 qui
1500 1886 1686 1940 scierit
1715 1887 1766 1940 in
1797 1886 2098 1955 Scripturis
2131 1887 2176 1947 B
2207 1887 2358 1955 piant
2412 1886 2748 1949 sacerdotes,
2801 1893 2858 1941 et
2913 1881 3421 1954 quinquagesimum
3471 1881 3672 1948 levitas,
3711 1880 3819 1949 qui

501 1978 701 2032 Sanetis
754 1979 1099 2050 presbyteros
1141 1981 1336 2032 merito
1382 1990 1435 2033 et
1480 1978 1746 2049 sapientia
1793 1979 1942 2050 eligi,
1988 1997 2096 2036 non

505 2079 679 2125 mtate.
715 2071 904 2142 Neque
937 2073 1082 2127 enim
1115 2073 1256 2142 apud
1288 2072 1510 2129 Iudaeos
1539 2088 1702 2128 senes
1737 2088 1863 2129 esse
1912 2089 2099 2129 cessa-

503 2173 646 2230 runt,
702 2180 836 2235 quos
871 2182 1040 2235 usque.
1073 2165 1139 2219 ad
1180 2165 1514 2235 decrepitam
1571 2176 1910 2222 senectutem
1952 2181 2100 2238 saepe

499 2257 687 2312 venire
709 2257 1096 2326 conspicimus.
1128 2258 1190 2312 Et
1222 2260 1553 2314 inveteratus
1584 2259 1796 2314 dierum
1829 2260 2098 2315 malorum

499 2347 637 2402 duos
684 2350 1038 2421 presbyteros
1074 2350 1229 2420 juxta
1275 2350 1708 2407 Theodotionem
1760 2353 1816 2408 in
1864 2353 2102 2408 Danielis

503 2448 528 2476 ἰ
553 2440 818 2512 principio
850 2441 1080 2512 legimus
1107 2442 1276 2510 (Dan.
1312 2446 1458 2513 snt).
1497 2444 1630 2500 Nam
1662 2455 1716 2500 et
1742 2445 1876 2501 Mosi
1911 2447 2104 2515 praeci-

503 2533 669 2604 pitur,
712 2541 772 2590 ut
815 2535 981 2603 eligat
1008 2537 1375 2606 presbyteros,
1413 2553 1548 2608 quos
1589 2541 1691 2593 scit
1721 2555 1844 2594 esse
1875 2539 2101 2610 presby-

502 2634 650 2681 teros
701 2625 911 2696 (Exod.
960 2629 1146 2699 xviii).
1201 2630 1265 2683 Et
1316 2631 1598 2699 apostolus
1662 2632 1878 2701 Paulus,
1927 2633 2103 2703 qualis

501 2719 789 2791 presbyter
815 2721 1192 2792 eligi-debeat,
1227 2724 1545 2792 plenissime
1584 2726 1776 2780 scribit
1815 2725 1879 2780 ad
1915 2726 2101 2781 'l‘imo-

504 2809 686 2865 theum
721 2811 786 2882 (Ι
818 2811 953 2867 Tim.
1001 2830 1029 2865 v
1053 2813 1092 2884 ).
1129 2814 1281 2870 Unde
1310 2825 1366 2870 et
1395 2816 1448 2870 in
1495 2817 1806 2874 Proverbiis
1853 2817 2054 2874 dicitur
2087 2835 2100 2874 :

505 2903 686 2960 Gloria
713 2922 891 2961 senum
932 2911 1147 2964 canities
1173 2911 1191 2980 (
1217 2909 1374 2964 Prov.
1420 2927 1513 2977 xx,
1555 2911 1628 2968 29
1651 2909 1691 2984 ).
1723 2914 1856 2979 Qua:
1883 2921 1970 2968 est
1999 2914 2102 2970 ista

503 2998 768 3054 canities?
798 2999 938 3054 haud
973 3001 1194 3056 dubiqu
1241 3003 1370 3072 qttin
1403 3004 1690 3072 sapientia,
1726 3010 1794 3061 de
1826 3022 1930 3077 qua
1962 3007 2104 3062 scri-

502 3102 652 3166 ptum
677 3105 753 3150 est
777 3117 789 3148 ;
815 3096 1040 3152 Canities
1064 3098 1326 3152 hominum
1363 3099 1637 3170 prudentia
1657 3111 1730 3154 est
1758 3101 1913 3172 (ευρ.
1933 3101 2101 3170 iv,8).

503 3187 746 3259 Cumque
787 3201 1110 3258 nongentos,
1162 3202 1212 3244 et
1247 3206 1313 3246 eo
1347 3193 1578 3262 amplius
1622 3208 1798 3248 annos
1828 3193 1895 3247 ab
1931 3193 2101 3248 Adam

2204 1979 2519 2035 custodiunt
2547 1978 2696 2034 fores
2742 1978 3097 2034 tabernaculi.
3131 1976 3227 2032 Illa
3265 1993 3484 2048 quoque
3527 1976 3818 2047 Evangelii

2204 2073 2460 2143 parabola
2489 2072 2643 2144 (Luc.
2677 2089 2749 2128 vn
2775 2087 2822 2127 οι
2852 2071 2984 2142 xvx),
3008 2073 3061 2126 in
3091 2087 3198 2142 qua
3229 2071 3492 2127 dicuntur
3518 2071 3630 2125 duo
3651 2070 3821 2125 debi~

2205 2178 2372 2229 tores,
2404 2181 2545 2221 unus
2566 2165 2655 2236 qui
2686 2164 2924 2221 debebat
2946 2167 3270 2235 quingemOs
3293 2164 3569 2226 denarios,
3595 2174 3646 2217 et
3667 2163 3821 2220 alius

2204 2260 2617 2330 qttiuqu:tgitila,
2647 2259 2714 2312 ad
2748 2258 2889 2312 hanc
2919 2257 3158 2313 refertur
3183 2257 3618 2328 intelligentiam.
3649 2257 3819 2316 Unde

2204 2364 2258 2408 et
2281 2353 2574 2422 Apostolus
2602 2352 2740 2419 apud
2773 2350 3074 2420 Ephesios,
3099 2350 3293 2420 quibus
3319 2351 3548 2420 mystica
3576 2365 3818 2421 qua-que

2203 2450 2551 2514 dissolverat,
2586 2449 2700 2500 vult
2745 2462 3063 2517 permanere
3103 2461 3274 2516 usque
3310 2445 3377 2500 ad
3418 2445 3812 2514 Pentecosten,

2207 2543 2315 2615 50
2341 2542 2518 2597 donec
2569 2544 2807 2610 perfecte
2846 2540 2911 2593 ad
2947 2539 3233 2594 Dominum
3264 2549 3675 2604 convertantur,
3721 2540 3816 2594 di-

2205 2652 2336 2692 cens
2366 2655 2378 2691 :
2413 2634 2615 2690 Ostium
2644 2634 2776 2688 enim
2819 2632 2948 2687 mihi
2977 2640 3214 2702 apertum
3243 2642 3318 2688 est
3349 2649 3595 2704 magnum
3626 2641 3670 2686 et
3699 2632 3816 2686 cui-

2207 2729 2354 2792 dens,
2400 2728 2489 2783 sed
2533 2727 2818 2782 adversarii
2862 2726 3009 2780 multi
3052 2725 3094 2797 (Ι
3134 2725 3254 2781 Cor.
3289 2742 3400 2794 xu,
3433 2726 3509 2797 9).
3554 2724 3814 2780 Imitatur

2207 2833 2416 2887 autem,
2455 2831 2507 2875 et
2533 2821 2788 2875 diabolus
2831 2819 3193 2874 lsraeliticum
3235 2819 3565 2884 exercitum,
3597 2817 3666 2873 de
3696 2831 3814 2888 quo

2205 2915 2395 2969 .letbro
2424 2910 2450 2950 (ι
2482 2913 2709 2968 dederat
2735 2927 2935 2984 genere
2961 2926 3061 2966 suo
3093 2910 3226 2966 Mosi
3246 2910 3562 2977 consilium,
3589 2921 3646 2965 ut
3674 2924 3813 2966 con-

2206 3010 2460 3063 stitueret
2488 3022 2654 3076 super
2698 3005 2955 3076 populum
3000 3005 3248 3060 tribunos
3287 3013 3344 3060 et
3372 3005 3719 3060 centuriones
3748 3013 3815 3060 et.

2207 3098 2702 3170 quinquagenarias
2727 3097 2925 3168 (Exod.
2948 3097 3126 3168 xutl).
3163 3096 3320 3152 Unde
3346 3095 3548 3166 impius
3573 3112 3666 3152 Dex
3697 3095 3809 3164 (IV

2211 3194 2340 3265 Reg.
2381 3191 2422 3261 ι)
2465 3194 2629 3248 mittit
2682 3195 2818 3246 duos
2861 3191 3358 3262 quinquagenarios
3407 3206 3530 3246 cum
3573 3190 3814 3247 subditis

504 3296 679 3353 usque
709 3282 774 3336 ad
810 3283 1081 3338 Abraham
1116 3285 1317 3340 vixisse
1340 3285 1591 3340 homines
1611 3285 2096 3356 legamus(Genes.
2129 3283 2174 3345 C
2207 3283 2308 3342 sibi
2343 3286 2629 3348 militibus,
2655 3295 2714 3340 ut
2739 3284 3068 3340 exhiberem
3100 3285 3274 3340 Ellam
3301 3303 3314 3339 :
3347 3287 3434 3356 qui
3467 3285 3647 3340 divino
3681 3285 3812 3355 igne

503 3389 629 3427 XXIV
649 3383 688 3441 ι),
724 3375 903 3430 nullus
931 3376 1071 3432 alius
1102 3378 1249 3445 prius
1278 3378 1585 3447 appellatus
1602 3389 1683 3432 est
1710 3379 2018 3451 presbyter,
2048 3379 2100 3435 id

505 3477 611 3533 est,
641 3482 834 3537 senex,
865 3470 966 3525 nisi
995 3470 1289 3536 Abraham,
1310 3469 1420 3543 49
1447 3472 1536 3542 qui
1561 3473 1732 3529 multo
1754 3474 2102 3545 paucioribus

507 3563 665 3615 anuis
697 3565 894 3619 vixisse
939 3567 1304 3620 convincitur.
1339 3567 1492 3623 Unde
1542 3568 1730 3624 scribit
1759 3579 1816 3624 et
1859 3568 2101 3626 Joannes

506 3666 626 3723 post
653 3671 848 3725 pueros
872 3667 924 3712 et
952 3659 1200 3726 juvenes,
1227 3662 1390 3714 etiam
1421 3659 1488 3714 ad
1515 3675 1698 3724 senes,
1723 3661 1934 3728 dicens,
1959 3661 2103 3716 Scri-

505 3747 584 3817 psi
613 3748 776 3813 vobis,
813 3760 1002 3818 patres,
1035 3753 1156 3821 quia
1183 3753 1487 3821 cognouistis
1513 3769 1650 3818 cum,
1678 3755 1767 3822 qui
1795 3770 1826 3807 a
1847 3754 2103 3826 principio

504 3849 576 3892 est
601 3837 654 3910 (l
676 3838 837 3896 Joan.
874 3855 933 3908 ιι,
963 3842 1082 3913 15).
1115 3843 1180 3897 Ει
1208 3842 1450 3900 Roboam
1479 3845 1625 3901 illius
1652 3845 1957 3902 Salomonis
1979 3847 2103 3902 ideo

504 3932 741 4002 perdidit
791 3951 1040 4005 reguutn,
1095 3937 1216 4008 quia
1282 3940 1457 3995 noluit
1513 3939 1703 3997 audire
1752 3941 2102 4013 presbyteros

502 4023 601 4097 (ιιι
636 4025 766 4100 Reg.
799 4043 869 4083 xu
897 4029 936 4098 ).

573 4119 756 4187 (Vers.
796 4121 876 4190 5.)
930 4120 1228 4194 Principem
1259 4141 1413 4194 super
1439 4126 1831 4198 quinquaginta.
1866 4127 2107 4185 Συνεκδο-

505 4221 672 4285 χικῶς
702 4228 730 4266 a
761 4222 1130 4282 partcltotttm.
1157 4217 1443 4283 Quomodo
1457 4218 1600 4273 enim
1629 4217 1990 4276 Centuriones
2004 4237 2103 4277 vo-

505 4312 718 4367 eantur,
749 4305 838 4374 qui
867 4315 1086 4360 centum
1118 4317 1357 4376 praesunt
1384 4309 1669 4374 militibus,
1700 4322 1753 4365 et
1780 4311 2101 4379 Chiliarebi,

503 4397 592 4466 qui
619 4394 785 4462 mille,
818 4413 954 4468 quos
981 4413 1078 4452 nos
1100 4399 1370 4456 Tribunos
1391 4402 1754 4472 appellamus,
1776 4404 1844 4458 ab
1873 4419 1938 4459 eo
1960 4404 2104 4474 quod

505 4488 725 4555 prtcsiut
764 4489 925 4545 tribui
959 4509 971 4543 :
1005 4492 1084 4546 sic
1126 4491 1177 4546 in
1223 4492 1516 4548 Israelitico
1549 4496 1797 4553 exercitu
1828 4495 2104 4568 Quinqua-

504 4582 707 4653 gcnarii
739 4585 1092 4651 vocabantur,
1124 4587 1212 4655 qui
1249 4588 1300 4641 in
1341 4587 1518 4654 capite
1539 4598 1695 4644 erant
1720 4590 2104 4661 quinquaginta

2203 3381 2512 3450 consumpti
2549 3388 2696 3435 sunt.
2725 3378 2943 3434 Tertius
2973 3387 3158 3433 autem
3198 3377 3442 3433 salvator
3470 3393 3537 3433 ex
3579 3377 3682 3444 eis,
3708 3375 3812 3448 qui

2203 3490 2502 3532 conversus
2522 3475 2589 3530 ad
2628 3489 2838 3544 preces,
2873 3474 3209 3544 ptenitentiae
3229 3482 3571 3529 sacramenta
3602 3486 3816 3543 cogno-

2205 3579 2379 3626 verat.
2417 3569 2571 3626 llude
2597 3579 2651 3624 et
2687 3569 2882 3633 Judaei,
2915 3568 3164 3624 nolentes
3201 3567 3492 3623 Dominum
3523 3582 3647 3623 esse
3672 3581 3810 3636 per-

2207 3662 2429 3730 fectum,
2467 3677 2568 3716 nec
2601 3662 2904 3732 principem
2937 3661 3484 3731 quinquagenarium,
3513 3659 3705 3715 dicunt
3735 3658 3809 3714 ad

2205 3770 2327 3810 eum
2364 3773 2376 3807 :
2411 3753 2804 3824 Quinquaginta
2831 3769 2995 3807 annos
3022 3754 3238 3807 necdum
3259 3753 3438 3819 habes,
3469 3762 3516 3806 et
3537 3751 3810 3806 Abraham

2203 3850 2379 3904 vidisti
2409 3847 2590 3921 (Ionii.
2615 3864 2729 3911 vut,
2762 3849 2890 3917 57)?
2924 3847 2989 3902 Et
3017 3848 3107 3903 ille
3134 3849 3315 3902 sciens
3340 3863 3402 3904 se
3429 3863 3550 3903 esse
3577 3863 3686 3902 non
3719 3862 3813 3903 so-

2209 3944 2317 3998 lunt
2345 3943 2720 4014 pmnitentium
2748 3941 2912 4012 ’priuci
2923 3957 3064 4011 pem,
3089 3940 3182 3994 sed
3207 3951 3260 3996 et
3275 3942 3554 4011 jttstorum
3572 3956 3811 4011 respon-

2207 4037 2284 4091 dit
2327 4053 2338 4089 :
2376 4037 2664 4107 Antequam
2707 4033 2966 4086 Abraham
3005 4041 3158 4096 esset,
3185 4049 3280 4104 ego
3322 4049 3436 4087 sunt
3463 4031 3654 4106 (lbid.,
3684 4032 3801 4105 58).

2206 4127 2358 4196 Quod
2390 4137 2569 4182 autem
2594 4124 2861 4180 Dominus
2887 4124 3144 4192 Princeps
3166 4125 3239 4177 sit
3263 4123 3806 4194 Quiuquagenarius,

2208 4239 2271 4277 ex
2297 4238 2399 4275 una
2428 4219 2731 4277 festivitate
2763 4218 3064 4287 intelligere
3096 4233 3411 4287 possumus,
3446 4219 3514 4273 de
3539 4233 3647 4287 qua
3678 4219 3758 4274 ait
3788 4236 3804 4274 :

2213 4312 2462 4366 Dominus
2504 4322 2577 4366 est
2609 4311 2880 4370 Sabbatlti.
2914 4309 3055 4381 [ilius
3094 4310 3315 4366 hominis
3345 4308 3562 4383 (Matth.
3588 4327 3684 4378 xu,
3719 4313 3808 4383 8).

2209 4405 2362 4472 Quod
2402 4406 2447 4460 si
2491 4405 2776 4473 Sabbatbi,
2810 4414 2865 4460 et
2894 4404 3279 4460 Kalendarum.
3312 4405 3368 4461 Si
3411 4405 3806 4475 Kalendarum,

2209 4508 2264 4554 et
2301 4497 2540 4566 Pascbm,
2579 4498 2629 4553 id
2669 4507 2773 4564 est,
2810 4502 3161 4570 Azynzorutn.
3190 4496 3247 4552 Si
3281 4497 3526 4566 Pascha},
3561 4510 3613 4554 et
3653 4500 3816 4555 Julii-

2211 4591 2302 4646 lei.
2333 4590 2391 4647 Si
2419 4590 2640 4658 Jubilei,
2673 4603 2726 4646 et
2757 4591 3274 4647 Taberttaculorum.
3307 4590 3364 4646 Si
3397 4591 3812 4648 Taberuaculo-

503 4678 758 4736 militum.
785 4679 938 4736 Unde
959 4690 1012 4737 et
1043 4683 1286 4738 Decauos
1307 4680 1335 4720 ι)
1357 4681 1610 4748 dicimus,
1635 4683 1726 4754 qui
1753 4685 1940 4740 decem
1972 4701 2108 4755 prze-
2132 4671 2185 4732 Ῑ)
2213 4702 2353 4755 rutn,
2397 4694 2450 4742 et
2493 4686 2862 4750 Pentecostes,
2897 4701 3019 4754 quae
3057 4685 3125 4740 ad
3165 4685 3670 4756 quinquagesimum
3711 4702 3808 4743 rc-

505 4780 632 4826 suut
659 4773 984 4829 hominibus.
1015 4775 1125 4832 Nec
1156 4777 1353 4832 mirum
1401 4769 1468 4830 si'
1492 4777 1631 4846 apud
1671 4777 1890 4836 .ludaeos
1928 4780 2106 4836 omnis

507 4865 727 4936 perierit
756 4867 991 4936 dignitas
1022 4869 1367 4934 bellatorum,
1395 4885 1516 4926 cum
1559 4871 1825 4929 militandi
1856 4873 1958 4930 sub
1994 4875 2108 4945 gla-

505 4959 614 5024 dio,
647 4968 702 5013 et
725 4975 875 5014 arma
903 4962 1157 5029 portandi
1191 4977 1296 5016 non
1336 4962 1570 5018 habeant
1599 4973 1944 5034 potestatem.
1969 4967 2105 5034 Quia

501 5066 630 5106 vero
644 5053 1142 5124 quinquagenarius
1158 5071 1416 5111 numerus
1429 5071 1643 5127 semper
1656 5057 1893 5116 refertur
1909 5060 1974 5116 ad
1997 5075 2108 5130 pte-

505 5143 787 5201 nitenliam
814 5162 829 5202 :
854 5144 1218 5218 princepsque
1246 5150 1602 5218 pcenitetttite,
1627 5161 1680 5206 et
1702 5163 1864 5222 caput
1891 5167 2102 5219 eOrum,

578 5363 604 5391 ει
653 5351 720 5407 1η
768 5350 1000 5407 Danielis
1030 5352 1557 5425 principiolegimus.
1598 5352 1856 5410 Ecclesite
1899 5353 2104 5410 Christi

507 5426 757 5495 legebant
796 5425 992 5479 librum
1028 5424 1264 5478 Danielis
1293 5424 1447 5493 juxta
1481 5425 1876 5480 ’l‘beodot'tonis
1907 5425 2102 5479 editio-

507 5513 653 5562 netu,
686 5497 739 5550 in
781 5513 886 5566 qua
915 5496 1141 5550 historia
1178 5499 1440 5552 Susanna:
1483 5507 1599 5558 erat
1641 5497 1817 5565 posita
1853 5499 1905 5556 in
1951 5499 2102 5566 prius

505 5569 649 5636 cipio
673 5569 982 5640 voluminis,
1014 5585 1174 5640 quam
1204 5567 1268 5640 ad
1303 5569 1509 5621 calcent
1534 5568 1804 5640 ireposuit
1838 5569 2096 5640 llicrnnyo

506 5654 626 5693 mus
653 5655 666 5701 ;
707 5637 829 5707 quia
863 5656 965 5693 non
1000 5638 1228 5694 habetur
1257 5638 1310 5693 in
1343 5647 1498 5693 textu
1531 5639 1818 5698 llcbraico.
1857 5671 1923 5681 —-—
1954 5637 2106 5695 Nunc

506 5709 573 5835 id
605 5710 764 5764 linem
798 5721 880 5764 est
915 5710 1033 5781 ejus
1071 5711 1215 5774 libri,
1259 5726 1379 5779 qu.u
1418 5708 1565 5764 Visio
1609 5712 1881 5768 undecima
1913 5713 2108 5767 inscri-

549 5794 674 5834 itur.

549 5794 674 5834 Illll‘.

579 5851 604 5890 ι)
638 5849 845 5906 Vitiose
871 5852 1064 5908 lectum
1096 5869 1122 5907 a
1155 5853 1470 5909 Martiaan
1500 5853 1746 5909 decimus.

581 5935 602 5963 ε
629 5922 905 5979 Rescribit
931 5924 1204 5992 Victor,in
1230 5926 1474 5993 Leuitico,
1499 5941 1624 5982 cum
1649 5936 1858 5997 septem
1889 5926 2098 5984 Hebdo-

2209 4779 2378 4834 l'ertur
2401 4795 2708 4834 numerum.

2284 4871 2349 4926 Et
2379 4873 2732 4930 honorabilent
2760 4873 2922 4938 vultu,
2955 4881 3002 4925 et
3030 4871 3406 4928 consiliarium.
3441 4870 3545 4927 Pro
3567 4869 3806 4941 duobus,

2211 4965 2260 5020 id
2292 4975 2398 5032 est,
2437 4963 2740 5019 honorabili
2767 4973 2790 5000 θ
2815 4965 2979 5030 vultu,
3012 4973 3061 5018 et
3097 4965 3418 5032 consiliario,
3450 4963 3593 5018 LXX
3633 4979 3809 5018 unum

2209 5059 2372 5111 virum
2411 5054 2772 5112 admirabilem
2803 5055 3160 5111 consiliarium
3195 5054 3614 5110 transtulerunt.
3654 5052 3812 5110 Inter

2210 5163 2440 5208 etcteras
2469 5151 2673 5220 gratias
2702 5149 2864 5204 etiam
2894 5147 2996 5205 hoc
3018 5147 3283 5206 Dominus
3309 5149 3517 5204 auferet
3539 5163 3567 5201 a
3589 5145 3810 5215 iudica,

2207 5353 2490 5408 madarum
2521 5352 2576 5406 in
2606 5350 2858 5406 Nutneris
2897 5350 3098 5404 nudum
3133 5359 3364 5416 tantum,
3395 5360 3582 5420 utp0te
3609 5348 3811 5417 rejam

2208 5427 2261 5480 in
2309 5425 2550 5479 Levitico
2595 5424 2880 5491 CXpliCilla.
2917 5423 3219 5490 reperiatur
3264 5437 3462 5476 nomen
3501 5437 3622 5490 cap.
3656 5422 3814 5474 scili-

2207 5505 2294 5551 cet
2326 5511 2512 5549 xxvntl.
2570 5495 2703 5549 llinc
2748 5510 2960 5566 quoque
3001 5496 3166 5566 paulo
3213 5504 3353 5566 post,
3410 5511 3510 5566 pro
3554 5492 3810 5566 Legimus

2207 5511 2294 5551 cet
2326 5511 2512 5549 xxvm.
2570 5511 2703 5549 mne
2786 5511 2960 5562 noqtte
3001 5511 3166 5562 paulo
3213 5511 3353 5564 post,
3410 5511 3507 5562 pro
3562 5511 3808 5566 Legimus

2207 5585 2404 5640 quoque
2433 5569 2485 5620 in
2525 5569 2701 5640 eodem
2748 5511 3304 5640 (iVumeroruttt_libro,
3336 5561 3566 5640 μωνίιίρί
3604 5565 3808 5620 librum

2206 5636 2518 5704 SubStitttit;
2554 5639 2682 5698 nihil
2719 5650 2900 5694 tattten
2928 5636 3003 5692 illi
3031 5636 3456 5705 suifragantibus
3488 5652 3620 5694 mss.

2280 5710 2306 5748 ἀ
2351 5711 2591 5765 Vaticani
2634 5707 2840 5764 codicis
2891 5712 3124 5779 scriptor
3173 5707 3486 5775 iltljllSIliOdi
3530 5709 3810 5779 glossema

2212 5783 2316 5840 hoc
2348 5783 2466 5844 loco
2510 5782 2793 5837 interserit
2819 5798 2832 5834 :
2863 5777 3165 5840 Notandum
3195 5779 3380 5842 Jethta
3409 5777 3641 5840 socerum
3674 5777 3809 5846 diri,

2211 5852 2566 5928 cum_Raguel
2595 5869 2828 5928 socerum
2861 5847 3025 5928 Moysi
3065 5853 3294 5928 legamus
3322 5850 3376 5908 in
3410 5849 3617 5928 Exodo.

2289 5937 2310 5962 ο
2343 5919 2514 5980 Palat.
2545 5940 2666 5980 cum
2697 5923 2897 5992 γυῖα,
2930 5919 3222 5978 Honorabili
3248 5924 3378 5994 viro,
3413 5933 3458 5978 et
3480 5919 3808 5978 consiliario.
