4052 6506
266 362 340 419 6!
871 363 1529 427 COMMENTARIORUM
1568 368 1633 426 IN
1673 367 1909 432 lSAlMl
1950 367 2380 431 PROPHETAM
2419 371 2551 431 LIB.
2594 372 2662 430 ll.
2703 371 2861 432 CAP.
2901 372 2992 431 ΙΙΙ.
3512 377 3586 437 62

268 484 331 529 ut
365 475 575 539 nullum
601 474 841 537 habeant
870 480 1243 541 consiliarium
1276 498 1290 536 :
1322 481 1418 539 sed
1449 481 1653 545 faciant
1680 494 1877 545 cuncta
1905 484 1959 555 Α
1983 498 2111 543 cntn
2142 484 2405 557 Apestolo
2436 485 2622 545 dicere
2661 495 2915 558 pateram
2943 503 2956 541 :
2987 484 3102 559 Ego
3129 488 3263 542 enim
3291 505 3406 547 sum
3432 491 3592 546 mini.

265 572 482 642 absque
508 573 761 635 consilio.
794 572 864 633 Et
889 572 1065 633 Grani
1098 586 1275 646 poeta:
1301 584 1326 612 η
1356 576 1646 635 laudabilis
1688 578 1777 634 illa
1823 586 1879 637 et
1983 593 2097 635 ntus
2124 579 2512 650 Apostolorum,
2539 580 2628 653 qui
2654 597 2754 637 non
2783 598 2896 636 sum
2939 581 3130 653 dignus
3166 586 3342 641 vocari
3365 585 3589 655 Aposto-

265 661 594 721 admiranda
644 665 916 723 sententia
960 674 1047 725 est
1089 684 1101 722 :
1141 685 1161 721 ι
1198 665 1440 727 Primum
1467 683 1593 731 esse
1633 668 1871 739 beatum,

265 759 363 829 qui
394 776 492 831 per
517 775 577 817 se
602 761 806 832 sapiat;
835 762 1157 831 secundum,
1182 764 1273 836 qui
1300 763 1601 835 sapientem
1630 765 1831 823 audiat.
1848 784 1870 822 ι

264 852 375 923 Qui
402 867 583 913 autem
608 865 849 927 utroque
886 869 1093 927 careat,
1125 858 1272 915 hunc
1299 860 1547 917 inutilem
1577 875 1723 927 esse,
1764 870 1874 923 tam

263 947 396 1016 sibi,
424 963 590 1019 quam
623 950 900 1005 omnibus.
937 950 1095 1008 Unde
1137 960 1193 1011 et
1228 952 1359 1011 illud
1389 954 1445 1009 in
1477 954 1681 1010 nostris
1720 953 1874 1012 libris

263 1038 547 1108 legimus:
590 1039 756 1095 Amici
794 1042 886 1099 tibi
914 1042 1016 1099 sint
1059 1041 1298 1112 plurimi,
1328 1045 1656 1101 consiliarius
1701 1055 1874 1101 autent

262 1147 403 1191 unus
425 1130 488 1189 de
520 1131 662 1189 mille
685 1131 859 1202 (Eccl.
899 1149 970 1201 νι,
1002 1134 1078 1207 6).
1120 1134 1191 1191 Ει
1220 1136 1414 1195 iterum
1442 1153 1456 1193 :
1489 1134 1617 1195 Cum
1655 1138 1871 1193 consilio

265 1226 441 1285 omnia
476 1242 572 1298 age
599 1225 787 1299 (Prov.
838 1243 959 1296 xm,
993 1228 1127 1300 10):
1165 1238 1220 1284 et
1260 1229 1412 1289 dabit
1445 1229 1542 1286 tibi
1581 1229 1868 1300 prudentia

262 1324 648 1381 admirabilem
676 1326 1080 1382 consiliarium.
1112 1328 1347 1385 Senatus
1370 1343 1587 1399 quoque
1618 1330 1866 1385 consulta

262 1416 542 1485 dicuntur,
588 1427 643 1474 et
678 1418 955 1490 principes
999 1421 1272 1495 quondam
1316 1421 1568 1489 Romani,
1614 1422 1867 1478 consules

260 1510 525 1582 appellati
545 1522 692 1580 sunt,
728 1511 817 1570 vel
849 1528 876 1571 a
907 1514 1245 1575 consulendo
1274 1515 1504 1584 civibus,
1540 1516 1626 1571 vel
1656 1513 1683 1553 δ
1711 1530 1741 1571 a
1781 1517 1869 1573 rea'

262 1603 443 1675 gendo
472 1614 671 1661 cuncta
711 1606 964 1663 consilio.
999 1607 1102 1683 51
1132 1607 1203 1662 Et
1242 1623 1347 1667 nos
1372 1607 1635 1667 habemus
1673 1609 1725 1664 in
1757 1609 1862 1665 Ec-

261 1697 433 1759 clesia
482 1705 738 1759 senatum
809 1712 1089 1769 nostrum,
1144 1711 1344 1758 emtum
1395 1701 1861 1775 presbyteromm.

261 1793 399 1848 Cum
430 1807 561 1865 ergo
590 1793 734 1850 inter
764 1802 962 1853 caetera
993 1796 1155 1852 etiam
1202 1811 1369 1853 senes
1392 1796 1576 1853 induta
1610 1797 1864 1869 perdide-

1980 669 2060 724 lus
2091 671 2136 742 (Ι
2164 670 2288 729 Cor.
2321 688 2412 742 xv,
2446 672 2524 744 9).
2554 673 2625 733 Et
2650 673 2815 735 alibi:
2842 672 2928 730 Ex
2954 686 3103 747 parte
3130 679 3512 750 cognoscimus,
3536 690 3586 741 et

1978 777 2042 816 ex
2067 772 2216 834 parte
2247 764 2642 837 prophetatum,
2671 774 2717 820 et
2743 781 2878 821 nunc
2920 782 3014 837 per
3038 766 3309 836 speculum
3352 771 3584 830 uidemus

1974 855 2029 910 in
2050 857 2320 931 (enigmata
2350 858 2391 931 (Ι
2414 855 2533 914 Cor.
2565 875 2682 926 xm,
2706 857 2787 930 9).

2048 947 2114 1003 Et
2141 951 2446 1020 prudentem
2485 950 2676 1023 eloquii
2719 953 2938 1024 mystici.
2987 953 3092 1015 Pro
3124 971 3234 1026 quo
3283 956 3388 1030 52
3435 956 3580 1017 LXX

1973 1038 2318 1111 interpretati
2341 1052 2465 1099 sunt
2484 1085 2497 1111 ,
2525 1044 2830 1113 prudentem
2856 1045 3185 1111 auditorem;
3234 1045 3441 1107 Theodt
3468 1047 3574 1119 tio,

1973 1138 2272 1206 prudentem
2300 1137 2668 1193 incantatorem
2684 1155 2703 1205 ;
2729 1138 2947 1210 Aquila,
2985 1140 3291 1208 prudentem
3334 1158 3579 1199 susurra-

1973 1239 2171 1296 torem;
2201 1231 2581 1303 Symmachus,
2614 1232 2920 1305 prudentem
2947 1232 3137 1304 eloquii
3169 1236 3391 1308 mystici,
3416 1251 3575 1307 quem

1970 1331 2025 1381 et
2055 1340 2153 1379 nos
2179 1324 2232 1381 itt
2266 1328 2367 1381 huc
2398 1326 2517 1381 loco
2543 1327 2715 1383 set-uti
2753 1342 2965 1383 sumus.
3004 1327 3298 1383 Dicendum
3334 1332 3573 1400 primum

1964 1416 2121 1487 juxta
2164 1416 2339 1485 LXX;
2390 1417 2531 1488 quod
2581 1419 2720 1477 inter
2748 1430 2977 1476 caeteras
3020 1421 3225 1491 gratias
3270 1422 3573 1492 spiritales.

1967 1510 2130 1573 etiam
2171 1511 2407 1582 prudens
2436 1510 2656 1568 auditor
2703 1512 2757 1566 in
2813 1512 3053 1569 Ecclesia
3095 1515 3439 1570 necessarius
3479 1515 3571 1573 sit.

1967 1602 2073 1659 Alii
2117 1606 2252 1659 enim
2296 1604 2453 1663 datur
2502 1602 2773 1675 prophetia
2811 1623 2828 1660 :
2868 1605 2960 1659 alii
3008 1606 3251 1662 discretio
3294 1608 3574 1676 apii-imum

1967 1698 2010 1770 (1
2037 1698 2156 1754 Cor.
2193 1715 2292 1765 χιι,
2324 1698 2434 1771 10).
2474 1699 2646 1769 Unde,
2681 1706 2738 1757 et
2775 1701 3056 1760 constituti
3085 1712 3243 1757 erant
3270 1701 3325 1756 in
3369 1702 3571 1772 populo

1964 1792 2270 1851 intimorum
2294 1794 2662 1853 sacerdotales
2685 1794 2911 1866 gradus,
2940 1795 3032 1865 qui
3062 1794 3377 1867 prophetas,
3407 1811 3569 1867 pseu-

236 1887 362 1956 ‘rit,
396 1888 673 1958 quomodo
706 1890 908 1960 poterit
944 1888 1149 1948 habere
1188 1891 1497 1960 consilium,
1541 1894 1685 1963 quod
1733 1907 1862 1962 ιιι-ο-
1891 1882 1936 1943 Β
1965 1885 2443 1959 deprophetasqne
2468 1886 2999 1947 discernerent:boe
3024 1897 3130 1955 est,
3162 1889 3566 1958 intelligerent,

256 1981 375 2055 prie
397 1980 678 2037 seniorum
709 1984 828 2041 est?

331 2071 400 2131 Et
424 2073 711 2143 sapientem
739 2074 1094 2133 architectum.
1119 2076 1229 2135 Pro
1256 2093 1368 2149 quo
1395 2080 1587 2149 Aquila
1614 2090 1857 2142 transtu-

254 2163 319 2219 lit
343 2164 786 2231 sapientissimum
816 2170 1097 2239 artiﬁcum,
1131 2178 1189 2226 ut
1212 2171 1531 2231 ostenderet
1557 2188 1654 2229 eos
1676 2173 1857 2243 plures

251 2260 527 2329 quondam
553 2261 817 2323 habuisse
837 2264 1081 2321 artiﬁces
1105 2284 1118 2320 :
1145 2266 1324 2336 qualis
1349 2278 1402 2323 et
1430 2268 1531 2326 ille
1562 2270 1661 2324 fuit
1687 2270 1851 2327 Bese-

252 2351 358 2409 leel
386 2352 532 2414 ﬁlius
560 2353 680 2424 Uri,
714 2354 810 2415 ﬁlii
841 2356 917 2416 llr
947 2358 1017 2415 de
1048 2359 1190 2415 tribu
1231 2359 1389 2428 Juda,
1418 2376 1580 2430 quem
1615 2363 1856 2432 implevit

254 2447 399 2511 Deus
427 2449 621 2521 spiritu
659 2452 964 2522 sapientius,
995 2461 1051 2513 et
1088 2454 1486 2526 intelligentiae,
1511 2470 1577 2512 ac
1614 2456 1858 2528 discipli.

249 2557 356 2611 nae,
388 2554 447 2603 ut
478 2544 534 2605 in
565 2545 903 2619 omniopere
924 2557 1073 2605 esset
1093 2550 1248 2607 faber
1267 2552 1720 2622 perfectissimus,
1746 2570 1851 2609 non

249 2636 430 2695 solum
458 2637 512 2694 in
545 2655 700 2709 auro,
730 2650 786 2697 et
815 2651 1062 2713 argento,
1094 2644 1189 2699 sed
1230 2655 1285 2700 et
1305 2645 1359 2701 in
1391 2661 1520 2713 tere,
1553 2654 1609 2703 et
1637 2647 1853 2705 caeterls

249 2746 374 2801 qua:
403 2732 578 2788 Moses
606 2745 911 2804 enumerat,
944 2738 1038 2808 qui
1076 2738 1370 2795 aediﬁcavit
1412 2741 1849 2800 Tabernaculum

249 2822 347 2884 Dei
376 2820 576 2897 (Exod.
607 2827 785 2896 χιιι).
817 2826 927 2889 Illis
946 2843 1079 2900 ergo
1110 2830 1471 2900 perdentibus
1499 2833 1845 2905 architectos,

246 2918 433 2975 omnis
459 2918 767 2983 a‘dilicattdi
796 2923 967 2991 gratia
1012 2924 1273 2981 translata
1301 2935 1388 2983 est
1424 2927 1491 2982 ad
1527 2928 1844 2986 Ecclesium.

244 3006 403 3063 Unde
428 3008 627 3071 Paulus
652 3015 935 3083 apostolus
955 3014 1091 3073 dicit
1119 3034 1131 3069 :
1168 3016 1332 3083 Quasi
1363 3019 1569 3089 sapiens
1596 3021 1844 3077 architec-

244 3108 332 3159 tus
360 3099 757 3169 fundamentum
783 3107 933 3177 posui
958 3106 1004 3179 (l
1031 3106 1152 3163 Cor.
1196 3124 1275 3177 ιιι,
1328 3110 1438 3180 10).
1482 3111 1550 3167 Et
1583 3110 1849 3172 Jcremius

243 3190 576 3255 architectus
599 3206 736 3264 erat,
768 3198 858 3269 qui
888 3214 997 3257 non
1024 3200 1199 3257 solum
1229 3203 1565 3273 eradicabut,
1598 3214 1655 3262 et
1683 3207 1846 3265 sull‘oo

1963 1981 2055 2053 qui
2079 1982 2149 2041 de
2179 1981 2276 2037 Dei
2302 1982 2494 2053 spiritu
2527 1981 2898 2049 loquerentur,
2925 1983 3015 2051 qui
3039 1979 3106 2037 de
3135 1983 3434 2037 contrario.
3467 1982 3570 2039 Lc-

1958 2089 2149 2144 gamus
2174 2074 2489 2131 leremiam.
2520 2071 2760 2129 Prudens
2790 2083 2969 2131 autem
2994 2075 3183 2143 eloquii
3203 2075 3410 2146 mystici
3449 2073 3567 2147 (Je-

1957 2185 2089 2224 rem.
2121 2166 2259 2241 XIV),
2296 2166 2410 2222 sive
2438 2177 2761 2232 susurrator,
2802 2175 2856 2221 et
2905 2174 2962 2220 ut
3018 2165 3323 2223 Thendutio
3367 2167 3559 2237 voluit,

1958 2261 2275 2327 incantatur,
2302 2258 2520 2321 videtur
2548 2256 2684 2313 mihi
2722 2258 2802 2314 vir
2840 2272 2964 2317 esse
2993 2257 3239 2314 eruditus
3266 2268 3320 2312 et
3354 2259 3566 2314 exerci-

1960 2362 2101 2413 tatus
2132 2361 2241 2408 tam
2281 2353 2334 2409 in
2373 2351 2518 2422 Lege
2547 2360 2604 2406 et
2633 2350 2939 2420 Prnpltetis,
2978 2366 3138 2422 quam
3171 2351 3226 2405 in
3267 2351 3563 2422 Evangelio

1956 2456 2011 2503 et
2036 2445 2341 2516 Apostolis,
2373 2445 2466 2517 qtti
2495 2445 2667 2517 possit
2700 2444 2946 2516 singulas
2986 2444 3153 2501 animi
3199 2444 3564 2515 perturbatio—

1957 2559 2054 2599 nos
2075 2557 2173 2603 sua
2203 2556 2403 2601 sanare
2431 2541 2707 2609 doctrina,
2739 2550 2790 2594 et
2819 2539 2885 2595 ad
2919 2549 3121 2599 statum
3158 2539 3360 2594 mentis
3398 2538 3562 2595 redu-

1955 2651 2116 2693 cere:
2147 2636 2275 2693 dum
2304 2642 2360 2691 ct
2399 2642 2673 2693 scortator
2704 2633 2899 2703 recipit
2928 2635 3261 2699 castitatem,
3294 2642 3347 2687 et
3385 2646 3561 2702 ganeo

1959 2740 1981 2769 ο
2012 2729 2403 2801 frugalitatem,
2446 2734 2502 2783 et
2541 2725 2821 2797 quondam
2868 2740 3088 2793 avarus,
3121 2724 3214 2780 dat
3255 2724 3559 2796 eleemosy.

1954 2840 2101 2880 nam.
2133 2822 2381 2879 Eventila
2402 2835 2595 2877 omnes
2623 2820 2932 2877 Judazorum
2960 2833 3321 2891 syattagogas,
3348 2828 3404 2873 et
3434 2818 3557 2875 nul-

1954 2916 2065 2974 lum
2089 2916 2296 2987 poteris
2328 2915 2570 2971 invenire
2598 2913 2900 2979 doctorem,
2930 2913 3020 2981 qui
3045 2923 3228 2968 sancta
3255 2911 3557 2982 pra-cipiat,

1952 3017 2005 3065 et
2047 3010 2375 3078 eontemptis
2418 3007 2645 3075 divitiis,
2681 3004 2995 3061 sectandam
3032 3004 3232 3061 doceat
3263 3013 3553 3076 pauperta-

1954 3114 2081 3160 tetn.
2122 3106 2199 3160 De
2248 3104 2526 3161 itiusmodi
2570 3102 3003 3161 ittcanttttoribus
3037 3112 3229 3159 contra
3270 3110 3555 3171 serpentes

1951 3209 2007 3257 et
2046 3199 2283 3270 asttides,
2327 3200 2377 3255 id
2410 3210 2514 3268 (εει,
2550 3205 2741 3253 contra
2774 3205 3110 3266 peccatores,
3143 3195 3235 3266 qui
3271 3196 3360 3250 Dei
3394 3193 3556 3265 justi-

242 3283 453 3353 diabat,
492 3297 542 3341 et
571 3287 852 3356 perdebat,
888 3291 981 3353 sed
1014 3301 1069 3349 et
1094 3293 1394 3355 aediﬁcabat
1423 3295 1845 3366 (Ieremxvm):
1874 3275 1920 3338 (ἶ
1956 3297 2084 3353 tiam
2111 3296 2470 3366 reliquerunt,
2503 3293 2672 3355 David
2699 3291 3021 3364 loquebatur
3052 3290 3103 3345 in
3131 3290 3347 3353 Psalnto
3374 3308 3385 3343 :
3409 3288 3554 3342 Alie-

244 3376 408 3441 Uude
434 3377 575 3441 idem
612 3384 904 3451 Apostolus
934 3384 1175 3456 loquitur
1200 3404 1214 3441 ε
1246 3386 1349 3447 Dei
1378 3390 1725 3463 agricultura,
1754 3391 1851 3453 Dei

241 3472 530 3542 a'diﬁcatio
559 3491 735 3533 sumus
763 3477 805 3549 (Ι
832 3477 951 3539 Cor.
976 3494 1055 3547 ut,
1083 3480 1167 3543 9).
1210 3481 1471 3541 Dominus
1502 3500 1720 3556 quoque
1754 3502 1850 3541 no.

240 3578 363 3625 stcr
376 3569 683 3639 appellatur
707 3580 944 3634 structor
970 3577 1327 3633 ntaceriarunt
1349 3576 1567 3649 (Ep/tes.
1593 3577 1673 3651 ιι).
1701 3581 1765 3634 Et
1793 3582 1849 3639 in

245 3662 548 3733 Evangelio
575 3660 719 3725 ﬁlius
746 3664 882 3727 labri
909 3668 1219 3737 sugillatur,
1249 3671 1339 3740 qui
1371 3672 1636 3727 universa
1658 3674 1850 3730 condi.

240 3754 391 3810 derit
417 3754 633 3828 (Matth.
668 3764 807 3827 xm).
845 3758 900 3821 lu
924 3759 1131 3832 Regum
1157 3777 1376 3832 queque
1408 3765 1683 3821 volumine
1715 3766 1848 3836 legi-

242 3861 392 3913 mus,
427 3849 567 3918 quod
601 3849 811 3909 miserit
856 3868 949 3909 rex
988 3854 1270 3922 Salomon,
1320 3867 1374 3912 et
1419 3859 1607 3915 tulerit
1643 3859 1846 3931 Hyram

238 3939 492 4013 Tyrium,
535 3940 707 3998 ﬁliunt
755 3945 1005 4009 mulieris
1035 3947 1231 4016 vidute,
1283 3950 1375 4019 qui
1422 3963 1540 4007 erat
1584 3953 1652 4009 de
1703 3955 1846 4012 tribu

237 4032 559 4106 Nephtbali,
585 4045 642 4093 et
673 4037 906 4099 habebat
932 4052 1139 4112 patrem
1152 4042 1400 4115 Tyrium,
1418 4045 1681 4103 artiﬁcem
1697 4050 1843 4108 teris.

240 4127 640 4201 Ingressusque
664 4140 749 4184 est
779 4131 847 4191 ad
878 4147 1080 4203 regem,
1114 4149 1162 4191 et
1195 4135 1322 4192 fecit
1350 4139 1530 4194 omnia
1545 4154 1710 4209 opera
1732 4142 1845 4213 regi

238 4219 564 4283 Salomoni:
597 4222 649 4279 in
694 4238 801 4293 quo
844 4234 1001 4297 typus
1042 4237 1127 4287 est
1170 4228 1506 4286 .Pdificandae
1558 4232 1839 4302 Ecclesiae,

236 4328 368 4383 qua:
391 4330 497 4367 tton
524 4316 701 4370 solum
725 4315 794 4372 de
820 4319 962 4374 tribu
983 4318 1140 4388 inda,
1171 4322 1266 4378 sed
1296 4323 1363 4379 de
1388 4323 1677 4396 Nephtltali
1707 4343 1846 4398 qun.

234 4421 372 4479 que,
406 4416 461 4469 et
505 4416 662 4479 patre
706 4409 879 4481 Tyrio
906 4422 1199 4483 generatus
1227 4416 1317 4484 sit,
1361 4416 1453 4488 qui
1486 4417 1675 4479 habuit
1724 4435 1842 4479 ma-

236 4509 384 4557 trem
426 4500 670 4566 viduam;
719 4503 842 4575 quia
887 4507 1126 4576 priorem
1169 4508 1342 4567 virum
1391 4511 1701 4579 perdiderat
1739 4512 1843 4583 (ιιι

235 4592 376 4665 Reg.
410 4595 528 4665 vn).
574 4593 642 4655 Et
669 4596 840 4657 multo
873 4598 1056 4668 plures
1084 4611 1213 4663 sunt
1249 4599 1342 4663 filii
1383 4600 1642 4671 deset‘tte,
1668 4606 1845 4675 magis

1952 3390 2060 3444 nati
2084 3398 2204 3447 sunt
2236 3398 2524 3458 peccatores
2560 3404 2590 3442 a
2628 3386 2814 3441 vulva:
2842 3392 3140 3441 erraverunt
3176 3383 3237 3437 ab
3278 3393 3444 3449 utero,
3476 3382 3554 3435 lo-

1952 3483 2059 3537 cuti
2083 3491 2200 3539 sunt
2228 3484 2387 3553 falso.
2428 3479 2607 3536 Furor
2633 3497 2809 3535 eorum
2833 3481 2993 3552 juxta
3020 3477 3410 3533 similitudinem
3439 3492 3551 3530 ser-

1952 3577 2117 3649 pentis
2145 3592 2163 3631 :
2193 3577 2326 3633 sicut
2364 3575 2563 3647 aspidis
2593 3576 2769 3633 surda:
2805 3584 2852 3633 et
2889 3574 3176 3631 obturantis
3210 3588 3363 3633 aures
3404 3588 3546 3637 suas,

1951 3686 2067 3741 qua:
2092 3687 2196 3724 non
2223 3670 2429 3725 exaudit
2461 3684 2633 3727 uocem
2659 3668 3055 3735 incantantium,
3087 3676 3135 3722 et
3158 3666 3367 3736 ueneﬁci
3390 3665 3552 3719 medi-

1951 3765 2117 3823 cuntis
2149 3764 2411 3832 sapienter
2439 3761 2613 3834 (Paul.
2648 3778 2826 3826 van,
2848 3760 2884 3816 4
2910 3762 3100 3832 seqq).
3146 3761 3333 3817 Omnis
3369 3775 3552 3817 sermo

1953 3855 2199 3925 Apostoli
2230 3865 2416 3915 contra
2445 3865 2729 3924 serpentes
2762 3865 2818 3910 et
2855 3855 3072 3925 aspides
3112 3855 3408 3910 incantatio
3439 3865 3545 3921 est,

1950 3962 2109 4017 quem
2150 3961 2257 4002 non
2300 3947 2596 4003 exaudiunt
2640 3957 2978 4018 peccatores,
3018 3955 3072 4003 et
3113 3946 3374 4014 lueretiei,
3419 3948 3544 4017 quia

1949 4038 2212 4095 claudunt
2241 4054 2402 4101 aures
2429 4052 2576 4102 suae,
2608 4054 2679 4094 ne
2698 4037 2920 4093 audiant
2959 4037 3263 4093 veritatem.

2022 4130 2203 4201 (Vers.
2233 4128 2317 4202 4.)
2350 4128 2418 4187 Et
2456 4130 2588 4193 dabo
2619 4146 2804 4198 pueros
2839 4130 3101 4203 principes
3139 4146 3341 4185 eorum.
3375 4128 3431 4185 Si
3474 4146 3547 4187 ex

1950 4240 2180 4296 persona
2206 4223 2493 4293 Prophetm
2516 4225 2750 4281 dicitur:
2786 4221 2919 4278 Ecce
2950 4224 3082 4278 enim
3104 4223 3399 4278 dominator
3438 4223 3550 4279 Do-

1950 4318 2118 4375 minus
2153 4318 2489 4385 exercituum,
2528 4322 2732 4388 auferet
2758 4318 2823 4371 ab
2852 4314 3165 4383 Jerusalem,
3207 4324 3255 4371 et
3301 4315 3362 4370 ab
3405 4314 3552 4377 Iuda

1948 4414 2180 4473 ualidum
2206 4422 2253 4468 et
2282 4412 2509 4475 ualidam
2535 4428 2554 4467 :
2581 4428 2730 4467 omne
2755 4410 2912 4466 robur
2934 4412 3109 4483 panis,
3136 4419 3183 4464 et
3216 4426 3364 4465 omne
3391 4409 3551 4473 robur

1948 4524 2117 4581 aqum,
2151 4517 2207 4564 et
2235 4507 2444 4577 reliqua
2471 4523 2485 4562 :
2516 4505 2790 4577 quomodo
2820 4521 2963 4561 nunc
2999 4505 3139 4559 idem
3174 4505 3437 4574 prottheta
3468 4503 3549 4561 lo-

1947 4602 2131 4672 quitur
2168 4617 2180 4657 :
2222 4596 2374 4656 Dabo
2399 4614 2587 4673 pueros
2616 4598 2875 4671 principes
2923 4612 3120 4661 eorum,
3170 4605 3218 4650 et
3262 4593 3550 4663 elfeminati

226 4699 401 4757 quam
433 4685 550 4759 ejus
581 4702 702 4759 qua:
727 4687 894 4755 habet
920 4691 1095 4750 virum
1121 4691 1278 4765 (luti,
1306 4696 1421 4763 xv).
1450 4695 1560 4752 Sed
1584 4707 1639 4754 et
1667 4700 1720 4757 in
1743 4699 1843 4757 Pu-
1867 4677 1919 4738 Ῑ)
1945 4694 2348 4749 dominabuntur
2370 4692 2482 4747 eis?
2503 4693 2647 4763 Ergo
2665 4691 2817 4763 juxta
2839 4688 3294 4749 consuetudinem
3315 4688 3549 4759 protthe-

225 4778 615 4851 ralipomenmt
637 4782 776 4845 libro
803 4783 1034 4859 legimus
1058 4787 1257 4851 vallem
1280 4789 1554 4847 artiﬁcum
1585 4808 1600 4847 ι
1628 4792 1842 4851 Samios

223 4882 412 4935 autent
442 4878 618 4948 genuit
640 4876 776 4941 Joab
802 4892 1000 4950 patrem
1035 4883 1189 4943 uallis
1218 4886 1480 4953 artiﬁcum
1504 4902 1525 4943 :
1549 4886 1617 4943 ibi
1644 4888 1840 4958 quippe

222 4964 467 5035 artiﬁces
495 4978 642 5021 erant
665 4969 706 5039 (Ι
735 4968 862 5025 Par.
894 4988 969 5039 tv,
996 4972 1107 5045 M).
1135 4973 1237 5041 Qui
1268 4988 1561 5048 propterea
1596 4978 1840 5034 habitare

221 5058 495 5118 dicuntur
514 5060 567 5119 in
590 5063 750 5131 valle,
777 5065 903 5137 quia
932 5083 1041 5124 non
1076 5083 1175 5124 eos
1209 5068 1432 5127 inﬂabat
1460 5072 1713 5137 scientia,
1745 5072 1841 5128 sed

218 5150 500 5209 humilem
548 5163 710 5228 atque
757 5168 1102 5217 mansuetum
1147 5164 1519 5235 sequebantur
1547 5165 1753 5237 Jesunt,
1787 5175 1845 5222 et

303 5433 336 5467 ι
361 5426 551 5513 Aperte
584 5430 1278 5513 laudabitis,_etc._8imilis
1308 5442 1578 5498 sententia
1634 5442 1831 5513 legitur

216 5499 377 5580 apud
411 5500 679 5570 Tullium,
706 5520 823 5580 pro
845 5499 1098 5580 Cluentio
1140 5527 1152 5563 :
1190 5511 1663 5580 Sapientissimunt
1687 5499 1828 5570 νείκει)

218 5572 426 5629 dicunt
452 5589 595 5653 eum,
631 5576 719 5630 cui
749 5577 892 5653 quod
923 5581 1181 5653 opussit,
1218 5572 1319 5653 ip'si
1365 5584 1549 5639 veniat
1574 5588 1624 5640 in
1675 5602 1827 5640 uten-

218 5653 344 5728 tem
378 5646 686 5728 :“proxime
722 5646 983 5728 secedere
1027 5652 1180 5713 illum
1206 5646 1361 5728 {qui
1404 5657 1630 5712 alterius
1690 5658 1829 5713 bene

218 5718 477 5798 inventis
489 5718 857 5798 obtemperet.
892 5720 1059 5798 Poeta
1080 5718 1259 5787 autem
1284 5718 1510 5783 Cunctis
1537 5729 1607 5785 alt
1634 5727 1828 5791 Hieron

216 5800 401 5873 anno
428 5789 922 5873 pilatusilesiodug
951 5792 1343 5873 Ascrmus‘est.
1384 5801 1478 5873 qui
1518 5801 1571 5859 itu
1610 5789 1829 5873 synthe-

220 5858 384 5925 nitate
406 5858 478 5921 do
506 5860 765 5930 operibus
789 5870 846 5926 et
870 5863 1067 5925 diebus
1095 5882 1147 5925 tt.
1169 5868 1277 5929 390
1300 5858 1417 5933 hate.
1464 5858 1627 5929 habet

374 5946 538 6013 Οὗτος
563 5956 654 6025 μὶν
681 5954 996 6033 πανάριστος
1023 5954 1080 6019 ὃς
1105 5962 1250 6038 αὐτῷ
1271 5962 1440 6022 πάντα
1464 5969 1655 6027 norim.
1715 6006 1730 6024 .

1947 4788 2112 4844 talem
2149 4787 2405 4858 loquente
2435 4784 2733 4855 Propheta,
2768 4784 2954 4839 subito
2999 4783 3142 4841 Dens
3179 4782 3420 4853 loquitur
3452 4796 3549 4852 per

1949 4880 2276 4952 Prophetam
2292 4896 2359 4935 ex
2381 4894 2612 4950 persona
2634 4894 2754 4949 sua,
2779 4878 2975 4937 etdicit
2998 4895 3012 4935 :
3033 4876 3176 4931 Dabo
3200 4893 3388 4950 pueros
3401 4877 3549 4948 prin-

1946 4977 2086 5046 cipes
2103 4992 2281 5030 eorum
2301 4989 2320 5028 :
2342 4972 2572 5029 sublatis
2595 4973 2741 5028 enim
2769 4973 2852 5026 Itis
2875 4988 2996 5043 qua:
3019 4979 3145 5026 ante
3178 4971 3284 5043 53
3302 4970 3545 5026 donave-

1946 5085 2086 5137 ram,
2109 5074 2170 5125 et
2184 5068 2339 5136 quasi
2356 5067 2496 5122 bona
2513 5066 2685 5121 iratus
2699 5065 3059 5128 abstulerant,
3078 5079 3218 5119 nunc
3233 5063 3548 5119 ceontrario

1944 5164 2085 5223 dabo
2107 5161 2268 5221 mala.
2286 5159 2415 5217 'l'uli
2437 5174 2623 5216 senem
2652 5168 2705 5216 et
2724 5157 3272 5230 qninquagenarium,
3292 5166 3346 5212 et
3367 5155 3543 5211 admi-

2079 5439 2282 5501 Ἐσθλὸς
2312 5437 2359 5494 δ’
2383 5433 2447 5493 αὖ
2472 5446 2695 5499 κακεῖνος
2722 5434 2776 5500 ὃς
2797 5433 2852 5494 εὖ
2878 5438 3066 5494 εἰπόντι
3085 5437 3321 5501 πίθηται,

1936 5529 2028 5602 ΨΘ
2059 5533 2264 5602 quidem
2284 5531 2497 5602 optimus
2525 5538 2625 5602 est,
2653 5530 2736 5602 qui
2764 5532 2858 5581 sibi
2882 5535 2988 5596 ipse
3013 5544 3104 5602 per
3126 5528 3285 5579 omnia
3299 5527 3489 5602 sapit...
3520 5559 3537 5581 ο

1940 5590 2124 5644 Rursus
2147 5600 2198 5644 et
2214 5590 2300 5644 ille
2316 5590 2475 5653 bonus
2498 5597 2593 5655 est,
2612 5590 2703 5659 'qtii
2717 5594 2850 5645 bene
2874 5590 3091 5644 monenti
3115 5591 3348 5654 paruerit.

3114 5662 3386 5719 Maurus.

2006 5760 2034 5799 ι’
2066 5761 2236 5821 Palat.
2272 5760 2387 5818 fere
2427 5778 2549 5819 cum
2596 5763 2722 5818 olim
2771 5761 2953 5829 editis,
2996 5758 3074 5815 uel
3113 5759 3312 5832 agendo
3353 5766 3538 5815 cuncta

1938 5846 2052 5889 cum
2074 5834 2312 5889 consilio.

2008 5913 2032 5943 α
2066 5905 2233 5979 Addit
2278 5905 2529 5969 Vaticani
2575 5922 2677 5964 ms.
2703 5914 2889 5979 rvetus
2927 5904 3218 5979 glossator,
3254 5917 3534 5976 ganeonem

1940 5987 2026 6032 nat
2056 5978 2276 6050 intelligi
2308 5982 2602 6052 prodigum,
2632 5978 2711 6034 vel
2736 5978 3060 6052 amatorem.)
