4052 6512
453 359 526 419 65
1704 353 1763 411 S.
1807 350 2082 411 EUSEBII
2123 351 2508 411 lllERONYMl

3686 357 3766 414 64

442 481 674 540 rabilem
688 477 1843 553 consiliarium,etsapientemarchitectum
1857 486 2051 549 etpru-
2079 481 2134 545 Α
2155 480 2303 538 dotio
2332 480 2574 536 illusores
2605 478 2945 553 interpretati
2979 488 3127 549 sunt,
3196 480 3388 551 Aquila
3432 482 3765 550 ἐναλλάκτας,

440 576 661 636 dentem
684 579 1015 643 auditorem,
1032 585 1141 633 etc.
1159 575 1267 631 Pro
1280 574 1367 631 his
1383 574 1526 631 dabo
1537 590 1738 649 pueros
1750 576 2051 650 principes.

452 670 557 742 Qui
591 671 738 729 enim
764 669 1143 743 presbyterum
1173 668 1782 740 pcrdiderunt,qualem
1807 671 2059 741 superior

448 779 636 822 sermo
665 763 789 838 [AL
802 761 987 837 servo]
1016 762 1359 830 monstravit,
1381 762 1560 835 qualis
1575 772 1631 819 et
1645 761 1921 819 Abraham
1937 762 2054 834 pri-

444 873 571 915 mus
593 859 902 931 appellatus
938 866 1023 914 est
1062 859 1373 931 presbyter,
1406 866 1557 914 recte
1593 859 1824 929 juvenes
1857 856 2059 927 princi-

447 966 548 1025 pes
576 951 854 1021 accipiunt
884 948 1099 1023 (Cenes.
1134 949 1254 1025 vn).
1295 952 1369 1008 De
1408 951 1630 1023 quibus,
1676 958 1734 1006 et
1773 951 1827 1005 in
1867 949 2057 1006 Eccle-

447 1045 620 1103 siaste
648 1045 885 1118 legimus
911 1062 925 1100 :
968 1044 1058 1100 Va:
1088 1044 1181 1100 tibi
1206 1045 1410 1114 ciuitas,
1444 1048 1596 1119 cujus
1628 1061 1722 1102 rea:
1747 1046 1983 1119 juvenis,
2009 1053 2058 1101 et

449 1141 715 1214 principes
745 1141 822 1195 tui
850 1156 1002 1196 mane
1042 1141 1336 1195 comedunt.
1368 1138 1533 1196 Beata
1573 1149 1730 1210 terra,
1774 1141 1925 1214 cujus
1967 1156 2060 1195 rex

452 1232 599 1301 ﬁlius
624 1234 974 1307 ingenuorum
1000 1232 1173 1308 (Eccl.
1194 1233 1385 1307 x,16).
1412 1233 1561 1290 Talis
1590 1233 1694 1289 fuit
1722 1250 1816 1290 rex
1844 1233 2060 1305 juvenis

453 1326 707 1385 Roboam
741 1327 887 1383 ﬁlius
916 1327 1250 1394 Salomonis,
1284 1330 1375 1400 qui
1418 1337 1640 1385 secutus
1668 1338 1754 1386 est
1795 1328 2057 1400 juvenum

456 1420 688 1478 consilia
715 1419 807 1494 (lli
829 1420 960 1494 Reg.
987 1420 1110 1493 xu).
1142 1420 1260 1478 Non
1291 1420 1436 1492 quod
1468 1430 1628 1477 aetate
1647 1430 1794 1478 esset
1819 1422 2056 1491 juvenis,

458 1511 558 1567 sed
584 1512 877 1583 sapientia.
908 1512 1127 1584 Alioqui
1155 1512 1513 1585 quadraginta
1543 1524 1600 1570 et
1629 1513 1864 1585 amplius
1888 1530 2062 1569 anno-

453 1618 578 1660 rum
610 1619 840 1676 regnum
871 1605 1156 1677 accepisse
1198 1614 1473 1662 narratur.
1507 1605 1578 1661 Et
1609 1606 1922 1662 ecoiitrario
1962 1605 2062 1663 Sa-

456 1695 643 1753 lomon
703 1696 992 1754 duodecim
1049 1712 1320 1754 annorum
1385 1710 1503 1755 erat
1560 1698 1777 1769 quando
1820 1698 2063 1769 suscepit

457 1788 774 1861 imperium,
823 1799 880 1846 et
926 1791 1052 1861 quia
1104 1791 1336 1847 habebat
1382 1792 1727 1862 sapientiam,
1770 1803 2057 1864 propterea

2155 573 2246 645 qui
2277 589 2337 630 se
2376 582 2609 641 mutent,
2633 583 2686 631 et
2721 573 3069 646 turpitudinis
3096 583 3392 631 exerceant
3420 575 3588 632 vices.
3616 576 3773 644 Qua-

2156 667 2237 724 les
2274 667 2328 722 in
2357 666 2607 723 Iudicum
2640 666 2778 722 libro
2814 682 2980 738 super
3004 667 3304 724 concubina
3332 666 3545 724 Levita:
3578 673 3630 724 in
3652 667 3772 725 Ga-

2155 761 2257 818 baa
2289 761 2517 832 legimus
2550 759 2753 833 (ludio.
2796 759 2931 834 xix).
2978 758 3407 817 Consideremus
3451 769 3479 798 ι
3526 761 3774 818 Patriar—

2156 855 2288 911 chas
2334 855 2667 922 .ludaeorum,
2702 864 2755 911 et
2781 855 3017 926 juvenes
3066 855 3184 911 sive
3230 868 3450 925 pueros,
3480 854 3774 912 effemina-

2159 955 2350 1018 tosque
2397 962 2460 1002 ac
2485 946 2696 1003 deliciis
2741 946 3068 1017 afﬂuentes,
3104 959 3161 1003 et
3215 948 3495 1019 impletam
3530 950 3775 1020 prophe-

2157 1041 2288 1097 tiam
2317 1055 2440 1097 esse
2466 1055 2775 1097 cernemus.
2826 1040 3123 1097 Possumus
3174 1041 3427 1097 illusores
3476 1041 3660 1099 dicere
3709 1051 3774 1099 et

2160 1135 2449 1203 magistros
2474 1132 2659 1205 populi
2683 1133 2871 1203 Israel,
2905 1135 2998 1207 qui
3028 1135 3297 1191 devorant
3331 1136 3586 1205 populum
3640 1135 3764 1203 Dei,

2159 1227 2503 1282 sirutescam
2545 1227 2728 1298 panis,
2761 1236 2817 1283 et
2863 1243 3121 1298 perverse
3179 1228 3494 1297 Scripturas
3543 1237 3772 1285 sanctas

2160 1322 2612 1391 interpretantur,
2640 1321 2977 1394 illuduntque
3018 1321 3267 1377 stultitim
3306 1320 3727 1389 discipulorum.

2234 1417 2409 1486 (Vers.
2451 1416 2530 1487 5.)
2572 1415 2640 1471 Et
2669 1428 2876 1473 corruet
2922 1418 3152 1492 papulas
3179 1419 3257 1473 vir
3285 1418 3354 1472 ad
3383 1419 3570 1484 virum,
3602 1436 3770 1475 unus-

2161 1512 2375 1585 quisque
2396 1513 2466 1567 ad
2493 1514 2787 1583 proximum
2815 1530 2967 1569 suum
2994 1531 3013 1569 :
3037 1514 3439 1569 tumultuabitur
3463 1530 3593 1584 puer
3635 1531 3771 1570 con-

2162 1614 2243 1659 tra
2273 1622 2465 1674 senem,
2502 1614 2551 1661 et
2588 1606 2834 1677 ignobilis
2864 1617 3044 1663 contra
3082 1607 3325 1662 nobilem.
3356 1607 3589 1677 Quando
3611 1607 3776 1679 juve-

2163 1714 2259 1756 nes
2306 1699 2508 1754 l'uerint
2558 1700 2858 1768 principes,
2890 1710 2944 1755 et
2992 1701 3247 1758 illosores
3290 1703 3553 1771 Domini,
3580 1702 3776 1771 quales

2165 1790 2519 1863 propheticus
2578 1806 2760 1846 sermo
2801 1790 3084 1861 describit,
3120 1803 3251 1848 tunc
3299 1810 3399 1849 nec
3451 1793 3770 1863 dignitatis,

457 1898 567 1940 non
590 1890 677 1939 est
703 1883 1013 1955 appellatus
1036 1884 1272 1957 juvenis.
1300 1884 1432 1941 Erat
1459 1886 1606 1942 enim
1640 1886 1693 1941 in
1736 1901 1802 1941 eo
1834 1884 2062 1941 latitudo
2093 1881 2137 1941 Β
2167 1897 2264 1939 nec
2289 1885 2486 1951 aetatis,
2521 1898 2621 1939 nec
2649 1883 2897 1938 scientiae
2931 1884 3072 1939 ullus
3113 1884 3249 1939 ordo
3288 1885 3629 1951 servabitur;
3673 1885 3775 1941 scd

456 1977 664 2047 cordis,
706 1986 762 2034 et
790 1976 1096 2049 amplitudo
1139 1979 1424 2050 sapientiae
1466 1990 1670 2052 quanta
1700 1994 1868 2037 arena
1899 1987 1982 2035 est
2010 1978 2066 2034 in

458 2068 630 2126 maris
659 2070 956 2127 littoribus.
988 2070 1146 2128 Unde
1168 2078 1225 2127 et
1254 2071 1548 2142 Apostolus
1573 2072 1765 2127 scribit
1791 2071 1858 2127 ad
1887 2072 2071 2127 Timo-

458 2161 680 2227 theutn,
718 2159 891 2216 Nemo
920 2161 1332 2220 adolescentiam
1363 2174 1504 2217 tuam
1550 2172 1843 2218 contemnat
1869 2163 1912 2235 (ι
1930 2161 2063 2217 Tim.

458 2267 531 2323 tv,
564 2251 678 2325 12).
702 2253 810 2322 Qui
830 2255 975 2309 enim
1007 2263 1168 2311 :etate
1192 2256 1409 2325 juvenis
1428 2267 1532 2322 est,
1562 2257 1875 2313 maturitate
1900 2271 2066 2312 senex

461 2354 567 2402 est.
604 2344 669 2401 Et
712 2346 899 2402 Dauiel
947 2346 1103 2418 juxta
1133 2346 1569 2404 Theodotionem
1613 2358 1900 2420 antequam
1925 2349 2071 2420 judi-

456 2448 631 2505 caret,
654 2438 968 2510 appellatus
996 2448 1081 2497 est
1106 2456 1244 2510 puer
1265 2439 1431 2512 (Dan.
1456 2444 1596 2513 xm).
1625 2441 1914 2513 POSIquam
1939 2457 2068 2498 vero

457 2531 720 2587 excitavit
772 2532 827 2587 in
869 2546 937 2588 co
982 2532 1129 2590 Deus
1165 2534 1440 2607 spiritum,
1477 2542 1535 2590 et
1570 2534 1843 2605 judicavit
1883 2549 2065 2602 senes,

457 2626 672 2696 accepit
697 2625 1031 2700 presbyterii
1063 2627 1411 2698 dignitatem.
1439 2627 1692 2685 Ieremia:
1714 2643 1951 2700 quoque,
1976 2627 2070 2699 qui

459 2719 530 2776 ad
559 2719 866 2776 mittentem
890 2736 951 2778 se
979 2722 1267 2777 Dominum
1296 2723 1535 2790 dixerat,
1558 2722 1732 2791 Quies
1749 2723 2067 2791 dominator,

463 2810 732 2869 Domine:
777 2812 910 2869 Ecce
963 2832 1058 2888 ego
1106 2817 1279 2871 nescio
1326 2818 1490 2888 loqui,
1530 2820 1655 2888 quia
1697 2819 1907 2891 juvenis
1953 2834 2068 2871 sum

464 2905 683 2982 (lenm.
713 2924 754 2975 ι,
786 2908 867 2982 6),
895 2910 1184 2981 respondit
1216 2911 1503 2976 Dominus,
1528 2911 1607 2967 Ne
1639 2912 1809 2978 dicas,
1834 2912 1959 2983 quia
1983 2911 2073 2982 ju-

464 3003 620 3057 venis
660 3016 819 3069 sum;
855 3002 1007 3072 prius
1046 3003 1194 3060 enim
1238 3021 1398 3075 quam
1431 3005 1749 3060 formarcris
1790 3006 1843 3059 in
1890 3013 2065 3071 utero,

466 3095 595 3151 novi
628 3107 702 3164 te,
738 3104 796 3151 et
831 3107 1123 3168 antequam
1165 3100 1349 3154 exires
1390 3100 1458 3156 de
1496 3099 1654 3155 vulva
1698 3099 1890 3154 matris
1936 3107 2063 3166 tum,

463 3189 802 3246 sanctiﬁcavi
841 3202 915 3260 te,
957 3201 1012 3248 et
1042 3195 1366 3265 prophetam
1416 3193 1469 3249 in
1512 3195 1770 3266 gentibus
1809 3196 2069 3251 constitui

2169 1975 2514 2031 rebellabant
2562 1975 2713 2046 pueri
2770 1975 3021 2044 senibus,
3052 1986 3103 2031 et
3154 1977 3423 2047 ignobiles
3470 1978 3771 2046 nobilibus,

2169 2079 2223 2127 et
2248 2079 2434 2125 mutuo
2456 2079 2735 2127 corruent.
2766 2069 2837 2125 Et
2863 2070 3180 2140 implebitur
3203 2071 3334 2126 illud
3360 2072 3773 2143 Apostolicum:

2172 2162 2468 2217 Mordentes
2506 2162 2746 2228 invicem,
2772 2164 3068 2231 consumpti
3086 2164 3206 2218 estis
3234 2167 3297 2218 ab
3327 2165 3546 2219 invicem
3568 2164 3772 2240 (Galat.

2168 2275 2222 2325 v,
2262 2256 2375 2330 15).
2412 2257 2539 2313 llzec
2566 2257 2669 2313 sub
2694 2256 2820 2313 Tito
2851 2257 2962 2313 ﬁlio
2992 2256 3319 2329 Vespasiani
3366 2260 3636 2317 accidisse
3679 2277 3782 2330 po-

2173 2353 2299 2423 pulo
2350 2350 2688 2417 Iudaeorum,
2720 2351 2915 2408 scribit
2962 2351 3235 2423 Josephus
3283 2351 3422 2426 (Lib.
3451 2370 3485 2409 v
3515 2354 3580 2409 de
3624 2352 3777 2411 Bello

2168 2444 2328 2517 Jud.)
2363 2464 2376 2499 :
2406 2457 2458 2502 et
2508 2447 2676 2517 quod,
2712 2462 2834 2502 cum
2891 2459 3338 2519 expugnarentur
3382 2464 3412 2503 a
3468 2448 3729 2506 Romanis
3758 2493 3776 2518 ,

2169 2538 2335 2594 fuerit
2385 2537 2688 2594 Jerusalem
2735 2539 2787 2594 in
2839 2548 2952 2596 tres
2986 2549 3172 2610 partes
3209 2540 3382 2595 divisa
3433 2542 3630 2598 seditio
3673 2553 3782 2600 :et

2170 2631 2261 2686 alii
2293 2645 2477 2686 arcem
2504 2640 2559 2687 et
2598 2631 2913 2702 Templum,
2943 2633 3036 2687 alii
3082 2633 3433 2704 inferiorem,
3467 2635 3560 2691 alii
3613 2650 3781 2708 supe-

2171 2728 2370 2782 riorem
2398 2738 2605 2797 partem
2630 2727 2786 2783 urbis
2814 2726 3111 2782 tenuerint.

2230 2820 2409 2891 (Vers.
2428 2820 2509 2890 6.)
2525 2820 3041 2891 Apprehendetenim
3054 2822 3132 2875 uir
3146 2826 3361 2892 fratrem
3384 2838 3553 2889 suum,
3573 2823 3781 2879 domes-

2171 2915 2327 2968 ticum
2354 2915 2517 2987 patris
2536 2916 2636 2968 sui.
2665 2913 3146 2971 Vcstimentumtibi
3163 2925 3259 2986 est,
3284 2919 3524 2990 princeps
3541 2927 3783 2973 rstonos-

2168 3014 2246 3061 ter
2269 3020 2289 3060 :
2305 3007 2461 3060 ruina
2483 3017 2651 3061 autem
2669 3006 2780 3063 Ilth
2802 3008 2896 3062 sub
2916 3025 3068 3062 manu
3084 3020 3193 3063 tua.
3215 3010 3318 3065 Pro
3335 3011 3505 3079 ruina,
3526 3014 3780 3083 Symma-

2171 3099 2306 3154 chus
2320 3111 2372 3155 et
2387 3093 3061 3171 Theodotioinﬁrmit'atem
3074 3103 3487 3168 transtulerunt.
3508 3103 3649 3159 LXX
3662 3104 3689 3142 ι)
3702 3107 3781 3159 ci-

2172 3193 2311 3248 bum.
2329 3191 2609 3262 Significat
2633 3202 2813 3249 autem
2840 3194 3116 3250 raritatem
3143 3195 3516 3264 hominum,et
3540 3197 3778 3254 maxime

466 3292 546 3341 te.
587 3286 673 3340 0b
705 3286 847 3342 hanc
888 3302 1110 3343 causam
1158 3303 1286 3345 reor
1313 3297 1368 3345 et
1396 3288 1841 3345 adolescentulus
1883 3289 2070 3345 viduas
2099 3276 2144 3340 C
2175 3302 2360 3343 rerum
2388 3288 2628 3341 omnium
2652 3287 2954 3357 penuriam,
2989 3288 3130 3357 quod
3155 3288 3248 3357 qui
3276 3287 3481 3357 cibum,
3518 3300 3574 3344 et
3605 3291 3777 3345 vesti-

462 3379 649 3453 juberi
681 3382 750 3436 ab
772 3381 1037 3451 Apostolo
1068 3382 1132 3457 (11
1159 3383 1291 3439 Tim.
1325 3383 1403 3456 v),
1435 3398 1494 3440 ut
1520 3384 1790 3457 accipiant
1820 3387 2071 3449 maritos,

467 3483 524 3529 et
553 3472 982 3531 matresfamilias
1009 3477 1139 3540 sint,
1169 3485 1226 3532 et
1249 3477 1485 3532 educent
1533 3477 1736 3533 liberos
1765 3492 1917 3544 suos,
1946 3479 2073 3549 quia

470 3568 659 3624 multa:
691 3580 842 3624 retro
882 3569 1137 3624 abierunt
1175 3578 1301 3639 post
1337 3570 1621 3626 Satanam.
1664 3571 1730 3625 Et
1759 3586 1880 3626 cum
1915 3571 2075 3625 luxu-

467 3660 624 3717 riata:
669 3660 875 3716 fuerint
915 3661 969 3716 in
1016 3660 1262 3729 Christo,
1306 3663 1516 3719 nubere
1556 3663 1766 3723 volunt.
1808 3662 2074 3719 habentes

466 3751 904 3817 damnationem,
932 3755 1059 3824 quia
1092 3754 1320 3825 primam
1358 3754 1520 3810 tldem
1552 3755 1762 3811 irritam
1801 3754 2072 3811 fecerunt.

467 3847 581 3905 Nec
630 3848 1037 3904 Ecetesiasticis
1059 3848 1217 3903 vidua
1257 3857 1601 3904 sustentatur
1640 3850 1937 3914 alimentis,
1972 3849 2073 3903 nisi

471 3955 594 4013 qua:
623 3944 907 4013 sexaginta
948 3957 1218 3998 annorum
1251 3953 1357 4011 est,
1401 3953 1456 3998 et
1498 3942 1871 3999 maturitatem
1914 3943 2076 3998 habet

466 4052 690 4093 morttm
723 4039 932 4107 pariter
958 4048 1013 4094 et
1044 4038 1245 4092 a-tatis.
1281 4037 1435 4092 Putet
1471 4036 1580 4111 ⁵4
1600 4038 1823 4109 aliquis,
1854 4048 1910 4093 et
1941 4037 2074 4093 illud

467 4132 615 4202 quod
639 4131 936 4200 Apostolus
961 4131 1218 4199 prohibet
1248 4129 1289 4203 (Ι
1320 4130 1453 4185 Tim.
1488 4129 1592 4203 tu),
1617 4131 1935 4203 episcopum
1959 4130 2074 4187 ﬁeri

473 4224 833 4296 neophytum,
868 4224 936 4279 ad
967 4224 1074 4280 hoc
1103 4227 1406 4294 pertinere,
1440 4225 1566 4294 quia
1598 4224 1859 4296 parvulus
1884 4224 1937 4279 in
1971 4224 2076 4280 tide

473 4326 583 4379 est,
612 4333 680 4372 ne
705 4318 881 4375 elatus
910 4319 965 4375 in
992 4319 1329 4389 superbiam,
1363 4318 1568 4373 incidat
1591 4319 1642 4373 in
1665 4317 1932 4387 judicium
1961 4320 2078 4373 dia-

468 4411 605 4469 boli.
638 4412 910 4469 Judicium
942 4424 1124 4469 autem
1157 4412 1361 4468 diaboli
1397 4413 1608 4467 nullum
1641 4421 1727 4467 est
1770 4411 1940 4475 aliud,
1974 4411 2076 4467 nisi

470 4500 1009 4577 superbia,ipropter
1037 4522 1204 4579 quam
1231 4505 1300 4561 de
1327 4505 1646 4562 caelestibus
1670 4504 1890 4560 cecidit.
1920 4504 2078 4561 Unde

474 4607 532 4655 et
560 4597 808 4656 Salvator
843 4598 1105 4672 loquitur,
1146 4597 1395 4652 Videbam
1424 4596 1704 4665 Satanam,
1732 4596 1882 4668 quasi
1901 4596 2078 4668 fulgor

473 4690 741 4746 cadentem
772 4689 838 4746 de
867 4690 992 4745 cwlo
1019 4688 1174 4764 (Luc.
1210 4706 1304 4756 xx,
1338 4689 1451 4762 18).

546 4780 614 4836 Et
640 4780 926 4850 e/I'emt'nati
950 4781 1355 4854 dominabuntur
1374 4783 1465 4836 eis.
1491 4781 1602 4838 Pro
1628 4796 1738 4854 quo
1764 4782 1819 4838 in
1848 4782 2076 4838 Hebraeo

473 4877 734 4948 Scriptum
758 4886 841 4932 est
873 4888 1149 4932 THALULIII
1181 4852 1478 4950 (Εὗὺιτη),
1500 4852 1806 4948 quovaXX
1826 4884 1882 4932 et
1900 4875 2078 4932 Theo-

546 5050 573 5121 τι
605 5041 1198 5121 Eusebium-imitatur,
1226 5044 1382 5113 cujus
1405 5045 1522 5100 haec
1551 5055 1700 5101 sunt.
1723 5050 1812 5107 Ti;
1833 5042 1925 5102 οὖν
1945 5048 2076 5121 ὁρῶν

478 5116 603 5177 τοὺς
629 5119 775 5194 πᾳρᾴ
795 5114 1064 5194 flaminica;
1090 5116 1495 5194 ὀνομαζομὲνρυς
1516 5114 2075 5194 παςριᾴρχαςχεᾳῦίᾳ-

478 5208 599 5261 θεουδ-
649 5188 861 5261 suos;
893 5190 952 5242 οὐ
980 5193 1103 5261 τήν⁸
1127 5188 1229 5244 τῶν
1276 5188 1530 5261 σωμάτων
1580 5188 1797 5253 omnia»;
1830 5189 1956 5244 ἀλλὰ
1983 5191 2076 5251 τὰς

478 5257 664 5387 ΐυχὰς
691 5258 887 5320 ἀτελεῖς
918 5264 1004 5315 καὶ
1032 5258 1184 5321 ἐνδεῖς
1211 5257 1421 5337 φρενῶν,
1453 5264 1575 5322 τοὺς
1604 5282 1658 5316 τε
1684 5260 1893 5320 λοίπους
1915 5263 2077 5316 αὐτῶν

514 5329 838 5387 idae-ualent“.
875 5333 964 5387 οὐκ
992 5325 1053 5386 ἄν
1106 5329 1241 5387 εἴποι
1270 5334 1551 5387 iunctim-ac
1599 5328 1745 5387 εἶναι.
1781 5331 1949 5384 ΡηΠο
1980 5332 2077 5385 Pa-

514 5325 838 5405 ιᾷἆσκὸιλους,
875 5333 964 5405 ορκ
992 5325 1053 5386 ἄν
1106 5325 1551 5405 εἴποῖέμπαίυςτας
1599 5328 1949 5405 εἶναιηῐξιινω
1974 5332 2079 5405 Pa-

475 5400 747 5473 triarehas
770 5414 888 5473 post
907 5402 1264 5472 .lerosotymae
1292 5400 1566 5457 excidium
1593 5402 1768 5457 notari
1810 5402 2077 5473 intellige,

475 5482 530 5529 et
556 5471 668 5529 vid.
697 5471 816 5527 eod.
847 5473 1060 5530 Theod.
1096 5471 1190 5530 lib.
1225 5489 1335 5533 xvr.
1363 5475 1453 5527 tit.
1487 5475 1544 5529 8.

549 5541 578 5583 δ
602 5544 783 5601 Obvio
800 5545 1012 5602 scilicet
1038 5560 1226 5599 errore
1248 5553 1281 5599 3
1304 5544 1706 5615 substituerunt
1728 5560 1825 5613 pro
1850 5548 1911 5610 Ξ,
1935 5542 2079 5615 quod

482 5646 541 5697 et
567 5639 838 5725 blont‘aue.
886 5648 1040 5697 notat
1074 5655 1087 5692 :
1119 5638 1479 5709 lcgeruntque
1514 5613 1722 5697 π’)τππ)
1750 5613 1969 5707 coctum,
2000 5640 2087 5695 vel

480 5721 904 5841 "aciliimiinai.
935 5782 1141 5838 Latini.-
1166 5779 1366 5836 litteris
1391 5780 1798 5850 epidesmeunla.
1828 5781 1981 5850 Quod
1997 5797 2094 5837 au-

485 5866 612 5927 tem
639 5856 719 5912 ait
733 5857 811 5927 ξ.
832 5855 1035 5927 Doctor
1058 5854 1111 5927 in
1139 5851 1369 5927 Hebrum
1397 5866 1513 5927 non
1530 5850 1728 5927 haberi.
1745 5850 2091 5927 respondebit,

492 5916 688 5985 tium"
723 5916 938 5983 vldetur
958 5917 1297 5991 Martiantebi
1328 5921 1611 5995 doctisque
1640 5916 1760 5980 aliis
1792 5916 1942 5983 \‘ll‘is.
1973 5916 2093 5984 enni

2177 3393 2419 3436 mentum
2449 3381 2716 3447 habuerit,
2735 3390 2947 3451 potens,
2964 3392 3019 3437 et
3046 3380 3221 3446 dives,
3237 3380 3343 3453 55
3360 3383 3662 3454 etinclytus
3688 3397 3781 3437 es-

2177 3490 2237 3531 se
2257 3474 2535 3530 credatur.
2558 3473 2713 3543 Quod
2727 3482 2909 3528 autem
2943 3472 3193 3544 aitjuxta
3219 3473 3546 3529 llehraicum
3570 3492 3582 3528 :
3606 3472 3781 3529 Ruina

2177 3578 2345 3623 autem
2374 3567 2486 3623 hate
2507 3566 2599 3622 sub
2626 3583 2785 3621 manu
2811 3578 2919 3631 tua,
2946 3567 3091 3622 hunc
3118 3581 3338 3624 sensum
3365 3568 3525 3624 habet
3565 3586 3576 3622 :
3613 3567 3779 3624 Miseo

2177 3660 2257 3716 ria
2288 3672 2471 3715 nosu'a
2500 3670 2554 3715 et
2583 3660 2868 3715 calamitas
2896 3670 2988 3716 tuo
3018 3662 3404 3717 substentetur
3431 3672 3486 3718 et
3530 3672 3783 3733 protega-

2179 3763 2267 3809 tur
2294 3753 2521 3808 auxilio.
2558 3753 2620 3808 Et
2648 3752 2751 3809 hoc
2778 3754 3237 3810 considerandum
3262 3754 3405 3823 quod
3448 3755 3650 3827 singuli
3674 3757 3780 3812 sibi

2178 3846 2383 3916 eligant
2412 3847 2685 3917 principes
2707 3847 2975 3918 singulos,
3009 3857 3065 3901 et
3092 3850 3144 3902 in
3179 3848 3483 3921 principum
3508 3851 3783 3909 electione

2179 3939 2375 3995 seditio
2401 3940 2490 4006 sit,
2524 3939 2650 3993 dum
2675 3940 2766 3994 alii
2799 3940 2935 3993 alios
2963 3941 3277 4011 principatu
3318 3940 3515 4012 dignos
3568 3953 3777 4013 putant.

2179 4032 2288 4089 Nec
2316 4033 2503 4088 dicunt
2530 4033 2597 4088 ad
2623 4049 2739 4101 eos,
2772 4035 3161 4106 possessiones
3191 4044 3317 4102 tute,
3352 4043 3408 4091 et
3454 4036 3676 4105 divitite,
3727 4046 3785 4094 et

2182 4128 2386 4183 reditus
2413 4137 2726 4183 sustentare
2758 4142 2857 4181 nos
2884 4136 3158 4198 poterunt,
3191 4127 3288 4182 sed
3336 4127 3626 4185 inﬁrmitas
3653 4130 3779 4199 ista,

2181 4224 2299 4277 sive
2321 4222 2478 4278 cibus
2505 4237 2678 4288 meus,
2711 4236 2777 4276 ex
2809 4229 2904 4277 tuo
2924 4220 3207 4277 sanabitur
3233 4231 3290 4276 et
3331 4222 3591 4292 pendebit
3631 4222 3779 4278 arbi.

2182 4317 2307 4372 trio.

2254 4407 2436 4481 (Vers.
2465 4408 2545 4479 7.)
2596 4408 2663 4463 Et
2708 4399 3034 4480 respondebit
3064 4408 3117 4463 in
3146 4409 3230 4465 die
3276 4410 3409 4476 illa,
3443 4409 3647 4474 dicens,
3681 4425 3781 4465 non

2180 4518 2295 4557 sum
2324 4502 2569 4569 medicus,
2596 4513 2644 4557 et
2668 4504 2721 4557 in
2741 4504 2894 4556 domo
2912 4520 3025 4557 utea
3051 4520 3155 4558 non
3181 4514 3252 4558 est
3282 4505 3454 4575 panis,
3480 4521 3642 4579 mque
3668 4521 3783 4560 ves-

2182 4595 2498 4661 timentum;
2539 4594 2698 4650 nolite
2751 4597 3062 4651 constituere
3115 4613 3194 4650 me
3247 4598 3533 4666 principem
3583 4599 3780 4670 populi.

2182 4689 2290 4745 Pro
2312 4690 2530 4758 medico,
2559 4690 2919 4761 Symmachus
2949 4700 3001 4745 et
3021 4689 3164 4745 LXX
3198 4690 3606 4757 transtulerunt,
3639 4693 3785 4763 priu-

2184 4783 2346 4856 cipem
2371 4795 2392 4837 :
2420 4782 2749 4847 Theodotio,
2783 4792 2803 4820 ο
2828 4780 3237 4855 ἕπιδεσμεύοντα
3263 4782 3355 4851 qui
3380 4781 3511 4851 liget
3535 4783 3780 4852 vulnera,

2187 4882 2243 4931 et
2272 4871 2554 4944 provideat
2573 4874 2793 4929 sanitati
2820 4891 2834 4928 :
2865 4873 3238 4945 Respondebit,
3262 4874 3288 4911 α
3322 4874 3375 4929 in
3405 4876 3638 4933 Hebraeo
3678 4893 3785 4933 non

2178 5046 2469 5103 manifesto
2494 5046 2563 5101 sit
2590 5049 2701 5105 mm
2727 5047 2871 5116 quod
2898 5055 2984 5103 est
3008 5056 3257 5108 assumet.
3283 5046 3399 5101 sive
3424 5055 3658 5117 reponet.
3678 5044 3782 5102 Sed

2176 5120 2317 5174 illttd
2351 5117 2575 5172 verbum
2619 5122 2669 5171 in
2711 5118 3177 5176 emendatioribus
3207 5116 3362 5173 libris
3406 5116 3531 5171 cum
3569 5116 3787 5173 circello

2181 5191 2460 5252 scribitur,
2491 5204 2614 5255 quae
2644 5188 3030 5245 Massorethica
3066 5199 3191 5244 nota
3222 5190 3384 5245 docet
3423 5190 3476 5242 in
3517 5190 3783 5255 antiquis-

2182 5262 2336 5318 simis
2376 5260 2767 5332 voltttttiuilttts,
2804 5277 2923 5331 (male
2964 5262 3045 5316 vel
3091 5263 3193 5332 ipsi
3228 5260 3519 5332 Pmpltelae
3554 5263 3789 5326 scripse-

2183 5341 2347 5393 runt.
2405 5332 2491 5387 vel
2552 5330 2752 5386 Esdras
2804 5330 3123 5397 recensuit,
3162 5347 3227 5386 ea
3280 5330 3440 5387 verba
3488 5343 3579 5385 aut
3631 5333 3789 5388 aliter

2184 5403 2352 5459 fuisse
2389 5413 2633 5469 exarata,
2667 5410 2762 5457 aut
2804 5418 3027 5474 prorsus
3076 5422 3183 5458 non
3238 5404 3519 5460 exstitisse
3563 5404 3618 5457 in
3668 5403 3789 5459 aliis

2181 5475 2611 5601 gxernplaribus.
2661 5474 2795 5531 'l‘ale
2859 5474 2989 5530 illud
3040 5477 3243 5544 fuerit,
3303 5492 3413 5545 quo
3464 5474 3614 5530 llier.
3672 5488 3791 5531 ute-

2225 5555 2370 5601 atur.

2225 5555 2370 5602 atur.

2257 5637 2285 5676 ά
2320 5638 2383 5693 ln
2416 5636 2638 5693 Hebraeo
2667 5655 2771 5692 non
2801 5637 3113 5700 hubeturJn
3146 5639 3378 5693 Hebraeo
3397 5648 3474 5694 est
3497 5641 3610 5692 sum
3627 5638 3787 5707 jissa,

2192 5710 2387 5787 idest,
2416 5719 2679 5787 assumet;
2719 5711 2860 5787 quod
2895 5710 3039 5766 LXX
3064 5713 3269 5787 optime
3319 5718 3547 5787 vertunt
3568 5712 3790 5787 ᾀποκρι·

2199 5785 2333 5846 θεὶς,
2377 5779 2745 5854 respondens,
2764 5780 2920 5854 juxta
2969 5782 3209 5854 phrasim
3256 5783 3309 5834 iu
3337 5779 3641 5854 Evangelia
3688 5779 3791 5836 sil:-t

2234 5861 2318 5909 ius
2353 5849 2704 5925 usurpatam,
2741 5849 3085 5925 Respondent
3112 5860 3287 5925 niuem
3312 5849 3467 5925 dixit.
3493 5852 3639 5925 idem
3670 5853 3792 5907 veri

2193 5869 2318 5980 pius
2353 5869 2668 5920 usurpatam
2689 5889 2704 5915 ,
2749 5869 3085 5925 nesponaens
3112 5869 3287 5922 autem
3312 5869 3467 5906 dixit.
3493 5869 3639 5905 luem
3670 5869 3787 5907 verd

2147 5978 2153 5985 _
2233 5930 2320 5980 um
2373 5916 2696 5995 respondebit
2740 5922 2938 5994 legitur
2983 5924 3127 5995 apud
3180 5930 3375 5981 omnes
3434 5920 3787 5993 Interpretari
