4052 6476
244 430 316 485 65

842 422 1498 485 COMMENTARIORUM
1537 422 1602 481 ΙΝ
1645 421 1875 482 ιδΑιΑΜ

1986 422 2352 481 :lOPllETAM
2391 425 2524 481 LIB.
2567 424 2630 482 ll.
2673 422 2833 481 CAP.
2875 421 2964 484 111.

3501 421 3571 478 66

242 542 502 610 habetur,
536 541 635 597 sed
661 541 730 597 de
758 540 899 597 LXX
925 541 1170 597 additqu
1193 552 1297 598 est.
1327 539 1384 596 In
1438 539 1672 596 Hebrteo
1702 540 1847 595 enim
1881 539 1928 602 Α
1956 540 2215 598 condere.
2269 540 2428 598 Unde
2476 550 2531 597 et
2578 541 2856 613 prim-ipes
2905 540 3254 612 appellantur
3302 539 3575 597 Sodomo-

240 634 331 689 his
358 649 480 705 qua:
508 648 677 704 supra
705 634 908 703 scripta
939 634 1336 705 suntjungitur
1368 651 1382 688 :
1408 631 1474 688 In
1509 631 1607 688 illa
1638 633 1721 687 die
1769 632 1852 686 di-

243 737 345 795 cet,
378 744 482 781 non
518 743 635 780 sunt
675 728 928 795 medicus,
964 736 1021 782 et
1070 728 1303 798 reliqua.
1365 726 1416 782 Is
1462 738 1644 783 autem
1688 725 1853 793 dicet,

239 823 335 893 qui
366 823 622 892 princeps
643 822 806 876 fuerit
834 821 1066 878 electus.
1096 822 1166 878 Et
1186 823 1328 878 sicut
1346 820 1580 892 pepulus
1610 822 1701 891 qui
1732 836 1855 876 eum

238 932 428 989 quem,
471 916 890 987 comparatione
944 916 1035 972 sui
1105 915 1529 985 locupletiorem
1573 914 1857 986 intelligit,

238 1010 551 1081 principem
598 1009 805 1065 habere
834 1009 1139 1075 desiderat,
1165 1010 1247 1064 sic
1287 1008 1385 1079 qui
1438 1008 1654 1078 eligitur
1678 1007 1861 1064 consi-

236 1101 445 1159 derans
466 1111 866 1173 paupertatem,
899 1112 954 1157 et
1008 1101 1448 1158 imbecillitatem
1497 1117 1675 1170 suam,
1716 1100 1859 1158 indi-

238 1214 409 1269 gnum
438 1211 499 1252 se
524 1211 651 1253 esse
677 1195 864 1252 delato
887 1195 1103 1252 honore
1129 1205 1386 1262 testatur,
1425 1210 1527 1252 nec
1556 1210 1717 1267 posse
1739 1210 1855 1251 me-

238 1291 363 1347 deri
393 1289 575 1354 vitiis,
607 1289 660 1345 id
710 1297 824 1357 est,
857 1304 1052 1345 curare
1108 1288 1458 1360 languentes,
1491 1288 1858 1345 esurientibus

238 1384 429 1442 cibum
468 1384 735 1447 tribuere,
768 1382 976 1439 vestire
1005 1382 1201 1450 nudos,
1247 1383 1338 1453 qui
1379 1383 1501 1450 ipse
1545 1396 1605 1437 se
1636 1390 1857 1438 susten—

241 1487 366 1534 tare
407 1476 495 1533 vix
534 1477 736 1533 valeat.
769 1476 914 1548 Ergo
966 1492 1074 1532 non
1123 1476 1308 1532 statim
1352 1476 1721 1533 multitudinis
1765 1492 1858 1532 ac-

238 1571 595 1643 quiescamus
637 1568 866 1639 judicio,
899 1571 994 1624 sed
1022 1568 1185 1624 electi
1233 1570 1285 1623 in
1340 1568 1727 1640 principatum.
1759 1585 1854 1623 no-

237 1667 489 1721 verimus
515 1679 827 1719 mensuram
862 1671 1131 1729 nostram,
1168 1672 1223 1718 et
1246 1661 1603 1718 humilicmur
1630 1662 1733 1718 sub
1763 1676 1860 1732 po-

242 1760 386 1815 lenti
411 1773 571 1813 manu
612 1757 750 1814 Dei:
780 1757 907 1829 quia
952 1757 1095 1813 Deus
1139 1756 1394 1827 superbis
1431 1756 1717 1823 resistens,
1761 1756 1861 1811 hu-

242 1852 471 1909 milibus
498 1852 593 1906 dat
637 1851 868 1921 gratiam
902 1850 944 1923 (l
978 1848 1125 1905 Petr.
1154 1851 1232 1920 v).
1276 1849 1475 1919 Quanti
1519 1866 1711 1920 panem
1747 1865 1855 1906 non

1956 650 2100 699 rum,
2127 646 2149 674 ο
2178 637 2301 704 quia
2326 635 2665 692 Sodomitica
2696 636 2939 692 habuere
2963 647 3205 707 peccata.

2033 733 2214 805 (Vers.
2252 732 2341 803 10,
2376 732 2488 803 Η.)
2517 732 2611 789 Va:
2635 735 2827 789 animat
2846 750 3024 789 eorum
3045 749 3065 789 :
3087 735 3336 806 quoniam
3369 733 3575 789 reddita

1958 836 2078 880 sunt
2132 825 2207 880 eis
2248 824 2410 879 mala.
2443 824 2614 880 Dicite
2649 826 2819 897 justo,
2853 826 3103 899 quoniam
3135 825 3282 891 bene,
3326 826 3574 897 quoniam

1958 925 2184 994 fructum
2214 922 2638 976 adinventionum
2672 939 2885 977 suarum
2928 923 3282 978 comederunt.
3330 921 3426 979 Vat
3472 925 3574 978 im-

1958 1013 2048 1085 pio
2073 1013 2128 1067 in
2172 1015 2369 1068 malum
2400 1029 2420 1068 :
2452 1015 2725 1070 retributio
2757 1016 2892 1070 enim
2924 1032 3173 1071 manuum
3200 1019 3317 1091 ejus
3371 1014 3458 1086 ﬁet
3504 1015 3573 1073 ei.

1956 1106 2125 1163 Juxta
2151 1108 2480 1165 Hetiraicum
2510 1119 2566 1165 et
2614 1120 2849 1166 caateros
2905 1109 3246 1179 Interpretes
3267 1108 3413 1165 hunc
3443 1123 3576 1166 seno

1958 1216 2077 1258 sum
2132 1202 2338 1258 habet:
2384 1202 2476 1258 Vae
2520 1202 2629 1258 illis
2662 1203 2790 1275 quia
2824 1219 2920 1259 sua
2971 1204 3181 1260 scelera
3225 1210 3578 1272 receperunt.

1959 1293 2117 1352 Unde
2146 1310 2243 1351 vos
2272 1295 2363 1366 qui
2412 1295 2634 1364 auditis,
2664 1296 2753 1352 vel
2783 1297 2875 1369 qui
2922 1297 3122 1353 librum
3159 1296 3448 1367 Pmpbetat
3498 1294 3578 1351 le-

1958 1388 2110 1461 gitis,
2154 1388 2659 1457 laudatejusutiam
2703 1388 2823 1457 Dei,
2853 1391 2984 1459 quia
3030 1389 3369 1446 henet‘ecerit
3402 1406 3416 1444 :
3444 1387 3574 1460 quia

1960 1480 2113 1551 impii
2141 1481 2361 1537 labores
2388 1496 2643 1536 manuum
2671 1496 2889 1538 suarum
2940 1482 3324 1539 comederunt.
3370 1481 3438 1537 Et
3487 1496 3574 1538 vae

1960 1573 2132 1641 impio
2162 1575 2437 1645 populoin
2488 1574 2730 1630 malum:
2772 1576 2979 1647 recepit
3018 1578 3165 1632 enim
3190 1576 3337 1645 quod
3396 1590 3577 1633 mere-

1960 1663 2140 1720 batur.
2162 1666 2229 1720 Et
2253 1666 2344 1736 qui
2379 1666 2682 1737 principem
2725 1683 2883 1724 suum
2913 1668 3174 1724 Romana:
3213 1667 3442 1725 tradidit
3470 1682 3579 1739 po-

1965 1758 2173 1825 testati,
2207 1756 2327 1830 ipse
2355 1758 2615 1815 Romanae
2633 1760 2883 1832 subj-acet
2932 1760 3205 1818 servituti.
3232 1761 3393 1818 Juxta
3433 1758 3579 1817 LXX

1963 1862 2146 1909 autem
2171 1854 2506 1923 lutcrpretes
2536 1855 2627 1925 qui
2658 1855 2920 1912 dixerunt
2952 1872 2965 1912 :
3022 1855 3110 1912 Vae
3129 1857 3318 1913 animo:
3346 1872 3525 1912 eorum
3550 1870 3571 1912 :

241 1945 544 2015 habentes,
573 1958 629 2004 et
649 1951 1055 2015 vestimentum,
1084 1964 1208 2005 cum
1238 1949 1343 2020 ipsi
1373 1948 1623 2005 esuriant
1651 1962 1705 2005 et
1732 1948 1860 2005 nudi
1892 1950 1940 2011 B
1965 1949 2211 2021 quoniam
2245 1950 2598 2020 cogitaverunt
2643 1949 2919 2006 consilium
2967 1951 3248 2023 pessimum
3291 1961 3471 2006 contra
3495 1965 3578 2004 se-

244 2041 386 2103 sint,
424 2056 527 2096 nec
566 2040 806 2097 habeant
853 2042 1168 2114 spirituales
1218 2042 1396 2110 cibos,
1431 2059 1608 2115 neque
1657 2042 1864 2099 Christi

248 2134 495 2190 tunicam
540 2136 808 2208 integram
856 2139 1225 2207 reservarint,
1275 2138 1397 2194 aliis
1440 2147 1496 2194 et
1540 2138 1864 2193 alimoniam

249 2242 308 2288 et
344 2232 666 2287 vestimenta
699 2234 1047 2302 promittunt,
1077 2247 1131 2290 et
1179 2233 1325 2304 pleni
1376 2233 1716 2301 vulneribus,
1753 2249 1868 2288 me-

247 2325 416 2382 dicos
448 2342 569 2382 esse
599 2341 660 2383 se
683 2329 929 2396 iactant:
967 2343 1068 2383 nec
1097 2337 1318 2384 servant
1344 2328 1473 2383 illud
1522 2326 1820 2383 Mosaicum
1852 2344 1865 2381 :

249 2417 495 2475 Provide
539 2421 700 2475 alium
742 2437 892 2492 quem
936 2421 1109 2477 mittas
1139 2435 1160 2475 :
1205 2420 1462 2489 aliudque
1508 2420 1866 2475 mandatum:

254 2509 576 2582 Nequwras
624 2514 785 2577 iudex
813 2513 930 2583 ﬁeri
970 2529 989 2568 :
1016 2530 1080 2568 ne
1120 2518 1257 2585 forte
1299 2529 1401 2567 non
1452 2516 1617 2585 possis
1663 2514 1871 2583 auferre

253 2604 567 2674 iniquitates
593 2602 764 2676 (Eccl.
799 2621 895 2669 vn,
930 2608 1008 2675 6).
1045 2604 1209 2662 Solus
1235 2605 1399 2663 Jesus
1426 2621 1618 2662 omnes
1643 2605 1874 2676 languo-

253 2713 364 2755 res
390 2708 568 2765 Sonat,
591 2708 648 2755 et
679 2700 1047 2770 infirmitates,
1077 2699 1147 2755 de
1174 2716 1283 2771 quo
1313 2699 1576 2770 scriptum
1607 2707 1692 2757 est
1720 2717 1735 2756 :
1770 2700 1874 2768 Qui

254 2802 421 2847 sanat
463 2793 707 2847 contritas
751 2791 934 2860 corde,
978 2803 1025 2848 et
1079 2794 1266 2867 alligat
1320 2794 1655 2850 contritiones
1697 2809 1875 2851 eorum

260 2883 393 2956 (Ps.
423 2900 611 2941 cum.
642 2885 725 2959 ὅ).

343 2976 459 3050 56
496 2978 675 3051 (Vers.
716 2978 770 3043 8,
805 2979 887 3052 9.)
936 2979 1061 3036 Ruit
1111 2982 1249 3037 enim
1290 2980 1604 3050 Jerusalem,
1639 2991 1687 3037 et
1733 2981 1878 3037 Iuda

260 3072 506 3126 concidit
538 3088 557 3126 :
583 3071 706 3143 quia
750 3070 932 3145 lingua
969 3090 1169 3138 eorum,
1200 3085 1249 3129 et
1285 3075 1677 3131 adinventiones
1700 3091 1879 3130 eorum

264 3174 459 3219 contra
502 3160 825 3231 Dominum,
871 3175 930 3220 ut
983 3177 1324 3235 provocarent
1376 3169 1554 3223 oculos
1592 3170 1880 3239 majestntis
1916 3184 1923 3191 '

262 3258 412 3330 ejus.
461 3256 671 3330 Agnitio
697 3257 864 3314 rullus
896 3275 1071 3314 eorum
1099 3260 1367 3324 respondit
1396 3263 1467 3315 eis
1498 3276 1517 3315 :
1545 3270 1594 3315 et
1616 3271 1881 3333 peccatum

1969 2042 2234 2111 metipsos,
2282 2040 2388 2113 57
2426 2041 2649 2096 dicentes
2681 2058 2701 2097 :
2732 2041 3022 2114 Alligemus
3060 2047 3297 2113 justum,
3327 2043 3577 2115 quoniam

1966 2132 2165 2189 inutilis
2201 2147 2277 2204 est
2301 2134 2450 2190 nobis
2490 2152 2511 2191 :
2556 2137 2728 2208 itaque
2752 2141 2951 2209 fructus
2972 2154 3189 2209 cperam
3234 2153 3447 2193 suorum
3490 2154 3578 2193 co-

1968 2227 2192 2296 medent,
2230 2227 2522 2300 perspicue
2542 2229 2611 2286 de
2652 2227 2858 2285 Christi
2893 2229 3096 2287 dicitur
3122 2232 3396 2303 passione,
3430 2229 3577 2302 quod

1969 2320 2190 2377 inierint
2207 2322 2494 2377 consilium
2520 2324 2843 2394 pessimum,
2865 2338 2972 2379 non
3000 2334 3107 2379 tam
3131 2334 3322 2381 contra
3342 2326 3575 2395 justum,

1969 2429 2133 2484 quam
2163 2426 2355 2470 contra
2383 2416 2732 2487 semetipsos,
2763 2427 2819 2472 et
2843 2418 3085 2473 animam
3117 2432 3269 2475 suam
3305 2434 3319 2472 :
3351 2425 3407 2472 et
3435 2406 3582 2473 nunc

1972 2506 2181 2564 fructus
2202 2524 2431 2578 operum
2474 2522 2699 2565 suorum
2722 2510 3034 2566 comedaut.
3058 2508 3193 2579 Qua:
3222 2509 3367 2566 enim
3409 2508 3582 2565 semi-

1974 2604 2190 2658 naverit
2220 2601 2403 2668 homo,
2434 2602 2551 2659 hinc
2568 2611 2626 2660 et
2656 2614 2829 2660 metet
2858 2602 3005 2674 (Gal.
3032 2619 3104 2673 vt,
3138 2602 3291 2676 5-8),
3324 2614 3382 2660 et
3408 2617 3585 2660 unus-

1975 2696 2205 2767 quisque
2235 2711 2376 2751 onus
2402 2711 2559 2752 suum
2592 2696 2852 2767 portabit.

2049 2787 2241 2860 (Vers.
2275 2786 2402 2859 12.)
2433 2786 2698 2859 Populum
2728 2803 2898 2843 meum
2928 2796 3195 2844 exactores
3220 2787 3302 2842 sui
3320 2787 3584 2860 spoliavea

1976 2892 2098 2935 runt
2123 2896 2142 2935 :
2172 2892 2220 2936 et
2250 2880 2495 2936 mulieres
2525 2880 2808 2937 dominam
2845 2892 2964 2936 sunt
2994 2881 3091 2937 eis.
3123 2880 3229 2938 Pro
3255 2881 3587 2952 mulieribus,

1978 2990 2119 3048 quas
2137 2977 2287 3032 solus
2317 2976 2706 3047 interpretatus
2729 2986 2812 3031 est
2832 2975 3217 3049 Symmachus,
3245 2988 3299 3033 et
3321 2975 3591 3033 Hebraice

1980 3071 2239 3128 dicuntur
2289 3086 2448 3127 usus
2484 3072 2673 3144 (mea)
2707 3088 2719 3125 :
2753 3073 2945 3140 Aquila
3006 3082 3062 3128 et
3101 3070 3247 3128 LXX
3294 3071 3593 3128 transtule-v

1983 3174 2109 3219 runt
2138 3166 2509 3233 ἀπαιτοῦντας,
2541 3162 2635 3235 qui
2664 3162 2974 3234 significant
2997 3176 3263 3220 exactores
3290 3177 3312 3220 :
3335 3163 3593 3219 Theodo-

1984 3261 2063 3315 tio
2099 3257 2389 3324 δανειστὰς,
2441 3258 2492 3312 id
2539 3267 2647 3327 est,
2695 3261 3049 3329 [mitei'atores.
3104 3256 3371 3328 Loquitur
3409 3265 3591 3313 autem

262 3360 433 3418 suum
457 3348 602 3417 quasi
632 3348 859 3405 Sodoma
885 3340 1316 3423 prwdicaverunt,
1347 3367 1437 3405 nec
1476 3351 1878 3407 absconderant.
1909 3349 1953 3413 C
1987 3369 2167 3409 sermo
2199 3352 2553 3423 propheticus
2578 3359 2771 3407 contra
2804 3350 3026 3409 Scribas
3053 3363 3106 3408 et
3129 3351 3464 3418 Phariszeos,
3496 3351 3591 3423 qui

267 3439 399 3496 lloc
423 3439 691 3510 Propheta
716 3442 983 3513 loquitur,
1009 3459 1116 3499 non
1149 3452 1202 3499 ut
1247 3443 1490 3514 plerique
1519 3444 1878 3513 arbitrantur,

269 3533 379 3590 ille
403 3534 500 3608 qui
527 3538 782 3609 princeps
812 3537 988 3593 fuerat
1016 3538 1247 3594 electus.
1276 3538 1342 3593 Et
1362 3538 1496 3593 dicit
1528 3539 1650 3595 ideo
1678 3540 1883 3595 nullum

268 3631 431 3685 velle
455 3647 691 3700 praeesse
723 3632 927 3703 populo
948 3632 1247 3705 peccaturi,
1271 3632 1394 3702 quia
1422 3639 1479 3687 et
1502 3631 1673 3688 Judas
1714 3641 1771 3688 et
1796 3631 1886 3688 Je-

270 3724 547 3793 rusalem,
587 3739 645 3782 et
691 3730 844 3793 urbs,
871 3736 925 3783 et
963 3726 1149 3783 Judiea
1181 3727 1488 3798 provincia,
1522 3729 1639 3784 sive
1713 3728 1887 3783 tribus

272 3818 425 3877 Juda
450 3820 655 3889 pariter
681 3821 1039 3877 conciderint.
1072 3819 1385 3894 Causasque
1426 3821 1605 3878 reddit
1634 3823 1887 3894 impieta-

276 3913 355 3969 tis
380 3927 594 3977 eorum,
630 3913 753 3985 quia
801 3928 990 3970 contra
1013 3914 1301 3971 Dominum
1349 3916 1885 3987 blaSphcmaverunt,

275 4016 454 4078 atque
472 4007 725 4063 dixerunt
759 4006 963 4075 :Tolle,
991 4007 1134 4077 tolle,
1165 4009 1409 4080 cruciﬁge
1452 4011 1625 4078 talem,
1667 4026 1771 4064 non
1797 4010 1893 4064 Ita-

278 4102 467 4158 bemus
509 4118 680 4173 regem
725 4104 829 4159 nisi
869 4104 1127 4160 Ctesarem
1155 4101 1337 4176 (Joan.
1371 4119 1481 4171 XIX,
1534 4103 1623 4172 15,
1659 4102 1753 4174 16)
1793 4112 1894 4158 :et

280 4195 782 4253 clementissimum
828 4198 1116 4253 Dominum
1166 4197 1352 4254 furore
1393 4198 1591 4268 linguae
1656 4212 1767 4253 sum
1824 4196 1892 4253 ad

280 4289 711 4345 amaritudinem
758 4300 1221 4361 provocaverunt.
1256 4299 1283 4327 ⁸
1327 4289 1540 4362 Agnitio
1592 4288 1766 4344 uultus
1812 4305 1896 4360 eo-

282 4400 409 4439 rum
436 4385 765 4455 respondebit
792 4385 867 4439 eis
898 4400 917 4440 :
951 4383 1003 4440 id
1057 4392 1163 4452 est,
1209 4399 1307 4439 sua
1345 4398 1605 4454 recepere
1652 4393 1894 4455 peccata,

1987 3448 2161 3518 turpis
2188 3448 2323 3503 lucri
2363 3448 2559 3518 gratia,
2593 3457 2650 3502 ut
2676 3448 2988 3519 acciperent
3028 3448 3267 3504 decimas
3296 3455 3356 3503 et
3399 3447 3593 3519 primi-

1987 3545 2113 3607 tias,
2164 3541 2261 3598 Dei
2291 3540 2487 3598 Filium
2516 3550 2871 3613 negaverunt.
2904 3542 2972 3598 Et
3001 3558 3108 3598 non
3145 3556 3242 3599 eos
3274 3551 3434 3598 vocat
3470 3556 3595 3597 ma-

1987 3637 2211 3707 gistros,
2246 3636 2455 3691 scribas
2481 3645 2643 3705 atque
2687 3634 2959 3701 doctores,
2995 3633 3090 3691 sed
3121 3645 3406 3691 exactores
3429 3631 3588 3707 (Luc.

1989 3732 2128 3798 xx),
2174 3729 2262 3801 qui
2297 3739 2563 3799 quiestum
2596 3737 2790 3799 putant
2819 3742 2942 3785 esse
2984 3727 3242 3799 pietatem
3286 3744 3300 3782 :
3332 3736 3390 3785 et
3429 3727 3603 3785 devo-

1990 3833 2131 3891 rant,
2155 3838 2261 3876 non
2288 3823 2441 3892 juxta
2471 3822 2815 3893 Apostolum,
2839 3821 3032 3876 domos
3056 3830 3261 3876 tantum
3285 3820 3598 3890 viduarum,

1992 3914 2089 3971 sed
2120 3915 2435 3970 universum
2471 3914 2767 3985 populum;
2799 3927 3173 3985 accusatosque
3212 3912 3479 3968 luxuriam
3504 3927 3603 3967 eo-

1992 4024 2136 4073 rum,
2166 4018 2223 4065 et
2256 4019 2469 4079 turpem
2499 4006 3142 4074 conversationem,'non
3176 4006 3355 4062 solum
3378 4013 3606 4062 exacto-

1992 4116 2084 4158 res
2112 4101 2370 4173 appellat,
2411 4110 2467 4156 ut
2497 4100 2563 4157 ab
2599 4100 2783 4155 invitis
2832 4100 3117 4171 pecuniam
3153 4100 3442 4156 videantur
3488 4099 3609 4155 exi-

1994 4210 2153 4267 gere;
2183 4196 2276 4253 sed
2319 4195 2581 4252 mulieres
2616 4213 2628 4249 :
2662 4195 2785 4268 quia
2833 4202 3061 4265 propter
3096 4194 3381 4253 libidinem
3421 4194 3607 4252 omnia

1997 4287 2216 4355 faciant,
2253 4297 2306 4344 et
2336 4288 2445 4344 sint
2491 4287 2660 4345 dediti
2707 4288 3100 4359 Voluptatibus.
3140 4288 3443 4345 Caveamus
3471 4302 3609 4361 ergo

1999 4392 2055 4438 ct
2078 4397 2199 4450 nos,
2227 4398 2299 4440 ne
2335 4394 2624 4440 exactores
2660 4382 2833 4439 simus
2863 4382 2918 4439 in
2953 4384 3186 4455 populo;
3217 4399 3286 4441 ne
3306 4384 3459 4456 juxta
3499 4384 3611 4440 imo

284 4478 413 4535 sive
440 4488 500 4533 ut
538 4478 891 4551 Septuaginta
923 4478 1325 4535 transtulerunt
1353 4493 1368 4532 :
1398 4476 1426 4517 ὶ)
1449 4477 1687 4548 confusio
1725 4478 1899 4533 uultus
2000 4477 2147 4548 pium
2191 4474 2552 4549 Porphyrium
2592 4489 2859 4533 matronae
2907 4487 2960 4533 et
2991 4477 3250 4535 mulieres
3279 4478 3393 4532 sint
3420 4487 3611 4533 noster

285 4585 476 4625 eorum
528 4572 716 4627 restitit
759 4572 831 4627 eis

880 4588 899 4627 :
938 4571 991 4628 id
1023 4583 1130 4639 est,
1155 4582 1286 4628 ante
1317 4570 1505 4627 oculos
1526 4586 1654 4628 suos
1682 4571 1900 4642 propria
2001 4580 2250 4637 senatus,
2280 4585 2403 4640 qua:
2432 4568 2782 4626 dominantur
2812 4569 2867 4626 in
2910 4569 3194 4640 Ecclesiis,
3236 4580 3292 4626 et
3326 4570 3396 4627 de
3422 4584 3613 4628 sacer-

286 4681 523 4738 semper
545 4665 791 4723 habuere
819 4665 1040 4722 delicta.
1073 4666 1139 4722 Et
1164 4665 1443 4737 quomodo
1464 4665 1757 4721 Sodomita:
1778 4680 1900 4720 cum
2003 4661 2172 4719 dotali
2196 4661 2368 4734 gradu
2403 4662 2553 4718 favor
2576 4661 2786 4733 jndicat
2812 4662 3160 4719 feminarum.

292 4759 451 4817 omni
494 4758 743 4816 libertate
796 4768 1120 4831 peccantes,
1162 4769 1220 4816 et
1268 4775 1336 4815 ne
1378 4758 1643 4830 pudorem
1680 4759 1900 4831 quidem
1928 4755 1981 4816 D

2080 4757 2262 4830 (Vers.
2308 4754 2422 4829 i3.)
2457 4754 2666 4827 Papule
2700 4773 2867 4825 meus,
2921 4756 3011 4829 qui
3065 4759 3271 4812 beatum
3309 4766 3359 4814 te
3411 4757 3615 4827 dicunt,

292 4854 475 4911 ullum
509 4854 776 4911 habentes
808 4855 861 4911 in
888 4856 1118 4922 scelere,
1167 4854 1426 4911 dixerunt
1455 4855 1520 4909 ad
1572 4853 1676 4911 Lot
1708 4872 1721 4908 :
1754 4852 1907 4908 Educ
2004 4853 2106 4926 ipsi
2137 4862 2184 4908 te
2213 4852 2505 4923 decipiunt,
2536 4862 2586 4908 et
2614 4852 2750 4906 uiam
2775 4867 3048 4924 gressuum
3087 4863 3290 4908 tuorum
3331 4853 3614 4924 dissipant,

290 4952 446 5020 foras
476 4948 1148 5015 oiros,utconcumbamus
1193 4963 1313 5001 cum
1360 4948 1436 5003 eis
1467 4946 1623 5016 (Gen.
1658 4945 1904 5017 xtx,5):
2007 4948 2126 5005 sive
2173 4947 2507 5004 conturbant.
2560 4944 2785 5004 Scribas
2841 4954 2898 5001 et
2968 4945 3276 5004 Pharisa-os
3331 4958 3617 5006 exactores

289 5044 380 5099 sic
404 5052 463 5098 et
490 5042 577 5097 isti
606 5042 821 5113 publice
860 5043 1287 5113 proclamantes,
1336 5056 1495 5097 suum
1538 5041 1908 5112 praedicavere
2008 5039 2413 5112 appellaverat,
2464 5053 2575 5094 non
2629 5037 2952 5110 magistros;
2992 5047 3047 5094 et
3087 5052 3248 5110 supra
3324 5037 3613 5108 illusores,

293 5144 611 5207 peccatum,
646 5149 749 5191 nec
780 5134 942 5190 ullam
971 5133 1026 5190 in
1054 5133 1490 5205 blasphemando
1534 5133 1776 5190 habuere
1810 5149 1907 5190 ve-
2007 5135 2103 5208 qui
2150 5145 2375 5207 promer
2424 5149 2672 5200 munera,
2723 5149 2846 5205 qua:
2894 5142 3175 5190 exerceant
3219 5133 3413 5191 oculos
3447 5133 3615 5190 etiam

292 5226 646 5284 recundiam.
674 5226 923 5284 Secunda
973 5228 1119 5283 enim
1165 5237 1291 5299 post
1331 5226 1671 5299 naufragium
1724 5227 1909 5284 tabula
2014 5229 2368 5299 sapientium,
2415 5243 2524 5285 non
2556 5227 2734 5284 solum
2793 5239 3109 5298 peccatores
3159 5226 3215 5283 in
3245 5227 3447 5300 populo
3507 5240 3617 5284 non

294 5333 411 5388 eet,
443 5331 501 5377 et
527 5321 833 5378 consolatio
854 5320 1218 5389 miseriarum,
1252 5320 1589 5392 impietatem
1613 5337 1767 5379 suam
1786 5320 1908 5379 abs-
2016 5321 2430 5393 corripiebant,
2502 5320 2599 5377 sed
2654 5333 2753 5392 pro
2810 5317 3016 5376 divitiis
3044 5329 3222 5391 atque
3282 5317 3620 5390 compendiis

297 5503 532 5569 Chald.,
566 5503 688 5576 Syr.
713 5513 769 5561 et
788 5504 957 5560 Arah.
1002 5502 1228 5561 Videtur
1254 5519 1386 5576 ergo
1419 5503 1905 5576 hierhallucinatus

296 5577 707 5648 Hieronymus,
758 5576 865 5632 nisi
903 5576 1099 5633 mutilo
1138 5575 1442 5648 exemplari
1488 5575 1722 5634 Hebraeo
1777 5591 1907 5634 usus

299 5648 498 5706 fuerit.
541 5647 812 5705 ΜΑιιτιΑΝ.

384 5731 414 5793 fl
458 5719 627 5793 Palat.
660 5721 957 5792 agnitioque
984 5718 1156 5776 uultus
1178 5738 1359 5777 eorum
1380 5721 1709 5793 respondebit
1739 5723 1836 5778 eis.

379 5792 412 5832 δ
458 5790 712 5865 Confusio
752 5790 926 5847 vultus
959 5809 1175 5865 eorttnt.
1223 5805 1329 5849 etc.
1364 5790 1584 5850 Addunt.
1622 5793 1755 5850 editi
1785 5792 1912 5849 libri

305 5866 419 5920 hoc
452 5864 579 5921 loco
606 5868 772 5922 verba
801 5866 999 5937 Grzcca
1022 5864 1166 5921 LXX
1191 5866 1555 5935 [interpretum
1587 5908 1602 5932 ,
1642 5882 1761 5937 qua:
1801 5882 1907 5922 neu

304 5937 575 6009 leguntur
618 5939 668 5993 iu
702 5951 834 5994 rues.
884 5936 1164 5995 codicibus
1211 5937 1549 6009 Hieronymi.
1596 5937 1918 6010 Huiusmodi
2012 5965 2023 5971 -

2012 5504 2348 5578 interpolata
2385 5507 2509 5564 loca
2539 5508 2655 5567 fere
2681 5509 2971 5572 innumera
3003 5513 3621 5642 resecareiistuduimus.

2256 5618 2262 5622 ν
3294 5602 3510 5642 sarum.

2095 5661 2117 5691 ο
2149 5651 2287 5721 Quia
2308 5652 2652 5730 Sodomitica
2672 5698 2688 5722 ,
2719 5666 2830 5715 etc.
2860 5657 2960 5715 Hic
2988 5671 3208 5730 quoque
3238 5602 3626 5717 imminuto

2019 5733 2148 5780 ante
2174 5740 2285 5802 nos
2308 5725 2429 5802 libri
2472 5728 2703 5802 verbum
2734 5725 3068 5802 paenitentiae,
3102 5725 3247 5797 quod
3279 5731 3625 5802 superﬂuum

2020 5804 2109 5879 est
2152 5811 2216 5850 ex
2254 5795 2361 5879 fide
2406 5795 2805 5879 esemplarium
2852 5816 2988 5879 mss.
3034 5795 3197 5879 atque
3236 5818 3323 5879 ςδι-
3353 5795 3629 5879 Hierony-

2024 5871 2206 5924 miana
2233 5872 2530 5927 sententia.
2563 5871 2910 5928 Msnrtsu.—
2934 5871 3135 5945 Vatic.‘,
3163 5876 3253 5947 qui
3282 5871 3627 5936 Sodomitica.
