4052 6434
514 388 584 447 67

507 507 807 565 ell‘erebant
864 486 1116 562 laudibus
1160 518 1173 556 :

504 615 606 657 nas
646 600 840 654 domus
882 597 1011 664 Dei,
1069 606 1124 652 et
1165 602 1365 650 cictcra
1416 607 1541 663 qua:
1582 591 1763 646 solent
1810 588 2123 645 adulatores

507 696 711 753 dicere.
785 693 881 749 Ille
926 702 1012 749 est
1068 706 1200 761 ergo
1249 687 1445 744 doctor
1519 684 1970 748 Ecclesiasticus,
2030 683 2121 753 qui

506 788 798 859 lacrymas,
822 799 935 842 non
952 785 1146 850 risum,
1174 792 1376 847 movet,
1404 779 1496 851 qui
1525 776 1752 848 corripit
1779 784 2117 848 peccatores,

507 883 599 955 qui
624 881 835 938 nullum
881 880 1123 945 beatum,
1171 861 1384 933 nullum
1414 874 1547 932 dicit
1579 889 1701 931 esse
1728 872 1944 930 felicem
1974 889 1987 925 :
2022 885 2124 926 nec

508 975 775 1047 praevenit
799 973 1125 1031 sententiam
1150 970 1353 1043 judicis
1406 969 1523 1034 sui,
1584 968 1801 1023 dicente
1842 964 2124 1035 Scriptura

512 1076 699 1124 sancta
735 1065 920 1141 (Eccl.
949 1081 1019 1133 tt,
1053 1063 1157 1136 30)
1188 1082 1201 1118 :
1249 1062 1333 1118 Ne
1377 1061 1581 1117 beatum
1622 1060 1770 1116 dicas
1816 1047 2125 1127 quamquam

509 1157 767 1215 hominem
807 1166 926 1212 ante
955 1165 1189 1211 mortem.
1239 1153 1346 1211 Sed
1385 1162 1443 1211 et
1479 1153 1534 1208 iu
1576 1151 1686 1207 alio
1729 1152 1851 1207 loco
1893 1149 2125 1219 legimus

508 1250 697 1323 (Prov.
737 1265 920 1317 xxvn,
980 1247 1104 1320 l4);
1163 1247 1277 1321 58
1329 1246 1430 1314 Qui
1479 1244 1728 1300 benedicit
1764 1243 1931 1298 amica
1974 1258 2125 1298 mane

507 1343 696 1416 grandi
724 1358 864 1408 voce,
886 1359 919 1397 a
940 1339 1281 1396 maledicente
1298 1336 1432 1393 nihil
1459 1336 1660 1405 difert.
1696 1334 1846 1395 Unde
1869 1349 2124 1406 spernen-

513 1444 596 1491 tes
626 1436 906 1491 hominum
953 1433 1178 1505 judicia,
1215 1447 1316 1489 nec
1356 1431 1606 1486 laudibus
1652 1446 1847 1489 eorum
1890 1427 2121 1485 extolla-

514 1546 667 1597 mur,
708 1546 809 1586 nec
838 1527 1324 1585 obtrectationibus
1350 1527 1740 1582 contristemur
1768 1541 1783 1580 :
1814 1522 1908 1579 scd
1936 1523 2124 1595 ingre-

511 1622 727 1680 diantur
768 1631 975 1681 rectam
1023 1623 1188 1689 viam,
1247 1632 1305 1678 et
1346 1620 1503 1677 tritas
1528 1636 1558 1675 a
1591 1620 1793 1676 sanctis
1843 1618 2125 1689 prapltetis

513 1719 781 1776 semitas:
819 1719 1218 1789 audiamusque
1255 1716 1549 1774 Jeremiam
1581 1716 1903 1785 pr0phetam
1934 1714 2124 1770 dicen-

513 1821 663 1867 teut:
706 1812 856 1867 State
894 1812 947 1865 in
977 1811 1094 1875 uiis,
1139 1818 1187 1864 et
1231 1810 1435 1864 videte:
1471 1818 1519 1863 et
1557 1808 1874 1879 interrogate
1914 1806 2123 1862 semitas

1767 378 1829 437 S.
1870 376 2145 437 EUSEBH
2186 376 2567 439 HIERONYMI

1226 500 1422 557 beatos
1490 503 1765 563 vocantes,
1814 503 1867 551 et
1911 495 2124 551 colnm-
2155 498 2208 560 Α
2237 492 2797 551 Dominus:Dominus
2815 493 2885 547 ad
2890 493 3354 567 judiciumvcnict.
3382 492 3554 565 igitur
3570 506 3691 567 post
3713 512 3844 568 pro-

3767 366 3837 439 68

2232 589 2448 660 phetam
2480 589 2598 659 ipse
2620 586 2913 655 Dominus,
2945 586 3039 657 qui
3071 585 3140 642 ad
3165 585 3433 657 judicium
3459 597 3685 644 venerat
3713 604 3841 645 cum

2229 684 2453 739 senibus
2498 680 2683 753 populi
2724 680 2809 737 sui
2848 692 2904 737 et
2933 679 3275 751 principibus
3303 679 3453 752 ejus,
3499 682 3739 753 loquitur
3768 682 3843 739 ad

2228 790 2345 843 eos,
2375 785 2431 832 et
2449 776 2679 845 corripit
2701 774 3108 845 delinquentes:
3138 773 3313 842 Quare
3334 773 3607 847 depascitis
3634 776 3844 832 vineam

2230 869 2436 924 meum?
2476 869 2543 925 de
2591 884 2701 940 qua
2747 867 3025 938 scriptum
3045 878 3133 924 est
3168 884 3183 922 :
3225 866 3445 923 Vineam
3485 868 3552 924 de
3598 867 3844 943 Egypto

2229 962 2540 1017 transtulisti
2585 960 2709 1033 (Ps.
2741 976 2937 1027 Lxxtx,
2988 958 3065 1031 9).
3111 959 3180 1015 Et
3210 960 3263 1014 in
3317 960 3421 1016 hoc
3467 960 3660 1017 eodem
3711 977 3845 1032 pro-

2228 1054 2393 1125 pheta
2418 1072 2432 1110 :
2474 1053 2639 1109 Vinea
2660 1053 2873 1110 Domini
2900 1052 3143 1119 sabaotlt,
3164 1052 3349 1108 damus
3376 1062 3453 1108 est
3475 1051 3644 1109 Israel
3675 1052 3843 1127 (Isar.

2228 1162 2286 1214 ν,
2320 1147 2398 1220 7).
2434 1146 2584 1203 ﬂante
2612 1146 2833 1202 vineam
2860 1154 2918 1202 et
2952 1146 3011 1201 in
3056 1145 3356 1218 Evangelia
3404 1146 3611 1202 locavit
3645 1146 3844 1203 Domi-

2228 1256 2331 1297 nus
2381 1240 2635 1312 agricolis
2678 1240 2962 1310 pessimis,
3009 1240 3103 1311 qui
3132 1240 3361 1295 missust
3391 1238 3460 1295 ad
3490 1255 3553 1295 se
3582 1239 3843 1311 patrisfa-

2227 1336 2411 1394 mitias
2436 1336 2605 1392 tilium
2636 1334 3037 1392 interfecerunt
3069 1332 3297 1407 (Matth.
3332 1333 3562 1406 xxvm).
3595 1334 3837 1405 Rapina,

2227 1432 2324 1497 ait,
2362 1431 2612 1501 pauperis
2641 1429 2698 1485 in
2730 1429 2986 1485 domibus
3015 1430 3237 1486 vestris.
3263 1429 3567 1499 l'anperem
3592 1431 3677 1486 vel
3699 1430 3843 1486 sim-

2231 1524 2440 1594 pliciter
2484 1524 2705 1594 accipe,
2748 1524 2840 1593 qui
2873 1522 3078 1594 indiget
3115 1522 3466 1595 eleemosyna
3499 1540 3515 1580 :
3567 1522 3653 1579 vel
3679 1532 3843 1581 certe

2228 1632 2524 1688 pauperem
2556 1616 2782 1686 spiritu,
2818 1617 2886 1672 de
2916 1629 3026 1686 quo
3054 1616 3318 1688 scriptum
3349 1623 3436 1672 est
3465 1632 3479 1671 :
3511 1613 3702 1671 Beatus
3739 1615 3843 1685 qui

2227 1709 2469 1783 iiuelligit
2512 1727 2666 1782 super
2695 1726 2910 1783 egenum
2949 1718 2994 1764 et
3039 1726 3322 1783 pauperem
3346 1709 3475 1783 (ιιι.
3506 1727 3573 1767 ιι.
3595 1751 3611 1777 ,
3643 1710 3730 1783 1).
3760 1710 3842 1767 Ec

2228 1801 2430 1858 Paulus
2453 1803 2785 1873 Apostolus:
2818 1801 3074 1869 Tantum,
3097 1803 3296 1874 inquit,
3327 1812 3385 1859 ut
3416 1820 3706 1875 pauperum
3723 1820 3841 1858 me-

510 1904 725 1959 Domini
751 1904 1120 1974 sempiternas,
1160 1918 1277 1973 qua:
1318 1902 1383 1955 sit
1417 1902 1501 1955 via
1531 1901 1662 1956 bona
1684 1916 1702 1954 :
1723 1908 1766 1955 et
1792 1897 2053 1955 ambulate
2071 1903 2124 1954 in
2153 1909 2200 1969 Β
2226 1912 2395 1951 mores
2416 1912 2638 1952 esseitms
2658 1892 2812 1968 (Gal.
2839 1911 2899 1963 ll,
2925 1895 3043 1966 10).
3073 1894 3338 1966 Quodque
3355 1895 3631 1966 sequitur;
3656 1895 3842 1961 Quare

510 2014 572 2053 ea
603 1995 741 2070 (Jer.
791 2012 874 2063 vr,
918 1993 1031 2068 l6).
1068 1994 1225 2062 Quod
1266 1994 1311 2049 si
1352 1992 1569 2064 quando
1614 1991 2015 2059 erraverimus,
2070 1998 2127 2046 et
2226 1991 2443 2046 atteritis
2475 1990 2726 2062 populum
2760 2005 2952 2059 meum,
2999 1999 3046 2045 et
3078 1991 3236 2061 facies
3266 2006 3555 2063 pauperum
3584 1990 3843 2044 suntmot-

508 2093 665 2164 quasi
699 2092 946 2149 homines
989 2105 1249 2162 perverso
1295 2090 1489 2145 itinere
1536 2088 1963 2160 perrexerimus,
2017 2086 2124 2143 Do-
2226 2083 2353 2150 litis,
2386 2082 2505 2138 sive
2535 2083 2874 2154 confunditis,
2911 2081 3203 2137 manifeste
3231 2081 3298 2136 ad
3324 2081 3600 2152 principes
3629 2080 3838 2137 dicitur

508 2188 642 2242 mini
681 2204 776 2258 per
821 2186 1069 2243 Ezechiel
1117 2194 1499 2255 exspectemus
1542 2182 1807 2253 promissa
1837 2180 2118 2239 dicentis:

508 2279 660 2336 Dabo
693 2282 765 2337 eis
806 2282 944 2336 viam
972 2279 1214 2344 alteram,
1257 2288 1303 2333 et
1334 2294 1423 2332 cor
1451 2276 1598 2335 aliud
1631 2273 1865 2349 (Ezech.
1894 2272 2120 2345 xxxvr).

507 2373 802 2431 Evactores
866 2386 1051 2429 autem
1109 2381 1497 2444 per-verterunt
1536 2380 1698 2440 atque
1759 2368 2121 2424 turbaverunt

504 2469 650 2524 viam
680 2468 896 2523 Domini
922 2486 933 2522 :
969 2474 1031 2524 ut
1059 2467 1322 2523 habentes
1351 2464 1563 2521 clavem
1590 2460 1858 2527 scientia',
1889 2473 1991 2515 nec
2012 2456 2119 2530 ipsi

503 2562 794 2631 intrarent,
830 2577 929 2618 nec
954 2562 1211 2633 populum
1244 2560 1453 2615 intrare
1481 2564 1831 2629 paterentur;
1850 2553 1948 2610 sed
1972 2552 2118 2609 lace-

501 2668 624 2714 rent
640 2673 734 2714 eos
754 2658 983 2726 perdere
1007 2656 1148 2711 viam
1170 2654 1438 2722 veritam,
1457 2668 1578 2724 qua:
1598 2651 1839 2719 loquitur
1859 2650 1915 2705 in
1935 2648 2117 2705 Evan-

500 2752 645 2823 gelio
674 2768 689 2806 :
724 2749 836 2822 Ego
858 2767 973 2805 sum
1000 2750 1107 2813 uia,
1132 2757 1178 2803 et
1210 2749 1338 2813 vita,
1366 2754 1413 2801 et
1444 2746 1633 2801 veritas
1656 2742 1839 2816 (Joan.
1878 2758 1999 2809 xw,
2029 2740 2110 2813 6).

577 2846 758 2918 (Vere.
795 2846 882 2912 15,
916 2843 1031 2917 14.)
1067 2846 1183 2899 Stat
1219 2847 1288 2897 ad
1317 2839 1677 2913 judicandum
1723 2838 1975 2893 Dominus
2006 2853 2024 2890 :
2065 2844 2114 2891 et

502 2951 604 2997 stat
629 2940 699 2995 ad
731 2940 1045 3002 iudicandos
1078 2939 1320 3010 papulas.
1358 2933 1611 2990 Dominus
1637 2931 1706 2987 ad
1729 2931 1990 3001 judicium
2029 2946 2113 2986 ve-

503 3036 606 3088 niet
636 3049 754 3088 cum
776 3031 991 3086 senibus
1017 3030 1198 3102 populi
1226 3028 1337 3094 sui,
1372 3037 1415 3080 et
1454 3042 1577 3080 cum
1613 3024 1935 3096 principibus
1972 3025 2107 3095 ejus.

505 3126 777 3198 Pepulus,
827 3124 920 3196 qni
950 3133 1171 3195 prepter
1220 3119 1629 3191 simplicitatem
1674 3117 2113 3189 imperitiamque

504 3219 764 3289 deceptus
793 3228 908 3285 est,
950 3216 1129 3272 adhuc
1158 3224 1386 3271 vocatur
1418 3212 1649 3284 populus
1681 3211 1816 3267 Dei:
1849 3220 1903 3267 et
1949 3225 2112 3281 prop-

2222 2177 2558 2236 Judazorum.
2592 2178 2709 2234 Sed
2745 2188 2800 2233 et
2838 2176 2908 2233 ad
2939 2184 3157 2232 nostros
3190 2174 3461 2247 principes
3505 2173 3697 2231 referri
3731 2189 3837 2244 p0-

2224 2278 2349 2339 test,
2381 2272 2426 2325 si
2457 2280 2693 2328 atteram
2720 2269 3021 2341 subjectum
3059 2268 3163 2323 sibi
3204 2267 3443 2338 plebem,
3474 2277 3527 2323 et
3556 2281 3833 2340 pauperes

2221 2363 2605 2437 delinquentes
2637 2362 2853 2434 publice
2882 2370 3120 2434 arguant
3151 2373 3313 2432 atque
3352 2360 3711 2429 conlaudant,
3740 2360 3835 2416 di-

2221 2457 2424 2512 vitibus
2456 2467 2641 2513 autetn
2686 2456 2872 2528 pejora
2922 2454 3274 2527 peccantibus
3306 2471 3373 2511 ne
3420 2471 3510 2510 nm
3546 2465 3568 2495 ο
3599 2454 3831 2526 quidem

2219 2547 2403 2604 facere
2433 2548 2687 2605 audeant.
2724 2550 2788 2604 Et
2819 2550 3009 2620 rapina
3043 2563 3338 2618 pauperum
3373 2548 3428 2603 in
3454 2548 3707 2605 domibus
3728 2563 3833 2605 eo-

2219 2656 2338 2696 rum
2363 2651 2471 2708 est,
2500 2642 2717 2713 quando
2739 2642 2954 2712 replent
2985 2640 3271 2697 thesauros
3295 2655 3449 2711 suos,
3478 2649 3535 2696 et
3561 2638 3829 2698 Ecclesia

2220 2736 2416 2807 opibus
2444 2736 2740 2791 abutuntur
2764 2736 2817 2791 in
2835 2735 3085 2801 delicias,
3110 2735 3461 2807 publicasque
3488 2737 3677 2807 stipes,
3699 2750 3827 2807 qua

2218 2826 2285 2881 ad
2338 2828 2791 2883 sustentationem
2840 2843 3137 2899 pauperum
3183 2827 3325 2882 data:
3373 2837 3536 2893 sunt,
3579 2828 3666 2884 vel
3714 2828 3828 2887 sibi

2218 2930 2534 2989 reservant,
2568 2922 2654 2978 vel
2700 2922 3025 2994 propinquis
3073 2920 3441 2986 distribuunt,
3488 2933 3547 2978 et
3583 2922 3823 2980 alienam

2216 3018 2481 3087 inopiam,
2512 3031 2642 3073 suas
2670 3032 3002 3087 suorumque
3034 3015 3242 3073 faciunt
3270 3030 3395 3073 esse
3424 3016 3665 3071 divitias.

2286 3108 2460 3180 (Vers.
2500 3109 2618 3179 15.)
2649 3107 2716 3162 Et
2743 3109 2876 3164 dixit
2906 3107 3205 3164 Dominus:
3235 3124 3330 3177 pro
3360 3126 3417 3163 eo
3443 3109 3582 3178 quod
3609 3110 3823 3165 eleuata

2212 3209 2332 3256 sunt
2353 3200 2480 3271 lilia:
2509 3200 2661 3267 Sion,
2691 3211 2737 3255 et
2762 3202 3153 3257 ambulauerunt
3184 3211 3385 3256 extento
3414 3203 3571 3270 collo,
3601 3212 3650 3258 et
3680 3204 3823 3258 nuti-

504 3325 652 3375 terea
678 3315 985 3388 judicatur,
1026 3323 1082 3367 ut
1121 3312 1381 3368 salvetur.
1426 3309 1536 3365 Nec
1579 3307 1732 3363 sedet
1765 3307 2026 3363 Dominus
2050 3307 2103 3361 in

2213 3296 2305 3351 bus
2333 3296 2603 3351 oculorum
2632 3296 2796 3363 ibant,
2830 3305 2876 3351 et
2912 3296 3250 3368 plaudebant,
3301 3308 3347 3353 et
3378 3298 3737 3366 ambulabant,
3764 3308 3827 3355 et

496 3413 685 3470 habitu
707 3410 1021 3482 iudicantis,
1050 3418 1106 3462 ut
1138 3409 1190 3461 in
1230 3405 1457 3461 Danicle
1483 3402 1749 3474 legimus:
1783 3399 1986 3455 Tltroni
2010 3416 2108 3473 po-

495 3507 583 3562 siti
604 3515 751 3571 sunt,
791 3515 837 3559 et
885 3502 1005 3559 libri
1042 3500 1211 3570 aperti
1234 3509 1351 3554 sunt
1381 3496 1546 3563 (Dan.
1581 3511 1678 3562 vn,
1718 3493 1819 3566 9):
1857 3491 1952 3548 sed
1999 3500 2113 3547 stat.

498 3601 567 3657 ad
594 3598 1047 3671 iudicandumzet
1065 3604 1172 3649 stat
1200 3592 1483 3662 utjndicet
1504 3587 1757 3658 populus,
1789 3587 1984 3642 volens
2005 3599 2102 3641 eos

496 3706 669 3761 stare,
699 3705 930 3763 quorum
963 3688 1048 3742 via
1082 3685 1258 3740 fuerat
1285 3683 1568 3753 dissipata.
1596 3680 1799 3735 Contra
1829 3677 2105 3746 principes.

498 3795 525 3824 ⁸
555 3794 741 3841 autem
760 3792 817 3838 ct
840 3780 1188 3854 presbyteros
1224 3774 1406 3846 populi
1438 3772 1521 3828 sui
1544 3773 1691 3828 venit
1720 3769 1787 3824 ad
1809 3767 2099 3839 judicium,

495 3896 604 3938 non
647 3888 706 3934 ut
732 3877 973 3947 judicet,
1021 3872 1116 3930 sed
1167 3881 1229 3926 ut
1274 3871 1473 3940 pariter
1517 3866 1793 3938 judicetur
1827 3881 1841 3918 :
1874 3864 2008 3919 dans
2051 3860 2099 3918 ei

492 3975 671 4032 locum
706 3968 1066 4034 delensionis,
1101 3966 1144 4021 si
1173 3963 1448 4036 potuerint
1473 3959 1675 4015 habere
1701 3956 1847 4030 quod
1870 3970 2098 4026 respon-

496 4070 690 4134 deant,
731 4067 882 4136 jnxta
925 4060 1057 4118 illud
1102 4057 1247 4131 quod
1296 4056 1350 4112 in
1398 4048 1862 4126 quinquagesimo
1888 4048 2100 4120 psalmo

493 4163 695 4219 dicitur
727 4177 741 4213 :
791 4155 863 4213 Ut
889 4153 1193 4229 justiﬁceris
1238 4152 1289 4204 in
1334 4148 1651 4204 sermonibus
1680 4146 1814 4210 tuis,
1847 4151 1893 4197 et
1926 4143 2098 4196 vincas

493 4272 613 4312 cum
643 4254 803 4325 fueris
822 4250 1089 4325 judicatus
1134 4244 1313 4318 (Vers.
1376 4239 1452 4313 6).
1505 4240 1562 4295 In
1608 4237 1833 4294 Micbma
1883 4249 2101 4307 quoque

494 4350 762 4420 prepheta
794 4345 901 4401 tale
930 4342 1060 4413 quid
1104 4340 1332 4410 legimus
1377 4334 1529 4406 (Cap.
1565 4331 1670 4402 vi),
1720 4329 1862 4400 quod
1910 4329 1962 4384 in
1998 4342 2098 4384 suo

488 4441 611 4499 loco
668 4434 1010 4509 interpretati
1057 4444 1266 4489 sumus.
1319 4427 1461 4497 Ergo
1490 4435 1683 4480 contra
1710 4420 2014 4478 Pharisaeos
2045 4427 2101 4476 et

492 4534 852 4612 Δευτερωτὰς,
894 4540 1137 4601 praiseus
1197 4524 1350 4579 locus
1421 4519 1704 4588 accipitur.
1747 4516 1894 4571 Inter
1937 4528 2097 4570 senes

493 4607 673 4686 autem
705 4637 759 4681 et
797 4623 1072 4696 principes
1100 4617 1204 4674 hoc
1232 4615 1399 4672 fuisse
1432 4626 1560 4668 reor
1586 4612 1639 4667 in
1661 4608 1831 4665 veteri
1862 4607 2093 4679 populo,

493 4721 639 4796 quod
672 4733 814 4777 nunc
842 4724 928 4772 est
975 4714 1117 4769 inter
1165 4708 1512 4781 presbyteros
1542 4713 1598 4759 et
1627 4704 1937 4774 episcopos.

582 4812 681 4869 Vos
713 4812 851 4868 enim
893 4806 1095 4877 (ιν-ραιςιὶ
1150 4803 1270 4861 estis
1319 4802 1522 4857 vineam
1568 4794 1595 4835 ι’
1640 4809 1858 4851 meam:
1905 4794 2095 4866 rapina

494 4909 736 4984 pauperis
782 4907 835 4960 in
883 4903 1038 4958 domo
1091 4907 1277 4954 uestra.
1339 4896 1511 4961 Quare
1568 4892 1787 4947 atteritis
1844 4889 2094 4961 populum

493 5018 681 5066 meum,
715 5009 762 5055 et
783 4999 941 5071 facies
969 5007 1253 5067 pauperum
1284 4986 1632 5053 camntallitis,
1662 4984 1779 5042 Sive
1808 4984 2091 5050 conteritis,

490 5105 549 5156 et
597 5104 655 5151 ut
698 5091 843 5150 LXX
892 5085 1237 5159 interpretati
1295 5092 1457 5149 sunt,
1515 5078 1847 5151 confunditis.
1894 5077 2093 5134 Servat

488 5185 939 5249 consuetudinem
975 5177 1385 5252 prophetalem,
1421 5184 1478 5230 ut
1508 5181 1677 5229 mutet
1708 5180 1931 5243 repente
1964 5185 2088 5240 per-

450 5305 454 5308 ‘
489 5297 656 5343 sonas
690 5299 704 5338 :
744 5291 908 5348 supra
940 5278 1085 5331 enim
1119 5274 1234 5342 ipse
1277 5269 1539 5324 Dominus
1571 5266 1782 5321 dixerat
1817 5282 1830 5318 :
1883 5262 2090 5338 Popule

490 5396 655 5445 meus,
689 5376 778 5446 qui
800 5374 908 5447 59
932 5371 1134 5425 beatum
1160 5376 1208 5421 te
1240 5366 1440 5430 dicunt,
1469 5364 1572 5432 ipsi
1616 5370 1664 5415 te
1691 5361 1955 5433 decipiunt
1983 5378 2001 5415 :
2032 5368 2089 5417 et

488 5482 676 5544 postea
731 5467 1003 5539 Propheta
1060 5460 1369 5532 subiecerat
1410 5474 1422 5511 :
1468 5455 1586 5513 Stat
1632 5453 1700 5509 ad
1742 5452 2089 5527 iudicandum

563 5663 589 5691 ι
615 5653 790 5709 Vatic.
823 5667 940 5706 cum
967 5644 1290 5724 principibus
1330 5650 1501 5696 autem
1542 5646 1591 5695 et
1636 5636 1980 5711 presbyteris,
2032 5642 2082 5690 et

493 5733 918 5853 "‘2’"D':teglft't'ss.
972 5808 1094 5850 cum
1148 5790 1364 5861 vulgato
1393 5786 1692 5857 interprete
1729 5797 1845 5838 non:
1879 5778 2086 5835 addunt

492 5885 889 6000 mecaTlactenus
914 5934 1045 5994 editi
1075 5949 1137 5990 ne
1158 5942 1343 5987 nutum
1371 5928 1596 6003 quidem,
1630 5927 1683 5985 in
1711 5925 1831 5985 aliis
1853 5938 1986 5984 mss.
2023 5937 2086 5982 ne

2210 3392 2427 3465 pedibus
2472 3393 2580 3448 suis
2624 3395 2907 3465 composito
2954 3394 3121 3465 gradu
3164 3395 3486 3452 incedebant.
3538 3396 3715 3467 Supra
3760 3406 3821 3455 οι

2212 3483 2474 3556 populum
2502 3493 2555 3540 et
2590 3484 2868 3556 principes
2908 3495 3015 3540 tam
3045 3487 3311 3557 propheta
3351 3504 3510 3560 quant
3548 3489 3819 3547 Dominus

2208 3580 2581 3648 corripuerat;
2616 3593 2760 3634 nunc
2782 3579 2850 3634 ad
2882 3579 3149 3637 mulieres
3172 3580 3241 3637 de
3263 3581 3461 3651 quibus
3486 3584 3636 3652 prius
3661 3583 3814 3641 dixe-

2208 3679 2321 3725 rat:
2348 3668 2416 3724 Et
2439 3670 2680 3726 mulieres
2700 3672 2977 3727 dominata:
2990 3683 3111 3727 sunt
3128 3675 3225 3742 eis,
3254 3674 3611 3746 propheticus
3626 3691 3823 3736 sermo

2210 3765 2569 3831 convertitur,
2600 3781 2668 3820 ne
2700 3781 2759 3821 se
2786 3766 2994 3821 alienas
3023 3767 3360 3823 arbitrentur
3391 3786 3421 3824 a
3453 3770 3708 3838 crimine,
3740 3772 3817 3830 ob

2210 3873 2439 3929 quarum
2470 3858 2694 3914 delicias
2722 3868 2885 3931 atque
2932 3861 3200 3917 luxuriam
3232 3863 3446 3933 depasti
3488 3876 3617 3922 sunt
3642 3879 3816 3923 exac-

2207 3961 2354 4009 tores
2384 3953 2598 4009 vineam
2645 3954 2863 4011 Domini
2901 3972 2916 4011 :
2950 3964 3007 4012 et
3036 3959 3225 4028 rapina
3258 3962 3508 4032 pauperis
3550 3963 3603 4018 in
3633 3962 3818 4020 domi-

2205 4046 2307 4104 bus
2338 4063 2529 4103 eorum
2562 4056 2676 4114 est,
2710 4056 2764 4104 et
2795 4049 3124 4106 attriverant
3159 4052 3416 4123 populum
3448 4053 3567 4126 ejus
3590 4097 3604 4123 ,
3637 4067 3699 4113 et
3731 4056 3820 4113 τις

2204 4140 2317 4196 cies
2363 4156 2663 4211 pauperum
2710 4141 3099 4199 confuderunt.
3149 4145 3294 4214 Quas
3345 4147 3571 4219 quidam
3619 4158 3820 4221 putant

2204 4249 2333 4289 vere
2374 4234 2606 4289 feminas
2655 4233 2970 4291 Judteorum
2993 4275 3009 4303 ,
3061 4238 3157 4293 alii
3185 4239 3298 4312 60
3325 4242 3705 4312 metapltoriee
3737 4244 3821 4303 ἀι

2204 4326 2433 4383 urbibus
2462 4328 2667 4385 Indica).
2694 4330 2799 4385 dici
2830 4330 3185 4401 arbitrantur,
3217 4350 3338 4405 quia}
3367 4337 3714 4407 appella-tur
3744 4339 3819 4395 ti»

2204 4420 2290 4476 lia:
2317 4420 2484 4477 Sion:
2516 4422 2763 4479 minores
2788 4423 3043 4484 videlicet
3064 4427 3336 4492 civitates.
3370 4432 3479 4486 vici
3498 4442 3560 4487 et
3582 4433 3813 4504 oppida.

2203 4513 2358 4571 Unde
2387 4522 2446 4570 et
2474 4515 2527 4569 in
2561 4515 2704 4570 libro
2731 4514 2862 4572 .lesu
2891 4533 2988 4588 per
3027 4520 3270 4591 singulas
3309 4522 3489 4580 tribue
3528 4534 3815 4595 ponuntur

2202 4611 2425 4666 nomina
2470 4610 2749 4667 civitatum
2791 4610 2927 4682 (Jos.
2960 4613 3076 4688 xv),
3106 4627 3165 4671 et
3193 4625 3380 4685 postea
3418 4617 3815 4679 describuntur

2122 4705 2346 4785 Dvilla:
2387 4715 2552 4777 atque
2581 4706 2825 4773 castella,
2873 4717 2933 4763 et
2978 4707 3107 4765 tilia:
3151 4722 3552 4783 nuncupantur.
3577 4714 3685 4770 Alii
3711 4729 3779 4772 se

2197 4800 2435 4855 cundum
2468 4800 2864 4870 tropologiam,
2897 4800 3159 4858 mulieres
3185 4802 3396 4862 animas
3437 4806 3805 4877 arbitrantur,

2196 4906 2317 4962 qua:
2349 4891 2395 4948 si
2427 4900 2655 4949 extento
2685 4891 2831 4947 collo
2860 4892 3259 4952 ambulaverint
3279 4937 3295 4964 ,
3336 4904 3393 4953 et
3422 4913 3481 4955 se
3519 4906 3809 4959 eruerint

2194 4983 2248 5039 in
2277 4984 2611 5053 superbiam,
2647 4994 2703 5039 et
2732 4998 2839 5039 non
2871 4984 3087 5041 virilem
3119 4988 3401 5057 duritiam,
3435 4990 3528 5047 sed
3560 4991 3807 5050 dissolu-

2195 5077 2399 5133 tionem
2451 5086 2673 5134 sectata:
2724 5075 2933 5134 fuerint
2978 5078 3324 5148 feminarum,
3371 5084 3732 5153 corripionnir
3762 5101 3802 5145 a

2192 5186 2454 5227 sermone
2498 5171 2842 5242 prophetico,
2884 5181 2937 5227 et
2969 5174 3150 5229 omnia
3188 5175 3425 5244 perdant
3468 5188 3799 5236 ornamenta

2191 5265 2476 5333 virtutum,
2499 5281 2619 5335 qum
2640 5266 2749 5323 sub
2769 5265 2968 5321 lunulis
3001 5268 3393 5340 torquibusque
3419 5281 3476 5329 et
3500 5273 3810 5332 monilibus:

2192 5370 2354 5430 atque
2377 5359 2628 5424 armillis,
2670 5359 2848 5415 mitris
2877 5368 2933 5416 et
2973 5361 3433 5421 discriminalibns
3465 5367 3799 5438 caeterisque

2193 5452 2528 5525 huiusmodi,
2557 5453 2961 5510 describuntur.
3010 5453 3473 5514 Abutendumiest
3501 5459 3605 5516 hoc
3639 5459 3805 5517 testi-

2184 5642 2403 5709 mutum,
2434 5641 2541 5709 etc.
2569 5634 2677 5690 Nos
2704 5632 3149 5709 interiectionem
3174 5653 3259 5690 mu
3284 5636 3682 5709 substituimus,
3715 5643 3791 5702 de

2184 5722 2287 5787 qua
2314 5706 2438 5787 vide
2464 5705 2789 5787 Varronem,
2824 5705 2916 5787 lib.
2966 5723 3040 5761 vr.
3089 5708 3232 5787 Alibi
3266 5709 3323 5766 S.
3371 5706 3589 5776 Ductor,
3620 5705 3785 5787 epist.

2186 5776 2257 5862 l9
2281 5799 2295 5832 :
2324 5777 2518 5862 Decem
2533 5781 2651 5862 iam
2674 5776 3037 5862 epistolas...”
3068 5780 3206 5849 misi,
3235 5796 3351 5836 cum
3376 5792 3432 5840 tu
3461 5796 3526 5838 ne
3556 5776 3790 5862 anu-qut"

2186 5849 2304 5906 dem
2330 5851 2499 5916 facere
2523 5849 2777 5923 dignaris.
2816 5849 3056 5907 Lucilius
3085 5866 3099 5905 :

2311 5928 2418 5982 Nec
2442 5927 2645 5981 laudare
2665 5928 2933 5995 hominem,
2961 5942 3131 5996 neque
3153 5942 3237 5985 mu
3258 5931 3426 5987 facere
3449 5942 3674 5999 unquam.
