4052 6438
253 329 336 386 (i9

866 330 1524 390 COMMENTARIORUM
1565 329 1630 388 IX
1670 328 1880 411 lSAlAl

1991 327 2365 391 ﬂoruerint
2406 328 2535 384 un.
2579 325 2642 383 ιι.
2676 324 2829 384 CAP.
2873 327 2963 384 ιιι.
3503 311 3572 388 ἰο

260 445 447 501 monia
477 454 532 502 et
563 446 853 506 adversum
879 449 1142 507 Ecclesiae
1169 449 1418 514 feminas,
1446 463 1566 520 quae
1588 445 1868 504 ambulant
1895 449 1944 510 Α
1973 444 2064 504 det
2095 444 2214 518 (Ps.
2249 445 2370 516 xc);
2397 455 2452 502 et
2487 461 2501 500 :
2531 444 2691 500 Eruet
2715 445 2867 516 pedes
2900 459 3041 499 meos
3066 461 3097 498 a
3124 443 3273 518 lapsu
3305 443 3423 515 (Ps.
3451 444 3571 516 LV);

261 539 408 596 Collo
456 549 706 610 extento,
757 553 814 598 et
855 546 1076 602 nutibus
1116 547 1410 620 loquuntur
1459 543 1762 608 oculorum.
1815 553 1871 598 et

263 632 522 703 plaudunt
555 645 665 694 tam
699 637 946 694 manibus
984 655 1144 710 quam
1180 638 1431 709 pedibus,
1467 648 1516 692 et
1549 647 1606 690 ιιι
1651 648 1872 704 compo-

258 724 370 780 sito
398 724 653 782 incedant
679 728 872 798 gradu,
909 745 1017 784 non
1049 737 1296 786 naturam
1322 737 1627 800 sequuntur
1654 725 1868 790 ducem,

261 818 360 872 sed
396 818 695 876 histriones
726 821 1000 876 redimunt
1033 832 1422 892 praeceptores.

337 909 522 982 (Vch.
565 911 682 983 16.)
715 911 1015 970 Decalvabit
1060 913 1314 972 Dominus
1365 916 1601 968 verticem
1643 913 1873 982 ﬁliarum

264 1001 420 1067 Sion,
464 1012 511 1058 et
559 1005 752 1059 crinem
795 1022 972 1062 earum
1018 1007 1254 1075 nudabit,
1291 1017 1313 1046 ⁸
1345 1017 1388 1061 et
1439 1023 1532 1079 pro
1563 1015 1745 1060 ornatu
1778 1004 1875 1059 erit

262 1094 576 1168 ignominia.
611 1096 725 1154 Hoc
755 1109 810 1156 et
836 1099 999 1156 nobis
1031 1100 1242 1156 accidet
1269 1114 1501 1170 quorum
1539 1109 1758 1167 peccata
1785 1113 1875 1152 ce-

263 1185 471 1254 lantur,
494 1204 616 1244 cum
635 1191 919 1260 impletum
950 1191 1110 1253 fuerit
1135 1193 1267 1248 illud
1295 1191 1439 1262 quod
1466 1191 1727 1262 scriptum
1752 1200 1873 1247 est:

269 1278 424 1335 Nihil
449 1285 705 1340 occultum
745 1286 882 1354 quod
913 1302 1014 1340 non
1062 1287 1367 1342 revelabitur
1408 1285 1559 1358 (an.
1595 1301 1717 1349 vnt,
1761 1283 1872 1358 l7).

265 1376 538 1442 Quamdiu
558 1377 701 1434 enim
725 1379 1057 1450 protegimur
1084 1379 1257 1444 crine,
1282 1390 1336 1436 et
1365 1389 1515 1436 veste
1536 1378 1877 1452 ignorantiae,

265 1482 324 1526 et
368 1470 619 1530 homines
673 1489 772 1532 nos
829 1485 1023 1545 putant
1075 1477 1324 1546 sepulcra
1366 1477 1613 1534 dealbata
1657 1475 1875 1549 (Matth.

265 1566 447 1637 xxnt),
477 1567 570 1636 qui
600 1567 747 1624 intus
770 1584 958 1624 sumus
993 1569 1142 1640 pleni
1171 1569 1386 1626 ossibus
1407 1579 1772 1636 mortuorum,
1803 1569 1882 1622 vi—

265 1657 464 1715 demur
491 1660 693 1732 aliquid
725 1662 928 1720 habere
958 1665 1261 1720 munditiw.
1296 1665 1428 1720 Cum
1462 1675 1642 1724 autem
1692 1666 1881 1734 patue-

263 1751 341 1806 rit
368 1751 508 1822 quod
548 1753 817 1808 occultum
850 1764 960 1823 est,
993 1755 1274 1812 auferetur
1316 1757 1564 1812 universa
1599 1758 1874 1822 etesaries,

266 1856 325 1900 et
357 1842 501 1900 fteda
529 1846 788 1907 calvicies
819 1849 1074 1905 omnibus
1108 1851 1421 1921 apparebit.

342 1937 524 2009 (Vers.
558 1939 669 2011 l7.)
696 1939 761 1995 In
790 1941 871 1996 die
893 1943 987 1997 illa
1008 1947 1206 2014 auferet
1233 1943 1492 2000 Dominus
1523 1957 1880 2000 ornamentum

264 2031 761 2090 calceamentorum.
799 2037 852 2090 In
887 2052 990 2108 qua
1023 2037 1146 2092 die?
1177 2037 1352 2094 Judaei
1387 2050 1602 2108 putant,
1647 2040 1882 2112 captivi-

262 2127 398 2182 tatis
419 2127 748 2199 Babylonim.
771 2128 878 2184 Nos
895 2132 1073 2186 verius
1093 2148 1216 2188 esse
1236 2132 1640 2200 convincimus,
1664 2133 1882 2204 quando

264 2234 299 2274 a
327 2219 586 2277 Romanis
627 2223 771 2292 capti
801 2234 953 2290 sunt,
981 2233 1036 2279 et
1066 2227 1249 2281 omnia
1275 2227 1506 2289 vestium
1538 2236 1698 2297 atque
1728 2243 1882 2300 gem-

264 2328 507 2382 marum,
548 2316 778 2386 aurique
823 2332 888 2374 ac
917 2318 1205 2374 monilium
1239 2329 1584 2388 ornamenta,
1619 2330 1674 2375 et
1703 2320 1882 2376 diver-

264 2422 363 2463 sas
385 2409 759 2477 supellectiles
802 2411 1182 2481 perdiderunt.
1217 2411 1345 2468 Sive
1373 2429 1469 2485 per
1500 2413 1879 2482 metaphoram

266 2500 595 2566 mulierum,
651 2506 831 2556 omnis
877 2515 1102 2557 ornatus
1137 2504 1350 2559 urbium
1402 2506 1711 2562 destructus
1757 2521 1880 2562 esse

265 2602 547 2660 narratur.
571 2592 903 2650 Ornamenta
934 2597 1148 2652 urbium
1177 2598 1230 2652 in
1257 2599 1448 2668 plateis
1473 2608 1527 2653 et
1558 2598 1878 2668 porticibus,

268 2685 399 2742 foro
429 2697 588 2758 atque
618 2690 915 2766 gyntnasiis
947 2700 1001 2748 et
1041 2692 1316 2750 mamibus
1343 2694 1577 2768 publicis
1609 2692 1873 2762 intelligo.

268 2782 410 2851 Quae
454 2781 500 2837 si
532 2784 833 2844 referamus
878 2785 944 2840 ad
995 2787 1304 2842 animarum
1337 2797 1537 2842 statum
1566 2828 1583 2860 ,
1608 2788 1878 2842 ealceatos

267 2876 448 2950 pedes
479 2877 619 2946 ejus,
652 2880 742 2948 qui
774 2895 968 2936 carnes
1000 2882 1122 2953 agni
1150 2890 1496 2940 comesturus
1529 2892 1632 2950 est,
1663 2894 1718 2938 et
1739 2881 1880 2937 cele-

265 2972 535 3030 braturns
562 2973 794 3043 Pascha,
831 2977 1026 3048 legisse
1045 2993 1144 3034 nos
1167 2978 1541 3044 recordemur,
1565 2977 1671 3050 61
1697 2986 1752 3032 et
1785 2992 1880 3046 per

267 3068 629 3124 solitudinem
663 3072 1088 3138 transeuntium,
1117 3088 1218 3128 nec
1248 3073 1599 3138 vestimenta,
1632 3086 1730 3127 nec
1769 3071 1876 3124 (tal-

266 3173 564 3216 ceameuta
583 3177 924 3236 consumpta.
945 3165 1074 3234 Qua:
1099 3167 1340 3224 suntista
1358 3167 1731 3223 calceamenta
1748 3167 1768 3219 ?
1783 3166 1872 3220 llla

1974 548 2028 594 et
2059 537 2398 603 murenulas,
2428 554 2549 609 qua:
2578 537 2695 592 auri
2723 549 2880 609 atque
2913 537 3123 608 argenti
3165 547 3428 592 texuntur
3473 538 3581 592 vir-

1972 631 2133 702 gulis,
2169 645 2334 685 sensu
2365 630 2639 696 videlicet,
2674 641 2724 684 et
2755 629 3101 684 sermonibus
3129 628 3533 699 Scripturarnm
3562 646 3574 680 :

1974 733 2028 780 et
2055 722 2417 788 olfactnriola,
2463 732 2518 776 ut
2554 720 2755 777 Christi
2791 724 2964 776 bonus
2993 721 3128 776 odor
3159 723 3329 776 simus
3363 720 3428 792 (ll
3457 720 3575 774 Cor.

1975 833 2033 885 tt,
2071 815 2159 888 15)
2187 833 2201 881 ;
2233 827 2289 870 et
2315 815 2557 882 inaures,
2594 830 2661 870 ne
2688 815 3250 886 audiamusjudicium
3278 815 3579 887 sanguinis,

1976 908 2068 964 sed
2105 908 2319 964 Domini
2349 908 2515 963 verba
2537 909 2770 963 dicentis
2801 925 2815 962 :
2848 908 2950 973 Qut
2980 906 3128 962 habet
3151 926 3302 963 aures
3332 907 3582 963 audiendi

1976 1003 2158 1057 audiat
2187 1001 2345 1073 (Luc.
2377 1019 2492 1069 vin,
2527 1000 2617 1072 18)
2649 1021 2661 1057 :
2696 1013 2751 1057 et
2795 1002 3048 1065 annulos,
3077 1003 3274 1072 quibus
3305 1001 3585 1072 signantur

1977 1096 2043 1150 ad
2065 1095 2277 1150 Domini
2300 1095 2568 1161 militiatn,
2600 1111 2759 1165 quem
2787 1096 2933 1152 Deus
2953 1095 3186 1167 signavit
3211 1095 3391 1150 Pater.
3426 1093 3580 1150 Unde

1978 1191 2181 1264 dicitur
2208 1190 2274 1244 ad
2306 1189 2605 1260 principettt
2634 1186 2764 1262 Tyri
2795 1205 2806 1240 :
2840 1186 2921 1242 Tu
2947 1204 3000 1242 es
3021 1187 3351 1260 signaculum
3397 1185 3585 1242 simili-

1980 1284 2169 1340 tudinis
2201 1281 2417 1356 (Ezcch.
2451 1297 2641 1349 XXVIII,
2674 1282 2787 1352 12).
2841 1280 3009 1336 Filius
3062 1297 3277 1352 quoque
3326 1281 3584 1352 prodigus

1979 1391 2102 1430 cum
2127 1375 2262 1434 stola
2285 1375 2495 1445 recepit
2518 1374 2774 1430 annulum
2801 1372 2949 1446 (Luc.
2975 1372 3093 1444 xv),
3113 1384 3167 1428 et
3189 1373 3583 1440 ealceatncuta,

1979 1483 2033 1528 et
2064 1489 2308 1545 gemmas
2356 1475 2410 1528 in
2447 1473 2624 1529 fronte
2660 1473 2995 1543 pendentes,
3026 1473 3224 1544 quibus
3257 1481 3442 1526 nostra
3489 1489 3582 1526 ora

1978 1566 2330 1622 decorautur.
2395 1567 2472 1620 De
2529 1567 2685 1636 cuius
2736 1566 2933 1637 capitis
3002 1576 3358 1633 ornamento,
3411 1575 3467 1618 et
3529 1565 3582 1620 in

1985 1660 2194 1728 psalmo
2226 1661 2502 1729 legimus:
2555 1660 2706 1715 Sicut
2756 1669 3074 1730 unguentum
3118 1660 3171 1712 in
3213 1660 3404 1730 capite,
3451 1659 3588 1728 quod

1982 1750 2245 1806 descendit
2276 1754 2327 1810 in
2354 1753 2600 1818 barbam,
2629 1753 2841 1807 barbam
2895 1755 3067 1806 Aaron.
3114 1751 3232 1822 (Ps.
3262 1768 3468 1815 cxxxu,
3506 1750 3581 1822 1).

1909 1847 1951 1906 Β
1981 1846 2112 1914 Quae
2141 1847 2321 1901 omnia
2357 1847 2481 1901 licet
2526 1844 2666 1902 LXX
2696 1846 3048 1916 interpretes,
3083 1847 3298 1916 Aquila,
3334 1859 3388 1903 et
3419 1847 3582 1919 Sym-

1987 1945 2232 2007 machus,
2264 1956 2328 1996 ac
2357 1939 2665 1996 Theodotio
2722 1942 2955 1997 diversis
3006 1941 3177 1996 modis
3225 1943 3590 2013 interpreten-

1988 2045 2094 2098 tur,
2121 2051 2220 2088 nos
2251 2046 2305 2087 ιιι
2331 2039 2603 2105 potuimus
2632 2029 2715 2089 vel
2748 2035 2814 2088 de
2844 2034 3108 2097 lli-brteo,
3139 2035 3220 2089 vel
3245 2034 3312 2088 de
3343 2037 3586 2106 ipsorum

1985 2123 2340 2180 translatione
2372 2125 2643 2180 texuimus
2672 2142 2685 2178 :
2732 2140 2831 2180 nec
2872 2125 3120 2178 volumus
3153 2124 3356 2182 diutius
3389 2125 3440 2180 in
3484 2131 3594 2182 siu-

1984 2217 2122 2289 gulis
2179 2219 2484 2286 immorari,
2537 2219 2646 2294 62
2699 2236 2767 2274 ne
2820 2218 3011 2276 frivola
3066 2220 3138 2274 sit
3191 2220 3493 2290 expositio,
3537 2229 3592 2276 et

1983 2313 2238 2390 prudenti
2270 2313 2458 2368 lectori
2492 2312 2767 2369 faSIidium
2801 2312 2982 2370 faciat.

2055 2406 2238 2478 (νοτε.
2271 2407 2390 2482 22.)
2428 2405 2490 2462 Et
2512 2410 2815 2474 mutatoria,
2847 2420 2893 2463 et
2940 2410 3124 2479 pallia,
3168 2422 3214 2464 et
3259 2409 3582 2465 linteamina.

1982 2502 2088 2557 Pro
2120 2501 2146 2540 δ
2176 2501 2493 2568 linteamina,
2527 2501 2668 2557 LXX
2710 2504 2984 2575 perspima
3015 2503 3266 2569 lucanica,
3318 2503 3583 2577 interpre-

1984 2595 2079 2651 tati
2126 2607 2299 2652 sunt:
2344 2596 2592 2652 volentes
2640 2597 2987 2652 tenuissimas
3028 2595 3334 2667 significare
3385 2608 3584 2663 vestes,

1981 2694 2178 2766 quibus
2235 2693 2806 2756 Lacedaemoniorum,
2886 2691 2978 2761 qui
3028 2689 3250 2746 fuerunt
3318 2689 3384 2745 ad
3444 2689 3583 2745 bella

1981 2785 2403 2858 promptissimi,
2437 2795 2494 2841 et
2533 2783 2854 2843 austerioris
2887 2787 3032 2850 vitae,
3062 2798 3298 2854 corpora
3347 2783 3593 2854 tegeban-

1981 2888 2112 2936 tur:
2147 2893 2474 2950 qwtmquam
2504 2877 2792 2946 Laconica,
2845 2893 2944 2932 nec
2993 2876 3316 2932 llebraicum
3369 2876 3583 2942 habeat,

1980 2989 2082 3028 nec
2131 2973 2275 3030 ullus
2331 2973 2468 3031 alius
2523 2972 2908 3040 interpretum.
2957 2970 3244 3025 Mutatmia
3299 2980 3479 3025 autem
3534 2979 3588 3025 et

1981 3070 2178 3140 pallia,
2234 3085 2356 3140 qua:
2431 3067 2831 3140 signiﬁcantiUS
2889 3065 3250 3138 Symmachus
3311 3064 3588 3119 transtulit

1986 3175 2006 3202 θ
2035 3162 2337 3232 ἀναϐολαια,
2358 3171 2679 3224 ornamenta
2693 3171 2819 3218 sunt
2834 3160 3067 3217 vestiunt
3088 3158 3452 3223 muliebrium,
3471 3158 3591 3227 qtti-

268 3253 350 3310 de
376 3254 570 3325 quibus
605 3257 898 3326 Apostolus
931 3257 1123 3314 Scribit
1173 3258 1242 3320 ad
1288 3257 1558 3327 Ephesios
1592 3276 1604 3311 :
1651 3257 1878 3314 Calceati
1905 3250 1949 3310 C
1986 3260 2084 3320 bus
2130 3259 2340 3316 humeri
2373 3265 2431 3316 et
2461 3266 2678 3330 pectora
2708 3265 3084 3327 proteguntur.
3119 3254 3401 3310 Mntatoria
3430 3253 3585 3322 juxta

267 3346 436 3420 pedes
458 3347 508 3402 in
539 3350 972 3420 prwparationem
999 3349 1265 3421 Evangelii
1292 3352 1433 3422 pacis
1458 3349 1622 3423 (Eph.
1653 3367 1729 3412 vt.
1764 3352 1876 3420 15).

269 3439 413 3507 Qua:
454 3440 822 3496 calceamenta
864 3442 1059 3499 anima:
1114 3442 1407 3515 perditur-te
1462 3455 1609 3510 sunt,
1665 3444 1883 3514 quando

269 3539 504 3588 extento
556 3535 698 3589 collo
747 3535 1169 3602 ambulaverint,
1230 3546 1284 3592 et
1339 3537 1565 3607 pedibus
1617 3538 1884 3598 traxerint

268 3626 628 3693 veSIimenta,
673 3636 728 3682 et
770 3644 869 3698 pro
895 3630 1162 3685 munditia
1206 3630 1514 3698 matronali,
1559 3639 1714 3686 terra:
1761 3645 1884 3686 ver-

270 3731 402 3775 reut
432 3720 770 3790 spurcitiam.

353 3814 371 3881 (
401 3811 552 3866 Vers.
584 3812 813 3884 18-21.)
853 3812 918 3868 Et
946 3814 1188 3877 lunulas,
1227 3823 1272 3868 et
1315 3825 1543 3884 torques,
1572 3824 1617 3868 rt
1645 3816 1877 3882 monilia,

269 3916 324 3961 et
356 3905 610 3971 armillas,
639 3916 688 3961 et
711 3907 914 3970 mitras,
947 3918 993 3962 et
1027 3907 1428 3974 discriminatiu,
1456 3917 1502 3963 et
1525 3910 1878 3977 periscelidas,

270 4008 324 4053 et
357 3997 675 4063 murenulas,
708 4009 758 4053 et
789 3997 1140 4067 olfactoriola,
1171 4010 1216 4053 et
1243 3999 1473 4068 inaures,
1508 4012 1554 4054 et
1582 4001 1805 4055 annulus
1835 4011 1883 4056 et

267 4108 509 4166 gemmas
553 4094 607 4147 in
638 4095 809 4165 fronte
846 4092 1140 4163 pendentes.
1179 4093 1444 4150 Describit
1473 4094 1693 4150 monilia
1727 4095 1883 4150 fetui-

268 4204 496 4253 narum,
529 4198 584 4244 et
629 4204 726 4259 per
779 4189 896 4246 haec
938 4189 1168 4260 insignia
1221 4189 1548 4245 civitatum:
1603 4189 1686 4244 vel
1728 4189 1880 4261 juxta

267 4297 559 4352 auagogen
619 4282 896 4338 variarum
957 4291 1278 4339 ornamenta
1332 4283 1614 4337 virtutum.
1673 4281 1884 4340 [labent

269 4375 542 4430 mulieres
566 4375 618 4430 in
653 4377 797 4432 lunae
825 4375 1237 4432 similitudinem
1292 4376 1524 4432 bullulas
1572 4375 1883 4448 dependen-

270 4481 388 4532 tes,
423 4485 555 4540 quas
587 4485 687 4526 nos
713 4469 780 4528 ad
813 4470 1075 4526 Ecclesia:
1113 4479 1432 4525 ornamenta
1467 4469 1879 4534 transferimus,

270 4578 405 4635 qua:
433 4562 772 4618 illuminatur
796 4565 914 4620 sole
943 4564 1190 4634 justitite.
1225 4563 1468 4634 Torques
1489 4578 1728 4636 quoque,
1760 4580 1881 4634 quae

1984 3369 2261 3426 anagogvn
2288 3353 2378 3408 illa
2423 3363 2570 3420 sunt,
2601 3352 2670 3408 de
2696 3351 2894 3422 quibus
2925 3350 3124 3405 dicitur
3157 3365 3172 3402 :
3204 3346 3360 3402 Ibunt
3393 3349 3458 3400 de
3486 3347 3587 3402 uir-

1983 3455 2090 3500 tute
2113 3447 2166 3500 in
2194 3447 2434 3500 virtutem
2477 3444 2597 3518 (Ps.
2654 3459 2882 3507 Lxxxttt,
2915 3443 2969 3514 8)
3021 3453 3115 3498 :et
3165 3441 3502 3505 linteamina,
3530 3447 3588 3494 ut

1985 3537 2082 3592 loti
2113 3537 2166 3592 in
2201 3538 2428 3594 Domino
2468 3536 2677 3596 deliciis
2704 3535 3068 3606 perfruamur,
3101 3533 3400 3591 secundum
3430 3531 3585 3599 illud,

1984 3647 2091 3703 quo
2113 3633 2166 3686 in
2196 3632 2425 3688 PSultnis
2452 3634 2714 3701 scriptum
2741 3641 2823 3685 est
2857 3649 2867 3683 :
2905 3629 3150 3684 Torrente
3179 3627 3457 3697 uoluptatis
3483 3634 3586 3681 tua:

1985 3725 2186 3795 potabis
2213 3742 2298 3780 eos
2329 3723 2450 3796 (Ps.
2498 3741 2675 3791 xxxv,
2719 3722 2795 3793 9).
2831 3723 2955 3778 llaec
2987 3731 3166 3776 autem
3200 3721 3376 3774 oumia
3408 3718 3588 3793 perdi-

1985 3819 2184 3876 derunt
2227 3817 2351 3876 illim
2380 3817 2541 3883 Sion,
2564 3833 2685 3888 (prta
2720 3816 3136 3872 ambulaverunt
3165 3820 3386 3868 extento
3414 3813 3582 3879 collo,

1985 3922 2039 3969 et
2065 3911 2348 3972 oculorum
2375 3911 2593 3965 nutibus
2622 3908 2930 3979 superbiam
2962 3908 3264 3978 gestierunt
3290 3922 3302 3958 :
3336 3911 3588 3974 putantes

1985 4021 2099 4062 suae
2147 4019 2271 4064 eSSe
2319 4001 2578 4074 potentiae
2627 4001 2770 4072 quod
2807 4000 3102 4066 habebant,
3157 4008 3209 4056 et
3238 4011 3346 4052 non
3377 3994 3589 4050 Doutini

1983 4100 2190 4172 gratiae.

2057 4191 2243 4263 (Vers.
2271 4190 2388 4263 23.)
2423 4191 2491 4246 Et
2515 4207 2657 4257 acus,
2683 4199 2730 4244 et
2757 4188 2989 4260 specula,
3023 4197 3069 4244 et
3109 4185 3374 4253 sindones,
3417 4194 3463 4239 et
3491 4185 3587 4238 vit-

1984 4295 2085 4353 tas,
2120 4295 2163 4340 et
2193 4286 2452 4339 theristra.
2488 4284 2700 4342 [labent
2729 4299 2858 4339 acus
2891 4282 3172 4347 mulieres,
3202 4281 3396 4351 quibus
3425 4294 3586 4335 orna-

1986 4389 2162 4434 torum
2194 4380 2424 4434 crinium
2469 4392 2737 4450 compago
2765 4376 3056 4441 retinetur,
3088 4389 3154 4429 ne
3188 4375 3363 4427 laxius
3391 4373 3586 4439 fluant,

1983 4483 2038 4528 et.
2064 4475 2116 4528 in
2143 4487 2364 4542 sparsos
2391 4469 2725 4542 dissipentur
2751 4470 2997 4540 capillos.
3024 4468 3230 4526 l-lahent
3259 4476 3313 4523 et
3341 4466 3584 4538 specula,

1984 4569 2180 4639 quibus
2211 4567 2559 4624 considerant
2603 4567 2809 4622 vultmn
2840 4580 3032 4629 suum,
3067 4573 3122 4619 et
3161 4563 3204 4616 si
3233 4562 3361 4633 quid
3392 4562 3586 4617 deesse

270 4657 348 4711 ad
383 4667 572 4727 pectus
604 4673 776 4726 usque
807 4657 1128 4726 pendentes,
1165 4656 1605 4728 intelligentiam.
1635 4671 1697 4712 ac
1737 4656 1883 4727 priu-
1912 4646 1960 4708 Ι)
1987 4661 2246 4726 viderint,
2275 4659 2481 4716 addunt
2511 4661 2744 4718 ornatui.
2782 4659 2992 4716 [labent
3020 4657 3310 4721 sindones,
3341 4671 3463 4726 quae
3495 4669 3586 4711 vo-

268 4750 458 4820 cipale
508 4749 847 4824 (ἠγεμονικόν)
901 4751 1102 4806 mentis
1159 4751 1210 4804 in
1260 4751 1426 4806 corde
1479 4750 1879 4805 demonstrant.

270 4845 349 4901 Et
384 4846 624 4912 monilia,
657 4860 776 4918 quae
822 4859 928 4898 uno
967 4859 1222 4904 sermone
1253 4845 1432 4900 militia
1465 4855 1779 4901 ornamenta
1811 4844 1886 4900 si-

267 4937 583 5010 gniﬁcant:
626 4947 682 4992 et
722 4937 1056 4996 armillarum
1100 4937 1247 4994 bona
1295 4953 1488 5007 opera;
1540 4936 1728 5007 quales
1774 4937 1882 4991 Re-

268 5011 450 5087 becca
476 5029 686 5099 acet-pit
711 5029 763 5082 in
797 5029 1145 5099 sponsalibus
1169 5027 1322 5095 (Gen.
1362 5029 1506 5098 xxiv)
1543 5048 1554 5082 :
1585 5037 1638 5082 et
1669 5027 1879 5096 mitras,

268 5122 480 5194 capitis
508 5131 849 5188 ornamenta,
899 5123 1315 5188 diseriminalia,
1372 5134 1426 5177 ut
1473 5122 1741 5192 judicium
1791 5122 1886 5177 ha-

269 5220 412 5277 beat
457 5219 833 5290 singulorum:
891 5231 944 5274 et
994 5219 1386 5290 periscelides,
1445 5218 1642 5290 quibus
1702 5229 1885 5273 noster

270 5328 512 5386 gressus
544 5321 788 5381 ornatur,
826 5321 882 5366 ut
910 5312 1195 5366 audiamus
1227 5329 1240 5365 :
1292 5311 1393 5366 Pes
1427 5322 1548 5366 tuus
1580 5325 1686 5368 non
1715 5309 1886 5368 clien-

361 5469 388 5496 ⁸
424 5459 550 5515 H320
579 5457 743 5530 verba,
787 5465 834 5510 et
882 5473 974 5530 pro
1000 5464 1186 5530 ornatu
1228 5454 1321 5507 erit
1365 5454 1649 5530 ignominia
1682 5462 1886 5530 tell]ch

281 5535 358 5591 ab
398 5529 654 5599 imperito
678 5529 862 5597 aliquo
882 5523 1058 5584 textui
1090 5527 1286 5581 infarta
1318 5523 1618 5599 arbitratus
1649 5535 1734 5580 est
1760 5523 1885 5579 Vic-

283 5597 489 5667 torius,
523 5616 694 5671 eaque
723 5601 1008 5668 exriunxit,
1032 5600 1380 5671 quodnequi:
1413 5597 1467 5651 in
1500 5597 1749 5662 Hebrum,
1782 5611 1886 5671 nc-

276 5693 400 5748 que
427 5674 578 5744 apud
610 5667 758 5748 LXX
796 5667 891 5748 aut
921 5667 1059 5742 vulg;
1106 5669 1239 5724 etlil.
1275 5671 1630 5748 singuueqne
1669 5667 1889 5748 tandem

277 5740 341 5806 in
368 5740 782 5804 Commentario
810 5745 956 5798 llier.
987 5740 1266 5813 agnoscat.
1300 5741 1658 5797 Nihilosecins
1690 5740 1897 5813 habent

278 5837 422 5879 mss.
455 5832 665 5876 «mutes,
713 5817 766 5870 in
805 5816 998 5871 Gnaeo
1024 5809 1207 5868 autem
1239 5829 1334 5882 pro
1362 5813 1428 5868 iis
1455 5823 1566 5878 est;
1599 5809 1896 5886 xalxdpw;

278 5889 596 5963 ἀνακαλύψῃ
644 5890 701 5945 τὸ
747 5896 935 5960 σχῆμα
983 5889 1178 5952 «ora»;
1236 5885 1288 5940 in
1320 5886 1441 5942 aliis
1493 5884 1899 5956 exemplaribus

1984 4764 2182 4809 Cantur
2219 4753 2500 4808 arnictoria
2531 4769 2544 4805 :
2577 4762 2632 4808 et
2670 4753 2855 4817 vittas,
2881 4751 3076 4822 quibus
3107 4749 3285 4804 crines
3329 4749 3582 4820 ligantur,

1984 4860 2116 4916 quas
2144 4845 2423 4918 (ιιιυειιιιιιι
2449 4850 2668 4907 ταινίας.
2701 4845 2912 4901 [labent
2943 4853 2996 4899 et
3026 4843 3308 4909 theristra,
3339 4858 3457 4911 qua:
3489 4856 3588 4897 nos

1988 4939 2149 5010 pallia
2192 4953 2483 5009 possumus
2521 4937 2837 5009 appellare:
2872 4953 2978 5008 quo
3015 4935 3268 4992 obvoluta
3294 4943 3379 4990 est
3402 4944 3455 4990 et
3481 4931 3589 4991 Re-

1987 5032 2174 5088 becca.
2228 5033 2295 5086 Et
2331 5031 2497 5087 hodie
2546 5046 2764 5102 quoque
2817 5029 3034 5084 Arabia:
3081 5039 3136 5085 et
3184 5029 3590 5099 Mesopotamia:

1991 5127 2312 5196 operiuntur
2340 5123 2560 5179 fortuna:
2593 5141 2606 5177 :
2652 5137 2776 5195 quae
2805 5122 3074 5178 Hebraiee
3099 5122 3355 5176 dicuntur
3385 5118 3410 5158 ά
3440 5135 3592 5174 Αιιυιο

1991 5233 2110 5286 ntu,
2157 5216 2347 5276 Graece
2371 5219 2612 5295 θέριστρα
2644 5233 2657 5270 :
2707 5216 2777 5271 ab
2814 5231 2878 5271 eo
2917 5214 3061 5286 quod
3093 5214 3144 5268 in
3171 5217 3322 5290 θέρει,
3358 5213 3459 5267 hoc
3485 5219 3592 5278 est,

1993 5314 2046 5368 in
2075 5323 2263 5372 testate
2288 5323 2348 5370 et.
2373 5321 2623 5368 caumate
2662 5327 2894 5382 corpora
2930 5320 3217 5383 protegant
3245 5309 3593 5367 feminarum.

1994 5467 2092 5523 pro
2123 5457 2310 5525 σχῆμα
2339 5460 2421 5508 est
2445 5453 2786 5525 οιίσχάνωμα.

2067 5524 2094 5568 ιι
2138 5522 2413 5589 Blartiatt.,
2450 5522 2909 5580 Pro‘linteamine.

2075 5608 2096 5636 ο
2142 5595 2308 5662 Idem,
2341 5595 2481 5650 haud
2512 5606 2688 5662 recte,
2715 5597 3013 5652 ἀναϐολαῑα.

2071 5667 2097 5705 d
2123 5667 2344 5720 Aridim.
2379 5668 2455 5723 [ta
2487 5669 2673 5737 legunt
2699 5670 2917 5724 codices
2941 5681 3074 5724 mss.
3105 5664 3464 5721 conl'ormiter
3491 5665 3593 5722 ιιαι

2002 5740 2153 5795 hrmo
2177 5744 2401 5800 Οτ-ὋἾἿΠ
2421 5738 2702 5806 hardidim,
2723 5742 2788 5794 de
2818 5754 2924 5809 quo
2955 5738 3083 5791 (‘tllll
3112 5738 3234 5792 libri
3264 5739 3594 5793 elementum

2003 5817 2042 5865 τι
2075 5811 2137 5865 he
2163 5812 2306 5883 quod
2336 5826 2434 5882 per
2461 5827 2500 5868 (ι
2524 5811 2655 5883 legit
2687 5811 3069 5883 Hieronymus,
3101 5809 3248 5867 nulla
3277 5811 3380 5867 tidc
3406 5811 3595 5866 abstu-

2012 5883 2216 5938 lerunt.
2263 5882 2533 5939 Maurus.
2591 5882 2594 5883 ⁷
2866 5882 2871 5892 ⁷
