4052 6452
483 359 552 420 ἰι
1709 353 1721 417 ε
1758 353 1818 410 s.
1860 352 2137 412 unseen
2176 349 2562 411 manuum
3704 323 3801 398 ‘73

485 479 640 535 Filiae
675 491 806 548 ergo
837 475 970 534 Sion
1012 481 1236 545 propter
1283 471 1597 546 superbiam
1649 487 1802 528 suam
1848 474 2100 544 perdide—
2125 476 2179 539 Α

485 585 613 630 runt
665 587 824 639 acus,
881 570 1077 640 quibus
1144 567 1384 624 omnium
1454 579 1851 639 prmceptorum
1909 571 2095 643 regula

486 664 877 737 stringebatur.
909 660 1279 717 Perdiderunt
1321 661 1566 731 specula,
1617 676 1738 732 qua:
1781 662 2098 718 obtulerunt

489 760 541 815 in
573 757 760 814 Exodo
793 767 1076 810 manentes
1108 755 1164 810 in
1211 753 1422 809 foribus
1454 754 1791 809 tabernaculi
1835 756 2096 812 mulieres

487 851 554 905 ad
605 849 833 904 laterem
879 847 1092 902 Domini
1145 845 1522 902 fabricandum
1559 845 1768 918 (Exod.
1809 839 2042 912 xxxvttt)
2081 857 2093 893 :

485 942 554 998 de
581 941 776 1013 quibus
804 951 858 996 et
883 939 1169 1010 apostolus
1199 938 1403 995 Paulus
1443 938 1769 1010 loquebatur
1798 956 1812 994 :
1848 936 2096 991 Videmus

485 1046 659 1091 autem
681 1052 814 1090 nunc
836 1052 926 1108 per
948 1033 1218 1105 speculum
1244 1036 1298 1088 in
1323 1035 1599 1106 aenigmate
1622 1035 1665 1105 (l
1690 1034 1810 1088 Cor.
1839 1049 1954 1098 xm,
1980 1030 2091 1104 l2).

487 1129 802 1185 Amiserunt
831 1129 1092 1185 sindones
1118 1137 1176 1185 et
1206 1128 1391 1196 vittas,
1423 1127 1619 1198 quibus
1651 1127 1970 1198 operiebant
1999 1126 2097 1181 hu-

488 1235 700 1288 meros,
756 1230 811 1276 et
842 1220 1102 1278 ﬂuentem
1155 1220 1260 1277 huc
1301 1233 1464 1291 atque
1504 1220 1636 1276 illuc
1675 1223 1914 1276 animum
1957 1233 2092 1276 con-

484 1314 829 1385 stringebant
860 1330 873 1367 :
905 1323 962 1368 et
988 1313 1267 1380 theristra,
1315 1328 1424 1384 quo
1456 1314 1730 1369 tutissimo
1775 1313 1828 1368 in
1872 1312 2096 1367 testibus

486 1413 810 1480 tegebantur
835 1407 1173 1464 umbraculo.
1209 1407 1338 1463 Haec
1380 1407 1616 1464 dicimus
1645 1423 1712 1464 ne
1733 1408 1842 1481 63
1871 1410 2096 1463 omnino

488 1500 850 1572 Impulogiam
889 1499 1054 1572 hujus
1095 1501 1200 1556 luci
1251 1501 1436 1572 lugere
1482 1501 1788 1556 videamur.
1820 1500 2092 1557 Caeterum

484 1593 690 1652 laboris
719 1605 803 1650 est
832 1594 1054 1649 maximi
1096 1595 1149 1650 in
1196 1595 1426 1666 singulis
1472 1595 1776 1664 immorari,
1827 1606 1883 1652 et
1930 1595 2092 1651 latam

487 1689 924 1760 explanationem
953 1703 1224 1759 qumrere.

562 1782 742 1856 (Vers.
773 1781 897 1856 24.)
929 1783 994 1838 Et
1025 1785 1120 1838 erit
1167 1801 1261 1858 pro
1301 1787 1446 1840 suavi
1490 1787 1676 1854 odore,
1707 1787 1856 1857 {tutor
1883 1803 1900 1841 :
1928 1796 1973 1840 et
2001 1802 2093 1856 pro

482 1895 634 1946 zona,
669 1876 959 1951 funiculus.
995 1878 1211 1936 Fatere
1237 1888 1462 1951 peccata
1499 1882 1774 1952 paenitens
1801 1879 2078 1952 loquitur:
2114 1880 2161 1940 B

482 1973 804 2030 Putruernnt
835 1984 883 2030 et
911 1984 1166 2048 corrupta:
1194 1987 1315 2030 sunt
1346 1977 1611 2031 cicatrices
1639 1992 1764 2032 mete
1795 1993 1826 2029 a
1855 1977 1990 2047 {acie
2016 1976 2097 2030 in-

482 2067 738 2135 sipientite
765 2083 891 2122 mea:
922 2065 1042 2140 (Ps.
1079 2083 1288 2129 xxxvu,
1333 2067 1414 2138 6).
1447 2067 1590 2123 Zona
1616 2071 1826 2140 accingi
1855 2069 2092 2133 lumbos,

483 2161 780 2232 ApOstolus
823 2163 1100 2233 praecepit,
1155 2162 1394 2218 dicens:
1443 2163 1588 2219 State
1633 2163 1848 2217 accincti
1892 2161 2095 2218 lumbos

480 2268 674 2314 vestros
701 2258 755 2312 in
783 2258 999 2313 ueritate
1045 2256 1270 2330 (Ephes.
1304 2273 1355 2312 vt
1381 2298 1394 2324 ,
1439 2255 1551 2322 is).
1583 2257 1650 2312 Et
1689 2257 1758 2312 de
1803 2266 2093 2329 peccatore

479 2352 712 2424 legimus
752 2369 767 2407 :
820 2350 1060 2408 Funibus
1107 2363 1436 2424 peccatorum
1489 2369 1701 2408 suorum
1743 2354 2094 2426 unusquisque

480 2448 852 2518 constringitur
901 2446 1085 2521 (Prou.
1141 2462 1196 2514 v,
1249 2445 1371 2517 22).
1418 2445 1590 2518 Igitur
1623 2462 1721 2518 pro
1753 2448 1898 2503 bono
1925 2447 2093 2504 odore

480 2543 778 2608 virtutum,
813 2539 938 2594 tiliae
969 2538 1100 2595 Sion
1135 2537 1420 2595 habebunt
1451 2539 1793 2610 putredinem
1828 2548 2093 2612 peccato-

479 2645 639 2687 rum:
673 2641 729 2686 et
776 2646 874 2702 pro
925 2629 1145 2702 cingulo
1192 2630 1476 2698 veritatis,
1524 2629 1794 2687 mendacii
1840 2629 2093 2686 funiculis

478 2725 830 2797 ligabuntur,
881 2739 1020 2795 quos
1069 2724 1384 2781 habuerunt
1431 2739 1595 2794 super
1635 2724 1811 2796 capita
1842 2724 2090 2796 quicum

480 2817 675 2886 pannis
690 2823 745 2871 et
761 2814 1017 2870 sordibus
1044 2815 1297 2871 vitamaa
1332 2832 1461 2888 rege
1491 2815 1671 2887 Syria:
1704 2816 2088 2887 precabantur.

554 2903 621 2958 Et
650 2920 743 2976 pro
773 2906 940 2976 [ascia
971 2905 1219 2976 pectorali
1249 2905 1497 2960 cilicium.
1543 2906 1649 2962 Pro
1699 2906 1863 2962 fascia
1908 2917 2086 2977 pecto-

478 2997 604 3062 rali,
637 3014 799 3069 quam
852 2998 1250 3068 interpretatus
1281 3009 1367 3054 est
1397 2999 1763 3072 Symmachus
1786 3041 1803 3066 ,
1833 2999 1978 3056 LXX
2009 3013 2092 3055 tu-

479 3091 650 3145 nicam
672 3093 1097 3170 μεσοπορφύραν,
1124 3091 1176 3146 id
1199 3099 1305 3156 est,
1335 3093 1590 3147 cluuatam
1610 3091 1638 3131 δ
1655 3109 1887 3165 purpura
1919 3103 2091 3150 trans-

477 3185 761 3241 tulerunt;
793 3185 940 3255 quod
973 3185 1166 3256 Aquila
1198 3183 1469 3257 cingulum
1499 3184 1833 3242 exnttationis
1862 3202 2089 3257 expres-

2277 473 2459 547 (Vers.
2491 468 2613 545 25.)
2645 469 2996 526 Pulcherrimi
3024 483 3224 540 quoque
3253 464 3350 520 uiri
3393 465 3467 519 tui
3504 463 3681 538 gladio
3707 479 3804 516 ca-

2201 567 2320 622 dent
2347 583 2366 622 :
2390 576 2439 621 et
2469 565 2630 636 fortes
2656 564 2734 618 tui
2761 565 2814 618 in
2840 563 3041 637 prcelio.
3071 561 3176 617 Pro
3205 556 3592 631 pulcherrimis
3624 556 3759 610 viris
3779 596 3796 621 ,

2200 662 2345 719 LXX
2375 662 2714 731 interpretati
2746 667 2893 729 sunt,
2943 669 2992 716 et
3034 658 3174 729 ﬁlius
3220 667 3337 710 tuus
3392 651 3803 728 pulcherrimus,

2197 773 2345 825 quem
2375 753 2574 827 diligis,
2604 753 2780 829 gladio
2825 753 2990 808 cadet.
3024 749 3178 820 Quod
3225 745 3272 805 si
3303 747 3372 803 de
3416 743 3614 802 animm
3652 752 3805 798 statu

2200 847 2580 920 intelligimus,
2608 864 2730 918 qua:
2762 857 2880 919 post
2909 845 3141 901 virtutes
3180 842 3506 914 peccaverit.
3541 836 3808 910 pulcher-

2199 941 2397 996 rimum
2423 940 2589 995 lilium
2622 939 2760 1011 ejus,
2795 939 2936 996 bona
2968 936 3079 1011 64
3103 936 3435 1006 accipiamus
3456 948 3641 1004 opera,
3671 947 3806 1004 qua:

2199 1031 2380 1088 hostili
2403 1031 2587 1104 gladio
2603 1031 2968 1088 conciderunt
2993 1047 3006 1083 :
3038 1040 3091 1082 et
3124 1027 3296 1084 fortes
3321 1039 3540 1098 quoque
3570 1025 3808 1094 periisse

2197 1128 2250 1184 in
2285 1127 2498 1198 prtelio,
2527 1129 2649 1199 quia
2673 1127 2886 1200 justitia
2901 1126 3039 1199 justi
3065 1141 3169 1179 non
3192 1121 3432 1178 liberabit
3456 1137 3572 1176 eum
3600 1120 3651 1174 in
3667 1135 3808 1188 qua-

2197 1240 2413 1296 cumque
2439 1223 2524 1278 die
2545 1223 2859 1278 aberrarerit
2888 1219 3104 1293 (Ezeclt.
3135 1234 3324 1285 χχχιιι,
3356 1217 3472 1286 12).
3491 1216 3586 1272 Sin
3615 1225 3804 1270 autem

2197 1331 2496 1386 sequamur
2519 1315 2804 1370 historiam
2822 1356 2838 1383 ,
2871 1331 2937 1370 ex
2966 1313 3054 1368 his
3081 1312 3429 1368 sermonibus
3455 1309 3804 1373 docehiniur,

2198 1424 2305 1464 non
2335 1407 2404 1464 de
2432 1407 2753 1463 mulieribus
2801 1407 3085 1478 propheta:
3113 1419 3235 1461 esse
3272 1417 3618 1466 sermonem,
3661 1416 3806 1472 qua-

2197 1518 2316 1558 rum
2350 1501 2451 1556 viri
2485 1501 2538 1556 in
2570 1502 2759 1572 prmlio
2786 1507 3148 1565 corruerunt;
3182 1497 3277 1552 sed
3321 1496 3389 1552 de
3438 1494 3666 1551 urbibus
3701 1492 3809 1549 Ju-

2196 1598 2350 1664 dtcte,
2379 1611 2511 1666 quas
2536 1597 2673 1652 tilias
2701 1597 2830 1654 Sion
2863 1596 3182 1668 appellavit,
3208 1603 3264 1652 et
3305 1609 3535 1666 quarum
3567 1592 3806 1649 bellato-

2197 1706 2286 1747 res
2310 1689 2628 1746 ceciderunt
2652 1692 2704 1745 in
2723 1690 3044 1747 certamine.
3075 1688 3320 1761 Denique
3343 1688 3413 1745 de
3439 1686 3632 1744 eadem
3660 1685 3803 1743 Sion

2198 1799 2435 1857 sequens
2463 1784 2763 1840 versicolus
2791 1783 3051 1854 loquitur.

2261 1877 2441 1950 (\‘ers.
2468 1875 2588 1949 26.)
2618 1875 2688 1930 Et
2717 1879 3003 1931 mcereliunt
3025 1884 3178 1942 atque
3198 1873 3445 1946 lugebant
3470 1881 3634 1946 porta:
3658 1874 3800 1946 ejus,

2197 1979 2246 2024 et
2285 1967 2313 2007 ἀ
2363 1971 2481 2041 ipsa
2510 1972 2630 2024 urbs
2661 1970 2897 2025 desolata
2924 1968 3121 2024 sedebit
3151 1970 3203 2024 in
3231 1978 3388 2025 terra.
3423 1967 3576 2038 Quod
3624 1981 3804 2038 usque

2196 2065 2360 2122 hodie
2388 2065 2567 2121 oculis
2595 2065 2892 2121 cernimus.
2949 2063 3152 2120 Facilis
3207 2062 3506 2120 secundum
3555 2061 3806 2132 trepolo-

2193 2161 2338 2231 giam
2366 2159 2751 2230 interpretatio
2790 2170 2895 2225 est,
2930 2158 3074 2230 quod
3115 2158 3445 2229 quicumque
3494 2156 3671 2212 locum
3702 2155 3805 2211 de-

2195 2253 2338 2309 derit
2368 2253 2616 2320 diabolo,
2666 2261 2720 2308 et
2765 2267 2872 2308 non
2903 2252 3053 2308 omni
3093 2250 3337 2307 custodia
3371 2252 3674 2306 servaverit
3702 2263 3803 2304 cor

2193 2361 2373 2413 suum,
2409 2345 2628 2416 lugeant
2654 2353 2823 2416 portu:
2855 2343 2975 2416 ejus
3006 2362 3018 2398 :
3053 2355 3106 2399 et
3137 2343 3363 2400 absente
3385 2355 3611 2413 Sponso,
3645 2356 3798 2396 sem-

2194 2457 2293 2515 per
2320 2442 2374 2497 in
2406 2440 2553 2496 luctu
2583 2439 2676 2506 sit,
2709 2454 2771 2496 ac
2798 2439 2865 2495 de
2898 2437 3136 2496 excelsis
3168 2453 3435 2494 corruens
3456 2478 3474 2506 ,
3523 2436 3578 2492 in
3633 2447 3802 2492 terra:

2195 2536 2421 2608 pulvere
2450 2534 2658 2592 sedeat.

2266 2630 2423 2703 (Cap.
2456 2629 2544 2684 ιν.
2571 2658 2641 2670 -ο
2670 2627 2822 2683 Vers.
2855 2626 2930 2696 1.)
2960 2625 3028 2681 Ει
3058 2625 3444 2699 apprehendent
3466 2633 3660 2695 septem
3683 2640 3802 2679 mu-

2193 2722 2344 2778 lieres
2361 2725 2527 2778 uirum
2540 2738 2701 2777 unum
2720 2722 2776 2776 in
2801 2721 2886 2776 die
2912 2721 3027 2786 illa,
3043 2721 3266 2774 dicentes
3291 2736 3310 2774 :
3338 2718 3537 2774 Panem
3563 2729 3801 2774 nostrum

2193 2818 2537 2880 comedentus,
2571 2823 2618 2870 et
2648 2815 2964 2870 uestimentis
2991 2815 3179 2869 nostris
3210 2813 3533 2887 aperientur,
3566 2822 3800 2867 tantum-

2192 2910 2345 2966 modo
2371 2913 2629 2965 inuocetur
2659 2925 2841 2963 nomen
2871 2917 3018 2962 tuum
3045 2923 3202 2977 super
3247 2923 3338 2961 nos
3371 2922 3390 2961 :
3418 2905 3569 2976 aufer
3606 2920 3798 2978 Oppro-

2193 3004 2360 3058 brium
2406 3013 2664 3059 nostrum.
2696 3002 2836 3058 Cum
2889 3000 3242 3073 pulcherrimi
3293 3000 3446 3055 urbis
3489 2997 3792 3054 Jerusalem

2190 3099 2372 3172 gladio
2400 3098 2730 3164 ceciderint,
2762 3108 2818 3152 et
2865 3095 3034 3151 fortes
3070 3093 3331 3164 perierint
3362 3093 3416 3149 in
3469 3093 3684 3162 praelia;
3738 3100 3796 3146 et

2192 3189 2539 3258 mmruerint,
2569 3189 2912 3259 luxerintque
2942 3195 3115 3259 porta:
3162 3186 3315 3258 ejus;
3365 3198 3420 3242 et
3462 3187 3576 3254 ipsa
3625 3185 3796 3241 fuerit

475 3277 569 3332 sit.
632 3277 940 3333 Theodotio
990 3279 1166 3349 ipsum
1207 3279 1433 3334 verbum
1471 3278 1795 3336 Hebraicum
1837 3297 2088 3338 rn'rnlctt.
2116 3274 2160 3336 C
2193 3285 2435 3341 desolata
2465 3285 2536 3341 ob
2565 3285 2785 3340 nimiam
2816 3283 3095 3338 hominum
3129 3282 3444 3348 raritatem,
3489 3278 3794 3335 interfectis

479 3349 707 3444 (θηλττιε)
759 3372 973 3442 posuit,
1024 3372 1168 3443 quod
1218 3388 1390 3444 genus
1443 3377 1750 3432 ornamenti
1801 3375 2081 3433 muliebris

473 3474 578 3522 est.
613 3465 808 3521 Fascia
838 3475 1026 3537 pectus
1074 3468 1228 3536 tegit,
1277 3474 1335 3522 et
1364 3483 1485 3522 eum
1519 3468 1764 3539 possidet
1814 3469 1992 3525 locum
2026 3471 2077 3526 in

472 3564 712 3629 feminis,
745 3577 907 3634 quem
943 3563 1228 3618 Rationale
1258 3560 1316 3617 in
1348 3563 1720 3619 Pontiﬁcihus.
1746 3563 1824 3619 De
1843 3564 1945 3620 hac
1972 3564 2080 3621 l'as-

473 3659 556 3713 cia
591 3657 875 3728 pectorali,
908 3669 962 3711 et
992 3656 1261 3712 Jeremias
1283 3656 1515 3730 mystico
1539 3671 1798 3713 sermone
1827 3659 2074 3715 dicebat:

476 3751 541 3807 Si
572 3751 802 3806 obliuisci
855 3759 1019 3821 patest
1068 3764 1261 3813 sponsa
1289 3760 1502 3803 ornatus
1530 3751 1649 3818 sui,
1681 3760 1772 3804 aut
1801 3751 1944 3822 uirgo
1973 3752 2080 3821 {us-

475 3846 572 3902 cia:
587 3842 1004 3916 pectoralissute,
1037 3853 1084 3898 et
1114 3858 1209 3915 ego
1239 3842 1512 3898 obliviscar
1538 3844 1636 3910 tui,
1669 3843 1794 3898 dicit
1825 3841 2080 3902 Dominus

477 3935 614 4010 (ler.
672 3953 732 4000 ll,
774 3936 890 4007 52).
954 3936 1150 4008 Virgo,
1196 3937 1412 4007 qualem
1463 3937 1724 3993 exhibere
1777 3952 1881 3993 nos
1931 3939 2081 4009 eupit

472 4031 770 4102 Apostolus
792 4027 1010 4085 Christo
1061 4029 1144 4102 (ll
1173 4027 1296 4085 Cor.
1346 4029 1449 4101 ll),
1500 4029 1758 4100 quamdiu
1806 4045 1915 4086 non
1957 4046 2078 4087 cor-

474 4127 744 4194 rumpitur
803 4122 856 4177 in
921 4121 1195 4194 Egypto,
1267 4136 1370 4178 nec
1435 4124 1755 4193 franguntur
1820 4124 2076 4178 mamilla:

474 4217 623 4289 ejus,
655 4231 775 4288 quae
808 4215 1071 4286 pectorali
1126 4213 1289 4270 fascia
1321 4214 1588 4286 colligatur
1620 4224 1748 4270 sunt
1769 4253 1785 4280 ,
1835 4214 2076 4286 jungitur

477 4327 686 4384 sponso
715 4328 729 4365 :
763 4319 966 4367 etcum
1016 4309 1262 4380 quotidie
1311 4307 1568 4363 virtutum
1622 4307 1765 4363 ﬁlios
1807 4317 2071 4379 generet,

475 4420 818 4479 nequaquam
877 4399 1043 4474 virgo
1070 4416 1192 4457 esse
1221 4400 1460 4457 desistit.
1507 4400 1659 4469 Quod
1698 4401 1744 4455 si
1783 4402 2075 4472 aliquando

473 4500 854 4559 divat'icavet'it
888 4498 1052 4568 pedes
1083 4494 1230 4550 omni
1256 4497 1583 4561 transeunti,
1619 4503 1675 4550 et
1700 4503 1883 4550 secuta
1914 4493 2076 4553 fuerit

471 4601 744 4649 amatores
776 4605 907 4646 suos
941 4606 954 4644 :
992 4599 1049 4646 et
1073 4588 1225 4658 juxta
1257 4586 1400 4644 Osee
1430 4587 1745 4643 vaticinium
1768 4632 1784 4659 ,
1837 4591 2072 4662 sepserit

2183 3378 2556 3444 bellatoribus,
2587 3387 2794 3448 septem
2822 3377 3078 3432 mulieres
3100 3373 3504 3447 apprehendent
3525 3387 3687 3427 unum
3710 3371 3792 3427 vi-

2183 3488 2328 3537 rum,
2356 3469 2638 3537 cupientes
2669 3468 2873 3524 habere
2902 3483 3092 3524 semen
3121 3469 3172 3522 in
3205 3467 3359 3533 Sion,
3379 3477 3432 3520 et
3461 3463 3792 3520 domesticos

2185 3566 2238 3622 in
2269 3565 2572 3622 Jerusalem
2605 3579 2621 3619 :
2651 3564 2830 3619 cibum
2862 3570 2919 3617 et
2950 3561 3330 3616 reatimentum
3369 3574 3428 3614 se
3471 3558 3672 3614 habere
3701 3556 3793 3612 di-

2183 3667 2369 3714 centes
2400 3673 2414 3710 :
2447 3665 2651 3710 tantum
2683 3670 2750 3710 ne
2776 3653 2980 3724 absque
3006 3653 3204 3709 marito
3231 3667 3352 3708 esse
3385 3651 3700 3714 videantur,
3732 3659 3794 3706 et

2183 3751 2465 3820 subjacere
2491 3750 2566 3804 illi
2596 3747 2906 3813 maledicto,
2943 3756 2966 3784 θ
2996 3747 3138 3816 quod
3167 3745 3428 3816 scriptum
3457 3752 3542 3800 est
3568 3761 3581 3795 :
3616 3741 3794 3797 Male-

2183 3846 2321 3900 dicta
2350 3843 2562 3909 sterilis,
2592 3857 2637 3897 et
2659 3858 2777 3914 qua:
2804 3859 2906 3897 non
2942 3843 3067 3915 facit
3109 3858 3279 3896 semen
3306 3843 3357 3895 in
3381 3838 3552 3895 Israel
3597 3839 3789 3913 (Deut.

2180 3939 2300 4010 vn).
2335 3937 2624 3993 Zacharias
2650 3953 2867 4007 quoque
2897 3937 3023 3991 huic
3053 3936 3302 4005 congruit
3325 3934 3510 3990 δεθηευί
3544 3951 3558 3988 :
3591 3933 3660 3989 In
3675 3935 3794 3990 die-

2184 4033 2277 4088 bus
2303 4032 2410 4088 illis
2440 4030 2828 4106 appreltendent
2855 4030 3028 4084 decem
3055 4028 3288 4083 homines
3319 4045 3381 4083 ex
3408 4026 3643 4083 omnibus
3679 4027 3791 4083 lin-

2182 4129 2297 4200 guis
2319 4128 2551 4198 gentium
2574 4125 2834 4197 fimbriam
2858 4124 2955 4178 viri
2978 4121 3151 4178 Judaii
3178 4123 3404 4177 dicentes
3433 4138 3451 4176 :
3474 4119 3672 4178 Ibimus
3693 4139 3790 4177 uo-

2183 4224 2398 4287 biscum,
2428 4221 2721 4275 audivimus
2760 4221 2896 4274 enim
2931 4218 3176 4288 quoniam
3219 4215 3362 4272 Deus
3400 4217 3661 4272 vobiscum
3701 4227 3788 4272 est

2182 4315 2371 4386 (Zach.
2400 4331 2496 4370 vut
2521 4358 2537 4382 ,
2569 4314 2686 4385 23).
2727 4312 3078 4384 Septenarius
3122 4322 3175 4367 et
3217 4310 3472 4367 denarius
3517 4325 3786 4368 numerus

2183 4418 2406 4479 propter
2435 4407 2742 4472 sabbatum,
2770 4417 2823 4462 et
2852 4406 3042 4460 decem
3075 4416 3342 4476 praecepta
3376 4404 3530 4474 legis,
3577 4403 3785 4460 Jodteis

2179 4500 2464 4557 familiaris
2488 4509 2573 4555 est
2606 4518 2620 4556 :
2646 4511 2701 4555 et
2723 4498 2844 4555 ideo
2874 4499 2976 4554 hoc
3001 4498 3314 4568 frequenter
3342 4497 3638 4552 abutuntur
3667 4513 3682 4557 :
3714 4497 3783 4553 li-

2179 4604 2266 4650 cet
2289 4597 2440 4664 juxta
2471 4592 2686 4648 Hebrari
2733 4591 3002 4648 sermonis
3029 4591 3440 4663 ambiguitatem
3465 4631 3480 4656 ,
3529 4594 3617 4660 qui
3652 4605 3780 4648 ver-

470 4687 734 4744 Dominus
764 4687 880 4740 vias
909 4684 1048 4754 ejus,
1079 4691 1135 4738 et
1184 4681 1559 4737 intercluserit
1603 4683 1857 4752 semitas,
1888 4699 2072 4741 rever-
2095 4677 2153 4740 D
2177 4689 2302 4745 bum
2349 4703 2479 4744 sana
2524 4687 2722 4761 (νιν),
2755 4700 2900 4741 nunc
2926 4694 3141 4758 septem,
3189 4700 3335 4740 nunc
3373 4685 3578 4758 plures,
3630 4699 3777 4741 nunc

466 4790 615 4837 tetur
641 4779 707 4834 ad
746 4776 924 4834 virum
954 4791 1108 4832 suum
1140 4778 1400 4846 priorem,
1436 4783 1492 4830 et
1534 4774 1723 4831 audiet
1753 4792 1767 4829 :
1803 4775 1990 4832 c[fame
2019 4788 2065 4832 te

467 4873 781 4930 uestimentis
839 4870 1039 4938 luctus,
1097 4877 1146 4925 et
1200 4867 1414 4924 induere
1469 4868 1684 4926 uestibus
1731 4870 1913 4942 gloriae
1967 4868 2067 4927 tua:

465 4966 595 5042 (οδε
619 4965 708 5038 ιι).

534 5118 562 5146 ει
588 5101 1060 5162 Vatie.contrario
1081 5115 1272 5178 sensu,
1290 5101 1449 5178 vitam
1469 5101 1578 5178 regi
1601 5100 1790 5178 δυτψ.
1821 5131 1893 5143 -
1917 5102 2046 5178 Regi

468 5180 639 5254 Syria:
681 5178 1043 5254 precabantur.
1099 5172 1319 5254 Addunt
1361 5173 1464 5254 hoc
1519 5172 1642 5254 loco
1674 5173 1950 5254 .Erasmus
1987 5172 2050 5254 et

463 5244 739 5310 Mftriaot'ts
771 5268 785 5305 :
818 5246 882 5303 Et
913 5264 1005 5319 pro
1036 5245 1298 5319 crispante
1343 5245 1486 5319 crine
1509 5244 1795 5319 calvitium,
1824 5256 1881 5301 et
1917 5248 2049 5303 sub-

459 5325 695 5396 jungunt
716 5328 855 5396 hanc
879 5315 1274 5396 espOsiti_t_inetn
1307 5332 1321 5371 :
1354 5315 1459 5370 Pro
1499 5318 1974 5396 continuis,_long_is
2005 5327 2052 5373 et

461 5389 854 5450 ascendentibus
894 5389 1246 5456 orationibus,
1279 5404 1394 5458 quce
1437 5405 1528 5461 per
1557 5391 1724 5461 crines
1750 5389 2053 5458 signiﬁcan-

461 5477 566 5535 tur,
593 5467 884 5522 habuerunt
930 5462 1213 5535 calvitium,
1235 5459 1478 5535 mentem
1509 5459 1735 5535 undique
1762 5461 2053 5535 abstrusum

459 5549 509 5593 et
539 5531 608 5592 ad
636 5539 908 5594 tacendum
931 5533 994 5589 ab
1021 5533 1342 5588 orationibus
1373 5531 1657 5602 ﬁrmatam.
1681 5531 1852 5602 Hujus
1883 5549 2047 5604 porro

459 5610 819 5667 Gloss-emittis
843 5611 1047 5664 nullum
1067 5613 1250 5661 exstat
1271 5606 1554 5674 vestigium
1575 5605 1625 5657 in
1642 5603 2048 5675 exemplaribus

463 5697 599 5737 mss.
626 5695 726 5736 nec
749 5684 882 5737 satis
913 5679 1124 5735 redolet
1153 5677 1358 5748 stylum
1391 5675 1900 5802 ﬂieronynﬁanum.

1723 5763 1900 5802 ARTIM

1723 5763 1940 5804 ARTIAN.

527 5824 558 5864 ιι
599 5824 809 5880 Vitiose
831 5824 1092 5879 hactenus
1113 5819 1266 5886 editi,
1297 5820 1426 5887 quin
1450 5816 1613 5874 etiam
1641 5834 1772 5874 mss.
1797 5819 2050 5876 claeatam

458 5913 744 5974 purpuram
769 5911 866 5968 pro
889 5911 1146 5968 purpura,
1180 5892 1325 5964 quod
1346 5907 1412 5948 es
1438 5890 1653 5963 ingenio
1685 5891 2047 5963 reStituimus,

2162 4786 2520 4855 juramentum
2554 4783 3009 4850 interpretantur,
3043 4777 3214 4848 possit
3253 4778 3306 4832 in
3354 4777 3458 4833 hoc
3493 4777 3614 4833 loco
3663 4793 3774 4834 non

2170 4890 2363 4948 septem
2390 4875 2719 4946 signiﬁcare.
2737 4872 2846 4945 65
2874 4871 2969 4928 sed
2995 4871 3189 4946 plures.
3221 4873 3335 4929 Hoc
3359 4873 3655 4929 secundum
3684 4871 3776 4928 lit-

2174 4977 2367 5026 teram.
2400 4966 2672 5023 Czeterum
2704 4965 2760 5021 in
2787 4965 3030 5022 adventu
3057 4964 3268 5021 Domini
3295 4963 3613 5034 Salvatoris,
3644 4980 3771 5037 sep-

2157 5113 2392 5175 cogente
2423 5110 2576 5158 recto
2597 5115 2792 5175 sensu;
2827 5117 2953 5175 nam
2995 5100 3214 5175 elavare
3245 5111 3721 5175 vestem_pnrpura
3745 5146 3760 5170 ,

2158 5187 2214 5232 et
2242 5173 2457 5248 vestem
2493 5173 2986 5248 clavis‘purpureis
3020 5173 3402 5248 intertextam.
3443 5173 3635 5231 Grates
3672 5196 3766 5248 μι-

2159 5247 2520 5323 σοπορφύραν,
2551 5245 2803 5302 dicebant
2835 5258 3075 5312 veteres;
3119 5246 3338 5302 minime
3372 5259 3503 5302 vero
3550 5245 3763 5302 clavare

2306 5335 2477 5372 uram.

2159 5335 2477 5392 purpuram.

2173 5463 2202 5474 Α.
2235 5401 2257 5429 ο
2304 5391 2420 5446 ῡιιό
2476 5403 2610 5446 mss.
2673 5387 2845 5444 Vatic.
2906 5399 2962 5446 et
3019 5389 3192 5446 Palat.
3253 5406 3435 5446 exuere
3489 5390 3761 5446 aestimem

2164 5471 2251 5518 tis.
2284 5474 2391 5516 etc.

2227 5501 2256 5571 τί
2294 5532 2469 5590 Voces
2499 5543 2544 5590 et
2573 5535 2690 5607 ipsa
2708 5534 2828 5590 urbs
2851 5534 2904 5588 in
2933 5533 3095 5590 llebr.
3137 5543 3232 5589 aut
3256 5533 3480 5591 Hieron.
3509 5533 3757 5593 version.

2177 5621 2266 5661 ton
2351 5617 2449 5662 Int.

2159 5623 2173 5662 Ι
2233 5688 2256 5716 θ
2295 5621 2466 5733 Is’ltlat.
2497 5694 2600 5749 quo
2627 5679 2875 5750 scriptum
2900 5687 2993 5734 est.
3029 5679 3102 5735 De
3130 5677 3232 5734 hoc
3251 5689 3432 5736 autem
3454 5677 3756 5750 Scriptum

2159 5758 2308 5807 textu
2339 5749 2460 5807 vide
2481 5766 2604 5821 quae
2631 5750 2699 5808 ad
2727 5749 2889 5823 epist.
2920 5750 3212 5808 secundant
3235 5750 3554 5808 Paschalem
3585 5749 3758 5808 atmo-

2161 5833 2335 5878 tamus
2346 5866 2356 5878 .
