4052 6546
103 83 760 108 ___________r______.ﬂ

178 400 252 458 7'5

787 397 1451 460 COMMENTARIORUM
1490 397 1558 460 IN
1595 400 1830 459 ISAIAM
1868 401 2290 460 PROPIIETAM
2329 401 2462 460 LIB.
2505 402 2570 463 II.
2609 402 2767 461 CAP.
2808 403 2878 459 V.

3417 405 3488 461 'M

182 523 288 569 tem
322 512 614 581 mulieres,
647 512 703 570 id
733 522 839 584 est,
870 524 1078 587 septem
1101 517 1289 588 gratiae
1319 515 1551 587 Spiritus
1583 517 1779 583 sancti,
1809 520 1864 580 Α
1883 517 2108 586 judicii,
2155 519 2474 590 sanguinem
2516 529 2698 574 autem
2731 518 3038 577 Jerusalem
3064 564 3079 589 ,
3113 519 3310 591 spiritu
3340 534 3495 576 com-

180 607 250 664 de
278 608 473 680 quibus
502 606 556 663 in
588 609 1048 681 consequentibus
1069 609 1215 666 idem
1241 610 1509 680 Propheta
1538 610 1782 666 dicturus

181 711 269 758 est
297 718 311 755 :
345 699 499 757 Exiet
527 702 675 772 virga
700 703 765 756 de
789 703 968 757 radice
989 702 1156 770 Jesse,
1185 713 1232 759 et
1259 705 1356 774 ﬂos
1384 704 1450 759 de
1475 705 1648 759 radice
1671 707 1785 778 ejus

187 802 495 850 conscendet
521 813 542 852 .'
569 805 617 851 et
640 797 925 869 requiescet
955 815 1110 867 super
1137 815 1254 853 eum
1292 799 1508 867 spiritus
1536 797 1783 868 Domini,

178 890 393 960 spiritus
421 889 686 959 sapientiae
710 900 758 945 et
787 891 1101 956 intellectus,
1129 892 1343 962 spiritus
1367 893 1574 948 consilii
1598 906 1646 948 et
1673 895 1783 965 for-

183 985 442 1052 titudinis,
471 985 685 1060 spiritus
712 987 944 1043 scientiae
969 996 1020 1042 et
1045 987 1252 1058 pietatis
1279 1003 1298 1043 :
1327 997 1379 1042 et
1416 988 1646 1054 implebit
1671 1003 1788 1043 eum

181 1078 396 1143 spiritus
418 1078 619 1135 timoris
646 1076 860 1134 Domini
886 1078 1022 1151 (Isa.
1059 1095 1138 1148 si,
1166 1080 1220 1150 l,
1244 1079 1343 1151 2);
1377 1081 1791 1152 apprehendent

187 1171 402 1240 Jesum,
429 1189 591 1244 quem
641 1174 819 1230 multo
865 1183 1115 1246 tempore
1163 1175 1632 1243 desideraverant,
1665 1176 1790 1248 quia

183 1267 394 1322 nullum
424 1266 592 1323 alium
627 1276 915 1337 potuerant
938 1269 1204 1337 invenire,
1238 1270 1290 1325 in
1321 1286 1430 1342 quo
1455 1282 1660 1326 aeterna
1681 1281 1790 1326 sta-

185 1360 334 1414 tione
363 1359 794 1431 requiescerent.
828 1359 985 1417 Unde
1009 1369 1063 1416 et
1089 1360 1332 1417 Joannes
1353 1362 1593 1432 Baptista
1623 1363 1793 1418 refert

192 1453 246 1508 in
279 1453 576 1522 Evangelio
604 1471 619 1506 :
655 1453 722 1508 Et
747 1454 837 1524 qui
862 1455 1004 1509 misit
1028 1471 1135 1523 me,
1177 1456 1290 1524 ipse
1318 1457 1444 1528 milii
1478 1457 1610 1512 dixit
1640 1474 1658 1511 :
1683 1458 1791 1514 Su-

185 1563 280 1617 per
304 1564 458 1619 quem
503 1546 691 1602 videris
731 1547 987 1620 Spiritum
1029 1558 1264 1603 sanctum
1312 1550 1700 1606 descendentem
1745 1560 1792 1605 et

187 1651 477 1697 manentem
509 1642 561 1696 in
590 1658 671 1707 eo,
703 1643 812 1713 ipse
840 1651 913 1697 est
939 1637 1123 1718 (Joan.
1157 1658 1209 1709 ι,
1261 1643 1375 1715 ³55).
1431 1642 1485 1698 In
1528 1643 1796 1699 Zacharia

187 1749 411 1805 quoque
433 1733 665 1804 legimus
686 1749 855 1806 super
886 1735 1120 1804 lapidem
1147 1751 1312 1790 unum
1341 1747 1550 1804 septem
1581 1739 1792 1804 oculos,

187 1838 246 1883 et
277 1829 333 1883 in
365 1843 474 1884 uno
496 1843 665 1884 aureo
692 1828 1028 1885 candelabro
1056 1837 1265 1900 septem
1299 1830 1573 1897 lucernas,
1623 1840 1678 1886 et
1705 1845 1792 1886 se-

1890 613 2182 669 bustionis.
2201 613 2356 682 Quod
2381 614 2525 667 enim
2551 613 2671 670 leve
2692 623 2796 680 est,
2814 613 3056 668 lavatur:
3082 612 3227 682 quod
3249 613 3494 682 gravius,

1888 706 2150 762 exuritur.
2187 706 2264 762 De
2292 724 2400 780 quo
2429 708 2623 779 judicii
2655 709 2849 780 spiritu
2871 753 2884 777 ,
2919 718 2971 765 et
3000 708 3198 779 spiritu
3240 708 3498 762 combus-

1891 798 2060 852 tionis
2082 797 2322 855 Joannes
2343 799 2587 870 Baptista
2607 801 2660 855 in
2682 801 2976 871 Evangelio
2999 800 3357 870 loquebatur:
3382 798 3498 873 Ego

1889 892 2096 965 baptizo
2123 909 2210 948 vos
2240 896 2293 949 in
2317 911 2480 968 aqua,
2509 897 2600 968 qui
2621 906 2792 950 autem
2815 907 2930 964 post
2963 912 3045 951 me
3073 897 3238 964 venit,
3273 896 3384 966 ipse
3411 911 3501 950 vos

1892 986 2173 1058 baptizabit
2203 987 2257 1041 in
2289 986 2495 1055 Spiritu
2525 988 2750 1057 Sancto,
2786 997 2834 1042 et
2861 988 2970 1062 igni
3001 987 3222 1059 (Matth.
3255 1002 3348 1058 ιιι,
3381 985 3499 1058 ll).

1891 1077 1972 1134 Ex
2020 1094 2129 1149 quo
2177 1078 2478 1145 discimus,
2520 1080 2668 1153 quod
2713 1083 2877 1136 homo
2922 1091 3130 1136 tantum
3172 1094 3369 1152 aquam
3403 1079 3503 1135 tri-

1891 1171 2022 1227 buat
2047 1190 2058 1226 :
2094 1173 2238 1230 Deus
2264 1183 2447 1231 autem
2472 1174 2735 1244 Spiritum
2774 1184 3026 1230 sanctum
3048 1217 3062 1241 ,
3089 1190 3198 1246 quo
3226 1185 3281 1230 et
3309 1173 3502 1230 sordes

1893 1265 2211 1335 abluuntur,
2247 1278 2303 1324 et
2334 1269 2625 1340 sanguinis
2657 1278 2880 1340 peceata
2915 1279 3237 1339 purgantur.

1972 1362 2168 1435 (Vers.
2196 1364 2296 1436 5.)
2332 1363 2400 1418 Et
2431 1365 2620 1420 creabit
2663 1363 2772 1436 (al.
2800 1363 3030 1436 creavit)
3070 1363 3332 1430 Dominus,
3349 1381 3504 1437 super

1898 1473 2100 1511 omnem
2141 1456 2313 1512 locum
2344 1459 2534 1512 montis
2569 1457 2728 1524 Sion,
2769 1467 2816 1511 et
2853 1458 2937 1511 ubi
2965 1459 3232 1512 invocatus
3259 1467 3365 1525 est,
3399 1474 3498 1511 nu-

1900 1550 2010 1604 bem
2039 1568 2128 1615 per
2154 1552 2291 1606 diem
2313 1596 2327 1620 ,
2359 1561 2406 1606 et
2431 1552 2633 1619 fumant
2652 1561 2700 1606 et
2721 1550 3050 1620 splendorem
3074 1551 3206 1625 ignis
3230 1553 3508 1620 ﬂamman-

1903 1647 1966 1700 tis
1995 1648 2049 1701 in
2076 1657 2243 1701 nocte.
2279 1646 2336 1701 In
2367 1645 2596 1702 Christo
2624 1649 2770 1704 enim
2806 1664 2943 1703 nova
2985 1659 3238 1704 creatura
3279 1659 3403 1717 est,
3439 1649 3510 1707 de

1899 1755 2002 1808 qua
2028 1740 2160 1794 alibi
2187 1741 2455 1810 legimus:
2482 1739 2668 1796 Vetera
2695 1743 3017 1798 transierunt
3036 1759 3055 1798 :
3083 1758 3200 1797 ecce
3223 1747 3362 1814 facta
3383 1751 3508 1797 sunt

1903 1833 2077 1887 omnia
2107 1850 2237 1888 nova
2269 1833 2336 1906 (II
2359 1833 2481 1890 Cor.
2509 1850 2563 1902 v,
2593 1835 2705 1906 l7).
2733 1836 2836 1890 Pro
2879 1851 2987 1905 quo
3029 1833 3174 1891 LXX
3203 1835 3507 1891 transtule-

188 1932 340 1994 ptem
371 1922 696 1990 suﬂusoria,
751 1938 816 1979 ac
868 1923 1004 1978 duas
1044 1924 1218 1978 olivas
1260 1940 1328 1979 ex
1367 1934 1600 1995 utraque
1645 1933 1798 1994 parte
1827 1918 2068 1997 Brunt:
2104 1925 2169 1980 Et
2199 1927 2394 1993 t'eniet,
2426 1936 2475 1981 et
2509 1927 2604 1981 erit
2645 1927 2812 1982 omnis
2849 1928 2992 1982 locus
3035 1929 3224 1982 montis
3262 1928 3427 1994 Sion,
3462 1937 3514 1983 et

191 2017 489 2088 lampadis.
515 2020 668 2074 lirma
700 2018 885 2075 radice
914 2018 1166 2074 fundatas
1186 2018 1370 2092 (Zach.
1395 2022 1503 2088 nt).
1528 2019 1680 2086 Quod
1703 2035 1800 2074 au-

190 2123 307 2172 tem
337 2116 511 2188 gratia
549 2115 726 2170 sancti
765 2115 1002 2184 Spiritus
1030 2125 1226 2170 cuncta
1263 2115 1557 2183 possideat,
1587 2115 1804 2184 esposi-

191 2215 348 2269 tione
391 2228 501 2268 non
546 2212 752 2283 indiget
808 2210 914 2267 Sed
961 2211 1084 2282 quia
1135 2210 1188 2265 in
1230 2209 1541 2265 hominibus
1586 2224 1804 2279 semper

195 2305 514 2376 patiebatur
561 2302 944 2374 opprobrium,
998 2302 1150 2357 nullo
1196 2301 1438 2367 vivente,
1489 2311 1544 2354 ut
1570 2301 1808 2370 Spiritus

192 2399 375 2455 sancti
418 2397 558 2453 dona
591 2399 930 2469 poscebant:
961 2403 1250 2466 propterea
1299 2391 1430 2449 Jesu
1469 2408 1667 2448 nomen
1703 2391 1806 2448 sibi

199 2493 436 2562 cupiunt
460 2490 726 2559 invocari,
751 2500 808 2544 ut
832 2487 979 2559 quod
1009 2487 1061 2542 in
1090 2485 1236 2558 Lege
1264 2484 1642 2556 imperfectum
1665 2495 1805 2552 erat,

191 2590 250 2644 in
290 2586 593 2656 Evangelia
623 2584 989 2655 compleatur.

266 2680 457 2755 (Vers.
481 2679 542 2746 ‘2,
565 2677 648 2750 5.)
681 2679 705 2732 Ι
715 2696 747 2732 η
776 2677 860 2732 die
884 2676 979 2731 illa
1008 2676 1107 2729 erit
1135 2690 1341 2744 germen
1370 2673 1584 2728 Domini
1615 2674 1670 2728 in
1697 2691 1811 2728 ma-

191 2774 505 2851 gniﬁcentia
536 2783 584 2828 et
631 2772 687 2827 in
715 2772 886 2847 gloria
915 2787 934 2826 :
965 2778 1012 2823 et
1037 2770 1237 2839 [ructus
1266 2779 1417 2823 terra:
1442 2767 1679 2822 sublimis
1704 2807 1720 2833 ,
1763 2775 1811 2821 et

185 2868 460 2928 exultatio
485 2869 563 2922 his
586 2867 674 2940 qui
704 2865 892 2922 saluati
924 2864 1113 2936 fuerint
1137 2863 1202 2918 de
1227 2861 1419 2917 Israel.
1450 2861 1515 2916 Et
1545 2863 1672 2926 erit,
1701 2877 1810 2915 om-

192 2968 279 3022 nis
306 2966 400 3038 qui
425 2964 634 3019 relictus
659 2963 814 3031 fuerit
847 2963 901 3015 in
928 2959 1094 3024 Sion,
1137 2969 1187 3013 et
1227 2958 1468 3012 residuus
1505 2959 1558 3011 in
1593 2955 1812 3012 Jerusa-

190 3060 341 3122 lem,
377 3069 584 3112 sanctus
614 3054 895 3119 vocabitur,
923 3053 1091 3108 omnis
1120 3052 1209 3123 qui
1246 3052 1468 3126 scriptus
1503 3060 1578 3104 est
1614 3051 1670 3103 in
1709 3050 1813 3103 uita

187 3156 252 3210 in
274 3151 596 3209 Jerusalem.
625 3152 764 3207 Cum
796 3150 920 3206 ﬁliae
947 3150 1079 3207 Sion
1111 3161 1332 3222 propter
1359 3149 1670 3218 superbiam
1697 3161 1815 3199 om-

192 3263 332 3304 nem
369 3254 626 3301 ornatum
669 3243 1054 3316 perdiderint:
1096 3253 1152 3299 et
1192 3243 1515 3299 niteruerint
1545 3241 1815 3296 luxerint-

1905 2020 2077 2073 omnia
2117 2036 2234 2091 qute
2272 2021 2573 2076 in‘circuitu
2618 2025 2734 2091 eius
2773 2031 2920 2088 sunt,
2971 2031 3201 2095 proteget
3232 2021 3389 2077 nubes
3419 2039 3512 2094 per

1905 2112 2075 2179 diem,
2105 2123 2152 2166 et
2180 2111 2354 2168 lumen
2377 2114 2511 2189 ignis
2541 2115 2862 2184 ﬂammantis
2890 2116 2944 2168 in
2970 2125 3138 2170 nocte.
3166 2115 3300 2184 Quis
3329 2127 3518 2172 autem

1906 2204 2092 2260 veniet
2118 2205 2220 2260 nisi
2246 2205 2339 2262 ille
2362 2249 2375 2271 ,
2406 2207 2474 2262 de
2502 2224 2613 2278 quo
2645 2214 2908 2279 scriptum
2939 2222 3016 2264 est
3044 2227 3058 2265 :
3091 2209 3274 2264 Veniet
3302 2227 3364 2264 ea:
3386 2209 3520 2266 Sion

1908 2298 1998 2368 qui
2024 2295 2203 2353 liberet
2231 2297 2368 2370 (Isa.
2395 2317 2482 2357 th
2503 2345 2518 2368 ,
2545 2301 2635 2368 ‘20,
2657 2301 2817 2370 juxta
2843 2301 3032 2371 LXX).
3057 2303 3119 2357 Et
3147 2304 3214 2358 de
3243 2320 3351 2372 quo
3373 2305 3516 2361 alius

1911 2391 2180 2460 propheta
2215 2406 2655 2448 commemorat:
2687 2394 2869 2448 Adhuc
2902 2394 3173 2459 paululum
3217 2395 3473 2450 modicum
3497 2441 3510 2461 ,

1910 2485 2000 2554 qui
2025 2496 2270 2541 venturus
2299 2497 2374 2542 est
2404 2489 2567 2567 uepiet
2587 2533 2602 2558 ,
2635 2499 2679 2542 et
2712 2507 2815 2544 non
2841 2491 3065 2546 tardabit
3100 2491 3296 2561 (Abuc.
3327 2508 3363 2547 ιι
3383 2535 3394 2552 .
3422 2492 3515 2562 5).

1912 2579 2047 2634 Cum
2078 2581 2168 2636 ille
2195 2582 2438 2649 venerit,
2471 2583 2729 2638 reddetur
2759 2585 2959 2653 populo
2986 2584 3220 2639 felicitas
3251 2586 3477 2654 pristina
3501 2627 3516 2650 ,

1913 2687 2076 2741 quam
2107 2673 2401 2741 aliquando
2434 2674 2674 2730 habuere
2704 2675 2758 2729 in
2789 2691 3010 2740 eremo;
3045 2678 3389 2746 praecedente
3422 2679 3526 2731 llo-

1917 2767 2063 2820 miuo
2088 2783 2183 2822 eos
2211 2783 2309 2836 per
2331 2767 2474 2822 diem
2505 2769 2556 2820 in
2586 2769 2843 2822 columna
2875 2771 3066 2835 nobis,
3099 2781 3152 2824 et
3183 2786 3282 2841 per
3311 2782 3524 2825 noctem

1915 2859 1969 2914 in
1999 2862 2253 2915 columna
2288 2862 2428 2931 ignis
2460 2860 2672 2934 (Exod.
2703 2862 2828 2934 λιιι)
2860 2881 2873 2917 :
2907 2876 2963 2916 ut
2996 2879 3097 2919 nec
3129 2865 3180 2918 in
3213 2866 3490 2934 prosperis
3512 2907 3525 2929 ,

1915 2969 2019 3010 nec
2064 2954 2115 3009 in
2157 2954 2406 3009 adversis
2437 2953 2463 2993 ι)
2495 2955 2791 3025 aliquando
2831 2957 3139 3011 turbentur.
3181 2956 3335 3025 Quod
3376 2967 3432 3011 et
3475 2958 3532 3011 in

1915 3051 2129 3122 pSalmo
2159 3050 2361 3106 dicitur
2385 3069 2398 3106 :
2432 3050 2536 3106 Per
2563 3052 2698 3104 diem
2726 3052 2805 3106 sol
2828 3069 2931 3106 non
2959 3067 3066 3106 uret
3095 3063 3172 3119 te,
3211 3070 3375 3124 neque
3406 3051 3533 3109 luna

1917 3163 2009 3218 per
2035 3159 2234 3200 noctem
2263 3145 2383 3207 (Ps.
2409 3161 2517 3201 cxx
2544 3190 2557 3212 ,
2586 3146 2660 3216 6).
2699 3146 2902 3200 Fumus
2933 3161 3118 3201 autem
3159 3146 3212 3201 in
3259 3148 3361 3202 hoc
3403 3148 3527 3203 loco

1919 3253 2026 3292 n0n
2058 3252 2300 3292 errorem
2329 3248 2383 3292 et
2414 3239 2779 3308 ignorantiam
2804 3282 2818 3306 ,
2848 3238 2943 3294 sed
2972 3241 3202 3308 gloriam
3233 3241 3525 3312 signiﬁcat,

191 3361 312 3415 que
350 3353 518 3412 portae
545 3311 698 3411 ejus,
729 3351 783 3396 et
825 3340 942 3412 ipsa
987 3339 1228 3396 dest-lata
1262 3348 1288 3376 ⁸
1315 3337 1658 3403 conciderit,
1691 3351 1809 3390 om-
1841 3311 1888 3377 (ἶ
1914 3332 2066 3403 juxta
2101 3332 2229 3387 illud
2260 3331 2404 3402 quod
2444 3335 2494 3386 in
2528 3332 2630 3386 hoc
2660 3332 2852 3387 eodem
2889 3333 3152 3401 propheta
3177 3378 3190 3401 ,
3227 3335 3530 3388 secundum

194 3454 421 3511 nesqne
448 3436 738 3492 bellatores
764 3435 884 3504 ejus
909 3435 1172 3506 perierint
1199 3434 1251 3487 in
1280 3432 1488 3502 praelio,
1521 3431 1573 3484 in
1604 3439 1814 3484 tantum

195 3544 265 3590 ut
296 3533 487 3588 multa:
518 3531 776 3587 mulieres
806 3546 972 3584 unum
1002 3529 1178 3583 virum
1211 3527 1417 3581 habere
1447 3527 1533 3579 vix
1569 3522 1814 3593 possint:

195 3639 346 3685 tunc
378 3627 588 3682 orietur
611 3640 836 3698 germen
867 3624 1108 3680 nominis
1135 3621 1414 3676 christiani
1439 3665 1453 3686 ,
1483 3629 1532 3676 et
1560 3629 1697 3674 terra
1719 3616 1815 3670 da-

195 3724 281 3777 bit
313 3723 542 3792 fructum
572 3734 762 3774 suum:
793 3728 847 3774 et
875 3714 1148 3772 exultatio
1179 3714 1290 3769 erit
1320 3713 1405 3767 bis
1435 3713 1525 3782 qui
1557 3711 1626 3766 de
1653 3709 1819 3765 Israel

194 3814 420 3872 saluati
453 3813 680 3879 iuerint,
708 3813 777 3867 de
803 3811 1000 3882 quibus
1025 3818 1264 3878 etsnpra
1296 3807 1504 3862 dictum
1539 3819 1622 3860 εει
1649 3821 1661 3857 :
1701 3803 1822 3858 Nisi

198 3906 478 3964 Dominus
506 3902 721 3960 sabaotli
747 3904 1040 3976 reliquisset
1067 3901 1214 3956 nobis
1241 3917 1444 3967 semen,
1474 3899 1622 3968 quasi
1649 3895 1824 3953 Sodo-

200 4021 300 4059 ma
331 4017 579 4068 essemus,
613 4009 660 4054 et
687 3999 884 4054 similes
911 3996 1182 4052 Gomorrae
1214 3996 1492 4066 fuissemus
1520 3993 1650 4067 (Isa.
1675 4008 1689 4046 ι
1710 3991 1820 4061 ,9).

201 4098 286 4156 Et
326 4104 460 4152 nota
500 4093 645 4165 quod
682 4108 792 4148 non
832 4090 1013 4147 omnis
1052 4089 1220 4145 Israel
1260 4089 1526 4153 salvetur,
1568 4085 1664 4141 sed
1699 4081 1828 4138 reli-

202 4193 361 4265 quite
393 4189 576 4262 populi
605 4187 770 4256 Sion,
803 4195 860 4244 et
889 4184 1145 4242 residuus
1173 4185 1226 4238 in
1253 4182 1597 4239 Jerusalem:
1645 4178 1826 4234 omnis

203 4287 306 4358 qui
339 4283 582 4354 scriptus
608 4294 695 4338 est
724 4283 778 4335 in
807 4282 917 4334 vita
948 4278 1001 4333 in
1028 4277 1332 4334 Jerusalem
1359 4319 1374 4343 ,
1409 4273 1610 4346 quibus
1636 4280 1694 4328 et
1723 4273 1831 4326 Do-

205 4378 402 4435 minus
433 4375 799 4446 loquebatur:
827 4371 1062 4428 Gaudete
1082 4415 1096 4438 ,
1139 4371 1383 4443 quoniam
1421 4368 1633 4421 nomina
1662 4376 1831 4420 vestra

205 4472 418 4541 scripta
438 4480 559 4523 sunt
579 4467 636 4521 in
655 4466 796 4522 ctelis
820 4465 972 4538 (Luc.
993 4479 1026 4518 x
1041 4508 1056 4533 ,
1076 4462 1196 4534 20).
1219 4462 1330 4536 66
1349 4459 1627 4532 Signiﬁcat
1649 4465 1830 4514 autem

203 4562 530 4636 Apostolus
556 4573 610 4616 et
639 4575 736 4616 eos
764 4560 858 4631 qui
889 4574 984 4628 per
1012 4557 1310 4627 Apostolus
1336 4553 1714 4611 crediderunt.

295 4658 501 4728 (Vers.
531 4653 634 4727 4.)
671 4653 806 4710 Cum
840 4651 1062 4708 abluerit
1088 4649 1344 4706 Dominus
1385 4649 1563 4703 sordes
1600 4648 1832 4717 ﬁliarum

203 4755 387 4819 Sion,
422 4759 470 4804 et
494 4749 801 4822 sanguinem
823 4744 1120 4801 Jerusalem
1147 4744 1328 4798 laverit
1357 4743 1421 4795 de
1447 4741 1613 4795 medio
1637 4740 1752 4812 ejus
1777 4739 1832 4793 in

201 4847 412 4918 spiritu
428 4844 625 4918 judicii
655 4852 703 4896 et
727 4842 914 4914 spiritu
935 4838 1324 4896 combastionis.
1353 4836 1510 4892 Tunc
1537 4835 1835 4890 salvabnn-

204 4954 311 4999 tur
339 4940 584 5012 reliquis:
614 4938 682 4994 de
717 4938 912 5006 Israel,
946 4937 1168 5009 quando
1199 4936 1252 4990 in
1283 4935 1612 5006 baptismate
1641 4931 1835 4988 Salva-

207 5039 360 5095 toris
411 5038 497 5093 eis
543 5034 750 5090 iuerint
801 5043 1024 5103 peccata
1071 5031 1331 5096 dimissa,
1383 5038 1440 5084 et
1488 5028 1581 5084 ille
1611 5026 1836 5098 sanguis

199 5133 453 5189 ablutus
475 5174 489 5195 ,
526 5144 687 5197 quem
720 5141 890 5198 super
919 5140 984 5180 se
1010 5139 1200 5180 errans
1228 5122 1464 5194 p0pulus
1501 5120 1834 5189 imprecatus

197 5235 348 5285 est:
400 5222 637 5296 Sanguis
679 5223 792 5293 ejus
824 5235 978 5290 super
1015 5234 1136 5286 nos,
1181 5226 1229 5271 et
1263 5231 1414 5288 super
1449 5214 1589 5285 ﬁlios
1629 5223 1832 5268 nostros

200 5324 228 5393 (
241 5317 448 5375 Matth.
472 5332 662 5385 xxvn,
683 5315 807 5386 25).
834 5312 992 5370 Unde
1016 5327 1178 5382 supra
1208 5311 1441 5382 legimus
1465 5326 1478 5364 :
1503 5309 1634 5365 Cum
1661 5317 1832 5362 exten-

194 5415 414 5474 deritis
438 5429 656 5479 manus,
688 5427 792 5465 non
823 5408 1100 5464 exaudiam
1133 5424 1220 5463 vos
1238 5422 1258 5462 .°
1290 5421 1470 5462 manus
1495 5405 1632 5458 enim
1658 5413 1837 5458 vestris

191 5510 488 5580 sanguine
511 5504 682 5580 plena:
705 5515 824 5559 sunt
852 5501 1282 5576 (lsa.i,l5,16).
1320 5501 1385 5556 Ει
1417 5507 1606 5570 postea
1639 5513 1737 5554 eos
1767 5494 1836 5550 ad

191 5603 617 5684 paenitentiam
647 5614 957 5674 provocans
989 5595 1190 5652 infert:
1222 5595 1516 5662 Lavamini,
1548 5591 1729 5647 mundi
1758 5606 1840 5644 es-

187 5710 357 5760 tote.
383 5697 452 5752 Et
469 5703 595 5750 nota
622 5697 765 5766 quod
789 5692 980 5748 sordes
1006 5691 1241 5746 ﬁliarum
1266 5689 1402 5746 Sion
1428 5687 1624 5744 laverit
1644 5685 1838 5757 spiritu

295 5849 328 5878 ει
366 5835 647 5892 Victorius
678 5834 786 5899 ait,
820 5830 1047 5888 Constat
1079 5845 1144 5885 es
1176 5835 1328 5884 textu
1356 5835 1411 5899 et
1442 5822 1840 5899 commentario

183 5920 272 5978 in
315 5912 428 5966 ﬁne
452 5894 817 5978 praecedentis
838 5903 1185 5978 capitisesse
1216 5898 1507 5978 legendum
1530 5894 1837 5978 consederit.

297 5983 328 6025 ι’
351 5967 536 6039 Minus
555 5989 708 6036 recte
723 5992 890 6048 penes
905 5967 1182 6036 Martian.,
1206 5967 1534 6045 aliquantum
1553 5967 1842 6027 turbentur.

676 6073 957 6134 Psraoa.
1008 6063 1252 6130 XXIV.

1918 3426 2276 3498 quorumdam
2322 3427 2637 3494 ορίιιίοιινιιι
2664 3470 2677 3492 ,
2730 3426 2920 3481 lecturi
2953 3429 3060 3500 67
3106 3444 3297 3483 sumus
3335 3429 3535 3501 (Infra

1921 3536 1966 3574 ε.
1997 3521 2030 3576 6
2055 3524 2071 3588 )
2099 3539 2111 3575 :
2143 3517 2213 3572 Et
2245 3518 2429 3574 domus
2459 3520 2670 3587 impleta
2697 3531 2766 3575 est
2795 3521 2959 3589 finito.
2996 3523 3060 3575 Et
3093 3522 3144 3576 in
3173 3522 3291 3578 Joel
3319 3524 3389 3578 de
3412 3539 3538 3593 gra-

1921 3614 1994 3666 tia
2022 3611 2266 3680 Spiritus
2297 3613 2506 3674 sancti.
2538 3630 2661 3683 quae
2692 3613 2983 3668 descendit
3023 3630 3190 3685 super
3215 3619 3532 3683 apostolos,

1923 3705 2159 3759 dicitur:
2204 3702 2491 3772 Eﬂ'undam
2531 3706 2596 3758 de
2634 3705 2822 3777 spiritu
2867 3722 3017 3774 meo,
3061 3690 3537 3780 et'propltetubunt

1925 3797 2085 3870 (Joel.
2112 3797 2194 3866 ti).
2229 3797 2324 3867 Et,
2357 3798 2503 3852 Dabo
2529 3797 2770 3873 prodigia
2799 3800 2851 3852 in
2881 3799 3006 3855 cwlo
3033 3818 3238 3856 sursum
3263 3846 3277 3868 ,
3313 3813 3360 3856 et
3383 3804 3536 3877 signa

1923 3891 1978 3945 in
2007 3902 2142 3946 terra
2170 3890 2440 3959 deorsum,
2468 3893 2769 3966 sanguinem
2792 3901 2843 3947 et
2868 3894 3034 3967 ignem
3055 3905 3104 3948 et
3135 3912 3374 3964 vaporem
3403 3897 3535 3965 [uini

1927 3983 2082 4056 (Act.
2109 4001 2180 4053 tt,
2213 3985 2342 4056 I7
2377 3984 2434 4039 Id
2467 3985 2643 4053 ipsum
2686 3986 3000 4055 signiliCare
3043 3995 3175 4054 puto
3216 4001 3270 4041 et
3311 3989 3438 4044 illud
3481 3989 3536 4044 in

1928 4079 2204 4136 Psalmis:
2255 4079 2358 4146 Qui
2395 4081 2560 4154 tangit
2604 4091 2835 4150 montes,
2885 4089 2932 4135 et
2960 4091 2982 4119 ο
3012 4079 3346 4155 [umigabunt
3397 4082 3527 4153 (Ps.

1928 4187 2021 4228 ent
2040 4216 2054 4239 ,
2090 4171 2216 4243 52).

2003 4266 2186 4341 (Vers.
2219 4267 2300 4339 ϐ.)
2329 4267 2502 4339 Super
2541 4284 2743 4322 onmem
2784 4278 2957 4324 autem
2997 4269 3218 4344 gloriam
3260 4272 3530 4344 proiectio.

1933 4360 2001 4416 Et
2028 4359 2410 4416 tabernaculum
2435 4361 2530 4416 erit
2560 4360 2614 4414 in
2643 4361 3001 4418 umbraculum
3031 4365 3134 4436 diei
3181 4368 3243 4420 ab
3287 4376 3415 4421 testu
3436 4411 3449 4433 ,
3485 4377 3535 4421 et.

1934 4455 1990 4508 in
2026 4455 2385 4522 securitatem,
2422 4465 2469 4508 et
2495 4454 2549 4508 in
2579 4453 2964 4511 absconsionem
2994 4475 3024 4512 a
3057 4458 3258 4513 turbine
3286 4469 3332 4514 et
3357 4477 3388 4512 a
3417 4459 3538 4532 plu-

1877 4577 1881 4581 ν
1936 4550 2038 4604 ria.
2075 4551 2225 4605 Hunc
2270 4550 2449 4604 locum
2490 4549 2665 4606 Judaei
2708 4550 2775 4606 ad
2816 4551 3214 4608 Antichristum
3253 4554 3534 4621 referunt,

1856 4705 1912 4766 D

1937 4658 2097 4713 quem
2129 4659 2224 4714 per
2256 4643 2532 4699 turbinem
2561 4654 2615 4699 et
2645 4653 3029 4712 tempestatem
3061 4646 3364 4716 signiﬁcari
3392 4650 3538 4704 acsti-

1940 4745 2125 4803 mant,
2159 4736 2376 4806 quando
2415 4752 2514 4792 eos
2552 4737 2819 4791 Dominus
2858 4755 2886 4790 a
2930 4738 3312 4807 potentissimo
3344 4740 3538 4796 adver-

1935 4829 2085 4884 sario
2123 4827 2448 4884 defensurus
2483 4829 2576 4882 sit.
2618 4826 2732 4882 Nos
2779 4836 2959 4883 autem
3009 4828 3194 4883 omnia
3238 4828 3541 4888 referamus

1940 4921 2006 4977 ad
2039 4923 2270 4992 primum
2303 4922 2596 4977 adventum
2629 4920 2840 4976 Christi
2861 4965 2874 4988 ,
2908 4922 2976 4977 de
3004 4938 3111 4993 quo
3141 4933 3194 4977 et
3228 4925 3279 4978 in
3310 4927 3538 4994 psalmis

1938 5016 2202 5087 legimus:
2229 5015 2465 5070 Protexit
2489 5031 2569 5068 me
2589 5015 2642 5068 in
2666 5014 2972 5069 abscondito
2996 5015 3315 5072 tabernaculi
3335 5020 3418 5074 sui
3441 5036 3460 5075 :
3484 5021 3540 5074 in

1939 5120 2085 5181 petra
2107 5108 2350 5165 exultavit
2379 5125 2458 5163 me
2491 5107 2665 5181 (Psal.
2698 5123 2870 5175 xxvi,
2906 5106 2970 5172 9,
3002 5107 3107 5181 10)
3137 5129 3152 5168 :
3181 5126 3344 5181 super
3375 5129 3538 5182 quam

1936 5203 2161 5258 fundata
2203 5203 2444 5258 Ecclesia
2488 5202 2631 5258 nulla
2667 5211 2994 5273 tempestate
3023 5208 3354 5271 concutitur,
3393 5207 3544 5261 nullo

1943 5298 2159 5354 turbine
2185 5296 2472 5366 ventisque
2501 5296 2856 5352 subvertitur.
2890 5296 3114 5352 Plurimi
3145 5297 3458 5354 Juda'orum
3490 5309 3547 5354 et

1941 5393 2060 5450 haec
2105 5403 2160 5449 et
2204 5393 2494 5460 universa,
2545 5392 2746 5462 quibus
2797 5392 2899 5446 ista
2949 5393 3154 5448 sociata
3188 5403 3345 5458 sunt,
3375 5408 3541 5462 super

1941 5489 2239 5562 Babylonia
2288 5487 2602 5560 captivitate
2658 5496 2715 5543 et
2752 5486 2928 5542 reditu
2985 5487 3038 5541 in
3085 5487 3389 5543 Jerusalem
3436 5487 3540 5541 sub

1941 5584 2246 5641 Zorobabel
2275 5592 2332 5639 et
2359 5583 2500 5639 Ezra
2527 5593 2583 5638 et
2608 5581 2830 5638 Neemia
2859 5580 3195 5652 intelligunt.

2022 5681 2189 5754 (Cap.
2215 5679 2281 5736 V.
2306 5678 2561 5736 ——\lers.
2596 5677 2685 5748 l.)
2735 5677 2967 5733 Cantabo
3014 5692 3152 5730 nunc
3196 5673 3385 5730 dilecto
3431 5692 3544 5732 meo

2026 5830 2047 5858 ο
2081 5817 2286 5873 Mavult
2309 5817 2514 5874 Victor.
2544 5815 2598 5872 in
2632 5815 2858 5873 instanti
2894 5813 3359 5887 fumigant,juxta
3377 5815 3546 5887 LXX,

1950 5894 2298 5960 καπνίζονται.

3046 6052 3086 6116 3
