4052 6438
251 279 329 336 77
861 277 1518 340 COMMENTARIORUM
1559 281 1631 339 IN
1663 277 1894 341 lSAlAl
1933 281 2359 341 PNOPll-ETAM
2399 283 2530 342 LIB.
2574 285 2634 342 ll.
2678 286 2834 345 CAP.
2876 288 2943 344 ν.
3484 295 3551 354 78

248 396 326 450 tio
355 396 582 464 spinos:
634 393 830 466 quibus
873 395 1050 454 Judtei
1091 397 1384 456 Dominum
1425 406 1846 458 eorouavet-uut.
1878 405 1930 463 Α
1956 397 2082 469 quid
2138 399 2420 456 debuerim
2459 401 2641 457 facere
2691 403 2842 474 quod
2886 419 2991 460 non
3044 407 3286 465 fecerim.
3330 411 3400 467 Et
3430 415 3553 484 quia

247 485 351 542 1110
395 487 540 543 enim
596 497 978 558 exspectante,
1032 500 1092 548 ut
1131 491 1420 550 vindemiae
1474 501 1717 560 tempore
1757 492 1850 547 de-

249 578 462 636 ferrent
506 582 616 654 7o
645 597 780 637 uvas
832 582 904 642 ad
952 585 1284 653 toreularia,
1319 601 1420 656 pro
1458 586 1658 660 quibus
1703 595 1852 641 octa-

247 688 354 730 vus
414 685 474 731 et
529 676 898 748 octogesimus
961 679 1152 738 tertius
1215 681 1458 748 psalmus.
1528 680 1728 736 habent
1788 680 1851 734 ti-

249 768 394 826 tulos
421 813 436 836 ,
487 768 582 825 isti
606 786 668 830 se
713 771 867 830 euris
906 779 966 828 et
1013 773 1160 830 vitiis
1197 774 1385 830 saeculi
1428 775 1846 846 deutergentes,

248 878 374 935 quae
405 863 458 918 in
489 863 790 936 Evangelio
815 865 1011 938 (Mare.
1059 871 1140 936 tv)
1179 869 1352 939 spina
1389 869 1846 940 interpretantur,

249 959 718 1031 blasphemiarum
772 962 1023 1018 Stimulos
1080 963 1423 1024 obtulerunt.
1481 963 1619 1020 Puto
1670 977 1857 1020 autem

249 1056 450 1114 melius
470 1071 624 1124 esse,
659 1056 838 1114 Burin:
863 1057 1144 1118 labi-nscas
1168 1103 1181 1122 ,
1210 1075 1372 1129 quam
1391 1061 1580 1130 spinas
1600 1059 1847 1130 intelligi,

249 1158 316 1204 ut
351 1159 547 1219 coaptat
579 1148 952 1208 translationis
980 1151 1280 1208 similitudo
1318 1165 1589 1208 servetur.
1618 1152 1772 1208 Unde
1799 1163 1854 1206 et

249 1238 509 1298 Salvator
542 1241 676 1296 dicit
718 1241 777 1300 in
807 1244 1108 1314 livangelio
1149 1260 1162 1297 :
1197 1243 1470 1315 Numquid
1496 1244 1746 1319 colligunt
1791 1246 1858 1300 de

246 1337 422 1406 spinis
451 1351 600 1402 uuas,
629 1347 721 1394 aut
747 1337 812 1393 de
839 1336 1043 1394 tribulis
1066 1339 1191 1408 ﬁcus
1221 1336 1436 1410 (Matth.
1465 1355 1538 1393 vu
1566 1383 1578 1404 ,
1608 1339 1720 1407 16).

329 1427 513 1498 (Vera.
545 1429 602 1494 ὃ,
632 1429 717 1499 ι.)
751 1428 905 1484 Nunc
935 1439 959 1467 α
983 1447 1107 1504 ergo
1130 1430 1446 1488 habitatores
1467 1431 1781 1498 Jerusalem,
1807 1442 1853 1486 et

249 1521 350 1576 uiri
377 1519 412 1574 J
420 1522 522 1579 uda
539 1521 773 1594 judicate
809 1523 945 1580 inter
981 1541 1062 1582 me
1094 1535 1142 1582 et
1165 1525 1368 1581 vineam
1396 1542 1558 1580 meam
1589 1542 1607 1579 :
1633 1526 1760 1596 quid
1779 1536 1854 1582 est

248 1616 393 1688 quod
420 1615 559 1672 ultra
581 1618 734 1676 debui
759 1623 935 1690 facere
960 1624 1120 1678 vium
1156 1636 1282 1678 mea’
1319 1629 1363 1674 et
1386 1637 1490 1674 non
1534 1621 1740 1691 fecerim
1771 1620 1856 1675 ei?

249 1710 335 1767 An
363 1713 502 1781 quod
531 1716 820 1787 exspectavi
852 1725 905 1770 ut
935 1719 1129 1787 faceret.
1156 1732 1297 1781 usas,
1322 1727 1369 1770 et
1399 1716 1518 1785 fecit
1547 1716 1854 1771 labi-nscas?

1949 492 2106 564 juxta
2137 494 2517 566 Evangelieam
2551 499 2863 567 parabolam
2900 518 3006 558 non
3029 505 3190 561 vultis
3219 510 3550 582 respondero

1953 589 2096 659 quod
2129 589 2406 654 SCiaCllOl‘,
2443 608 2542 664 ego
2573 594 2703 649 mihi
2731 598 3076 668 respondebo
3108 601 3224 672 ipse
3248 620 3344 668 pro
3372 607 3550 673 Vobis,

1956 681 2198 737 indicans
2219 684 2348 754 quid
2377 684 2620 742 facturus
2643 688 2743 742 sim
2771 689 3066 758 :Quoniam
3095 694 3196 750 feci
3223 697 3394 754 vineae
3417 715 3551 757 metu

1955 787 2150 831 cuncta
2181 793 2300 846 qua:
2345 777 2543 839 debui.
2596 789 2653 835 ct
2696 796 2793 851 pro
2841 785 2960 840 uvis
3010 787 3192 842 attulit
3239 791 3550 856 labruseas,

1955 867 2198 924 auferam
2229 871 2480 928 universa
2518 888 2638 943 quae
2674 874 2952 931 dederam.
2983 878 3198 936 'l‘ollam
3231 886 3546 956 angelorum

1955 964 2272 1031 auxili-a,de
2291 967 2484 1036 quibus
2510 969 2561 1022 in
2586 969 2806 1038 psalmis
2827 971 3084 1043 scriptum
3110 985 3196 1030 est
3220 977 3553 1035 :Circumdat

1955 1057 2182 1130 Angelus
2212 1056 2427 1115 Domini
2459 1062 2513 1116 in
2542 1063 2762 1118 circuitu
2793 1066 3078 1121 timentium
3107 1086 3251 1136 eum,
3288 1079 3334 1125 et
3365 1072 3555 1129 libera-

1954 1152 2026 1206 bit
2056 1169 2140 1208 eos
2171 1154 2304 1226 (Ps.
2331 1172 2533 1220 χχχιιι,
2567 1158 2675 1228 8):
2711 1160 3077 1231 ctdiripietur
3101 1165 3170 1222 ab
3202 1166 3550 1240 adversariis.

1959 1246 2243 1308 [testi-nam
2292 1266 2508 1317 muros,
2543 1260 2600 1306 et
2643 1252 2879 1310 inimicis
2921 1259 3176 1327 gentibus
3216 1241 3552 1333 sulljacebil,

1954 1341 2164 1411 eritque
2195 1342 2416 1398 deserta
2467 1353 2520 1400 et
2576 1360 2683 1400 non
2733 1348 3008 1417 potabitur
3039 1352 3089 1405 in
3123 1363 3414 1422 aeternum,
3453 1341 3556 1413 nec

1958 1433 2225 1499 l'odietur,
2256 1445 2314 1491 ut
2346 1437 2624 1508 redigatur
2659 1439 2711 1493 in
2739 1456 2934 1510 vepres
2969 1446 3371 1503 :etascendent
3407 1449 3459 1504 in
3493 1467 3555 1505 ea

1956 1528 2148 1598 spinae.
2187 1530 2312 1586 llaec
2339 1539 2517 1587 autem
2560 1534 2661 1586 sub
2703 1538 3020 1606 metaphora
3053 1539 3257 1607 vinem,
3300 1541 3367 1597 de
3394 1521 3553 1598 Jeru-

1955 1622 2122 1684 salem
2154 1634 2318 1694 atque
2342 1623 2542 1684 Judmze
2574 1627 2830 1683 dicuntur
2850 1629 3141 1689 solitudine
3167 1675 3182 1700 ,
3217 1635 3360 1707 quod
3395 1637 3562 1707 pleri-

1956 1730 2064 1786 que
2083 1714 2394 1772 Judteorum
2419 1731 2605 1788 putant
2628 1721 2731 1776 sub
2763 1723 3068 1795 Babyloniis
3081 1729 3346 1786 accidisse
3376 1749 3388 1785 :
3412 1733 3556 1803 quod

249 1804 419 1873 Feci,
471 1806 676 1878 inquit,
713 1808 960 1866 universa
995 1825 1114 1878 qua:
1143 1809 1304 1864 debui
1325 1851 1337 1873 ,
1371 1809 1610 1878 plantavi
1642 1809 1853 1864 vineam
1885 1799 1932 1859 Β
1960 1818 2014 1864 et
2043 1825 2140 1863 nos
2183 1825 2246 1864 ex
2281 1822 2436 1880 parte
2479 1811 2679 1867 factum
2712 1831 2910 1886 negare
2955 1834 3058 1874 non
3091 1835 3400 1891 possumus.
3430 1799 3556 1881 —Sed

249 1899 448 1957 inloco
477 1901 780 1966 uberi-iuro,
824 1901 1163 1958 circumdedi
1191 1902 1479 1957 maceriam
1505 1946 1516 1967 ,
1550 1903 1690 1973 elegi
1722 1902 1858 1973 lapi-

250 1992 357 2048 des
376 2036 390 2061 ,
416 2003 473 2049 et
498 1993 710 2065 ﬂagella
739 1995 858 2064 ejus
888 1994 1176 2052 hastilibus
1219 1995 1552 2066 calathisque
1581 1996 1808 2050 subi-exi
1838 2013 1851 2050 :

249 2089 383 2144 vitis
403 2089 751 2158 quatiueipsa
782 2106 888 2144 non
922 2090 1026 2148 luit
1046 2106 1152 2146 una
1174 2090 1243 2146 de
1273 2091 1544 2160 pluribus,
1571 2090 1665 2145 sed
1683 2090 1856 2145 electa

250 2192 312 2238 et
335 2181 694 2259 καλλίκαρπος.
720 2181 1008 2242 Ᾱίᾱίῐὶεεινί
1035 2183 1408 2240 ﬁrmissimam
1429 2185 1646 2250 turrim,
1677 2184 1728 2237 in
1753 2200 1856 2253 qua

251 2275 445 2345 fruges
471 2277 833 2334 reconderem
860 2316 876 2342 ,
917 2283 973 2333 et
1015 2277 1086 2334 de
1123 2291 1227 2346 qua
1254 2275 1578 2331 insidiantes
1617 2276 1859 2347 trag-ibus

252 2369 463 2424 bestias
489 2369 914 2440 contemplarer.
939 2369 1194 2426 Exstruxi
1215 2371 1478 2436 torcular,
1505 2379 1563 2424 ut
1591 2370 1644 2424 in
1667 2370 1858 2426 eodem

254 2463 603 2534 potissimum
636 2463 759 2519 loco
787 2474 1169 2534 premerentur
1191 2481 1312 2520 uva
1331 2508 1344 2530 ,
1377 2472 1432 2520 et
1459 2464 1642 2519 vinum
1666 2463 1861 2520 funde-

253 2564 406 2611 rent.
443 2557 578 2625 Quia
610 2556 728 2614 haec
773 2557 937 2626 igitur
969 2557 1072 2612 feci
1100 2599 1116 2623 ,
1141 2574 1266 2628 qua:
1295 2559 1480 2614 facere
1523 2559 1715 2626 debui,
1747 2573 1862 2619 res-

253 2650 543 2721 pondeant
595 2651 726 2706 tnihi
771 2650 1108 2708 habitatores
1159 2651 1463 2708 Jerusalem
1522 2663 1576 2709 et
1631 2652 1785 2708 ludat
1843 2669 1858 2706 :

254 2742 432 2800 immo
453 2743 698 2814 judicent
725 2744 870 2802 inter
898 2759 986 2800 me
1015 2755 1067 2800 et
1095 2744 1308 2799 viaeai-n
1353 2759 1530 2800 meam
1555 2787 1568 2810 ,
1612 2744 1742 2814 quid
1776 2753 1864 2799 est

255 2837 410 2908 quod
437 2837 619 2894 facere
641 2837 807 2897 debui
833 2881 847 2904 ,
881 2849 936 2893 et
975 2853 1084 2893 non
1107 2837 1372 2894 fecerim?
1404 2839 1471 2894 Et
1497 2839 1605 2892 illis
1633 2839 1864 2894 taeenti-

255 2931 366 2990 bus
388 2977 404 3001 ,
432 2931 535 2988 sibi
580 2933 698 3003 ipse
739 2933 1038 3001 respondet
1063 2950 1076 2988 :
1107 2934 1220 2991 Nisi
1249 2933 1390 2989 forte
1421 2933 1477 2988 in
1507 2932 1610 2988 hoc
1642 2933 1819 2987 erravi
1845 2975 1858 2998 ,

257 3027 412 3098 quod
439 3043 544 3096 pro
591 3026 778 3083 labore
823 3042 947 3089 meo
977 3026 1323 3097 exspectavi,
1360 3036 1418 3082 ut
1461 3042 1592 3081 uvas
1621 3025 1822 3082 iaceret
1846 3070 1859 3090 ,

255 3136 373 3179 non
404 3120 717 3187 labruscas,
743 3137 881 3192 quas
911 3121 1114 3180 inculta
1148 3135 1213 3175 ac
1229 3120 1450 3176 deserta
1483 3120 1637 3175 vinea
1669 3118 1866 3174 aﬂ'erre

1962 1904 2085 1974 quia
2115 1905 2364 1973 sequitur
2396 1924 2408 1960 :
2445 1906 2512 1960 Et
2543 1907 2759 1963 nubibus
2791 1911 3067 1977 mandabo,
3103 1932 3166 1968 ne
3197 1917 3377 1986 pluunt
3407 1937 3562 1990 super

1962 1999 2074 2059 eam
2106 1999 2318 2053 imbrem
2340 2041 2354 2064 ,
2389 1999 2491 2056 hoc
2517 2001 2569 2056 in
2604 2003 2696 2056 illa
2731 2005 3049 2072 captivitate
3077 2010 3304 2082 intelligi
3331 2030 3436 2068 non
3461 2031 3560 2088 po-

1965 2098 2088 2144 test.
2121 2091 2401 2162 Siquidem
2443 2103 2496 2148 et
2528 2094 2796 2150 Jeremias
2827 2110 2983 2170 capta
3009 2103 3124 2172 jam
3158 2105 3292 2160 urbe
3324 2091 3560 2184 prophe-

1962 2185 2096 2238 tavit
2124 2185 2175 2239 in
2211 2188 2412 2257 pepulo
2444 2204 2457 2242 :
2490 2201 2544 2243 et
2577 2189 2867 2259 Ezechiel,
2904 2193 3092 2251 Daniel
3125 2214 3340 2271 quoque
3369 2210 3424 2256 et
3455 2211 3566 2257 tres

1965 2277 2159 2348 pueri,
2195 2280 2279 2333 vel
2307 2281 2692 2351 prophetassc,
2720 2285 2805 2340 vel
2839 2287 3107 2344 mirabilia
3135 2279 3286 2361 signa
3319 2294 3481 2358 etiam
3509 2296 3562 2351 in

1964 2371 2279 2440 captivitate
2307 2373 2504 2430 fecisse
2546 2388 2835 2432 narrantur
2866 2395 2878 2431 :
2915 2391 2969 2435 et
3021 2393 3208 2451 postea
3249 2385 3480 2458 Aggmus
3511 2365 3565 2444 et

1966 2462 2258 2520 Zacharias
2293 2465 2467 2521 futura
2500 2468 2758 2525 dixerunt
2808 2473 2860 2526 in
2895 2477 3329 2535 consolationem
3383 2483 3564 2553 populi

1962 2558 2274 2612 servientis.
2309 2559 2540 2616 Tollitur
2572 2572 2757 2618 autem
2805 2565 2899 2620 Dei
2949 2570 3212 2624 auxilium
3259 2572 3328 2626 ab
3361 2573 3443 2637 his
3475 2576 3564 2644 qui

1967 2650 2175 2722 indigni
2203 2664 2336 2708 sunt
2378 2671 2390 2707 :
2425 2665 2479 2709 ut
2501 2657 2625 2726 quia
2657 2672 2762 2711 non
2807 2672 3091 2716 senserant
3143 2663 3314 2718 Deum
3349 2682 3446 2736 per
3473 2667 3569 2722 bc-

1968 2745 2158 2799 nelicia
2193 2787 2206 2811 ,
2237 2748 2481 2808 sentiunt
2514 2763 2612 2818 per
2640 2750 2926 2820 supplicia.
2960 2751 3056 2807 Vel
3104 2753 3226 2809 ideo
3261 2759 3568 2813 truculenta

1968 2836 2216 2906 quaedam
2245 2847 2303 2892 et
2324 2853 2518 2909 aspera
2561 2843 2962 2908 comminatur,
3000 2855 3056 2899 ut
3086 2849 3337 2904 conversi
3361 2851 3426 2904 ad
3459 2867 3574 2920 poe-

1970 2928 2277 2999 uitentiam,
2324 2933 2667 2988 imminentia
2709 2943 2980 2992 tormenta
3024 2938 3294 2994 devitent.
3331 2941 3570 2998 Verbum

1970 3021 2298 3080 llebraicum
2331 3040 2486 3079 sitim
2517 3027 2883 3096 (mwwmues
2915 3045 3048 3086 voce
3079 3033 3244 3087 simili
3273 3035 3450 3105 spinas
3484 3038 3569 3090 in-

1974 3117 2252 3184 terpretati
2284 3125 2432 3172 sunt.
2471 3118 2525 3174 Si
2557 3135 2687 3189 ergo
2711 3120 2862 3176 Saitlt
2889 3123 2945 3177 in
2972 3127 3228 3194 praesenti
3257 3126 3379 3181 loco
3407 3129 3572 3197 spiam

257 3215 573 3274 consuevit.
624 3213 755 3272 Tale
791 3215 926 3284 quid
963 3224 1022 3272 et
1050 3213 1262 3272 Nathan
1296 3212 1571 3283 Propheta
1600 3211 1667 3266 ad
1700 3209 1865 3265 David
1895 3206 1941 3270 C
1971 3209 2230 3272 dicuntur
2272 3212 2424 3281 juxta
2457 3212 2708 3281 Aqui-lam
2752 3226 2806 3271 et
2846 3217 3277 3274 'l'heodotioucm
3313 3229 3373 3276 et
3401 3220 3567 3292 LXX,

258 3309 470 3365 missus
497 3306 734 3382 loquitur
759 3307 832 3378 (ll
862 3308 990 3380 Reg.
1037 3303 1160 3378 in),
1189 3317 1244 3362 et
1289 3307 1592 3379 interrogat
1615 3321 1739 3362 eum
1772 3320 1869 3376 per

261 3404 581 3475 parabolam
607 3444 630 3470 .,
657 3413 724 3460 ut
749 3402 877 3463 dum
926 3403 994 3462 de
1035 3402 1148 3458 alio
1173 3401 1409 3471 judice-1,
1451 3401 1525 3456 de
1566 3416 1627 3456 se
1659 3407 1873 3470 promat

257 3496 622 3552 sententiam.
655 3494 802 3566 Ergo
826 3504 886 3555 et
911 3495 1005 3550 .hic
1032 3495 1272 3564 populus
1315 3494 1686 3562 interrogatur
1714 3492 1868 3563 quasi

259 3593 338 3646 de
367 3591 519 3646 vinea
539 3635 553 3658 ,
575 3599 638 3649 ut
664 3599 852 3650 contra
883 3604 944 3646 se
970 3589 1088 3658 ipse
1113 3587 1467 3658 respondeat.
1501 3587 1658 3644 Hunc
1687 3587 1868 3648 locum

261 3684 322 3740 in
362 3683 656 3754 Evangelia
679 3681 893 3752 plenius
915 3678 1709 3751 Salvamrexeqnitur.(llatth.
1727 3679 1866 3750 xxi),

262 3790 320 3834 et
350 3777 496 3849 quod
527 3777 615 3832 bic
641 3775 1086 3846 praetermissum
1117 3782 1220 3841 est,
1248 3773 1468 3830 Scribas
1493 3784 1546 3828 et
1564 3772 1874 3827 Pborisa-os

262 3873 593 3942 interrogat.
620 3871 682 3926 in
705 3870 844 3930 lsaia
871 3870 1020 3928 enim
1051 3869 1192 3926 nihil
1219 3869 1425 3925 dictum
1455 3876 1540 3923 est
1569 3867 1635 3922 de
1662 3867 1876 3937 agricov

261 3967 370 4032 lis,
406 3979 506 4020 nec
535 3979 654 4034 quae
685 3962 897 4033 passuri
949 3963 1059 4016 siut
1092 3961 1395 4026 iudicatur;
1429 3960 1523 4015 sed
1563 3969 1780 4014 tantum
1808 3958 1876 4015 de

262 4057 432 4112 vinea
477 4070 659 4114 seruio
691 4065 775 4110 est
801 4073 818 4108 ι
852 4055 926 4110 ibi
954 4065 1140 4109 autem
1172 4052 1328 4124 quasi
1371 4053 1479 4110 alia
1517 4051 1590 4112 sit
1633 4052 1792 4106 vinea
1821 4061 1877 4106 et

259 4150 367 4209 alii
387 4151 686 4222 agricolm,
720 4150 798 4207 sic
829 4149 909 4207 de
934 4149 1140 4221 populo
1162 4147 1416 4218 loquitur
1459 4155 1513 4202 et
1559 4145 1833 4216 magistris
1855 4188 1871 4213 ,

263 4255 333 4301 ut
377 4245 547 4299 rnalos
577 4244 722 4299 male
761 4242 985 4314 perdat,
1016 4253 1074 4297 et
1107 4240 1320 4300 vineam
1355 4239 1480 4302 aliis
1509 4238 1765 4309 agricolis
1787 4237 1878 4294 lo—

257 4347 394 4404 cet;
426 4336 739 4406 significans
787 4334 1070 4411 apostolos
1103 4342 1164 4390 et
1201 4348 1298 4390 cos
1326 4333 1419 4404 qui
1458 4331 1724 4401 apostolis
1752 4345 1878 4388 suc-

265 4429 485 4488 cessuri
511 4439 656 4486 sunt.
686 4427 798 4486 Nec
841 4443 968 4484 vero
998 4428 1301 4503 raurobqtiﬂ
1345 4435 1429 4482 est
1455 4469 1468 4492 ,
1518 4435 1577 4480 ut
1621 4423 1878 4495 plerique

265 4525 548 4582 msrimant
575 4523 628 4580 in
660 4537 726 4580 eo
755 4523 900 4603 quod
925 4522 1040 4576 ait:
1072 4522 1150 4576 An
1189 4519 1328 4592 quod
1352 4519 1644 4591 exspectaui
1669 4563 1682 4584 ,
1716 4528 1772 4574 ut
1791 4521 1880 4589 [rb

1973 3305 2348 3374 respondeant
2368 3307 2652 3376 quomodo
2683 3324 2848 3377 supra
2898 3309 3080 3365 Busim
3122 3327 3227 3368 non
3258 3312 3537 3370 labruscas
3561 3355 3575 3384 ,

1972 3398 2068 3454 sed
2107 3400 2286 3471 spinas
2320 3401 2737 3458 transtulerunt.

2049 3489 2114 3544 Et
2161 3493 2379 3547 nubibus
2411 3494 2670 3548 mmtdobo
2704 3513 2766 3551 ue
2799 3498 2982 3567 pluaut
3010 3516 3168 3569 super
3196 3518 3309 3555 eam
3340 3503 3576 3560 imbrem.

1975 3584 2235 3640 lstmsunt
2253 3588 2435 3644 nubes
2453 3605 2594 3660 quas
2611 3589 2807 3645 eduxit
2823 3593 3208 3665 720mninus
3235 3598 3302 3652 ab
3330 3610 3578 3656 extremo

1978 3689 2136 3735 terra:
2162 3723 2174 3743 ,
2209 3681 2277 3736 de
2301 3684 2500 3754 quibus
2527 3693 2588 3739 et
2619 3686 2668 3738 iu
2702 3687 2910 3756 psalmo
2943 3689 3169 3760 legimus
3201 3710 3214 3746 :
3265 3691 3468 3747 Veritas
3492 3705 3579 3748 tua

1977 3789 2135 3840 nam
2167 3773 2241 3828 ad
2269 3776 2427 3836 nubes
2477 3774 2594 3848 (Ps.
2635 3793 2804 3845 xxxv,
2835 3779 2917 3849 6).
2951 3781 3046 3834 Ha:
3081 3784 3282 3852 nubes,
3320 3788 3577 3852 quoniam

1974 3866 2080 3919 sub
2109 3864 2224 3924 Elia
2252 3883 2443 3922 omnes
2467 3868 2778 3924 idololatria
2802 3879 2990 3937 erant,
3021 3875 3194 3927 tribus
3216 3877 3374 3930 anuis
3401 3889 3455 3930 et
3485 3892 3580 3932 sex

1978 3957 2257 4013 mensibus
2284 3973 2452 4028 super
2483 3969 2681 4030 terrain
2716 3961 2882 4016 Israel
2915 3979 3020 4018 non
3057 3967 3311 4035 pluet-unt
3333 3967 3423 4040 (lll
3451 3969 3578 4042 Reg.

1979 4046 2153 4119 xum).
2185 4051 2341 4118 Quod
2373 4052 2593 4124 quidem
2627 4069 2733 4109 non
2781 4056 2958 4112 solum
3009 4060 3075 4113 de
3124 4063 3406 4132 prophetis
3437 4106 3450 4126 .
3485 4066 3584 4121 sed

1975 4141 2046 4202 de
2069 4145 2333 4211 apostolis
2357 4161 2659 4215 possumus
2681 4147 3023 4220 intelligere,
3049 4155 3192 4223 quod
3221 4140 3342 4225 post
3375 4160 3584 4228 passio.

1981 4250 2103 4292 nem
2152 4236 2395 4304 Domini,
2421 4255 2531 4294 nec
2576 4240 2905 4310 prophetas,
2938 4259 3037 4299 nec
3074 4250 3353 4315 apostolos
3383 4251 3585 4308 habue-

1979 4339 2106 4387 runt
2151 4330 2357 4398 Judaei,
2392 4349 2459 4389 ne
2501 4349 2601 4404 pro
2634 4337 2756 4390 uvis
2787 4336 3055 4394 aberrent
3099 4344 3317 4412 spinas,
3351 4346 3445 4401 scd
3483 4364 3581 4419 pro

1978 4425 2274 4482 sterilitate
2309 4436 2364 4482 et
2389 4429 2640 4485 ariditate
2667 4446 2761 4485 sua
2789 4444 3144 4500 precarentur
3171 4453 3292 4502 cum
3313 4479 3327 4504 ,
3363 4441 3451 4511 qui
3486 4458 3584 4511 po-

1985 4529 2089 4577 test
2125 4522 2331 4577 imbres
2375 4525 2938 4593 praebere-virtutum.
2977 4527 3139 4584 {inde
3169 4544 3218 4584 et
3255 4533 3305 4585 iu
3335 4533 3584 4592 Levitieo

263 4631 412 4678 ceret
454 4636 607 4687 uuas,
635 4631 686 4674 et
717 4619 852 4692 fecit
889 4616 1206 4672 lubruscas?
1247 4614 1426 4686 Supra
1459 4614 1606 4672 enim
1643 4611 1788 4684 apud
1809 4625 1878 4675 ﬂe
1903 4610 1960 4672 ἲ)
1987 4614 2229 4683 loquitur
2250 4616 2316 4670 ad
2348 4631 2444 4671 eos
2475 4635 2486 4669 :
2519 4616 2723 4671 Portam
2749 4621 2933 4674 coetum
2962 4621 3102 4677 vobis
3125 4627 3380 4694 ferreum,
3411 4638 3458 4682 ει
3485 4639 3588 4683 (gr.

263 4720 385 4792 71
415 4716 613 4772 tacitus
641 4715 912 4786 loquitur,
961 4711 1052 4770 hic
1083 4721 1270 4768 autem
1317 4709 1460 4780 quod
1488 4708 1830 4780 cogitaremt
1855 4750 1869 4774 ,

266 4810 298 4850 δ
330 4809 474 4865 alios
501 4809 828 4882 interrogat.

339 4900 535 4974 (Vers.
569 4902 624 4969 5,
659 4900 736 4970 6.)
770 4898 836 4956 Et
863 4915 1000 4955 nunc
1025 4897 1295 4953 ostendam
1342 4895 1480 4952 vobis
1506 4896 1635 4968 quid
1677 4911 1769 4967 ego
1796 4900 1878 4967 {a-

267 4997 416 5052 ciem
464 4997 623 5052 viuere
652 5011 779 5050 mem
822 5012 839 5050 :
870 4993 1115 5064 Auferath
1141 5009 1319 5063 sepem
1349 4996 1482 5065 ejus,
1517 5001 1562 5046 et
1594 4991 1689 5045 erit
1721 4992 1771 5046 in
1803 4990 1878 5045 di-

265 5091 563 5163 reptionem
595 5105 614 5144 :
643 5090 852 5144 diruam
880 5087 1162 5142 maceriam
1195 5088 1340 5159 ejus,
1373 5095 1418 5140 et
1449 5087 1543 5140 erit
1584 5085 1636 5139 in
1666 5083 1879 5146 concul-

266 5186 559 5241 catiouem.
583 5182 660 5238 Et
687 5201 879 5255 ponam
910 5200 1026 5242 eam
1055 5183 1352 5247 deserttuu;
1381 5199 1485 5236 non
1504 5180 1806 5252 _-putabitur,
1839 5188 1887 5234 et

266 5278 642 5350 nanjodietur
673 5295 691 5333 :
722 5289 767 5334 et
791 5278 1078 5334 ascenderit
1112 5288 1133 5316 ε
1155 5294 1322 5346 super
1345 5293 1465 5342 eum
1489 5293 1670 5346 uepres
1702 5284 1750 5331 et
1775 5275 1889 5350 spi—

267 5388 382 5430 ηε.
405 5371 748 5437 Provocavi,
779 5371 986 5442 inquit,
1019 5386 1115 5426 vos
1150 5386 1344 5440 supra,
1373 5385 1403 5423 ο
1424 5368 1774 5432 habitatores
1796 5367 1889 5423 Je-

265 5466 543 5534 rusalem,
584 5476 640 5522 et
672 5466 774 5524 xiri
815 5466 995 5534 tribus
1035 5464 1223 5532 Judae,_.
1265 5475 1324 5526 .ut
1374 5462 1696 5533 iudicaretis
1733 5461 1889 5523 inter

267 5577 367 5620 me
409 5570 477 5616 .et
509 5560 719 5618 vineam
765 5575 980 5629 meatu”
1016 5567 1073 5615 et
1105 5556 1490 5629 interrogari,
1519 5565 1583 5614 ut
1629 5553 1888 5616 diceretis

331 5718 382 5745 ’³³
397 5707 556 5764 ﬂiam
573 5706 786 5773 ταιὶοη
815 5704 978 5759 Nam:
1022 5719 1147 5776 ergo
1167 5701 1486 5757 habitatores
1521 5709 1570 5754 et
1600 5698 1696 5753 viri
1721 5696 1752 5751 J
1759 5697 1881 5766 uda,

268 5781 494 5850 absque
517 5778 816 5834 dcundum
831 5777 1083 5850 mune.

353 5851 387 5892 δ
407 5845 623 5918 ’νειίοη
652 5853 704 5906 in
733 5861 904 5916 reeto,
934 5845 1093 5902 alius.

1984 4725 2312 4764 ramteneam
2345 4709 2532 4782 (Leuit.
2586 4729 2734 4776 xxw,
2767 4714 2878 4782 l9).
2926 4714 2992 4769 Et
3025 4717 3075 4770 iu
3107 4717 3537 4782 ‘Deutcronomio
3571 4744 3582 4779 :

1986 4801 2099 4857 Exit
2131 4805 2311 4859 caelum
2344 4822 2503 4874 super
2533 4815 2689 4877 caput
2719 4819 2862 4861 tuum
2891 4824 3093 4863 teneam
3123 4854 3137 4878 ,
3172 4825 3218 4865 et
3249 4824 3387 4868 terra
3417 4818 3591 4872 subter

1985 4906 2031 4952 te
2063 4899 2233 4967 ferrea
2263 4895 2628 4963 (Deut.xxvnt
2656 4940 2670 4964 ,
2719 4900 2820 4962 25,
2851 4899 2973 4974 24).
3012 4901 3082 4956 Et
3127 4919 3368 4972 rursum,
3432 4909 3589 4964 Dabit

1981 4988 2241 5051 Dominus
2271 4989 2505 5061 pluviam
2541 5002 2690 5047 terra:
2721 5003 2843 5047 tute.
2875 4991 2899 5028 ά
2937 4995 3000 5048 Et
3027 5035 3041 5061 ,
3075 4994 3216 5076 Cinis
3249 4999 3311 5052 de
3343 5002 3469 5056 malo
3489 5004 3590 5076 dc-

1983 5084 2192 5141 scendet
2222 5099 2380 5155 super
2425 5095 2496 5152 te,
2535 5088 2708 5141 donec
2737 5086 2968 5142 eradicet
3003 5099 3089 5156 te,
3124 5070 3174 5144 et
3219 5093 3418 5164 (le/eat;
3463 5070 3588 5168 quia

1991 5184 2136 5232 terra
2178 5195 2299 5248 qum
2331 5177 2648 5250 frequenter
2685 5197 2864 5250 super
2893 5199 2954 5236 se
2983 5185 3308 5242 venientem
3361 5192 3590 5262 suscipit

1992 5272 2251 5342 pluviam,
2287 5284 2341 5328 et
2371 5274 2637 5328 noul‘acit
2659 5286 2904 5345 segetem
2938 5317 2952 5342 ,
2987 5278 3082 5332 scd
3129 5282 3314 5348 spinas
3346 5293 3394 5336 et
3428 5287 3592 5339 trillu-

1989 5365 2104 5433 los,
2138 5368 2365 5438 repcobo
2395 5378 2481 5423 est
2510 5378 2566 5422 et
2589 5370 2990 5426 maledictionis
3026 5373 3268 5442 proxima
3295 5420 3308 5442 ,
3341 5377 3497 5448 cujus
3530 5379 3592 5434 ti-

1990 5460 2076 5514 uis
2104 5461 2415 5518 combustio
2445 5469 2551 5517 est.
3399 5451 3402 5454 ⁴

2064 5554 2244 5627 (Nero.
2272 5556 2358 5628 .7.)
2403 5555 2761 5612 Vinea-autem
2798 5556 3014 5613 *Domt'm'
3060 5561 3372 5616 eaercituum
3402 5563 3587 5627 domm

2071 5709 2094 5774 εξ
2125 5698 2474 5774 Desideratur
2499 5701 2555 5764 in
2584 5702 2759 5773 Vat-ie.
2785 5721 3103 5774 superem,

2071 5767 2097 5806 ἀ
2132 5770 2294 5862 Addit
2330 5773 2608 5862 Victor-Le!
2640 5767 2901 5846 pulvereum
2934 5767 3050 5842 ,τ’-ἓξ
3086 5777 3276 5836 Gnaeo
3311 5790 3557 5862 κονιορτὸν
3581 5825 3597 5857 ,

2000 5851 2161 5912 atque
2193 5843 2458 5906 Hebraico
2480 5851 2619 5929 p38.
