4052 6472
501 300 574 357 ’19

1768 295 1826 354 S.
1868 291 2141 354 EUSEBII
2177 293 2566 353 HIERONYMI

3741 288 3812 349 80

502 414 671 471 Israel
697 422 769 470 est
794 430 814 471 :
831 422 880 470 et
905 414 1004 470 uiri
1030 414 1175 469 Juda
1197 428 1403 484 germen
1422 411 1720 469 delectabile
1740 412 1875 483 ejus.
1909 411 1966 468 Id
1987 420 2092 483 est,
2124 416 2181 478 Α
2201 429 2385 485 agrum
2412 428 2539 484 agro
2559 410 2818 483 copulatis
2845 426 3006 482 usque
3032 411 3103 465 ad
3132 409 3411 466 terminum
3439 408 3543 463 loci
3573 424 3594 463 :
3640 406 3813 462 Nunt-

503 507 604 564 Dei
636 527 655 564 :
684 510 801 566 sive
840 518 899 565 ut
937 508 1082 565 LXX
1125 509 1562 580 transtulerunt,
1611 507 1815 564 novella
1845 508 2101 579 plantatio

503 603 861 659 dilectissimo.
897 603 1062 659 Israel
1091 613 1148 659 et
1174 602 1345 659 Iudas
1390 603 1495 659 hoc
1523 603 1669 659 inter
1708 618 1769 659 se
1810 601 2099 669 differunt,

505 697 653 766 quod
692 697 870 751 omnis
919 695 1148 768 populus
1193 698 1342 767 prius
1371 696 1750 768 appellabatur
1798 697 2002 763 Israel,
2048 705 2105 753 et

508 802 691 861 postea
711 837 727 860 ,
756 800 1019 862 regnante
1050 790 1224 848 David
1267 806 1434 863 super
1462 791 1662 854 tribum
1694 790 1831 848 Juda
1862 835 1876 859 ,
1911 798 1968 847 et
1995 790 2106 847 Ro-

506 884 663 940 hoam
698 883 812 939 ﬁlio
848 883 1157 941 Salomonis
1201 899 1369 955 super
1408 883 1544 939 duas
1571 884 1779 954 tribus,
1810 882 2006 940 Iudam
2050 891 2107 939 et

505 974 787 1044 Benjamin
809 1018 824 1043 ,
853 974 907 1029 hi
938 977 1029 1045 qui
1059 983 1220 1031 erant
1249 991 1301 1031 tu
1334 974 1582 1032 Samaria
1606 1020 1621 1046 ,
1652 976 1756 1031 hoc
1775 983 1887 1042 est,
1913 975 2104 1031 decem

507 1068 718 1137 tribus,
772 1068 1109 1125 vocabantur
1137 1069 1336 1137 Israel;
1372 1079 1428 1127 et
1471 1070 1668 1141 quibus
1708 1070 2012 1141 regnabant
2036 1067 2107 1125 de

503 1178 705 1234 genere
747 1163 952 1230 David,
985 1163 1403 1233 appellabantur
1446 1162 1607 1220 Juda.
1656 1162 1723 1220 Et
1751 1165 2006 1235 quoniam
2038 1161 2108 1219 ab

507 1255 675 1311 Israel
703 1255 856 1310 vituli
885 1254 1207 1311 colebantur
1238 1255 1292 1311 in
1324 1256 1438 1312 Dan
1471 1299 1484 1323 ,
1515 1266 1571 1313 et
1599 1257 1652 1312 in
1677 1256 1868 1313 Betltel
1888 1299 1902 1325 ,
1945 1271 2112 1328 prop-

504 1352 657 1404 terea
706 1348 776 1404 ab
826 1349 1068 1421 Assyriis
1111 1349 1343 1420 primum
1392 1357 1479 1405 est
1511 1358 1668 1420 capta
1719 1349 2001 1416 Samaria;
2053 1358 2110 1406 et

505 1442 683 1496 multo
711 1451 833 1510 post
862 1450 1108 1513 tempore
1135 1442 1303 1499 Iudas
1329 1459 1360 1498 a
1390 1441 1664 1499 Chaldaeis
1705 1444 1902 1502 ductus
1931 1454 2016 1502 est
2051 1445 2106 1502 in

502 1535 839 1606 Babylonem
864 1580 878 1604 ,
910 1537 1037 1608 quia
1069 1537 1284 1592 minora
1313 1546 1699 1608 peccaverant.
1748 1537 1904 1594 [inde
1952 1546 2023 1615 et,
2054 1539 2110 1595 in

505 1629 799 1687 Ezechiele
824 1630 891 1686 ad
925 1632 1207 1701 utriusque
1239 1632 1421 1701 populi
1448 1641 1668 1703 peccata
1700 1633 2000 1703 purganda,
2031 1633 2109 1690 Is-

506 1724 621 1780 rael
652 1724 706 1778 in
733 1723 963 1780 sinistro
992 1722 1166 1780 latere
1194 1734 1465 1793 ponuntur
1486 1769 1499 1793 ,
1528 1728 1683 1797 juxta
1715 1725 2070 1797 Septuaginta
2089 1771 2105 1795 ,

2203 505 2330 575 quid
2357 504 2655 560 habitabilis
2684 505 2786 560 soli
2813 521 2901 560 vos
2913 522 3069 575 super
3081 513 3274 560 terram
3297 504 3323 559 2
3344 503 3451 559 Pro
3465 518 3531 558 eo
3544 500 3689 571 quod
3714 513 3816 556 nos

2203 596 2463 664 diximus,
2494 615 2654 671 usque
2673 600 2741 651 ad
2769 599 3045 654 terminum
3071 599 3195 661 loci.
3226 596 3372 653 LXX
3391 594 3812 659 transtulerunt,

2203 699 2293 743 aut
2317 692 2571 764 auferatis
2597 693 2838 764 proximo
2868 710 2887 749 :
2939 693 3305 765 Symmachus
3358 701 3415 748 et
3462 688 3813 747 Theodotio:

2205 785 2368 842 donec
2395 785 2623 856 deﬁciat,
2656 784 2734 840 vel
2764 802 2867 840 non
2896 785 2965 841 sit
2993 786 3169 852 locus;
3206 796 3264 841 ut
3286 784 3579 842 deﬁciente
3643 794 3815 851 terra,

2205 893 2546 948 nequaquam
2569 885 2848 937 saturetur
2873 879 3124 935 avaritia.
3155 878 3310 948 Quod
3364 878 3583 948 quidem
3613 884 3671 932 et
3721 890 3821 948 ge-

2206 977 2469 1033 neraliter
2491 976 2779 1033 adversum
2826 993 3045 1046 omnes,
3098 978 3299 1050 quibus
3345 977 3481 1033 nihil
3534 977 3668 1033 satis
3708 985 3819 1043 est,

2206 1069 2411 1126 dictum
2441 1080 2602 1140 puto:
2632 1078 2688 1126 et
2714 1070 3029 1142 specialiter
3075 1081 3262 1127 contra
3311 1071 3527 1128 vineam
3578 1067 3823 1135 Domini,

2206 1178 2327 1234 qua:
2356 1178 2453 1233 pro
2484 1162 2602 1218 uvis
2628 1161 2756 1219 fecit
2786 1162 3089 1232 labruscas,
3120 1162 3177 1218 id
3197 1172 3299 1231 est,
3332 1179 3433 1234 pro
3464 1160 3670 1233 judicio
3712 1159 3826 1216 iui-

2207 1256 2496 1327 quitatem,
2525 1264 2583 1312 et
2600 1271 2699 1325 pro
2715 1256 2930 1327 jnstitia
2950 1254 3539 1329 οιιιιιιοιιθιιιηάριιω
3566 1264 3652 1311 est
3669 1253 3826 1310 enim

2209 1348 2414 1415 rabies,
2456 1363 2581 1404 cum
2620 1357 2763 1405 tecta
2792 1358 2851 1405 et
2884 1349 3001 1419 agri
3044 1348 3111 1404 ad
3167 1336 3527 1419 depellendus
3580 1348 3822 1417 imbres,

2208 1450 2263 1496 et
2293 1441 2360 1496 ad
2390 1441 2655 1497 serendae
2682 1440 2789 1515 [ΑΙ.
2819 1441 3106 1516 cerendas]
3130 1442 3310 1514 fruges
3349 1441 3538 1498 haberi
3560 1441 3829 1510 debeant,

2210 1548 2275 1589 ea
2302 1533 2503 1590 habere
2531 1548 2750 1604 cupere,
2776 1534 2828 1589 in
2853 1534 3049 1605 quibus
3073 1534 3284 1592 cunctis
3300 1534 3546 1592 habitare
3564 1550 3670 1591 non
3695 1551 3831 1606 pos-

2210 1626 2306 1695 sis,
2331 1636 2388 1683 et
2409 1643 2533 1699 quae
2559 1630 2740 1684 colere
2773 1643 2879 1686 non
2909 1629 3183 1685 sufﬁcias:
3213 1630 3547 1700 alteriusque
3577 1629 3831 1686 necessi-

2214 1728 2402 1789 tatem,
2436 1731 2582 1776 tuam
2611 1720 2796 1778 facere
2821 1722 3205 1795 voluptatem?
3248 1722 3413 1779 Juxta
3457 1723 3831 1796 tropologiam

504 1816 624 1872 dies
655 1826 875 1871 centum
907 1818 1204 1888 nonaginta
1224 1861 1239 1885 ,
1289 1817 1407 1874 sive
1432 1828 1491 1873 ut
1533 1819 1720 1874 verius
1749 1819 1803 1873 in
1840 1818 2110 1875 Hebraico
2139 1810 2188 1873 B
2212 1823 2405 1869 contra
2432 1812 2720 1870 haereticos
2746 1814 2965 1884 quidam
2994 1815 3097 1871 hoc
3114 1816 3320 1872 dictum
3342 1816 3708 1873 arbitrantur:
3729 1817 3834 1889 qui

507 1911 845 1978 continetur,
870 1910 1100 1965 trecenti
1128 1911 1419 1979 nonaginta
1444 1928 1458 1963 τ
1489 1910 1645 1967 Iudae
1665 1923 1851 1968 autem
1873 1912 2109 1983 quadra-

503 2002 655 2073 ginta
679 2000 798 2057 dies
822 2000 1041 2071 {Ezecln
1059 2014 1134 2070 tv,
1149 2004 1310 2076 juxta
1331 2001 1477 2058 LXX
1497 2013 1544 2058 et
1560 2006 1721 2078 juxta
1745 2002 2108 2077 Hebraicum).

506 2093 621 2151 Hoc
646 2093 768 2150 dico
794 2135 808 2157 .
843 2103 903 2149 ut
943 2094 1359 2163 comparatione
1398 2093 1606 2163 Israel,
1652 2095 1706 2151 id
1755 2106 1872 2165 est,
1918 2096 2109 2153 decem

505 2187 744 2242 tribuum
761 2227 777 2255 ,
808 2186 1100 2242 amabilem
1119 2196 1283 2258 atque
1308 2187 1568 2243 dilectum
1581 2189 1865 2245 ostendam
1893 2189 2110 2257 Iudam,

504 2279 564 2336 in
608 2296 719 2351 quo
749 2290 910 2335 erant
949 2280 1263 2338 sacerdotes
1317 2290 1372 2337 et
1419 2281 1629 2351 levitas,
1671 2293 1727 2339 et
1765 2283 1866 2338 Dei
1918 2284 2112 2356 religio

503 2376 832 2431 versabatur
857 2391 924 2429 eo
956 2385 1235 2446 tempore,
1275 2391 1384 2448 quo
1415 2378 1681 2448 propheta
1727 2378 1895 2434 Isaias
1923 2379 2112 2449 loque-

504 2468 669 2525 batur
698 2469 765 2525 ad
800 2470 1083 2541 p0pulum.
1120 2470 1191 2526 Et
1220 2472 1450 2542 pulchre
1483 2471 1689 2540 Israel,
1729 2472 1835 2529 huc
1875 2481 1996 2542 est,
2033 2482 2117 2529 to-

504 2573 598 2618 tus
629 2564 893 2633 populus,
927 2565 1126 2621 domus
1170 2575 1255 2622 est
1288 2583 1302 2621 :
1334 2566 1504 2623 Iudas
1545 2578 1726 2624 autem
1748 2608 1765 2636 ,
1812 2569 1904 2641 qui
1958 2584 2117 2640 sepa-

500 2657 635 2712 ratis
664 2657 772 2730 73
792 2658 1040 2713 tribubus
1072 2667 1261 2730 postea
1278 2660 1583 2730 pullulavit,
1608 2662 1887 2718 novellum
1914 2661 2115 2719 dicitur

502 2749 848 2806 delectabile.
878 2751 988 2809 Sed
1020 2759 1076 2807 et
1126 2754 1229 2809 hoc
1259 2753 1587 2825 notandum,
1622 2757 1768 2827 quod
1793 2757 1949 2828 juxta
1982 2773 2116 2813 con-

505 2843 856 2900 suetudinem
890 2845 1303 2915 prophetalem,
1346 2863 1469 2918 quae
1511 2847 1661 2917 prius
1692 2865 1791 2919 per
1829 2850 2114 2921 metapho-

501 2952 620 2993 ram
649 2935 797 2993 dicta
824 2945 999 3004 sunt,
1046 2938 1134 2993 vel
1176 2955 1270 3009 per
1316 2939 1629 3008 parabolam
1653 2983 1671 3009 ,
1720 2950 1908 3013 postea
1948 2958 2119 3013 expo-

509 3039 712 3087 nuntur
744 3030 1085 3087 manifestius
1117 3049 1131 3086 :
1160 3034 1311 3105 quod
1357 3034 1515 3091 vinea
1556 3046 1613 3092 et
1658 3038 1873 3094 novella
1901 3037 2116 3109 planta-

509 3124 585 3181 tio
601 3169 616 3192 ,
640 3123 809 3180 Israel
838 3134 895 3178 et
915 3123 1087 3181 Iudas
1113 3125 1207 3181 sit.

2210 1920 2334 1961 cum
2377 1919 2660 1962 moverent
2695 1907 2864 1978 pedes
2904 1924 3033 1965 suos
3070 1908 3139 1964 de
3191 1908 3438 1976 Oriente,
3497 1910 3717 1966 veniunt
3768 1910 3836 1967 in

2210 2015 2460 2070 campum
2494 2002 2754 2068 Sennaar,
2787 2002 3287 2072 quiinterpretatur
3301 2005 3534 2060 excussio
3558 2005 3836 2063 dentiant:

2210 2102 2267 2148 et
2287 2092 2555 2149 aediﬁcant
2578 2095 2862 2152 civitatem
2883 2096 3243 2164 confusionis,
3280 2099 3586 2170 turrimque
3635 2114 3837 2169 super-

2212 2187 2336 2257 biae,
2365 2199 2419 2244 et
2445 2190 2674 2246 audiunt
2698 2191 2802 2247 sub
2832 2191 3012 2249 verbis
3034 2192 3188 2247 aliis:
3245 2194 3438 2247 Audite
3487 2195 3619 2261 hac,
3666 2194 3836 2250 duces

2213 2279 2395 2336 domus
2415 2281 2600 2348 Iacob,
2626 2293 2674 2337 et
2702 2284 2903 2339 residui
2933 2284 3118 2340 domus
3140 2283 3329 2353 Israel,
3351 2287 3837 2360 quiabominamini

2203 2374 2491 2447 judicium,
2523 2385 2571 2429 et
2599 2377 2775 2431 omnia
2794 2386 2935 2433 recta
2961 2379 3374 2452 μεῖνεν-ἠύς,ᾳηί
3402 2380 3674 2451 aediﬁcetis
3694 2380 3837 2435 Sion

2210 2467 2267 2522 in
2291 2470 2655 2540 sanguinibus,
2681 2481 2730 2525 et
2758 2469 3050 2527 Jerusalem
3071 2473 3127 2529 in
3146 2475 3417 2546 iniquitate
3448 2475 3636 2548 (Hich.
3667 2490 3745 2542 ιιι,
3765 2475 3831 2544 9,

2215 2559 2332 2633 10).
2360 2560 2450 2618 Isti
2470 2563 2663 2619 domos
2691 2563 2968 2630 domibus,
3001 2565 3054 2620 id
3078 2577 3183 2635 est,
3214 2567 3466 2638 dogmata
3492 2570 3839 2639 conjungunt

2214 2654 2600 2727 dogmatibus;
2649 2658 2848 2729 quibus
2918 2658 3119 2715 dicitur
3160 2676 3260 2732 per
3301 2661 3606 2731 Michtram,
3650 2660 3840 2719 Nolite

2215 2746 2477 2817 aedificare
2504 2748 2559 2803 in
2578 2748 2735 2805 domo
2755 2749 2988 2805 derisum
3018 2751 3209 2824 (Mich.
3226 2752 3333 2826 ιιι),
3360 2769 3428 2810 ne
3442 2769 3607 2825 supra
3635 2753 3839 2811 funda-

2217 2850 2460 2896 mentum
2481 2838 2704 2908 Christi,
2731 2842 2877 2913 quod
2905 2845 3185 2915 apostolus
3208 2844 3409 2903 Paulus
3438 2848 3619 2919 posuit
3640 2848 3685 2922 (I
3704 2847 3835 2906 Cor.

2216 2940 2299 3011 ιιι)
2328 2949 2384 2997 et
2404 2942 2459 2996 in
2484 2957 2591 3013 quo
2622 2943 3220 3005 debuerantazdilicare
3250 2963 3465 3019 aurum,
3516 2961 3833 3022 argentum,

2217 3031 2429 3103 lapides
2450 3034 2759 3105 pretiosos:
2791 3039 3105 3095 econtrario
3126 3040 3399 3099 aediﬁcent
3427 3043 3593 3116 ligna,
3624 3046 3835 3115 fenum,

2220 3126 2498 3195 stipulam,
2531 3143 2761 3197 quorum
2792 3129 3249 3190 Iinisincendium
3307 3144 3412 3192 est.
3465 3138 3543 3194 De
3574 3138 3838 3209 hujusce.

580 3216 650 3271 Et
679 3218 971 3289 exspectavi
991 3226 1047 3271 ut
1068 3217 1260 3289 faceret
1269 3219 1558 3293 judicium,
1592 3231 1640 3277 et
1660 3238 1779 3279 ecce
1824 3223 2074 3292 iniquitas
2096 3239 2117 3279 :
2140 3202 2188 3265 Ο
2220 3216 2368 3273 modi
2391 3217 2643 3277 domibus
2668 3220 2919 3278 Salvator
2942 3223 2997 3280 in
3027 3226 3322 3299 Evangelio
3354 3230 3592 3301 loquitur
3623 3202 3662 3286 τ’
3704 3231 3839 3288 0m-

508 3320 557 3365 et
570 3309 856 3383 justitiam,
882 3319 930 3365 et
942 3325 1057 3365 ecce
1074 3310 1295 3378 clamor,
1315 3311 1431 3367 sive
1447 3322 1503 3368 ul
1526 3312 1671 3369 LXX
1692 3317 2117 3385 transtulerunt,

509 3398 828 3473 Exspectaui
857 3413 911 3457 ut
939 3402 1130 3472 faceret
1140 3403 1426 3477 judicium,
1460 3414 1510 3462 et
1532 3406 1652 3477 fecit
1683 3408 2028 3477 iniquitatem,
2070 3420 2120 3467 et

510 3512 615 3551 non
629 3496 919 3569 justitiam,
944 3496 1038 3551 sed
1059 3496 1358 3552 clamorem.
1405 3498 1675 3557 Volumus
1722 3501 1932 3560 Latinis
1986 3504 2120 3560 iusi-

511 3606 683 3645 nuare
702 3590 930 3646 auribus
955 3592 1099 3662 quod
1127 3590 1195 3647 ab
1219 3591 1463 3649 Hebrteis
1484 3594 1773 3652 didicimus
1795 3596 2114 3671 :Judicium,

511 3683 658 3754 apud
687 3699 786 3740 eos
845 3684 1155 3756 appellatur
1206 3702 1453 3745 ιιεειηιΑ-ι·
1511 3691 1798 3762 (nam):
1850 3692 2117 3764 iniquitas,

509 3776 629 3832 sive
658 3776 956 3847 dissipatio,
985 3788 1043 3832 ut
1069 3776 1469 3847 interpretatus
1504 3790 1593 3838 est
1608 3784 1827 3855 Aquila,
1876 3803 2124 3847 uesrnss.

512 3868 768 3940 (ΠΞΨῺ).
800 3868 1043 3970 Rursum
1054 3870 1269 3944 justitia
1290 3871 1493 3930 dicitur
1514 3890 1717 3970 suasca
1744 3879 1941 3970 (np'nt)
1971 3898 1985 3936 :
2013 3884 2124 3938 cla-

516 3977 631 4016 mor
656 3973 837 4017 autem
864 3962 1174 4033 appellatur
1195 3979 1364 4022 8AACA
1389 3967 1614 4058 (ﬂpm’).
1649 3970 1765 4028 Una
1800 3962 1983 4046 itaque
2035 3976 2124 4035 vel

515 4055 702 4111 addita
731 4056 934 4125 littera,
969 4057 1055 4113 vel
1083 4069 1321 4129 mutata,
1353 4062 1435 4117 sic
1454 4055 1771 4122 'verhorum
1799 4067 2123 4127 similitudi-

451 4199 458 4207 ,
515 4163 645 4203 nem
667 4148 1013 4218 temperavit,
1042 4157 1100 4205 ut
1125 4165 1227 4221 pro
1255 4167 1520 4223 ussrusr,
1554 4164 1580 4192 °
1610 4172 1884 4217 uesruu:
1917 4172 1969 4217 et
2025 4179 2125 4236 pro

516 4255 720 4297 ssnscs
748 4248 979 4310 poneret
1002 4256 1191 4311 SAACA,
1224 4251 1283 4299 et
1312 4246 1618 4317 elegantem
1654 4260 1986 4309 structuram
2037 4270 2127 4313 so-

517 4348 762 4405 numque
792 4335 1111 4404 verborum,
1143 4336 1297 4405 juxta
1325 4338 1609 4398 Hebratam
1641 4344 1878 4417 linguam
1929 4348 2127 4407 redde-

524 4436 628 4483 ret.
660 4425 1012 4497 Exspectavit
1033 4438 1223 4485 autem
1246 4430 1409 4499 Deus,
1442 4442 1503 4489 ut
1526 4438 1762 4506 pepulus
1813 4439 2127 4499 Judreorum

523 4520 731 4576 faceret
752 4519 1042 4592 judicium,
1074 4522 1130 4579 id
1157 4534 1265 4594 est,
1300 4541 1469 4583 uvas:
1495 4540 1550 4586 et
1575 4530 1702 4588 fecit
1755 4534 2124 4610 iniquitatem,

524 4611 580 4669 id
600 4625 683 4670 est
704 4614 1017 4671 labruscas:
1049 4624 1106 4672 et
1126 4620 1470 4690 exspectavit
1493 4621 1779 4697 juSIitiam,
1813 4600 1873 4685 ut
1908 4600 2132 4703 largito-
2154 4600 2209 4663 Β

525 4724 646 4764 rem
671 4717 942 4767 tantorum
971 4726 1257 4768 munerum
1291 4728 1322 4769 a
1356 4714 1517 4773 Patre
1548 4719 1773 4777 ntiSsum
1799 4724 2129 4797 susciperet,

528 4810 585 4858 et
615 4801 737 4860 fecit
768 4803 1088 4874 clamorem,
1118 4821 1227 4877 quo
1252 4808 1580 4869 vociferatus
1606 4824 1690 4870 est
1732 4825 1920 4874 contra
1952 4819 2138 4877 Domi-

524 4912 683 4965 num,
718 4908 774 4954 et
799 4897 1075 4967 clamavit,
1105 4899 1326 4957 dicens:
1350 4901 1524 4975 Tolle,
1557 4906 1701 4978 tolle,
1754 4914 2000 4989 cruci/iga
2053 4927 2134 4973 ta-

527 4990 629 5046 lem
656 4989 835 5062 (Joan.
860 5008 976 5059 six,
1010 4992 1121 5065 I5).
1146 4994 1303 5053 Unde
1322 5005 1377 5053 et
1395 4998 1595 5057 Paulus
1611 5007 1889 5074 apostolus
1906 5009 2098 5067 scribit
2118 5030 2133 5069 :

536 5082 720 5140 Omnis
752 5085 836 5139 ira
871 5095 922 5141 et
953 5087 1170 5154 clamor,
1198 5098 1246 5144 et
1274 5088 1597 5163 blasphemia
1629 5098 1898 5168 auferatur
1926 5119 1959 5156 a
1992 5103 2132 5160 uobis

525 5193 643 5245 cum
660 5178 799 5232 omni
828 5176 1030 5234 malitia
1048 5177 1269 5252 (Ephes.
1298 5198 1376 5251 tv,
1402 5185 1516 5258 51).
1547 5187 1640 5244 Vel
1671 5202 1822 5249 certe
1869 5198 2128 5267 quoniam

522 5268 661 5340 justi
688 5270 1011 5340 sanguinem
1038 5269 1315 5341 fuderant,
1341 5278 1562 5346 sanguis
1586 5280 1880 5343 Dominica:
1915 5290 2129 5361 passio.

528 5362 616 5419 nis
639 5363 910 5419 clamabat
934 5363 1001 5419 ad
1032 5364 1317 5423 Dominum
1345 5386 1361 5426 :
1394 5382 1678 5443 prOpterea
1706 5380 1999 5439 clamorem
2029 5400 2128 5456 pro

521 5455 733 5527 justitia
764 5457 1142 5527 reddiderunt,
1173 5460 1328 5531 juxta
1358 5462 1495 5521 illud
1513 5469 1657 5535 quod
1685 5470 1738 5527 in
1769 5473 1968 5531 Genesi
1995 5455 2128 5549 legi-

525 5565 673 5618 mus,
709 5551 825 5609 Voa:
847 5554 1116 5626 sanguinis
1138 5556 1267 5611 Abel
1284 5561 1465 5630 fratris
1485 5563 1766 5622 tuiclamat
1786 5570 1854 5622 ad
1876 5586 1957 5626 me
1971 5570 2125 5644 (Gen.

531 5658 607 5712 IV,
635 5642 749 5716 10).

592 5738 780 5806 (Vero,
806 5736 890 5811 8.)
920 5739 1011 5798 Va:
1027 5743 1118 5815 qui
1137 5745 1460 5819 conjungitis
1486 5747 1693 5806 domum
1719 5754 1789 5809 ad
1813 5754 2045 5825 domum,
2076 5767 2125 5814 et

509 5929 522 5949 ι
583 5882 610 5914 ι
637 5871 787 5930 Idem
802 5872 976 5933 Vatie.
1009 5892 1110 5950 pro
1169 5881 1401 5955 mespltat
1440 5884 1634 5945 diceret
1652 5891 1944 5964 mestplian,
1972 5902 2080 5953 etc.

2221 3311 2300 3365 nis
2327 3311 2415 3382 qui
2442 3312 2667 3367 audierit
2692 3313 2845 3369 verba
2870 3333 3002 3384 mea,
3033 3328 3211 3375 etnon
3238 3320 3418 3390 fecerit
3440 3338 3524 3390 ea,
3572 3325 3840 3381 assimila-

2220 3401 2357 3458 bitur
2387 3404 2495 3460 uiro
2517 3406 2700 3474 stulto,
2729 3409 2821 3480 qui
2840 3410 3116 3481 aediﬁcavit
3134 3412 3341 3470 domum
3361 3433 3509 3473 suam
3538 3435 3696 3491 super
3719 3436 3839 3477 are-

2219 3509 2361 3549 nam.
2381 3493 2649 3551 Descendit
2662 3497 2863 3568 pluvia,
2895 3512 3139 3559 uenerunt
3154 3505 3397 3575 ﬂumina,
3426 3510 3686 3580 [laverunt
3698 3516 3839 3569 uenti

2220 3597 2270 3644 et
2299 3588 2620 3663 impegerunt
2644 3592 2697 3645 in
2721 3590 2935 3648 domum
2954 3594 3125 3662 illaut,
3150 3605 3198 3652 et
3222 3600 3406 3655 cecidit
3432 3617 3451 3656 :
3478 3612 3527 3656 et
3558 3603 3657 3674 fuit
3680 3606 3838 3662 ruina

2222 3682 2404 3738 domus
2427 3685 2573 3742 illius
2595 3703 2786 3759 magna
2813 3688 3029 3761 (Matth.
3059 3706 3154 3760 vn,
3169 3694 3261 3764 26,
3277 3695 3630 3765 27).Tautdiu
3645 3708 3837 3758 autem

2222 3790 2475 3849 quierunt
2501 3779 2745 3839 haeretici
2778 3799 2918 3839 nova
2949 3789 3227 3844 veteribus
3249 3789 3510 3863 jungere,
3544 3804 3601 3849 et
3639 3794 3837 3852 eadem

2223 3875 2630 3936 recentioribus
2661 3877 2970 3949 immutare,
2999 3879 3176 3939 donec
3219 3891 3276 3940 et
3317 3898 3511 3944 sensus
3560 3887 3840 3948 humanus

2224 3974 2281 4023 et
2302 3981 2487 4023 sermo
2510 3967 2752 4025 deticiat.

2296 4069 2480 4144 (Vers.
2502 4071 2585 4139 9.)
2612 4070 2681 4127 In
2704 4074 2921 4131 auribus
2950 4077 3077 4133 meis
3102 4088 3222 4134 sunt
3247 4079 3357 4136 haec
3424 4080 3640 4140 Domini
3685 4102 3840 4143 eccer-

2225 4164 2420 4219 cituum
2444 4181 2464 4221 :
2499 4164 2623 4221 Nisi
2655 4169 2843 4223 domus
2870 4169 3051 4226 multa:
3078 4170 3293 4230 desertae
3317 4174 3533 4245 fuerint,
3548 4180 3841 4251 grandeset

2228 4257 2461 4328 pulchra:
2484 4261 2677 4327 absque
2700 4260 3012 4321 habitatore.
3046 4264 3155 4320 Pro
3181 4281 3249 4323 eo
3266 4268 3409 4339 quod
3438 4285 3539 4326 nos
3556 4271 3842 4343 juxtalle-

2228 4349 2476 4406 braicum
2508 4353 2799 4425 vertimus,
2833 4355 2902 4412 In
2922 4358 3136 4415 auribus
3165 4361 3291 4417 meis
3331 4373 3450 4420 sunt
3478 4364 3587 4421 Itwc
3622 4364 3842 4424 Domini

2227 4446 2566 4514 exercituum,
2598 4448 2651 4504 id
2674 4459 2783 4518 est,
2816 4452 2990 4509 verba
3018 4469 3142 4526 qua:
3186 4455 3403 4514 loeutus
3429 4467 3518 4516 est
3545 4459 3836 4531 Dominus,

2232 4539 2408 4597 adhuc
2428 4553 2694 4600 resonant
2719 4545 2776 4602 in
2806 4548 3032 4604 auribus
3062 4552 3201 4606 meis
3225 4551 3837 4623 :LXXtranstulerunt,

2232 4635 2428 4690 Audita
2447 4647 2567 4693 sunt
2597 4637 2707 4696 hcec
2736 4644 2792 4696 in
2820 4642 3040 4698 auribus
3066 4642 3277 4701 Domini
3300 4646 3536 4703 sabaotlt.
3560 4647 3679 4705 Non
3691 4649 3841 4721 quod

2231 4726 2504 4797 Pr0pbeta
2538 4733 2703 4788 verba
2735 4734 2950 4791 Domini
2980 4735 3238 4806 audierit,
3260 4739 3357 4797 sed
3381 4741 3435 4796 in
3473 4742 3697 4800 auribus
3730 4743 3844 4800 Do-

2230 4822 2367 4878 mini
2397 4822 2578 4880 audita
2618 4825 2731 4882 sint
2776 4843 2898 4898 qua:
2948 4829 3219 4902 Propheta
3255 4832 3503 4891 dicturus
3542 4845 3663 4892 est:
3713 4852 3840 4895 eum

2229 4920 2656 4989 consequentius
2667 4921 2738 4976 sit
2754 4922 3081 4996 intelligere,
3102 4926 3322 4984 audisse
3342 4927 3696 5000 Prophetam,
3716 4949 3841 5005 qua:

2230 5011 2495 5070 Dominus
2545 5016 2619 5072 sit
2674 5016 2911 5073 locutus.
2955 5018 3220 5078 Dominus
3258 5032 3441 5079 autem
3484 5025 3700 5082 locutus
3728 5036 3839 5094 est,

2235 5106 2378 5177 quod
2395 5118 2519 5177 post
2537 5108 2935 5180 captivitatem,
2951 5110 3148 5170 domus
3165 5129 3374 5186 magnae
3393 5125 3559 5188 atque
3578 5118 3839 5188 pulcher-

2230 5199 2385 5254 rima:
2399 5201 2633 5258 desertae
2663 5203 2860 5260 futurae
2888 5205 3020 5273 sint,
3040 5221 3146 5263 non
3162 5206 3429 5266 habentes
3446 5210 3836 5269 habitatorem.

2303 5293 2410 5367 75
2441 5292 2624 5363 (Vers.
2658 5295 2774 5369 10.)
2807 5296 2993 5353 Decem
3022 5300 3157 5354 enim
3185 5298 3214 5339 δ
3243 5302 3428 5375 jugera
3456 5303 3724 5359 uinearum
3749 5306 3838 5377 fa-

2229 5387 2361 5442 cient
2392 5389 2723 5459 lagunculam
2761 5407 2941 5459 unam,
2971 5401 3019 5446 et
3046 5394 3258 5469 triginta
3285 5395 3447 5451 modii
3474 5400 3713 5455 sementis
3756 5398 3840 5469 fa-

2231 5482 2577 5539 cientmodios
2597 5493 2721 5541 tres.
2745 5484 2852 5541 Pro
2872 5484 3177 5559 laguncula,
3200 5505 3362 5559 quam
3385 5492 3483 5547 soli
3499 5490 3642 5547 LXX
3658 5501 3840 5549 trans-

2228 5574 2494 5639 tulerunt,
2528 5591 2723 5633 omnes
2751 5577 2844 5632 alii
2874 5577 3053 5634 batum
3086 5582 3435 5653 interpretati
3482 5593 3632 5648 sunt,
3687 5585 3837 5657 quod

2229 5667 2495 5726 Hebraice
2520 5670 2722 5728 dicitur
2750 5688 2893 5729 BB'I‘II
2933 5674 3080 5747 (na).
3114 5675 3183 5732 Et
3212 5692 3311 5750 pro
3362 5678 3591 5750 triginta
3611 5679 3833 5747 modiis,

2225 5775 2363 5833 quos
2391 5778 2493 5819 nos
2549 5780 2643 5837 pro
2679 5781 2800 5822 coro
2840 5768 3141 5839 posuimus,
3193 5770 3286 5843 qui
3328 5770 3600 5831 Hebraice
3638 5772 3837 5831 dicitur

2301 5895 2330 5938 δ
2362 5898 2707 5976 Vatic.,juga
2725 5902 3012 5961 uinearum.
