  <div class='ocr_page' id='page_1' title='image "/cluster/home/n/w/nwhite01/storage/ocr_20150623/24/hvd.32044015471386/046.png"; bbox 0 0 4052 6512; ppageno 0'>
   <div class='ocr_carea' id='block_1_1' title="bbox 177 480 3445 555">
    <p class='ocr_par' dir='ltr' id='par_1_1' title="bbox 177 480 3445 555">
     <span class='ocr_line' id='line_1_1' title="bbox 177 480 3445 555; baseline 0.004 -13"><span class='ocrx_word' id='word_1_1' title='bbox 177 483 228 544; x_wconf 81' lang='lat' dir='ltr'><strong>8i</strong></span> <span class='ocrx_word' id='word_1_2' title='bbox 732 480 1391 545; x_wconf 76' lang='lat' dir='ltr'><strong>COMMENTARIORUM</strong></span> <span class='ocrx_word' id='word_1_3' title='bbox 1430 485 1501 545; x_wconf 85' lang='lat' dir='ltr'><strong>IN</strong></span> <span class='ocrx_word' id='word_1_4' title='bbox 1538 485 1782 546; x_wconf 79' lang='lat' dir='ltr'><strong>lSAlAM</strong></span> <span class='ocrx_word' id='word_1_5' title='bbox 1821 488 2250 549; x_wconf 78' lang='lat' dir='ltr'><strong>PROPHETAM</strong></span> <span class='ocrx_word' id='word_1_6' title='bbox 2277 492 2408 551; x_wconf 84' lang='lat' dir='ltr'><strong>LIB.</strong></span> <span class='ocrx_word' id='word_1_7' title='bbox 2449 494 2517 551; x_wconf 84' lang='lat' dir='ltr'><strong>ll.</strong></span> <span class='ocrx_word' id='word_1_8' title='bbox 2557 497 2714 555; x_wconf 86' lang='lat' dir='ltr'><strong>CAP.</strong></span> <span class='ocrx_word' id='word_1_9' title='bbox 2757 497 2822 554; x_wconf 84' lang='lat' dir='ltr'><strong>V.</strong></span> <span class='ocrx_word' id='word_1_10' title='bbox 3372 498 3445 555; x_wconf 75' lang='lat'><strong>8‘2</strong></span> 
     </span>
    </p>
   </div>
   <div class='ocr_carea' id='block_1_2' title="bbox 175 578 3458 683">
    <p class='ocr_par' dir='ltr' id='par_1_2' title="bbox 175 597 3458 683">
     <span class='ocr_line' id='line_1_2' title="bbox 175 597 3458 683; baseline 0.003 -27"><span class='ocrx_word' id='word_1_11' title='bbox 175 614 297 656; x_wconf 70' lang='lat' dir='ltr'><strong>ossa</strong></span> <span class='ocrx_word' id='word_1_12' title='bbox 322 597 498 675; x_wconf 65' lang='lat' dir='ltr'><strong>(mn),</strong></span> <span class='ocrx_word' id='word_1_13' title='bbox 531 599 678 658; x_wconf 81' lang='lat' dir='ltr'><strong>LXX</strong></span> <span class='ocrx_word' id='word_1_14' title='bbox 713 601 1349 660; x_wconf 71' lang='lat' dir='ltr'><strong>verteruntartabassex:</strong></span> <span class='ocrx_word' id='word_1_15' title='bbox 1379 613 1405 641; x_wconf 78' lang='grc' dir='ltr'>ιι</span> <span class='ocrx_word' id='word_1_16' title='bbox 1436 620 1556 677; x_wconf 80' lang='lat' dir='ltr'><strong>qua:</strong></span> <span class='ocrx_word' id='word_1_17' title='bbox 1588 619 1743 662; x_wconf 86' lang='lat' dir='ltr'><strong>men-</strong></span> <span class='ocrx_word' id='word_1_18' title='bbox 1768 609 1820 668; x_wconf 79' lang='grc' dir='ltr'><strong>Α</strong></span> <span class='ocrx_word' id='word_1_19' title='bbox 1847 605 2170 664; x_wconf 90' lang='lat' dir='ltr'><strong>imminente</strong></span> <span class='ocrx_word' id='word_1_20' title='bbox 2195 609 2507 677; x_wconf 87' lang='lat' dir='ltr'><strong>sterilitate,</strong></span> <span class='ocrx_word' id='word_1_21' title='bbox 2539 621 2595 667; x_wconf 90' lang='lat' dir='ltr'><strong>et</strong></span> <span class='ocrx_word' id='word_1_22' title='bbox 2624 612 2805 669; x_wconf 89' lang='lat' dir='ltr'><strong>vicino</strong></span> <span class='ocrx_word' id='word_1_23' title='bbox 2832 611 3109 679; x_wconf 91' lang='lat' dir='ltr'><strong>incendio,</strong></span> <span class='ocrx_word' id='word_1_24' title='bbox 3139 626 3458 683; x_wconf 85' lang='lat' dir='ltr'><strong>quovepres</strong></span> 
     </span>
    </p>
   </div>
   <div class='ocr_carea' id='block_1_3' title="bbox 173 696 1746 772">
    <p class='ocr_par' dir='ltr' id='par_1_3' title="bbox 173 696 1746 772">
     <span class='ocr_line' id='line_1_3' title="bbox 173 696 1746 772; baseline -0.004 -12"><span class='ocrx_word' id='word_1_25' title='bbox 173 719 277 760; x_wconf 86' lang='lat' dir='ltr'><strong>sura</strong></span> <span class='ocrx_word' id='word_1_26' title='bbox 304 698 608 772; x_wconf 64' lang='lat' dir='ltr'><strong>Egyptiaca</strong></span> <span class='ocrx_word' id='word_1_27' title='bbox 635 706 740 764; x_wconf 91' lang='lat' dir='ltr'><strong>est,</strong></span> <span class='ocrx_word' id='word_1_28' title='bbox 770 707 825 753; x_wconf 93' lang='lat' dir='ltr'><strong>et</strong></span> <span class='ocrx_word' id='word_1_29' title='bbox 847 696 981 753; x_wconf 84' lang='lat' dir='ltr'><strong>facit</strong></span> <span class='ocrx_word' id='word_1_30' title='bbox 1000 699 1217 753; x_wconf 88' lang='lat' dir='ltr'><strong>modios</strong></span> <span class='ocrx_word' id='word_1_31' title='bbox 1245 698 1458 769; x_wconf 75' lang='lat' dir='ltr'><strong>viginti.</strong></span> <span class='ocrx_word' id='word_1_32' title='bbox 1493 698 1551 755; x_wconf 93' lang='lat' dir='ltr'><strong>ln</strong></span> <span class='ocrx_word' id='word_1_33' title='bbox 1580 700 1746 756; x_wconf 85' lang='lat' dir='ltr'><strong>steri-</strong></span> 
     </span>
    </p>
   </div>
   <div class='ocr_carea' id='block_1_4' title="bbox 173 791 1746 867">
    <p class='ocr_par' dir='ltr' id='par_1_4' title="bbox 173 791 1746 867">
     <span class='ocr_line' id='line_1_4' title="bbox 173 791 1746 867; baseline -0.004 -12"><span class='ocrx_word' id='word_1_34' title='bbox 173 798 301 867; x_wconf 82' lang='lat' dir='ltr'><strong>litate</strong></span> <span class='ocrx_word' id='word_1_35' title='bbox 329 807 452 864; x_wconf 86' lang='lat' dir='ltr'><strong>ergo</strong></span> <span class='ocrx_word' id='word_1_36' title='bbox 473 791 635 847; x_wconf 86' lang='lat' dir='ltr'><strong>nimia</strong></span> <span class='ocrx_word' id='word_1_37' title='bbox 658 807 780 862; x_wconf 70' lang='lat' dir='ltr'><strong>qua:</strong></span> <span class='ocrx_word' id='word_1_38' title='bbox 826 791 1076 862; x_wconf 80' lang='lat' dir='ltr'><strong>sequitur</strong></span> <span class='ocrx_word' id='word_1_39' title='bbox 1117 791 1513 862; x_wconf 80' lang='lat' dir='ltr'><strong>captivitatem,</strong></span> <span class='ocrx_word' id='word_1_40' title='bbox 1555 792 1746 849; x_wconf 87' lang='lat' dir='ltr'><strong>decem</strong></span> 
     </span>
    </p>
   </div>
   <div class='ocr_carea' id='block_1_5' title="bbox 168 884 1745 967">
    <p class='ocr_par' dir='ltr' id='par_1_5' title="bbox 168 884 1745 967">
     <span class='ocr_line' id='line_1_5' title="bbox 168 884 1745 967; baseline -0.005 -20"><span class='ocrx_word' id='word_1_41' title='bbox 168 893 329 965; x_wconf 78' lang='lat' dir='ltr'><strong>jugera</strong></span> <span class='ocrx_word' id='word_1_42' title='bbox 355 886 634 942; x_wconf 88' lang='lat' dir='ltr'><strong>vinearum</strong></span> <span class='ocrx_word' id='word_1_43' title='bbox 660 884 855 967; x_wconf 86' lang='lat' dir='ltr'><strong>facient</strong></span> <span class='ocrx_word' id='word_1_44' title='bbox 913 884 1122 950; x_wconf 91' lang='lat' dir='ltr'><strong>batum,</strong></span> <span class='ocrx_word' id='word_1_45' title='bbox 1158 884 1209 940; x_wconf 89' lang='lat' dir='ltr'><strong>id</strong></span> <span class='ocrx_word' id='word_1_46' title='bbox 1244 892 1351 952; x_wconf 89' lang='lat' dir='ltr'><strong>est,</strong></span> <span class='ocrx_word' id='word_1_47' title='bbox 1385 895 1497 941; x_wconf 90' lang='lat' dir='ltr'><strong>tres</strong></span> <span class='ocrx_word' id='word_1_48' title='bbox 1515 886 1745 965; x_wconf 83' lang='lat' dir='ltr'><strong>ampho-</strong></span> 
     </span>
    </p>
   </div>
   <div class='ocr_carea' id='block_1_6' title="bbox 173 977 1747 1050">
    <p class='ocr_par' dir='ltr' id='par_1_6' title="bbox 173 977 1747 1050">
     <span class='ocr_line' id='line_1_6' title="bbox 173 977 1747 1050; baseline -0.003 -10"><span class='ocrx_word' id='word_1_49' title='bbox 173 999 274 1040; x_wconf 85' lang='lat' dir='ltr'><strong>ras:</strong></span> <span class='ocrx_word' id='word_1_50' title='bbox 302 991 353 1038; x_wconf 91' lang='lat' dir='ltr'><strong>et</strong></span> <span class='ocrx_word' id='word_1_51' title='bbox 379 979 598 1050; x_wconf 83' lang='lat' dir='ltr'><strong>triginta</strong></span> <span class='ocrx_word' id='word_1_52' title='bbox 626 977 796 1034; x_wconf 92' lang='lat' dir='ltr'><strong>modii</strong></span> <span class='ocrx_word' id='word_1_53' title='bbox 819 978 1068 1046; x_wconf 88' lang='lat' dir='ltr'><strong>seminis,</strong></span> <span class='ocrx_word' id='word_1_54' title='bbox 1101 979 1151 1034; x_wconf 88' lang='lat' dir='ltr'><strong>id</strong></span> <span class='ocrx_word' id='word_1_55' title='bbox 1211 988 1317 1045; x_wconf 89' lang='lat' dir='ltr'><strong>est,</strong></span> <span class='ocrx_word' id='word_1_56' title='bbox 1360 994 1542 1045; x_wconf 88' lang='lat' dir='ltr'><strong>corus,</strong></span> <span class='ocrx_word' id='word_1_57' title='bbox 1587 980 1747 1036; x_wconf 78' lang='lat' dir='ltr'><strong>faciet</strong></span> 
     </span>
    </p>
   </div>
   <div class='ocr_carea' id='block_1_7' title="bbox 168 1069 1744 1150">
    <p class='ocr_par' dir='ltr' id='par_1_7' title="bbox 168 1069 1744 1150">
     <span class='ocr_line' id='line_1_7' title="bbox 168 1069 1744 1150; baseline -0.002 -21"><span class='ocrx_word' id='word_1_58' title='bbox 168 1072 432 1150; x_wconf 80' lang='lat' dir='ltr'><strong>ephi,qnod</strong></span> <span class='ocrx_word' id='word_1_59' title='bbox 451 1069 593 1127; x_wconf 78' lang='lat' dir='ltr'><strong>LXX</strong></span> <span class='ocrx_word' id='word_1_60' title='bbox 615 1080 718 1126; x_wconf 84' lang='lat' dir='ltr'><strong>tres</strong></span> <span class='ocrx_word' id='word_1_61' title='bbox 732 1086 999 1125; x_wconf 92' lang='lat' dir='ltr'><strong>mensuras</strong></span> <span class='ocrx_word' id='word_1_62' title='bbox 1020 1071 1367 1141; x_wconf 80' lang='lat' dir='ltr'><strong>interpretati</strong></span> <span class='ocrx_word' id='word_1_63' title='bbox 1392 1079 1540 1137; x_wconf 90' lang='lat' dir='ltr'><strong>sunt,</strong></span> <span class='ocrx_word' id='word_1_64' title='bbox 1562 1071 1616 1127; x_wconf 90' lang='lat' dir='ltr'><strong>id</strong></span> <span class='ocrx_word' id='word_1_65' title='bbox 1637 1081 1744 1140; x_wconf 90' lang='lat' dir='ltr'><strong>est,</strong></span> 
     </span>
    </p>
   </div>
   <div class='ocr_carea' id='block_1_8' title="bbox 170 1165 1750 1237">
    <p class='ocr_par' dir='ltr' id='par_1_8' title="bbox 170 1165 1750 1237">
     <span class='ocr_line' id='line_1_8' title="bbox 170 1165 1750 1237; baseline -0.003 -11"><span class='ocrx_word' id='word_1_66' title='bbox 170 1182 255 1226; x_wconf 86' lang='lat' dir='ltr'><strong>tres</strong></span> <span class='ocrx_word' id='word_1_67' title='bbox 275 1168 487 1222; x_wconf 80' lang='lat' dir='ltr'><strong>modios.</strong></span> <span class='ocrx_word' id='word_1_68' title='bbox 522 1167 689 1221; x_wconf 86' lang='lat' dir='ltr'><strong>Batus</strong></span> <span class='ocrx_word' id='word_1_69' title='bbox 714 1175 896 1221; x_wconf 88' lang='lat' dir='ltr'><strong>autem</strong></span> <span class='ocrx_word' id='word_1_70' title='bbox 931 1167 984 1220; x_wconf 92' lang='lat' dir='ltr'><strong>in</strong></span> <span class='ocrx_word' id='word_1_71' title='bbox 1016 1165 1236 1237; x_wconf 88' lang='lat' dir='ltr'><strong>liquidis</strong></span> <span class='ocrx_word' id='word_1_72' title='bbox 1264 1167 1553 1236; x_wconf 84' lang='lat' dir='ltr'><strong>speciebus</strong></span> <span class='ocrx_word' id='word_1_73' title='bbox 1608 1165 1750 1223; x_wconf 92' lang='lat' dir='ltr'><strong>dici-</strong></span> 
     </span>
    </p>
   </div>
   <div class='ocr_carea' id='block_1_9' title="bbox 170 1258 1743 1335">
    <p class='ocr_par' dir='ltr' id='par_1_9' title="bbox 170 1258 1743 1335">
     <span class='ocr_line' id='line_1_9' title="bbox 170 1258 1743 1335; baseline -0.004 -15"><span class='ocrx_word' id='word_1_74' title='bbox 170 1274 261 1330; x_wconf 85' lang='lat' dir='ltr'><strong>tur,</strong></span> <span class='ocrx_word' id='word_1_75' title='bbox 283 1270 336 1317; x_wconf 88' lang='lat' dir='ltr'><strong>et</strong></span> <span class='ocrx_word' id='word_1_76' title='bbox 362 1259 498 1335; x_wconf 72' lang='lat' dir='ltr'><strong>cpiti,</strong></span> <span class='ocrx_word' id='word_1_77' title='bbox 530 1258 651 1316; x_wconf 82' lang='lat' dir='ltr'><strong>sive</strong></span> <span class='ocrx_word' id='word_1_78' title='bbox 677 1259 814 1333; x_wconf 87' lang='lat' dir='ltr'><strong>eplta</strong></span> <span class='ocrx_word' id='word_1_79' title='bbox 844 1258 1093 1331; x_wconf 86' lang='lat' dir='ltr'><strong>ejusdem</strong></span> <span class='ocrx_word' id='word_1_80' title='bbox 1124 1273 1404 1315; x_wconf 72' lang='lat' dir='ltr'><strong>mensura:</strong></span> <span class='ocrx_word' id='word_1_81' title='bbox 1434 1259 1487 1313; x_wconf 90' lang='lat' dir='ltr'><strong>in</strong></span> <span class='ocrx_word' id='word_1_82' title='bbox 1541 1259 1743 1314; x_wconf 85' lang='lat' dir='ltr'><strong>aridis.</strong></span> 
     </span>
    </p>
   </div>
   <div class='ocr_carea' id='block_1_10' title="bbox 168 1352 1747 1425">
    <p class='ocr_par' dir='ltr' id='par_1_10' title="bbox 168 1352 1747 1425">
     <span class='ocr_line' id='line_1_10' title="bbox 168 1352 1747 1425; baseline -0.004 -10"><span class='ocrx_word' id='word_1_83' title='bbox 168 1358 299 1416; x_wconf 86' lang='lat' dir='ltr'><strong>Sicut</strong></span> <span class='ocrx_word' id='word_1_84' title='bbox 322 1357 372 1412; x_wconf 93' lang='lat' dir='ltr'><strong>in</strong></span> <span class='ocrx_word' id='word_1_85' title='bbox 406 1354 662 1411; x_wconf 77' lang='lat' dir='ltr'><strong>Ezechiel</strong></span> <span class='ocrx_word' id='word_1_86' title='bbox 712 1355 865 1424; x_wconf 82' lang='lat' dir='ltr'><strong>juxta</strong></span> <span class='ocrx_word' id='word_1_87' title='bbox 921 1353 1247 1410; x_wconf 84' lang='lat' dir='ltr'><strong>llebraicum</strong></span> <span class='ocrx_word' id='word_1_88' title='bbox 1291 1354 1558 1425; x_wconf 81' lang='lat' dir='ltr'><strong>legimus:</strong></span> <span class='ocrx_word' id='word_1_89' title='bbox 1607 1352 1747 1424; x_wconf 72' lang='lat' dir='ltr'><strong>Epiri</strong></span> 
     </span>
    </p>
   </div>
   <div class='ocr_carea' id='block_1_11' title="bbox 162 1447 1748 1526">
    <p class='ocr_par' dir='ltr' id='par_1_11' title="bbox 162 1447 1748 1526">
     <span class='ocr_line' id='line_1_11' title="bbox 162 1447 1748 1526; baseline -0.004 -19"><span class='ocrx_word' id='word_1_90' title='bbox 162 1456 359 1526; x_wconf 85' lang='lat' dir='ltr'><strong>justum,</strong></span> <span class='ocrx_word' id='word_1_91' title='bbox 389 1460 439 1506; x_wconf 82' lang='lat' dir='ltr'><strong>et</strong></span> <span class='ocrx_word' id='word_1_92' title='bbox 463 1450 613 1505; x_wconf 85' lang='lat' dir='ltr'><strong>batus</strong></span> <span class='ocrx_word' id='word_1_93' title='bbox 633 1451 816 1523; x_wconf 84' lang='lat' dir='ltr'><strong>justus</strong></span> <span class='ocrx_word' id='word_1_94' title='bbox 844 1448 939 1502; x_wconf 83' lang='lat' dir='ltr'><strong>erit</strong></span> <span class='ocrx_word' id='word_1_95' title='bbox 960 1449 1119 1503; x_wconf 80' lang='lat' dir='ltr'><strong>vobis.</strong></span> <span class='ocrx_word' id='word_1_96' title='bbox 1148 1447 1287 1520; x_wconf 80' lang='lat' dir='ltr'><strong>Ephi</strong></span> <span class='ocrx_word' id='word_1_97' title='bbox 1322 1456 1369 1503; x_wconf 84' lang='lat' dir='ltr'><strong>et</strong></span> <span class='ocrx_word' id='word_1_98' title='bbox 1399 1447 1547 1503; x_wconf 89' lang='lat' dir='ltr'><strong>batus</strong></span> <span class='ocrx_word' id='word_1_99' title='bbox 1571 1464 1748 1519; x_wconf 75' lang='lat' dir='ltr'><strong>aequa-</strong></span> 
     </span>
    </p>
   </div>
   <div class='ocr_carea' id='block_1_12' title="bbox 171 1541 1746 1615">
    <p class='ocr_par' dir='ltr' id='par_1_12' title="bbox 171 1541 1746 1615">
     <span class='ocr_line' id='line_1_12' title="bbox 171 1541 1746 1615; baseline -0.004 -14"><span class='ocrx_word' id='word_1_100' title='bbox 171 1547 229 1601; x_wconf 86' lang='lat' dir='ltr'><strong>lia</strong></span> <span class='ocrx_word' id='word_1_101' title='bbox 249 1555 291 1601; x_wconf 85' lang='lat' dir='ltr'><strong>et</strong></span> <span class='ocrx_word' id='word_1_102' title='bbox 317 1545 467 1599; x_wconf 82' lang='lat' dir='ltr'><strong>unius</strong></span> <span class='ocrx_word' id='word_1_103' title='bbox 496 1558 753 1597; x_wconf 68' lang='lat' dir='ltr'><strong>mensura</strong></span> <span class='ocrx_word' id='word_1_104' title='bbox 772 1550 943 1607; x_wconf 87' lang='lat' dir='ltr'><strong>erunt,</strong></span> <span class='ocrx_word' id='word_1_105' title='bbox 970 1551 1027 1595; x_wconf 90' lang='lat' dir='ltr'><strong>ut</strong></span> <span class='ocrx_word' id='word_1_106' title='bbox 1056 1543 1228 1615; x_wconf 89' lang='lat' dir='ltr'><strong>capiat</strong></span> <span class='ocrx_word' id='word_1_107' title='bbox 1247 1541 1497 1596; x_wconf 76' lang='lat' dir='ltr'><strong>decimam</strong></span> <span class='ocrx_word' id='word_1_108' title='bbox 1548 1550 1746 1614; x_wconf 89' lang='lat' dir='ltr'><strong>partem</strong></span> 
     </span>
    </p>
   </div>
   <div class='ocr_carea' id='block_1_13' title="bbox 167 1636 1748 1710">
    <p class='ocr_par' dir='ltr' id='par_1_13' title="bbox 167 1636 1748 1710">
     <span class='ocr_line' id='line_1_13' title="bbox 167 1636 1748 1710; baseline -0.003 -15"><span class='ocrx_word' id='word_1_109' title='bbox 167 1641 258 1695; x_wconf 81' lang='lat' dir='ltr'><strong>cori</strong></span> <span class='ocrx_word' id='word_1_110' title='bbox 278 1640 445 1706; x_wconf 85' lang='lat' dir='ltr'><strong>batus,</strong></span> <span class='ocrx_word' id='word_1_111' title='bbox 475 1646 526 1694; x_wconf 88' lang='lat' dir='ltr'><strong>et</strong></span> <span class='ocrx_word' id='word_1_112' title='bbox 548 1638 800 1692; x_wconf 77' lang='lat' dir='ltr'><strong>decimam</strong></span> <span class='ocrx_word' id='word_1_113' title='bbox 826 1644 1027 1710; x_wconf 86' lang='lat' dir='ltr'><strong>partem</strong></span> <span class='ocrx_word' id='word_1_114' title='bbox 1053 1637 1162 1691; x_wconf 82' lang='lat' dir='ltr'><strong>cori</strong></span> <span class='ocrx_word' id='word_1_115' title='bbox 1186 1636 1337 1710; x_wconf 79' lang='lat' dir='ltr'><strong>cpiti:</strong></span> <span class='ocrx_word' id='word_1_116' title='bbox 1357 1639 1520 1709; x_wconf 72' lang='lat' dir='ltr'><strong>juxta</strong></span> <span class='ocrx_word' id='word_1_117' title='bbox 1538 1652 1748 1693; x_wconf 81' lang='lat' dir='ltr'><strong>mensu-</strong></span> 
     </span>
    </p>
   </div>
   <div class='ocr_carea' id='block_1_14' title="bbox 166 1728 1743 1806">
    <p class='ocr_par' dir='ltr' id='par_1_14' title="bbox 166 1728 1743 1806">
     <span class='ocr_line' id='line_1_14' title="bbox 166 1728 1743 1806; baseline -0.005 -14"><span class='ocrx_word' id='word_1_118' title='bbox 166 1752 261 1793; x_wconf 87' lang='lat' dir='ltr'><strong>ram</strong></span> <span class='ocrx_word' id='word_1_119' title='bbox 279 1738 383 1792; x_wconf 89' lang='lat' dir='ltr'><strong>cori</strong></span> <span class='ocrx_word' id='word_1_120' title='bbox 396 1736 496 1790; x_wconf 90' lang='lat' dir='ltr'><strong>erit</strong></span> <span class='ocrx_word' id='word_1_121' title='bbox 516 1750 667 1806; x_wconf 67' lang='lat' dir='ltr'><strong>aqua</strong></span> <span class='ocrx_word' id='word_1_122' title='bbox 695 1732 903 1788; x_wconf 79' lang='lat' dir='ltr'><strong>libratio</strong></span> <span class='ocrx_word' id='word_1_123' title='bbox 923 1730 1338 1804; x_wconf 74' lang='lat' dir='ltr'><strong>eorum(EzecIt.</strong></span> <span class='ocrx_word' id='word_1_124' title='bbox 1354 1745 1479 1795; x_wconf 78' lang='lat' dir='ltr'><strong>XLV,</strong></span> <span class='ocrx_word' id='word_1_125' title='bbox 1509 1731 1598 1799; x_wconf 74' lang='lat'><strong>10,</strong></span> <span class='ocrx_word' id='word_1_126' title='bbox 1628 1728 1743 1803; x_wconf 81' lang='grc' dir='ltr'><strong>Η).</strong></span> 
     </span>
    </p>
   </div>
   <div class='ocr_carea' id='block_1_15' title="bbox 165 1822 1744 1898">
    <p class='ocr_par' dir='ltr' id='par_1_15' title="bbox 165 1822 1744 1898">
     <span class='ocr_line' id='line_1_15' title="bbox 165 1822 1744 1898; baseline -0.004 -13"><span class='ocrx_word' id='word_1_127' title='bbox 165 1829 446 1898; x_wconf 73' lang='lat' dir='ltr'><strong>Quzerimus</strong></span> <span class='ocrx_word' id='word_1_128' title='bbox 477 1829 632 1898; x_wconf 77' lang='lat' dir='ltr'><strong>juxta</strong></span> <span class='ocrx_word' id='word_1_129' title='bbox 677 1840 985 1897; x_wconf 87' lang='lat' dir='ltr'><strong>attagogen,</strong></span> <span class='ocrx_word' id='word_1_130' title='bbox 1031 1822 1316 1896; x_wconf 87' lang='lat' dir='ltr'><strong>quomodo</strong></span> <span class='ocrx_word' id='word_1_131' title='bbox 1356 1823 1744 1880; x_wconf 74' lang='lat' dir='ltr'><strong>hmreticorum</strong></span> 
     </span>
    </p>
   </div>
   <div class='ocr_carea' id='block_1_16' title="bbox 165 1916 1747 1995">
    <p class='ocr_par' dir='ltr' id='par_1_16' title="bbox 165 1916 1747 1995">
     <span class='ocr_line' id='line_1_16' title="bbox 165 1916 1747 1995; baseline -0.006 -14"><span class='ocrx_word' id='word_1_132' title='bbox 165 1923 338 1981; x_wconf 90' lang='lat' dir='ltr'><strong>domus</strong></span> <span class='ocrx_word' id='word_1_133' title='bbox 363 1923 605 1995; x_wconf 77' lang='lat' dir='ltr'><strong>grandes</strong></span> <span class='ocrx_word' id='word_1_134' title='bbox 634 1929 692 1978; x_wconf 88' lang='lat' dir='ltr'><strong>et</strong></span> <span class='ocrx_word' id='word_1_135' title='bbox 731 1919 976 1993; x_wconf 70' lang='lat' dir='ltr'><strong>pulchra:</strong></span> <span class='ocrx_word' id='word_1_136' title='bbox 1030 1920 1159 1984; x_wconf 90' lang='lat' dir='ltr'><strong>sint,</strong></span> <span class='ocrx_word' id='word_1_137' title='bbox 1216 1934 1338 1989; x_wconf 64' lang='lat' dir='ltr'><strong>qua:</strong></span> <span class='ocrx_word' id='word_1_138' title='bbox 1374 1932 1499 1973; x_wconf 92' lang='lat' dir='ltr'><strong>cum</strong></span> <span class='ocrx_word' id='word_1_139' title='bbox 1554 1916 1747 1989; x_wconf 86' lang='lat' dir='ltr'><strong>judicii</strong></span> 
     </span>
    </p>
   </div>
   <div class='ocr_carea' id='block_1_17' title="bbox 1849 698 3462 773">
    <p class='ocr_par' dir='ltr' id='par_1_17' title="bbox 1849 698 3462 773">
     <span class='ocr_line' id='line_1_17' title="bbox 1849 698 3462 773; baseline 0.003 -20"><span class='ocrx_word' id='word_1_140' title='bbox 1849 708 1906 753; x_wconf 89' lang='lat' dir='ltr'><strong>et</strong></span> <span class='ocrx_word' id='word_1_141' title='bbox 1932 698 2107 769; x_wconf 67' lang='lat' dir='ltr'><strong>spinae</strong></span> <span class='ocrx_word' id='word_1_142' title='bbox 2135 711 2263 754; x_wconf 89' lang='lat' dir='ltr'><strong>sunt</strong></span> <span class='ocrx_word' id='word_1_143' title='bbox 2285 701 2694 770; x_wconf 66' lang='lat' dir='ltr'><strong>comburendae,</strong></span> <span class='ocrx_word' id='word_1_144' title='bbox 2729 702 2955 759; x_wconf 65' lang='lat' dir='ltr'><strong>luxuriae</strong></span> <span class='ocrx_word' id='word_1_145' title='bbox 2985 718 3046 759; x_wconf 90' lang='lat' dir='ltr'><strong>se</strong></span> <span class='ocrx_word' id='word_1_146' title='bbox 3066 713 3123 759; x_wconf 91' lang='lat' dir='ltr'><strong>et</strong></span> <span class='ocrx_word' id='word_1_147' title='bbox 3168 704 3462 773; x_wconf 59' lang='lat' dir='ltr'><strong>voluptati.</strong></span> 
     </span>
    </p>
   </div>
   <div class='ocr_carea' id='block_1_18' title="bbox 1849 790 3456 862">
    <p class='ocr_par' dir='ltr' id='par_1_18' title="bbox 1849 790 3456 862">
     <span class='ocr_line' id='line_1_18' title="bbox 1849 790 3456 862; baseline 0.003 -15"><span class='ocrx_word' id='word_1_148' title='bbox 1849 790 1953 847; x_wconf 91' lang='lat' dir='ltr'><strong>bus</strong></span> <span class='ocrx_word' id='word_1_149' title='bbox 1980 791 2355 847; x_wconf 89' lang='lat' dir='ltr'><strong>tradiderunt:</strong></span> <span class='ocrx_word' id='word_1_150' title='bbox 2388 810 2495 848; x_wconf 91' lang='lat' dir='ltr'><strong>non</strong></span> <span class='ocrx_word' id='word_1_151' title='bbox 2523 796 2696 851; x_wconf 92' lang='lat' dir='ltr'><strong>solum</strong></span> <span class='ocrx_word' id='word_1_152' title='bbox 2728 795 3070 852; x_wconf 85' lang='lat' dir='ltr'><strong>invescendo</strong></span> <span class='ocrx_word' id='word_1_153' title='bbox 3102 806 3158 853; x_wconf 91' lang='lat' dir='ltr'><strong>et</strong></span> <span class='ocrx_word' id='word_1_154' title='bbox 3188 796 3456 862; x_wconf 87' lang='lat' dir='ltr'><strong>bibendo;</strong></span> 
     </span>
    </p>
   </div>
   <div class='ocr_carea' id='block_1_19' title="bbox 1849 884 3463 959">
    <p class='ocr_par' dir='ltr' id='par_1_19' title="bbox 1849 884 3463 959">
     <span class='ocr_line' id='line_1_19' title="bbox 1849 884 3463 959; baseline 0.002 -19"><span class='ocrx_word' id='word_1_155' title='bbox 1849 884 1943 940; x_wconf 85' lang='lat' dir='ltr'><strong>sed</strong></span> <span class='ocrx_word' id='word_1_156' title='bbox 1972 884 2260 943; x_wconf 89' lang='lat' dir='ltr'><strong>inanrium</strong></span> <span class='ocrx_word' id='word_1_157' title='bbox 2301 902 2519 959; x_wconf 86' lang='lat' dir='ltr'><strong>quoque</strong></span> <span class='ocrx_word' id='word_1_158' title='bbox 2574 888 2967 958; x_wconf 82' lang='lat' dir='ltr'><strong>oblectatione,</strong></span> <span class='ocrx_word' id='word_1_159' title='bbox 3022 900 3076 945; x_wconf 93' lang='lat' dir='ltr'><strong>et</strong></span> <span class='ocrx_word' id='word_1_160' title='bbox 3120 889 3174 945; x_wconf 90' lang='lat' dir='ltr'><strong>in</strong></span> <span class='ocrx_word' id='word_1_161' title='bbox 3226 889 3463 945; x_wconf 82' lang='lat' dir='ltr'><strong>diversis</strong></span> 
     </span>
    </p>
   </div>
   <div class='ocr_carea' id='block_1_20' title="bbox 1850 976 3460 1051">
    <p class='ocr_par' dir='ltr' id='par_1_20' title="bbox 1850 976 3460 1051">
     <span class='ocr_line' id='line_1_20' title="bbox 1850 976 3460 1051; baseline 0.004 -21"><span class='ocrx_word' id='word_1_162' title='bbox 1850 976 2073 1031; x_wconf 75' lang='lat' dir='ltr'><strong>musica:</strong></span> <span class='ocrx_word' id='word_1_163' title='bbox 2100 977 2236 1033; x_wconf 89' lang='lat' dir='ltr'><strong>artis</strong></span> <span class='ocrx_word' id='word_1_164' title='bbox 2260 979 2578 1048; x_wconf 78' lang='lat' dir='ltr'><strong>generibus.</strong></span> <span class='ocrx_word' id='word_1_165' title='bbox 2614 980 2717 1047; x_wconf 85' lang='lat' dir='ltr'><strong>Qui</strong></span> <span class='ocrx_word' id='word_1_166' title='bbox 2756 996 2877 1037; x_wconf 89' lang='lat' dir='ltr'><strong>cum</strong></span> <span class='ocrx_word' id='word_1_167' title='bbox 2911 982 3014 1037; x_wconf 90' lang='lat' dir='ltr'><strong>ista</strong></span> <span class='ocrx_word' id='word_1_168' title='bbox 3063 982 3288 1045; x_wconf 87' lang='lat' dir='ltr'><strong>faciunt,</strong></span> <span class='ocrx_word' id='word_1_169' title='bbox 3321 996 3460 1051; x_wconf 89' lang='lat' dir='ltr'><strong>opus</strong></span> 
     </span>
    </p>
   </div>
   <div class='ocr_carea' id='block_1_21' title="bbox 1850 1067 3458 1146">
    <p class='ocr_par' dir='ltr' id='par_1_21' title="bbox 1850 1067 3458 1146">
     <span class='ocr_line' id='line_1_21' title="bbox 1850 1067 3458 1146; baseline 0.002 -22"><span class='ocrx_word' id='word_1_170' title='bbox 1850 1067 2068 1125; x_wconf 85' lang='lat' dir='ltr'><strong>Detnini</strong></span> <span class='ocrx_word' id='word_1_171' title='bbox 2094 1087 2200 1125; x_wconf 85' lang='lat' dir='ltr'><strong>non</strong></span> <span class='ocrx_word' id='word_1_172' title='bbox 2234 1072 2555 1142; x_wconf 77' lang='lat' dir='ltr'><strong>reSpiciunt,</strong></span> <span class='ocrx_word' id='word_1_173' title='bbox 2598 1090 2698 1129; x_wconf 90' lang='lat' dir='ltr'><strong>nec</strong></span> <span class='ocrx_word' id='word_1_174' title='bbox 2720 1075 3067 1131; x_wconf 86' lang='lat' dir='ltr'><strong>considerant</strong></span> <span class='ocrx_word' id='word_1_175' title='bbox 3097 1091 3218 1146; x_wconf 65' lang='lat' dir='ltr'><strong>quae</strong></span> <span class='ocrx_word' id='word_1_176' title='bbox 3236 1084 3458 1131; x_wconf 86' lang='lat' dir='ltr'><strong>ventura</strong></span> 
     </span>
    </p>
   </div>
   <div class='ocr_carea' id='block_1_22' title="bbox 1847 1164 3462 1240">
    <p class='ocr_par' dir='ltr' id='par_1_22' title="bbox 1847 1164 3462 1240">
     <span class='ocr_line' id='line_1_22' title="bbox 1847 1164 3462 1240; baseline 0.002 -21"><span class='ocrx_word' id='word_1_177' title='bbox 1847 1164 1980 1219; x_wconf 88' lang='lat' dir='ltr'><strong>sint.</strong></span> <span class='ocrx_word' id='word_1_178' title='bbox 2033 1164 2337 1220; x_wconf 86' lang='lat' dir='ltr'><strong>Abutantnr</strong></span> <span class='ocrx_word' id='word_1_179' title='bbox 2393 1167 2496 1221; x_wconf 88' lang='lat' dir='ltr'><strong>hoc</strong></span> <span class='ocrx_word' id='word_1_180' title='bbox 2527 1168 2842 1227; x_wconf 89' lang='lat' dir='ltr'><strong>testimonio</strong></span> <span class='ocrx_word' id='word_1_181' title='bbox 2870 1168 3161 1224; x_wconf 88' lang='lat' dir='ltr'><strong>adversum</strong></span> <span class='ocrx_word' id='word_1_182' title='bbox 3182 1170 3462 1240; x_wconf 90' lang='lat' dir='ltr'><strong>principes</strong></span> 
     </span>
    </p>
   </div>
   <div class='ocr_carea' id='block_1_23' title="bbox 1850 1256 3463 1334">
    <p class='ocr_par' dir='ltr' id='par_1_23' title="bbox 1850 1256 3463 1334">
     <span class='ocr_line' id='line_1_23' title="bbox 1850 1256 3463 1334; baseline 0.003 -21"><span class='ocrx_word' id='word_1_183' title='bbox 1850 1256 2133 1327; x_wconf 71' lang='lat' dir='ltr'><strong>Ecclesiae,</strong></span> <span class='ocrx_word' id='word_1_184' title='bbox 2168 1259 2257 1330; x_wconf 91' lang='lat' dir='ltr'><strong>qui</strong></span> <span class='ocrx_word' id='word_1_185' title='bbox 2283 1259 2351 1313; x_wconf 87' lang='lat' dir='ltr'><strong>de</strong></span> <span class='ocrx_word' id='word_1_186' title='bbox 2382 1274 2543 1316; x_wconf 90' lang='lat' dir='ltr'><strong>mane</strong></span> <span class='ocrx_word' id='word_1_187' title='bbox 2569 1272 2912 1334; x_wconf 88' lang='lat' dir='ltr'><strong>consurgunt</strong></span> <span class='ocrx_word' id='word_1_188' title='bbox 2936 1262 3003 1318; x_wconf 90' lang='lat' dir='ltr'><strong>ad</strong></span> <span class='ocrx_word' id='word_1_189' title='bbox 3025 1262 3340 1319; x_wconf 87' lang='lat' dir='ltr'><strong>sectandam</strong></span> <span class='ocrx_word' id='word_1_190' title='bbox 3386 1261 3463 1318; x_wconf 89' lang='lat' dir='ltr'><strong>si-</strong></span> 
     </span>
    </p>
   </div>
   <div class='ocr_carea' id='block_1_24' title="bbox 1848 1350 3463 1427">
    <p class='ocr_par' dir='ltr' id='par_1_24' title="bbox 1848 1350 3463 1427">
     <span class='ocr_line' id='line_1_24' title="bbox 1848 1350 3463 1427; baseline 0.003 -21"><span class='ocrx_word' id='word_1_191' title='bbox 1848 1365 2053 1418; x_wconf 88' lang='lat' dir='ltr'><strong>ceram,</strong></span> <span class='ocrx_word' id='word_1_192' title='bbox 2084 1358 2141 1405; x_wconf 89' lang='lat' dir='ltr'><strong>et</strong></span> <span class='ocrx_word' id='word_1_193' title='bbox 2165 1350 2458 1408; x_wconf 89' lang='lat' dir='ltr'><strong>bibendum</strong></span> <span class='ocrx_word' id='word_1_194' title='bbox 2490 1368 2663 1424; x_wconf 89' lang='lat' dir='ltr'><strong>usque</strong></span> <span class='ocrx_word' id='word_1_195' title='bbox 2692 1354 2759 1410; x_wconf 85' lang='lat' dir='ltr'><strong>ad</strong></span> <span class='ocrx_word' id='word_1_196' title='bbox 2785 1369 3069 1425; x_wconf 84' lang='lat' dir='ltr'><strong>vesperam</strong></span> <span class='ocrx_word' id='word_1_197' title='bbox 3097 1373 3110 1409; x_wconf 91' lang='lat'><strong>:</strong></span> <span class='ocrx_word' id='word_1_198' title='bbox 3140 1355 3210 1411; x_wconf 91' lang='lat' dir='ltr'><strong>de</strong></span> <span class='ocrx_word' id='word_1_199' title='bbox 3265 1355 3463 1427; x_wconf 85' lang='lat' dir='ltr'><strong>quibus</strong></span> 
     </span>
    </p>
   </div>
   <div class='ocr_carea' id='block_1_25' title="bbox 1849 1446 3463 1523">
    <p class='ocr_par' dir='ltr' id='par_1_25' title="bbox 1849 1446 3463 1523">
     <span class='ocr_line' id='line_1_25' title="bbox 1849 1446 3463 1523; baseline 0.002 -23"><span class='ocrx_word' id='word_1_200' title='bbox 1849 1446 1902 1501; x_wconf 92' lang='lat' dir='ltr'><strong>in</strong></span> <span class='ocrx_word' id='word_1_201' title='bbox 1926 1446 2034 1501; x_wconf 89' lang='lat' dir='ltr'><strong>alio</strong></span> <span class='ocrx_word' id='word_1_202' title='bbox 2056 1446 2175 1502; x_wconf 91' lang='lat' dir='ltr'><strong>loco</strong></span> <span class='ocrx_word' id='word_1_203' title='bbox 2207 1446 2438 1503; x_wconf 86' lang='lat' dir='ltr'><strong>dicitur:</strong></span> <span class='ocrx_word' id='word_1_204' title='bbox 2486 1447 2580 1503; x_wconf 70' lang='lat' dir='ltr'><strong>Vae</strong></span> <span class='ocrx_word' id='word_1_205' title='bbox 2608 1449 2701 1504; x_wconf 88' lang='lat' dir='ltr'><strong>tibi</strong></span> <span class='ocrx_word' id='word_1_206' title='bbox 2729 1450 2934 1516; x_wconf 86' lang='lat' dir='ltr'><strong>civitas,</strong></span> <span class='ocrx_word' id='word_1_207' title='bbox 2966 1454 3119 1523; x_wconf 82' lang='lat' dir='ltr'><strong>cujus</strong></span> <span class='ocrx_word' id='word_1_208' title='bbox 3147 1465 3241 1505; x_wconf 70' lang='lat' dir='ltr'><strong>rem</strong></span> <span class='ocrx_word' id='word_1_209' title='bbox 3251 1451 3463 1522; x_wconf 77' lang='lat' dir='ltr'><strong>juvenis</strong></span> 
     </span>
    </p>
   </div>
   <div class='ocr_carea' id='block_1_26' title="bbox 1849 1542 3462 1617">
    <p class='ocr_par' dir='ltr' id='par_1_26' title="bbox 1849 1542 3462 1617">
     <span class='ocr_line' id='line_1_26' title="bbox 1849 1542 3462 1617; baseline 0.002 -22"><span class='ocrx_word' id='word_1_210' title='bbox 1849 1550 1942 1606; x_wconf 89' lang='lat' dir='ltr'><strong>est,</strong></span> <span class='ocrx_word' id='word_1_211' title='bbox 1976 1549 2023 1593; x_wconf 76' lang='lat' dir='ltr'><strong>et</strong></span> <span class='ocrx_word' id='word_1_212' title='bbox 2046 1542 2308 1612; x_wconf 79' lang='lat' dir='ltr'><strong>principes</strong></span> <span class='ocrx_word' id='word_1_213' title='bbox 2336 1543 2413 1597; x_wconf 88' lang='lat' dir='ltr'><strong>tui</strong></span> <span class='ocrx_word' id='word_1_214' title='bbox 2442 1559 2594 1598; x_wconf 87' lang='lat' dir='ltr'><strong>mane</strong></span> <span class='ocrx_word' id='word_1_215' title='bbox 2620 1545 2895 1600; x_wconf 82' lang='lat' dir='ltr'><strong>comedunt</strong></span> <span class='ocrx_word' id='word_1_216' title='bbox 2926 1543 3098 1617; x_wconf 82' lang='lat' dir='ltr'><strong>(Eccl.</strong></span> <span class='ocrx_word' id='word_1_217' title='bbox 3129 1560 3188 1610; x_wconf 69' lang='grc' dir='ltr'><strong>ι,</strong></span> <span class='ocrx_word' id='word_1_218' title='bbox 3210 1542 3325 1617; x_wconf 82' lang='grc'><strong>16).</strong></span> <span class='ocrx_word' id='word_1_219' title='bbox 3356 1542 3462 1613; x_wconf 86' lang='lat' dir='ltr'><strong>Qui</strong></span> 
     </span>
    </p>
   </div>
   <div class='ocr_carea' id='block_1_27' title="bbox 1849 1631 3463 1710">
    <p class='ocr_par' dir='ltr' id='par_1_27' title="bbox 1849 1631 3463 1710">
     <span class='ocr_line' id='line_1_27' title="bbox 1849 1631 3463 1710; baseline 0.005 -25"><span class='ocrx_word' id='word_1_220' title='bbox 1849 1631 2060 1687; x_wconf 90' lang='lat' dir='ltr'><strong>deliciis</strong></span> <span class='ocrx_word' id='word_1_221' title='bbox 2090 1634 2364 1706; x_wconf 86' lang='lat' dir='ltr'><strong>occupati,</strong></span> <span class='ocrx_word' id='word_1_222' title='bbox 2388 1651 2454 1692; x_wconf 78' lang='lat' dir='ltr'><strong>ex</strong></span> <span class='ocrx_word' id='word_1_223' title='bbox 2482 1637 2752 1693; x_wconf 88' lang='lat' dir='ltr'><strong>creaturis</strong></span> <span class='ocrx_word' id='word_1_224' title='bbox 2775 1652 2880 1695; x_wconf 93' lang='lat' dir='ltr'><strong>non</strong></span> <span class='ocrx_word' id='word_1_225' title='bbox 2907 1638 3216 1710; x_wconf 88' lang='lat' dir='ltr'><strong>intelligunt</strong></span> <span class='ocrx_word' id='word_1_226' title='bbox 3237 1638 3463 1693; x_wconf 83' lang='lat' dir='ltr'><strong>Creato-</strong></span> 
     </span>
    </p>
   </div>
   <div class='ocr_carea' id='block_1_28' title="bbox 1850 1729 3463 1804">
    <p class='ocr_par' dir='ltr' id='par_1_28' title="bbox 1850 1729 3463 1804">
     <span class='ocr_line' id='line_1_28' title="bbox 1850 1729 3463 1804; baseline 0.002 -22"><span class='ocrx_word' id='word_1_227' title='bbox 1850 1742 1988 1797; x_wconf 90' lang='lat' dir='ltr'><strong>rem,</strong></span> <span class='ocrx_word' id='word_1_228' title='bbox 2012 1743 2112 1785; x_wconf 91' lang='lat' dir='ltr'><strong>nec</strong></span> <span class='ocrx_word' id='word_1_229' title='bbox 2142 1729 2496 1785; x_wconf 81' lang='lat' dir='ltr'><strong>considerant</strong></span> <span class='ocrx_word' id='word_1_230' title='bbox 2524 1746 2692 1802; x_wconf 88' lang='lat' dir='ltr'><strong>opera</strong></span> <span class='ocrx_word' id='word_1_231' title='bbox 2722 1746 2981 1789; x_wconf 90' lang='lat' dir='ltr'><strong>manuum</strong></span> <span class='ocrx_word' id='word_1_232' title='bbox 3000 1732 3139 1804; x_wconf 90' lang='lat' dir='ltr'><strong>ejus,</strong></span> <span class='ocrx_word' id='word_1_233' title='bbox 3170 1732 3238 1788; x_wconf 92' lang='lat' dir='ltr'><strong>de</strong></span> <span class='ocrx_word' id='word_1_234' title='bbox 3264 1730 3463 1804; x_wconf 77' lang='lat' dir='ltr'><strong>quibus</strong></span> 
     </span>
    </p>
   </div>
   <div class='ocr_carea' id='block_1_29' title="bbox 1850 1821 3459 1900">
    <p class='ocr_par' dir='ltr' id='par_1_29' title="bbox 1850 1821 3459 1900">
     <span class='ocr_line' id='line_1_29' title="bbox 1850 1821 3459 1900; baseline 0.001 -22"><span class='ocrx_word' id='word_1_235' title='bbox 1850 1821 2112 1892; x_wconf 81' lang='lat' dir='ltr'><strong>legimus:</strong></span> <span class='ocrx_word' id='word_1_236' title='bbox 2152 1822 2322 1880; x_wconf 85' lang='lat' dir='ltr'><strong>Verbo</strong></span> <span class='ocrx_word' id='word_1_237' title='bbox 2373 1824 2589 1881; x_wconf 86' lang='lat' dir='ltr'><strong>Domini</strong></span> <span class='ocrx_word' id='word_1_238' title='bbox 2618 1828 2733 1881; x_wconf 68' lang='lat' dir='ltr'><strong>mali</strong></span> <span class='ocrx_word' id='word_1_239' title='bbox 2758 1828 2953 1897; x_wconf 84' lang='lat' dir='ltr'><strong>ﬁrmati</strong></span> <span class='ocrx_word' id='word_1_240' title='bbox 2996 1835 3141 1891; x_wconf 86' lang='lat' dir='ltr'><strong>sunt,</strong></span> <span class='ocrx_word' id='word_1_241' title='bbox 3170 1836 3220 1882; x_wconf 90' lang='lat' dir='ltr'><strong>et</strong></span> <span class='ocrx_word' id='word_1_242' title='bbox 3270 1826 3459 1900; x_wconf 82' lang='lat' dir='ltr'><strong>spiritu</strong></span> 
     </span>
    </p>
   </div>
   <div class='ocr_carea' id='block_1_30' title="bbox 1852 1916 3462 1992">
    <p class='ocr_par' dir='ltr' id='par_1_30' title="bbox 1852 1916 3462 1992">
     <span class='ocr_line' id='line_1_30' title="bbox 1852 1916 3462 1992; baseline 0.001 -22"><span class='ocrx_word' id='word_1_243' title='bbox 1852 1916 1956 1971; x_wconf 86' lang='lat' dir='ltr'><strong>oris</strong></span> <span class='ocrx_word' id='word_1_244' title='bbox 1977 1919 2091 1990; x_wconf 84' lang='lat' dir='ltr'><strong>ejus</strong></span> <span class='ocrx_word' id='word_1_245' title='bbox 2113 1917 2277 1971; x_wconf 88' lang='lat' dir='ltr'><strong>omnis</strong></span> <span class='ocrx_word' id='word_1_246' title='bbox 2330 1918 2491 1973; x_wconf 72' lang='lat' dir='ltr'><strong>virtus</strong></span> <span class='ocrx_word' id='word_1_247' title='bbox 2538 1935 2719 1974; x_wconf 87' lang='lat' dir='ltr'><strong>eorum</strong></span> <span class='ocrx_word' id='word_1_248' title='bbox 2747 1918 2865 1992; x_wconf 79' lang='lat' dir='ltr'><strong>(Ps.</strong></span> <span class='ocrx_word' id='word_1_249' title='bbox 2915 1934 3086 1989; x_wconf 76' lang='lat' dir='ltr'><strong>xxx&quot;,</strong></span> <span class='ocrx_word' id='word_1_250' title='bbox 3140 1917 3217 1991; x_wconf 85' lang='lat'><strong>6).</strong></span> <span class='ocrx_word' id='word_1_251' title='bbox 3271 1917 3462 1975; x_wconf 69' lang='lat' dir='ltr'><strong>Potest</strong></span> 
     </span>
    </p>
   </div>
   <div class='ocr_carea' id='block_1_31' title="bbox 162 2009 3458 2086">
    <p class='ocr_par' dir='ltr' id='par_1_31' title="bbox 162 2009 3458 2086">
     <span class='ocr_line' id='line_1_31' title="bbox 162 2009 3458 2086; baseline -0.002 -15"><span class='ocrx_word' id='word_1_252' title='bbox 162 2026 350 2086; x_wconf 87' lang='lat' dir='ltr'><strong>tempus</strong></span> <span class='ocrx_word' id='word_1_253' title='bbox 378 2012 913 2083; x_wconf 83' lang='lat' dir='ltr'><strong>advenerit,nullnm</strong></span> <span class='ocrx_word' id='word_1_254' title='bbox 928 2011 1300 2068; x_wconf 88' lang='lat' dir='ltr'><strong>habitatorem</strong></span> <span class='ocrx_word' id='word_1_255' title='bbox 1328 2010 1589 2065; x_wconf 86' lang='lat' dir='ltr'><strong>habeant.</strong></span> <span class='ocrx_word' id='word_1_256' title='bbox 1614 2011 1746 2065; x_wconf 88' lang='lat' dir='ltr'><strong>Om-</strong></span> <span class='ocrx_word' id='word_1_257' title='bbox 1776 2010 1824 2071; x_wconf 89' lang='lat' dir='ltr'><strong>B</strong></span> <span class='ocrx_word' id='word_1_258' title='bbox 1847 2009 1998 2081; x_wconf 77' lang='lat' dir='ltr'><strong>juxta</strong></span> <span class='ocrx_word' id='word_1_259' title='bbox 2022 2011 2272 2067; x_wconf 83' lang='lat' dir='ltr'><strong>altiorem</strong></span> <span class='ocrx_word' id='word_1_260' title='bbox 2303 2011 2744 2084; x_wconf 84' lang='lat' dir='ltr'><strong>intelligentiam,</strong></span> <span class='ocrx_word' id='word_1_261' title='bbox 2776 2013 2957 2068; x_wconf 91' lang='lat' dir='ltr'><strong>omnis</strong></span> <span class='ocrx_word' id='word_1_262' title='bbox 2999 2011 3198 2068; x_wconf 77' lang='lat' dir='ltr'><strong>anima:</strong></span> <span class='ocrx_word' id='word_1_263' title='bbox 3245 2024 3458 2084; x_wconf 61' lang='lat' dir='ltr'><strong>perturo</strong></span> 
     </span>
    </p>
   </div>
   <div class='ocr_carea' id='block_1_32' title="bbox 162 2104 1750 2179">
    <p class='ocr_par' dir='ltr' id='par_1_32' title="bbox 162 2104 1750 2179">
     <span class='ocr_line' id='line_1_32' title="bbox 162 2104 1750 2179; baseline -0.004 -15"><span class='ocrx_word' id='word_1_264' title='bbox 162 2110 236 2165; x_wconf 87' lang='lat' dir='ltr'><strong>nis</strong></span> <span class='ocrx_word' id='word_1_265' title='bbox 259 2109 395 2163; x_wconf 91' lang='lat' dir='ltr'><strong>enim</strong></span> <span class='ocrx_word' id='word_1_266' title='bbox 418 2121 624 2179; x_wconf 85' lang='lat' dir='ltr'><strong>pompa</strong></span> <span class='ocrx_word' id='word_1_267' title='bbox 674 2115 1061 2175; x_wconf 87' lang='lat' dir='ltr'><strong>structuraque</strong></span> <span class='ocrx_word' id='word_1_268' title='bbox 1116 2104 1441 2169; x_wconf 83' lang='lat' dir='ltr'><strong>verborum,</strong></span> <span class='ocrx_word' id='word_1_269' title='bbox 1486 2112 1541 2158; x_wconf 91' lang='lat' dir='ltr'><strong>et</strong></span> <span class='ocrx_word' id='word_1_270' title='bbox 1591 2117 1750 2173; x_wconf 84' lang='lat' dir='ltr'><strong>argu-</strong></span> 
     </span>
    </p>
   </div>
   <div class='ocr_carea' id='block_1_33' title="bbox 162 2195 1749 2269">
    <p class='ocr_par' dir='ltr' id='par_1_33' title="bbox 162 2195 1749 2269">
     <span class='ocr_line' id='line_1_33' title="bbox 162 2195 1749 2269; baseline -0.004 -12"><span class='ocrx_word' id='word_1_271' title='bbox 162 2210 316 2259; x_wconf 88' lang='lat' dir='ltr'><strong>menta</strong></span> <span class='ocrx_word' id='word_1_272' title='bbox 348 2200 644 2256; x_wconf 79' lang='lat' dir='ltr'><strong>dialectica</strong></span> <span class='ocrx_word' id='word_1_273' title='bbox 676 2198 1001 2269; x_wconf 84' lang='lat' dir='ltr'><strong>redigentur</strong></span> <span class='ocrx_word' id='word_1_274' title='bbox 1025 2196 1091 2251; x_wconf 93' lang='lat' dir='ltr'><strong>ad</strong></span> <span class='ocrx_word' id='word_1_275' title='bbox 1115 2195 1291 2251; x_wconf 87' lang='lat' dir='ltr'><strong>nihili.</strong></span> <span class='ocrx_word' id='word_1_276' title='bbox 1327 2195 1396 2252; x_wconf 85' lang='lat' dir='ltr'><strong>Et</strong></span> <span class='ocrx_word' id='word_1_277' title='bbox 1445 2195 1569 2265; x_wconf 88' lang='lat' dir='ltr'><strong>quia</strong></span> <span class='ocrx_word' id='word_1_278' title='bbox 1596 2195 1749 2266; x_wconf 80' lang='lat' dir='ltr'><strong>juxta</strong></span> 
     </span>
    </p>
   </div>
   <div class='ocr_carea' id='block_1_34' title="bbox 161 2287 1751 2367">
    <p class='ocr_par' dir='ltr' id='par_1_34' title="bbox 161 2287 1751 2367">
     <span class='ocr_line' id='line_1_34' title="bbox 161 2287 1751 2367; baseline -0.003 -18"><span class='ocrx_word' id='word_1_279' title='bbox 161 2296 446 2367; x_wconf 84' lang='lat' dir='ltr'><strong>apostolum</strong></span> <span class='ocrx_word' id='word_1_280' title='bbox 471 2292 702 2349; x_wconf 87' lang='lat' dir='ltr'><strong>Paulum</strong></span> <span class='ocrx_word' id='word_1_281' title='bbox 719 2291 786 2363; x_wconf 93' lang='lat' dir='ltr'><strong>(ll</strong></span> <span class='ocrx_word' id='word_1_282' title='bbox 809 2290 929 2347; x_wconf 87' lang='lat' dir='ltr'><strong>Cor.</strong></span> <span class='ocrx_word' id='word_1_283' title='bbox 955 2290 1036 2359; x_wconf 85' lang='lat' dir='ltr'><strong>tu)</strong></span> <span class='ocrx_word' id='word_1_284' title='bbox 1052 2305 1159 2345; x_wconf 90' lang='lat' dir='ltr'><strong>non</strong></span> <span class='ocrx_word' id='word_1_285' title='bbox 1186 2290 1365 2345; x_wconf 92' lang='lat' dir='ltr'><strong>solum</strong></span> <span class='ocrx_word' id='word_1_286' title='bbox 1394 2287 1494 2344; x_wconf 88' lang='lat' dir='ltr'><strong>Dei</strong></span> <span class='ocrx_word' id='word_1_287' title='bbox 1517 2288 1751 2344; x_wconf 68' lang='lat' dir='ltr'><strong>aedifica-</strong></span> 
     </span>
    </p>
   </div>
   <div class='ocr_carea' id='block_1_35' title="bbox 159 2380 1752 2457">
    <p class='ocr_par' dir='ltr' id='par_1_35' title="bbox 159 2380 1752 2457">
     <span class='ocr_line' id='line_1_35' title="bbox 159 2380 1752 2457; baseline -0.006 -12"><span class='ocrx_word' id='word_1_288' title='bbox 159 2389 223 2446; x_wconf 89' lang='lat' dir='ltr'><strong>tio</strong></span> <span class='ocrx_word' id='word_1_289' title='bbox 247 2404 450 2453; x_wconf 87' lang='lat' dir='ltr'><strong>sumus,</strong></span> <span class='ocrx_word' id='word_1_290' title='bbox 485 2386 582 2443; x_wconf 90' lang='lat' dir='ltr'><strong>sed</strong></span> <span class='ocrx_word' id='word_1_291' title='bbox 609 2395 665 2440; x_wconf 89' lang='lat' dir='ltr'><strong>et</strong></span> <span class='ocrx_word' id='word_1_292' title='bbox 692 2385 1047 2457; x_wconf 85' lang='lat' dir='ltr'><strong>agricultura,</strong></span> <span class='ocrx_word' id='word_1_293' title='bbox 1078 2398 1240 2455; x_wconf 91' lang='lat' dir='ltr'><strong>quam</strong></span> <span class='ocrx_word' id='word_1_294' title='bbox 1270 2382 1550 2438; x_wconf 78' lang='lat' dir='ltr'><strong>imitantes</strong></span> <span class='ocrx_word' id='word_1_295' title='bbox 1581 2380 1608 2421; x_wconf 72' lang='grc' dir='ltr'>δ</span> <span class='ocrx_word' id='word_1_296' title='bbox 1641 2382 1752 2437; x_wconf 68' lang='lat' dir='ltr'><strong>ha:-</strong></span> 
     </span>
    </p>
   </div>
   <div class='ocr_carea' id='block_1_36' title="bbox 158 2474 1752 2538">
    <p class='ocr_par' dir='ltr' id='par_1_36' title="bbox 158 2474 1752 2538">
     <span class='ocr_line' id='line_1_36' title="bbox 158 2474 1752 2538; baseline -0.006 0"><span class='ocrx_word' id='word_1_297' title='bbox 158 2483 293 2538; x_wconf 85' lang='lat' dir='ltr'><strong>retici</strong></span> <span class='ocrx_word' id='word_1_298' title='bbox 319 2480 691 2536; x_wconf 72' lang='lat' dir='ltr'><strong>suifodiuntur</strong></span> <span class='ocrx_word' id='word_1_299' title='bbox 720 2488 776 2534; x_wconf 91' lang='lat' dir='ltr'><strong>et</strong></span> <span class='ocrx_word' id='word_1_300' title='bbox 793 2475 1226 2533; x_wconf 77' lang='lat' dir='ltr'><strong>eradicanturab</strong></span> <span class='ocrx_word' id='word_1_301' title='bbox 1250 2474 1489 2532; x_wconf 85' lang='lat' dir='ltr'><strong>Jeremia</strong></span> <span class='ocrx_word' id='word_1_302' title='bbox 1512 2474 1752 2531; x_wconf 90' lang='lat' dir='ltr'><strong>:idcirco</strong></span> 
     </span>
    </p>
   </div>
   <div class='ocr_carea' id='block_1_37' title="bbox 157 2564 1751 2644">
    <p class='ocr_par' dir='ltr' id='par_1_37' title="bbox 157 2564 1751 2644">
     <span class='ocr_line' id='line_1_37' title="bbox 157 2564 1751 2644; baseline -0.005 -15"><span class='ocrx_word' id='word_1_303' title='bbox 157 2573 234 2629; x_wconf 85' lang='lat' dir='ltr'><strong>ubi</strong></span> <span class='ocrx_word' id='word_1_304' title='bbox 254 2574 442 2630; x_wconf 88' lang='lat' dir='ltr'><strong>decem</strong></span> <span class='ocrx_word' id='word_1_305' title='bbox 494 2564 692 2644; x_wconf 84' lang='lat' dir='ltr'><strong>jugera</strong></span> <span class='ocrx_word' id='word_1_306' title='bbox 737 2571 1049 2638; x_wconf 85' lang='lat' dir='ltr'><strong>vinearum,</strong></span> <span class='ocrx_word' id='word_1_307' title='bbox 1100 2568 1218 2625; x_wconf 90' lang='lat' dir='ltr'><strong>sive</strong></span> <span class='ocrx_word' id='word_1_308' title='bbox 1248 2568 1339 2623; x_wconf 89' lang='lat' dir='ltr'><strong>ubi</strong></span> <span class='ocrx_word' id='word_1_309' title='bbox 1390 2568 1581 2624; x_wconf 90' lang='lat' dir='ltr'><strong>decem</strong></span> <span class='ocrx_word' id='word_1_310' title='bbox 1622 2569 1751 2640; x_wconf 87' lang='lat' dir='ltr'><strong>jnga</strong></span> 
     </span>
    </p>
   </div>
   <div class='ocr_carea' id='block_1_38' title="bbox 157 2661 1766 2737">
    <p class='ocr_par' dir='ltr' id='par_1_38' title="bbox 157 2661 1766 2737">
     <span class='ocr_line' id='line_1_38' title="bbox 157 2661 1766 2737; baseline -0.002 -16"><span class='ocrx_word' id='word_1_311' title='bbox 157 2664 297 2721; x_wconf 85' lang='lat' dir='ltr'><strong>boum</strong></span> <span class='ocrx_word' id='word_1_312' title='bbox 320 2674 649 2737; x_wconf 82' lang='lat' dir='ltr'><strong>cperantnr,</strong></span> <span class='ocrx_word' id='word_1_313' title='bbox 702 2661 903 2718; x_wconf 90' lang='lat' dir='ltr'><strong>facient</strong></span> <span class='ocrx_word' id='word_1_314' title='bbox 958 2662 1143 2716; x_wconf 88' lang='lat' dir='ltr'><strong>batnm</strong></span> <span class='ocrx_word' id='word_1_315' title='bbox 1195 2676 1387 2727; x_wconf 90' lang='lat' dir='ltr'><strong>unum,</strong></span> <span class='ocrx_word' id='word_1_316' title='bbox 1419 2671 1474 2715; x_wconf 92' lang='lat' dir='ltr'><strong>et</strong></span> <span class='ocrx_word' id='word_1_317' title='bbox 1531 2661 1766 2730; x_wconf 69' lang='lat' dir='ltr'><strong>triginta’</strong></span> 
     </span>
    </p>
   </div>
   <div class='ocr_carea' id='block_1_39' title="bbox 158 2752 1754 2827">
    <p class='ocr_par' dir='ltr' id='par_1_39' title="bbox 158 2752 1754 2827">
     <span class='ocr_line' id='line_1_39' title="bbox 158 2752 1754 2827; baseline -0.004 -12"><span class='ocrx_word' id='word_1_318' title='bbox 158 2760 297 2815; x_wconf 88' lang='lat' dir='ltr'><strong>modii</strong></span> <span class='ocrx_word' id='word_1_319' title='bbox 321 2758 600 2815; x_wconf 83' lang='lat' dir='ltr'><strong>sententis</strong></span> <span class='ocrx_word' id='word_1_320' title='bbox 636 2755 837 2812; x_wconf 77' lang='lat' dir='ltr'><strong>facient</strong></span> <span class='ocrx_word' id='word_1_321' title='bbox 867 2752 1227 2827; x_wconf 79' lang='lat' dir='ltr'><strong>epbi(Jerem.</strong></span> <span class='ocrx_word' id='word_1_322' title='bbox 1264 2752 1442 2827; x_wconf 80' lang='lat' dir='ltr'><strong>xvnt),</strong></span> <span class='ocrx_word' id='word_1_323' title='bbox 1474 2766 1531 2809; x_wconf 90' lang='lat' dir='ltr'><strong>ut</strong></span> <span class='ocrx_word' id='word_1_324' title='bbox 1558 2753 1629 2810; x_wconf 90' lang='lat' dir='ltr'><strong>de</strong></span> <span class='ocrx_word' id='word_1_325' title='bbox 1648 2753 1754 2809; x_wconf 81' lang='lat' dir='ltr'><strong>tle-</strong></span> 
     </span>
    </p>
   </div>
   <div class='ocr_carea' id='block_1_40' title="bbox 159 2847 1756 2922">
    <p class='ocr_par' dir='ltr' id='par_1_40' title="bbox 159 2847 1756 2922">
     <span class='ocr_line' id='line_1_40' title="bbox 159 2847 1756 2922; baseline -0.004 -14"><span class='ocrx_word' id='word_1_326' title='bbox 159 2854 293 2908; x_wconf 87' lang='lat' dir='ltr'><strong>nario</strong></span> <span class='ocrx_word' id='word_1_327' title='bbox 320 2867 585 2919; x_wconf 87' lang='lat' dir='ltr'><strong>numero,</strong></span> <span class='ocrx_word' id='word_1_328' title='bbox 616 2851 708 2922; x_wconf 91' lang='lat' dir='ltr'><strong>qui</strong></span> <span class='ocrx_word' id='word_1_329' title='bbox 740 2850 795 2904; x_wconf 89' lang='lat' dir='ltr'><strong>in</strong></span> <span class='ocrx_word' id='word_1_330' title='bbox 827 2848 1124 2916; x_wconf 86' lang='lat' dir='ltr'><strong>Scriptnris</strong></span> <span class='ocrx_word' id='word_1_331' title='bbox 1152 2848 1354 2902; x_wconf 89' lang='lat' dir='ltr'><strong>sanctis</strong></span> <span class='ocrx_word' id='word_1_332' title='bbox 1383 2847 1646 2919; x_wconf 82' lang='lat' dir='ltr'><strong>mysticus</strong></span> <span class='ocrx_word' id='word_1_333' title='bbox 1672 2854 1756 2902; x_wconf 89' lang='lat' dir='ltr'><strong>at-</strong></span> 
     </span>
    </p>
   </div>
   <div class='ocr_carea' id='block_1_41' title="bbox 157 2940 1756 3017">
    <p class='ocr_par' dir='ltr' id='par_1_41' title="bbox 157 2940 1756 3017">
     <span class='ocr_line' id='line_1_41' title="bbox 157 2940 1756 3017; baseline -0.002 -18"><span class='ocrx_word' id='word_1_334' title='bbox 157 2961 246 3017; x_wconf 89' lang='lat' dir='ltr'><strong>que</strong></span> <span class='ocrx_word' id='word_1_335' title='bbox 272 2946 551 3014; x_wconf 88' lang='lat' dir='ltr'><strong>perfectus</strong></span> <span class='ocrx_word' id='word_1_336' title='bbox 576 2952 701 2999; x_wconf 91' lang='lat' dir='ltr'><strong>est:</strong></span> <span class='ocrx_word' id='word_1_337' title='bbox 731 2943 875 2998; x_wconf 88' lang='lat' dir='ltr'><strong>etde</strong></span> <span class='ocrx_word' id='word_1_338' title='bbox 908 2940 1224 3007; x_wconf 90' lang='lat' dir='ltr'><strong>tricenario,</strong></span> <span class='ocrx_word' id='word_1_339' title='bbox 1261 2940 1314 2995; x_wconf 92' lang='lat' dir='ltr'><strong>in</strong></span> <span class='ocrx_word' id='word_1_340' title='bbox 1366 2955 1476 3008; x_wconf 88' lang='lat' dir='ltr'><strong>quo</strong></span> <span class='ocrx_word' id='word_1_341' title='bbox 1520 2940 1756 3010; x_wconf 86' lang='lat' dir='ltr'><strong>prophe-</strong></span> 
     </span>
    </p>
   </div>
   <div class='ocr_carea' id='block_1_42' title="bbox 158 3033 1755 3110">
    <p class='ocr_par' dir='ltr' id='par_1_42' title="bbox 158 3033 1755 3110">
     <span class='ocr_line' id='line_1_42' title="bbox 158 3033 1755 3110; baseline -0.004 -16"><span class='ocrx_word' id='word_1_342' title='bbox 158 3040 278 3095; x_wconf 83' lang='lat' dir='ltr'><strong>tavit</strong></span> <span class='ocrx_word' id='word_1_343' title='bbox 297 3038 560 3095; x_wconf 85' lang='lat' dir='ltr'><strong>Ezechiel</strong></span> <span class='ocrx_word' id='word_1_344' title='bbox 590 3035 806 3110; x_wconf 69' lang='lat' dir='ltr'><strong>(Eucti.</strong></span> <span class='ocrx_word' id='word_1_345' title='bbox 836 3034 904 3107; x_wconf 89' lang='grc' dir='ltr'><strong>ι),</strong></span> <span class='ocrx_word' id='word_1_346' title='bbox 936 3044 991 3089; x_wconf 92' lang='lat' dir='ltr'><strong>et</strong></span> <span class='ocrx_word' id='word_1_347' title='bbox 1017 3033 1282 3088; x_wconf 88' lang='lat' dir='ltr'><strong>Dominus</strong></span> <span class='ocrx_word' id='word_1_348' title='bbox 1313 3033 1617 3105; x_wconf 86' lang='lat' dir='ltr'><strong>baptizatus</strong></span> <span class='ocrx_word' id='word_1_349' title='bbox 1670 3043 1755 3089; x_wconf 85' lang='lat' dir='ltr'><strong>est</strong></span> 
     </span>
    </p>
   </div>
   <div class='ocr_carea' id='block_1_43' title="bbox 157 3128 1753 3206">
    <p class='ocr_par' dir='ltr' id='par_1_43' title="bbox 157 3128 1753 3206">
     <span class='ocr_line' id='line_1_43' title="bbox 157 3128 1753 3206; baseline -0.004 -18"><span class='ocrx_word' id='word_1_350' title='bbox 157 3131 292 3205; x_wconf 84' lang='lat' dir='ltr'><strong>(Luc.</strong></span> <span class='ocrx_word' id='word_1_351' title='bbox 324 3133 430 3206; x_wconf 85' lang='lat' dir='ltr'><strong>ut),</strong></span> <span class='ocrx_word' id='word_1_352' title='bbox 456 3131 782 3203; x_wconf 87' lang='lat' dir='ltr'><strong>redigantur</strong></span> <span class='ocrx_word' id='word_1_353' title='bbox 808 3130 874 3182; x_wconf 89' lang='lat' dir='ltr'><strong>ad</strong></span> <span class='ocrx_word' id='word_1_354' title='bbox 898 3128 1047 3200; x_wconf 90' lang='lat' dir='ltr'><strong>ephi,</strong></span> <span class='ocrx_word' id='word_1_355' title='bbox 1079 3130 1173 3200; x_wconf 91' lang='lat' dir='ltr'><strong>qui</strong></span> <span class='ocrx_word' id='word_1_356' title='bbox 1202 3128 1269 3183; x_wconf 90' lang='lat' dir='ltr'><strong>ad</strong></span> <span class='ocrx_word' id='word_1_357' title='bbox 1290 3130 1753 3198; x_wconf 81' lang='lat' dir='ltr'><strong>comparationem</strong></span> 
     </span>
    </p>
   </div>
   <div class='ocr_carea' id='block_1_44' title="bbox 160 3220 1756 3296">
    <p class='ocr_par' dir='ltr' id='par_1_44' title="bbox 160 3220 1756 3296">
     <span class='ocr_line' id='line_1_44' title="bbox 160 3220 1756 3296; baseline -0.004 -16"><span class='ocrx_word' id='word_1_358' title='bbox 160 3228 455 3296; x_wconf 83' lang='lat' dir='ltr'><strong>multiplicis</strong></span> <span class='ocrx_word' id='word_1_359' title='bbox 494 3223 733 3289; x_wconf 87' lang='lat' dir='ltr'><strong>numeri,</strong></span> <span class='ocrx_word' id='word_1_360' title='bbox 779 3223 981 3277; x_wconf 89' lang='lat' dir='ltr'><strong>unione</strong></span> <span class='ocrx_word' id='word_1_361' title='bbox 1022 3222 1438 3293; x_wconf 84' lang='lat' dir='ltr'><strong>constringitur.</strong></span> <span class='ocrx_word' id='word_1_362' title='bbox 1472 3220 1624 3289; x_wconf 86' lang='lat' dir='ltr'><strong>Quod</strong></span> <span class='ocrx_word' id='word_1_363' title='bbox 1657 3235 1756 3275; x_wconf 87' lang='lat' dir='ltr'><strong>att-</strong></span> 
     </span>
    </p>
   </div>
   <div class='ocr_carea' id='block_1_45' title="bbox 160 3313 1755 3388">
    <p class='ocr_par' dir='ltr' id='par_1_45' title="bbox 160 3313 1755 3388">
     <span class='ocr_line' id='line_1_45' title="bbox 160 3313 1755 3388; baseline -0.004 -13"><span class='ocrx_word' id='word_1_364' title='bbox 160 3328 254 3375; x_wconf 88' lang='lat' dir='ltr'><strong>tem</strong></span> <span class='ocrx_word' id='word_1_365' title='bbox 279 3319 573 3374; x_wconf 79' lang='lat' dir='ltr'><strong>:edilieatio</strong></span> <span class='ocrx_word' id='word_1_366' title='bbox 607 3327 662 3373; x_wconf 88' lang='lat' dir='ltr'><strong>et</strong></span> <span class='ocrx_word' id='word_1_367' title='bbox 692 3317 1026 3388; x_wconf 89' lang='lat' dir='ltr'><strong>agricultura</strong></span> <span class='ocrx_word' id='word_1_368' title='bbox 1066 3313 1338 3371; x_wconf 83' lang='lat' dir='ltr'><strong>referatur</strong></span> <span class='ocrx_word' id='word_1_369' title='bbox 1359 3315 1425 3370; x_wconf 90' lang='lat' dir='ltr'><strong>ad</strong></span> <span class='ocrx_word' id='word_1_370' title='bbox 1449 3315 1755 3386; x_wconf 87' lang='lat' dir='ltr'><strong>intelligen-</strong></span> 
     </span>
    </p>
   </div>
   <div class='ocr_carea' id='block_1_46' title="bbox 1852 2102 3459 2178">
    <p class='ocr_par' dir='ltr' id='par_1_46' title="bbox 1852 2102 3459 2178">
     <span class='ocr_line' id='line_1_46' title="bbox 1852 2102 3459 2178; baseline 0.001 -20"><span class='ocrx_word' id='word_1_371' title='bbox 1852 2102 1999 2158; x_wconf 87' lang='lat' dir='ltr'><strong>batio</strong></span> <span class='ocrx_word' id='word_1_372' title='bbox 2027 2102 2279 2177; x_wconf 78' lang='lat' dir='ltr'><strong>ebrietas</strong></span> <span class='ocrx_word' id='word_1_373' title='bbox 2295 2104 2577 2177; x_wconf 88' lang='lat' dir='ltr'><strong>appellari,</strong></span> <span class='ocrx_word' id='word_1_374' title='bbox 2601 2121 2722 2175; x_wconf 77' lang='lat' dir='ltr'><strong>qua:</strong></span> <span class='ocrx_word' id='word_1_375' title='bbox 2744 2104 3055 2178; x_wconf 87' lang='lat' dir='ltr'><strong>concipitur</strong></span> <span class='ocrx_word' id='word_1_376' title='bbox 3079 2105 3147 2161; x_wconf 91' lang='lat' dir='ltr'><strong>de</strong></span> <span class='ocrx_word' id='word_1_377' title='bbox 3165 2105 3294 2160; x_wconf 89' lang='lat' dir='ltr'><strong>vino</strong></span> <span class='ocrx_word' id='word_1_378' title='bbox 3309 2103 3459 2159; x_wconf 91' lang='lat' dir='ltr'><strong>furo-</strong></span> 
     </span>
    </p>
   </div>
   <div class='ocr_carea' id='block_1_47' title="bbox 1851 2190 3458 2270">
    <p class='ocr_par' dir='ltr' id='par_1_47' title="bbox 1851 2190 3458 2270">
     <span class='ocr_line' id='line_1_47' title="bbox 1851 2190 3458 2270; baseline 0.001 -19"><span class='ocrx_word' id='word_1_379' title='bbox 1851 2195 1927 2251; x_wconf 76' lang='lat' dir='ltr'><strong>ris</strong></span> <span class='ocrx_word' id='word_1_380' title='bbox 1954 2195 2277 2263; x_wconf 84' lang='lat' dir='ltr'><strong>draconum,</strong></span> <span class='ocrx_word' id='word_1_381' title='bbox 2310 2197 2940 2270; x_wconf 88' lang='lat' dir='ltr'><strong>ctdevenenoaspidum</strong></span> <span class='ocrx_word' id='word_1_382' title='bbox 2973 2190 3458 2269; x_wconf 26' lang='lat' dir='ltr'><strong>insanabili,’quod</strong></span> 
     </span>
    </p>
   </div>
   <div class='ocr_carea' id='block_1_48' title="bbox 1852 2289 3459 2364">
    <p class='ocr_par' dir='ltr' id='par_1_48' title="bbox 1852 2289 3459 2364">
     <span class='ocr_line' id='line_1_48' title="bbox 1852 2289 3459 2364; baseline 0.001 -20"><span class='ocrx_word' id='word_1_383' title='bbox 1852 2289 2099 2344; x_wconf 89' lang='lat' dir='ltr'><strong>nonnulli</strong></span> <span class='ocrx_word' id='word_1_384' title='bbox 2151 2289 2344 2345; x_wconf 90' lang='lat' dir='ltr'><strong>bibunt</strong></span> <span class='ocrx_word' id='word_1_385' title='bbox 2383 2291 2451 2345; x_wconf 93' lang='lat' dir='ltr'><strong>ab</strong></span> <span class='ocrx_word' id='word_1_386' title='bbox 2501 2290 2869 2348; x_wconf 88' lang='lat' dir='ltr'><strong>adolescentia</strong></span> <span class='ocrx_word' id='word_1_387' title='bbox 2929 2307 3102 2364; x_wconf 91' lang='lat' dir='ltr'><strong>usque</strong></span> <span class='ocrx_word' id='word_1_388' title='bbox 3153 2291 3220 2346; x_wconf 90' lang='lat' dir='ltr'><strong>ad</strong></span> <span class='ocrx_word' id='word_1_389' title='bbox 3265 2305 3459 2346; x_wconf 84' lang='lat' dir='ltr'><strong>senec-</strong></span> 
     </span>
    </p>
   </div>
   <div class='ocr_carea' id='block_1_49' title="bbox 1854 2380 3460 2459">
    <p class='ocr_par' dir='ltr' id='par_1_49' title="bbox 1854 2380 3460 2459">
     <span class='ocr_line' id='line_1_49' title="bbox 1854 2380 3460 2459; baseline 0 -19"><span class='ocrx_word' id='word_1_390' title='bbox 1854 2392 2043 2450; x_wconf 86' lang='lat' dir='ltr'><strong>tutem,</strong></span> <span class='ocrx_word' id='word_1_391' title='bbox 2111 2380 2216 2440; x_wconf 91' lang='lat' dir='ltr'><strong>hoc</strong></span> <span class='ocrx_word' id='word_1_392' title='bbox 2275 2392 2379 2451; x_wconf 88' lang='lat' dir='ltr'><strong>est,</strong></span> <span class='ocrx_word' id='word_1_393' title='bbox 2445 2384 2514 2441; x_wconf 91' lang='lat' dir='ltr'><strong>de</strong></span> <span class='ocrx_word' id='word_1_394' title='bbox 2576 2402 2737 2442; x_wconf 88' lang='lat' dir='ltr'><strong>mane</strong></span> <span class='ocrx_word' id='word_1_395' title='bbox 2801 2401 2975 2459; x_wconf 87' lang='lat' dir='ltr'><strong>usque</strong></span> <span class='ocrx_word' id='word_1_396' title='bbox 3044 2386 3113 2442; x_wconf 89' lang='lat' dir='ltr'><strong>ad</strong></span> <span class='ocrx_word' id='word_1_397' title='bbox 3176 2399 3460 2458; x_wconf 88' lang='lat' dir='ltr'><strong>vesperam</strong></span> 
     </span>
    </p>
   </div>
   <div class='ocr_carea' id='block_1_50' title="bbox 1855 2474 3462 2549">
    <p class='ocr_par' dir='ltr' id='par_1_50' title="bbox 1855 2474 3462 2549">
     <span class='ocr_line' id='line_1_50' title="bbox 1855 2474 3462 2549; baseline 0.001 -19"><span class='ocrx_word' id='word_1_398' title='bbox 1855 2474 2038 2547; x_wconf 90' lang='lat' dir='ltr'><strong>(Deut.</strong></span> <span class='ocrx_word' id='word_1_399' title='bbox 2098 2475 2291 2549; x_wconf 60' lang='grc' dir='ltr'><strong>χχχιι).</strong></span> <span class='ocrx_word' id='word_1_400' title='bbox 2341 2477 2449 2533; x_wconf 87' lang='lat' dir='ltr'><strong>Alii</strong></span> <span class='ocrx_word' id='word_1_401' title='bbox 2509 2493 2644 2535; x_wconf 88' lang='lat' dir='ltr'><strong>vero</strong></span> <span class='ocrx_word' id='word_1_402' title='bbox 2688 2477 2821 2535; x_wconf 89' lang='lat' dir='ltr'><strong>hora</strong></span> <span class='ocrx_word' id='word_1_403' title='bbox 2887 2480 3075 2548; x_wconf 90' lang='lat' dir='ltr'><strong>tertia,</strong></span> <span class='ocrx_word' id='word_1_404' title='bbox 3131 2489 3307 2541; x_wconf 80' lang='lat' dir='ltr'><strong>sexta.</strong></span> <span class='ocrx_word' id='word_1_405' title='bbox 3375 2475 3462 2533; x_wconf 89' lang='lat' dir='ltr'><strong>vel</strong></span> 
     </span>
    </p>
   </div>
   <div class='ocr_carea' id='block_1_51' title="bbox 1854 2569 3464 2637">
    <p class='ocr_par' dir='ltr' id='par_1_51' title="bbox 1854 2569 3464 2637">
     <span class='ocr_line' id='line_1_51' title="bbox 1854 2569 3464 2637; baseline -0.001 -12"><span class='ocrx_word' id='word_1_406' title='bbox 1854 2577 2082 2635; x_wconf 89' lang='lat' dir='ltr'><strong>nona,et</strong></span> <span class='ocrx_word' id='word_1_407' title='bbox 2131 2569 2412 2626; x_wconf 85' lang='lat' dir='ltr'><strong>ttndecima</strong></span> <span class='ocrx_word' id='word_1_408' title='bbox 2435 2571 2769 2627; x_wconf 87' lang='lat' dir='ltr'><strong>suscitantur</strong></span> <span class='ocrx_word' id='word_1_409' title='bbox 2793 2572 2863 2627; x_wconf 90' lang='lat' dir='ltr'><strong>de</strong></span> <span class='ocrx_word' id='word_1_410' title='bbox 2884 2573 3155 2637; x_wconf 91' lang='lat' dir='ltr'><strong>convivio,</strong></span> <span class='ocrx_word' id='word_1_411' title='bbox 3187 2583 3243 2627; x_wconf 91' lang='lat' dir='ltr'><strong>et</strong></span> <span class='ocrx_word' id='word_1_412' title='bbox 3264 2569 3464 2626; x_wconf 88' lang='lat' dir='ltr'><strong>dicitur</strong></span> 
     </span>
    </p>
   </div>
   <div class='ocr_carea' id='block_1_52' title="bbox 1855 2660 3455 2735">
    <p class='ocr_par' dir='ltr' id='par_1_52' title="bbox 1855 2660 3455 2735">
     <span class='ocr_line' id='line_1_52' title="bbox 1855 2660 3455 2735; baseline -0.002 -18"><span class='ocrx_word' id='word_1_413' title='bbox 1855 2660 1924 2717; x_wconf 90' lang='lat' dir='ltr'><strong>ad</strong></span> <span class='ocrx_word' id='word_1_414' title='bbox 1957 2677 2091 2716; x_wconf 89' lang='lat' dir='ltr'><strong>eos:</strong></span> <span class='ocrx_word' id='word_1_415' title='bbox 2132 2660 2574 2735; x_wconf 71' lang='lat' dir='ltr'><strong>Expergiscimini</strong></span> <span class='ocrx_word' id='word_1_416' title='bbox 2608 2666 2696 2731; x_wconf 85' lang='lat' dir='ltr'><strong>qui</strong></span> <span class='ocrx_word' id='word_1_417' title='bbox 2742 2664 2874 2717; x_wconf 84' lang='lat' dir='ltr'><strong>ebrii</strong></span> <span class='ocrx_word' id='word_1_418' title='bbox 2925 2664 3030 2735; x_wconf 80' lang='grc'><strong>77</strong></span> <span class='ocrx_word' id='word_1_419' title='bbox 3062 2666 3186 2718; x_wconf 81' lang='lat' dir='ltr'><strong>estis</strong></span> <span class='ocrx_word' id='word_1_420' title='bbox 3232 2680 3265 2717; x_wconf 90' lang='lat' dir='ltr'><strong>a</strong></span> <span class='ocrx_word' id='word_1_421' title='bbox 3317 2664 3455 2717; x_wconf 80' lang='lat' dir='ltr'><strong>vino.</strong></span> 
     </span>
    </p>
   </div>
   <div class='ocr_carea' id='block_1_53' title="bbox 1855 2751 3460 2826">
    <p class='ocr_par' dir='ltr' id='par_1_53' title="bbox 1855 2751 3460 2826">
     <span class='ocr_line' id='line_1_53' title="bbox 1855 2751 3460 2826; baseline 0 -17"><span class='ocrx_word' id='word_1_422' title='bbox 1855 2751 2035 2823; x_wconf 89' lang='lat' dir='ltr'><strong>Super</strong></span> <span class='ocrx_word' id='word_1_423' title='bbox 2080 2753 2182 2808; x_wconf 91' lang='lat' dir='ltr'><strong>hoc</strong></span> <span class='ocrx_word' id='word_1_424' title='bbox 2238 2754 2454 2821; x_wconf 91' lang='lat' dir='ltr'><strong>vinum,</strong></span> <span class='ocrx_word' id='word_1_425' title='bbox 2512 2762 2568 2810; x_wconf 89' lang='lat' dir='ltr'><strong>et</strong></span> <span class='ocrx_word' id='word_1_426' title='bbox 2603 2770 2767 2824; x_wconf 88' lang='lat' dir='ltr'><strong>super</strong></span> <span class='ocrx_word' id='word_1_427' title='bbox 2809 2756 3184 2826; x_wconf 87' lang='lat' dir='ltr'><strong>hujuscemodi</strong></span> <span class='ocrx_word' id='word_1_428' title='bbox 3229 2769 3360 2809; x_wconf 89' lang='lat' dir='ltr'><strong>uvas</strong></span> <span class='ocrx_word' id='word_1_429' title='bbox 3396 2768 3460 2809; x_wconf 90' lang='lat' dir='ltr'><strong>ac</strong></span> 
     </span>
    </p>
   </div>
   <div class='ocr_carea' id='block_1_54' title="bbox 1857 2845 3459 2920">
    <p class='ocr_par' dir='ltr' id='par_1_54' title="bbox 1857 2845 3459 2920">
     <span class='ocr_line' id='line_1_54' title="bbox 1857 2845 3459 2920; baseline 0.001 -19"><span class='ocrx_word' id='word_1_430' title='bbox 1857 2845 2049 2901; x_wconf 90' lang='lat' dir='ltr'><strong>vineas</strong></span> <span class='ocrx_word' id='word_1_431' title='bbox 2080 2847 2215 2915; x_wconf 90' lang='lat' dir='ltr'><strong>pluit</strong></span> <span class='ocrx_word' id='word_1_432' title='bbox 2249 2846 2513 2901; x_wconf 90' lang='lat' dir='ltr'><strong>Dominus</strong></span> <span class='ocrx_word' id='word_1_433' title='bbox 2554 2847 2784 2917; x_wconf 88' lang='lat' dir='ltr'><strong>sulphur</strong></span> <span class='ocrx_word' id='word_1_434' title='bbox 2815 2858 2871 2902; x_wconf 92' lang='lat' dir='ltr'><strong>et</strong></span> <span class='ocrx_word' id='word_1_435' title='bbox 2902 2849 3081 2920; x_wconf 83' lang='lat' dir='ltr'><strong>ignem</strong></span> <span class='ocrx_word' id='word_1_436' title='bbox 3115 2866 3141 2902; x_wconf 91' lang='lat' dir='ltr'><strong>a</strong></span> <span class='ocrx_word' id='word_1_437' title='bbox 3175 2847 3411 2905; x_wconf 91' lang='lat' dir='ltr'><strong>Domino</strong></span> <span class='ocrx_word' id='word_1_438' title='bbox 3444 2864 3459 2902; x_wconf 94' lang='lat'><strong>:</strong></span> 
     </span>
    </p>
   </div>
   <div class='ocr_carea' id='block_1_55' title="bbox 1858 2938 3463 3011">
    <p class='ocr_par' dir='ltr' id='par_1_55' title="bbox 1858 2938 3463 3011">
     <span class='ocr_line' id='line_1_55' title="bbox 1858 2938 3463 3011; baseline 0.002 -19"><span class='ocrx_word' id='word_1_439' title='bbox 1858 2947 1909 2992; x_wconf 91' lang='lat' dir='ltr'><strong>et</strong></span> <span class='ocrx_word' id='word_1_440' title='bbox 1944 2940 2275 3008; x_wconf 90' lang='lat' dir='ltr'><strong>quicumque</strong></span> <span class='ocrx_word' id='word_1_441' title='bbox 2323 2953 2391 2993; x_wconf 78' lang='lat' dir='ltr'><strong>ex</strong></span> <span class='ocrx_word' id='word_1_442' title='bbox 2427 2954 2615 2994; x_wconf 88' lang='lat' dir='ltr'><strong>earum</strong></span> <span class='ocrx_word' id='word_1_443' title='bbox 2647 2938 2777 2995; x_wconf 89' lang='lat' dir='ltr'><strong>vino</strong></span> <span class='ocrx_word' id='word_1_444' title='bbox 2809 2940 3039 3007; x_wconf 90' lang='lat' dir='ltr'><strong>biberit,</strong></span> <span class='ocrx_word' id='word_1_445' title='bbox 3072 2949 3268 2996; x_wconf 53' lang='lat' dir='ltr'><strong>aestuat</strong></span> <span class='ocrx_word' id='word_1_446' title='bbox 3296 2950 3463 3011; x_wconf 88' lang='lat' dir='ltr'><strong>atque</strong></span> 
     </span>
    </p>
   </div>
   <div class='ocr_carea' id='block_1_56' title="bbox 1857 3029 3466 3105">
    <p class='ocr_par' dir='ltr' id='par_1_56' title="bbox 1857 3029 3466 3105">
     <span class='ocr_line' id='line_1_56' title="bbox 1857 3029 3466 3105; baseline 0.003 -19"><span class='ocrx_word' id='word_1_447' title='bbox 1857 3029 2217 3086; x_wconf 89' lang='lat' dir='ltr'><strong>comburitur.</strong></span> <span class='ocrx_word' id='word_1_448' title='bbox 2263 3030 2517 3099; x_wconf 84' lang='lat' dir='ltr'><strong>Requirit</strong></span> <span class='ocrx_word' id='word_1_449' title='bbox 2554 3032 2817 3088; x_wconf 87' lang='lat' dir='ltr'><strong>citharam</strong></span> <span class='ocrx_word' id='word_1_450' title='bbox 2851 3041 2907 3089; x_wconf 90' lang='lat' dir='ltr'><strong>et</strong></span> <span class='ocrx_word' id='word_1_451' title='bbox 2931 3034 3276 3104; x_wconf 85' lang='lat' dir='ltr'><strong>psalterium,</strong></span> <span class='ocrx_word' id='word_1_452' title='bbox 3307 3034 3466 3105; x_wconf 85' lang='lat' dir='ltr'><strong>cujus</strong></span> 
     </span>
    </p>
   </div>
   <div class='ocr_carea' id='block_1_57' title="bbox 1858 3123 3466 3201">
    <p class='ocr_par' dir='ltr' id='par_1_57' title="bbox 1858 3123 3466 3201">
     <span class='ocr_line' id='line_1_57' title="bbox 1858 3123 3466 3201; baseline 0.002 -23"><span class='ocrx_word' id='word_1_453' title='bbox 1858 3134 2115 3194; x_wconf 87' lang='lat' dir='ltr'><strong>repertor</strong></span> <span class='ocrx_word' id='word_1_454' title='bbox 2136 3123 2418 3192; x_wconf 84' lang='lat' dir='ltr'><strong>estJubal,</strong></span> <span class='ocrx_word' id='word_1_455' title='bbox 2438 3124 2506 3179; x_wconf 87' lang='lat' dir='ltr'><strong>de</strong></span> <span class='ocrx_word' id='word_1_456' title='bbox 2529 3125 2664 3180; x_wconf 91' lang='lat' dir='ltr'><strong>Cain</strong></span> <span class='ocrx_word' id='word_1_457' title='bbox 2679 3127 2852 3196; x_wconf 83' lang='lat' dir='ltr'><strong>stirpe</strong></span> <span class='ocrx_word' id='word_1_458' title='bbox 2879 3126 3349 3198; x_wconf 82' lang='lat' dir='ltr'><strong>generatus(Gen.</strong></span> <span class='ocrx_word' id='word_1_459' title='bbox 3367 3127 3466 3201; x_wconf 84' lang='lat' dir='ltr'><strong>tv),</strong></span> 
     </span>
    </p>
   </div>
   <div class='ocr_carea' id='block_1_58' title="bbox 1860 3217 3470 3277">
    <p class='ocr_par' dir='ltr' id='par_1_58' title="bbox 1860 3217 3470 3277">
     <span class='ocr_line' id='line_1_58' title="bbox 1860 3217 3470 3277; baseline 0.004 -6"><span class='ocrx_word' id='word_1_460' title='bbox 1860 3232 1965 3272; x_wconf 91' lang='lat' dir='ltr'><strong>nec</strong></span> <span class='ocrx_word' id='word_1_461' title='bbox 1986 3217 2137 3271; x_wconf 90' lang='lat' dir='ltr'><strong>audit</strong></span> <span class='ocrx_word' id='word_1_462' title='bbox 2169 3217 2457 3272; x_wconf 90' lang='lat' dir='ltr'><strong>Dominum</strong></span> <span class='ocrx_word' id='word_1_463' title='bbox 2488 3217 2761 3274; x_wconf 89' lang='lat' dir='ltr'><strong>dicentem</strong></span> <span class='ocrx_word' id='word_1_464' title='bbox 2795 3219 2862 3273; x_wconf 85' lang='lat' dir='ltr'><strong>ad</strong></span> <span class='ocrx_word' id='word_1_465' title='bbox 2903 3219 3089 3275; x_wconf 89' lang='lat' dir='ltr'><strong>Aaron</strong></span> <span class='ocrx_word' id='word_1_466' title='bbox 3138 3238 3152 3274; x_wconf 90' lang='lat'><strong>:</strong></span> <span class='ocrx_word' id='word_1_467' title='bbox 3196 3219 3383 3275; x_wconf 73' lang='lat' dir='ltr'><strong>Vinum</strong></span> <span class='ocrx_word' id='word_1_468' title='bbox 3418 3230 3470 3277; x_wconf 84' lang='lat' dir='ltr'><strong>et</strong></span> 
     </span>
    </p>
   </div>
   <div class='ocr_carea' id='block_1_59' title="bbox 1861 3309 3470 3386">
    <p class='ocr_par' dir='ltr' id='par_1_59' title="bbox 1861 3309 3470 3386">
     <span class='ocr_line' id='line_1_59' title="bbox 1861 3309 3470 3386; baseline 0.003 -23"><span class='ocrx_word' id='word_1_469' title='bbox 1861 3309 2078 3363; x_wconf 81' lang='lat' dir='ltr'><strong>siceram</strong></span> <span class='ocrx_word' id='word_1_470' title='bbox 2101 3325 2203 3364; x_wconf 90' lang='lat' dir='ltr'><strong>non</strong></span> <span class='ocrx_word' id='word_1_471' title='bbox 2229 3310 2410 3365; x_wconf 88' lang='lat' dir='ltr'><strong>bibetis</strong></span> <span class='ocrx_word' id='word_1_472' title='bbox 2434 3319 2489 3364; x_wconf 89' lang='lat' dir='ltr'><strong>tu</strong></span> <span class='ocrx_word' id='word_1_473' title='bbox 2512 3320 2559 3364; x_wconf 91' lang='lat' dir='ltr'><strong>et</strong></span> <span class='ocrx_word' id='word_1_474' title='bbox 2582 3310 2684 3381; x_wconf 82' lang='lat' dir='ltr'><strong>ﬁlii</strong></span> <span class='ocrx_word' id='word_1_475' title='bbox 2704 3312 2801 3376; x_wconf 87' lang='lat' dir='ltr'><strong>ttti,</strong></span> <span class='ocrx_word' id='word_1_476' title='bbox 2829 3314 3040 3384; x_wconf 84' lang='lat' dir='ltr'><strong>quando</strong></span> <span class='ocrx_word' id='word_1_477' title='bbox 3065 3313 3396 3386; x_wconf 84' lang='lat' dir='ltr'><strong>ingredimini</strong></span> <span class='ocrx_word' id='word_1_478' title='bbox 3416 3315 3470 3368; x_wconf 85' lang='lat' dir='ltr'><strong>in</strong></span> 
     </span>
    </p>
   </div>
   <div class='ocr_carea' id='block_1_60' title="bbox 159 3401 1768 3485">
    <p class='ocr_par' dir='ltr' id='par_1_60' title="bbox 159 3408 1761 3485">
     <span class='ocr_line' id='line_1_60' title="bbox 159 3408 1761 3485; baseline -0.002 -18"><span class='ocrx_word' id='word_1_479' title='bbox 159 3414 273 3467; x_wconf 90' lang='lat' dir='ltr'><strong>tiam</strong></span> <span class='ocrx_word' id='word_1_480' title='bbox 289 3412 794 3485; x_wconf 86' lang='lat' dir='ltr'><strong>spiritalem,etiam</strong></span> <span class='ocrx_word' id='word_1_481' title='bbox 815 3410 924 3465; x_wconf 91' lang='lat' dir='ltr'><strong>alio</strong></span> <span class='ocrx_word' id='word_1_482' title='bbox 937 3411 1058 3465; x_wconf 92' lang='lat' dir='ltr'><strong>loco</strong></span> <span class='ocrx_word' id='word_1_483' title='bbox 1070 3408 1269 3465; x_wconf 84' lang='lat' dir='ltr'><strong>Paulus</strong></span> <span class='ocrx_word' id='word_1_484' title='bbox 1286 3412 1569 3480; x_wconf 84' lang='lat' dir='ltr'><strong>apostolus</strong></span> <span class='ocrx_word' id='word_1_485' title='bbox 1597 3409 1761 3465; x_wconf 90' lang='lat' dir='ltr'><strong>docet</strong></span> 
     </span>
    </p>
   </div>
   <div class='ocr_carea' id='block_1_61' title="bbox 1868 3401 3467 3485">
    <p class='ocr_par' dir='ltr' id='par_1_61' title="bbox 1868 3401 3467 3481">
     <span class='ocr_line' id='line_1_61' title="bbox 1868 3401 3467 3481; baseline 0.004 -25"><span class='ocrx_word' id='word_1_486' title='bbox 1868 3401 2261 3459; x_wconf 85' lang='lat' dir='ltr'><strong>tabernaculum</strong></span> <span class='ocrx_word' id='word_1_487' title='bbox 2289 3405 2587 3471; x_wconf 83' lang='lat' dir='ltr'><strong>testimonii,</strong></span> <span class='ocrx_word' id='word_1_488' title='bbox 2630 3415 2718 3459; x_wconf 91' lang='lat' dir='ltr'><strong>aut</strong></span> <span class='ocrx_word' id='word_1_489' title='bbox 2746 3407 2998 3460; x_wconf 84' lang='lat' dir='ltr'><strong>accedetis</strong></span> <span class='ocrx_word' id='word_1_490' title='bbox 3026 3408 3096 3460; x_wconf 88' lang='lat' dir='ltr'><strong>ad</strong></span> <span class='ocrx_word' id='word_1_491' title='bbox 3122 3408 3289 3461; x_wconf 87' lang='lat' dir='ltr'><strong>altare</strong></span> <span class='ocrx_word' id='word_1_492' title='bbox 3317 3405 3467 3481; x_wconf 55' lang='lat' dir='ltr'><strong>(Leti.</strong></span> 
     </span>
    </p>
   </div>
   <div class='ocr_carea' id='block_1_62' title="bbox 160 3502 1758 3579">
    <p class='ocr_par' dir='ltr' id='par_1_62' title="bbox 160 3502 1758 3579">
     <span class='ocr_line' id='line_1_62' title="bbox 160 3502 1758 3579; baseline 0 -21"><span class='ocrx_word' id='word_1_493' title='bbox 160 3502 362 3577; x_wconf 77' lang='lat' dir='ltr'><strong>(Ep/tes.</strong></span> <span class='ocrx_word' id='word_1_494' title='bbox 394 3503 777 3579; x_wconf 86' lang='lat' dir='ltr'><strong>tv),fundatos</strong></span> <span class='ocrx_word' id='word_1_495' title='bbox 791 3512 844 3558; x_wconf 92' lang='lat' dir='ltr'><strong>et</strong></span> <span class='ocrx_word' id='word_1_496' title='bbox 864 3503 1494 3559; x_wconf 85' lang='lat' dir='ltr'><strong>radicatosiucharitate</strong></span> <span class='ocrx_word' id='word_1_497' title='bbox 1522 3503 1758 3559; x_wconf 89' lang='lat' dir='ltr'><strong>creden-</strong></span> 
     </span>
    </p>
   </div>
   <div class='ocr_carea' id='block_1_63' title="bbox 160 3596 1759 3669">
    <p class='ocr_par' dir='ltr' id='par_1_63' title="bbox 160 3596 1759 3669">
     <span class='ocr_line' id='line_1_63' title="bbox 160 3596 1759 3669; baseline 0 -16"><span class='ocrx_word' id='word_1_498' title='bbox 160 3608 235 3654; x_wconf 85' lang='lat' dir='ltr'><strong>tes</strong></span> <span class='ocrx_word' id='word_1_499' title='bbox 248 3615 366 3657; x_wconf 89' lang='lat' dir='ltr'><strong>esse</strong></span> <span class='ocrx_word' id='word_1_500' title='bbox 376 3608 726 3655; x_wconf 84' lang='lat' dir='ltr'><strong>contestans.</strong></span> <span class='ocrx_word' id='word_1_501' title='bbox 744 3596 901 3654; x_wconf 86' lang='lat' dir='ltr'><strong>Unde</strong></span> <span class='ocrx_word' id='word_1_502' title='bbox 913 3606 969 3653; x_wconf 90' lang='lat' dir='ltr'><strong>et</strong></span> <span class='ocrx_word' id='word_1_503' title='bbox 984 3597 1346 3653; x_wconf 83' lang='lat' dir='ltr'><strong>Ecclesiastes</strong></span> <span class='ocrx_word' id='word_1_504' title='bbox 1361 3596 1532 3664; x_wconf 81' lang='lat' dir='ltr'><strong>(Eccl.</strong></span> <span class='ocrx_word' id='word_1_505' title='bbox 1549 3598 1632 3669; x_wconf 89' lang='lat' dir='ltr'><strong>ll),</strong></span> <span class='ocrx_word' id='word_1_506' title='bbox 1651 3614 1759 3653; x_wconf 91' lang='lat' dir='ltr'><strong>non</strong></span> 
     </span>
    </p>
   </div>
   <div class='ocr_carea' id='block_1_64' title="bbox 160 3690 1766 3760">
    <p class='ocr_par' dir='ltr' id='par_1_64' title="bbox 160 3690 1766 3760">
     <span class='ocr_line' id='line_1_64' title="bbox 160 3690 1766 3760; baseline -0.001 -12"><span class='ocrx_word' id='word_1_507' title='bbox 160 3694 321 3750; x_wconf 86' lang='lat' dir='ltr'><strong>solum</strong></span> <span class='ocrx_word' id='word_1_508' title='bbox 346 3693 456 3751; x_wconf 89' lang='lat' dir='ltr'><strong>sibi</strong></span> <span class='ocrx_word' id='word_1_509' title='bbox 476 3691 776 3748; x_wconf 62' lang='lat' dir='ltr'><strong>aedificavit</strong></span> <span class='ocrx_word' id='word_1_510' title='bbox 806 3691 1026 3757; x_wconf 87' lang='lat' dir='ltr'><strong>domos,</strong></span> <span class='ocrx_word' id='word_1_511' title='bbox 1059 3690 1153 3745; x_wconf 81' lang='lat' dir='ltr'><strong>sed</strong></span> <span class='ocrx_word' id='word_1_512' title='bbox 1188 3692 1449 3760; x_wconf 85' lang='lat' dir='ltr'><strong>plantavit</strong></span> <span class='ocrx_word' id='word_1_513' title='bbox 1477 3691 1684 3756; x_wconf 85' lang='lat' dir='ltr'><strong>vineas.</strong></span> <span class='ocrx_word' id='word_1_514' title='bbox 1707 3700 1766 3747; x_wconf 89' lang='lat' dir='ltr'><strong>et</strong></span> 
     </span>
    </p>
   </div>
   <div class='ocr_carea' id='block_1_65' title="bbox 164 3782 1766 3854">
    <p class='ocr_par' dir='ltr' id='par_1_65' title="bbox 164 3782 1766 3854">
     <span class='ocr_line' id='line_1_65' title="bbox 164 3782 1766 3854; baseline -0.001 -15"><span class='ocrx_word' id='word_1_515' title='bbox 164 3783 277 3842; x_wconf 88' lang='lat' dir='ltr'><strong>fecit</strong></span> <span class='ocrx_word' id='word_1_516' title='bbox 295 3787 496 3841; x_wconf 79' lang='lat' dir='ltr'><strong>hortos</strong></span> <span class='ocrx_word' id='word_1_517' title='bbox 518 3795 575 3841; x_wconf 90' lang='lat' dir='ltr'><strong>et</strong></span> <span class='ocrx_word' id='word_1_518' title='bbox 597 3784 862 3854; x_wconf 89' lang='lat' dir='ltr'><strong>pomaria,</strong></span> <span class='ocrx_word' id='word_1_519' title='bbox 879 3795 933 3839; x_wconf 90' lang='lat' dir='ltr'><strong>et</strong></span> <span class='ocrx_word' id='word_1_520' title='bbox 958 3782 1192 3838; x_wconf 89' lang='lat' dir='ltr'><strong>instituit</strong></span> <span class='ocrx_word' id='word_1_521' title='bbox 1212 3798 1406 3838; x_wconf 86' lang='lat' dir='ltr'><strong>omnes</strong></span> <span class='ocrx_word' id='word_1_522' title='bbox 1426 3782 1653 3838; x_wconf 89' lang='lat' dir='ltr'><strong>arbores</strong></span> <span class='ocrx_word' id='word_1_523' title='bbox 1673 3799 1766 3852; x_wconf 89' lang='lat' dir='ltr'><strong>po-</strong></span> 
     </span>
    </p>
   </div>
   <div class='ocr_carea' id='block_1_66' title="bbox 161 3875 1762 3948">
    <p class='ocr_par' dir='ltr' id='par_1_66' title="bbox 161 3875 1762 3948">
     <span class='ocr_line' id='line_1_66' title="bbox 161 3875 1762 3948; baseline -0.002 -14"><span class='ocrx_word' id='word_1_524' title='bbox 161 3878 394 3947; x_wconf 87' lang='lat' dir='ltr'><strong>miferas,</strong></span> <span class='ocrx_word' id='word_1_525' title='bbox 411 3878 797 3948; x_wconf 80' lang='lat' dir='ltr'><strong>exstrttxitqtte</strong></span> <span class='ocrx_word' id='word_1_526' title='bbox 813 3877 1069 3948; x_wconf 88' lang='lat' dir='ltr'><strong>piscinas,</strong></span> <span class='ocrx_word' id='word_1_527' title='bbox 1089 3875 1531 3947; x_wconf 75' lang='lat' dir='ltr'><strong>tttirrigaret76</strong></span> <span class='ocrx_word' id='word_1_528' title='bbox 1544 3876 1762 3931; x_wconf 87' lang='lat' dir='ltr'><strong>saltum.</strong></span> 
     </span>
    </p>
   </div>
   <div class='ocr_carea' id='block_1_67' title="bbox 164 3968 1769 4040">
    <p class='ocr_par' dir='ltr' id='par_1_67' title="bbox 164 3968 1769 4040">
     <span class='ocr_line' id='line_1_67' title="bbox 164 3968 1769 4040; baseline -0.002 -14"><span class='ocrx_word' id='word_1_529' title='bbox 164 3970 322 4028; x_wconf 80' lang='lat' dir='ltr'><strong>Porro</strong></span> <span class='ocrx_word' id='word_1_530' title='bbox 354 3971 603 4027; x_wconf 61' lang='lat' dir='ltr'><strong>haeretici</strong></span> <span class='ocrx_word' id='word_1_531' title='bbox 633 3968 921 4040; x_wconf 82' lang='lat' dir='ltr'><strong>imaginem</strong></span> <span class='ocrx_word' id='word_1_532' title='bbox 963 3976 1172 4022; x_wconf 85' lang='lat' dir='ltr'><strong>tantum</strong></span> <span class='ocrx_word' id='word_1_533' title='bbox 1198 3969 1459 4023; x_wconf 83' lang='lat' dir='ltr'><strong>habentes</strong></span> <span class='ocrx_word' id='word_1_534' title='bbox 1492 3968 1769 4023; x_wconf 87' lang='lat' dir='ltr'><strong>umbram-</strong></span> 
     </span>
    </p>
   </div>
   <div class='ocr_carea' id='block_1_68' title="bbox 163 4061 1771 4135">
    <p class='ocr_par' dir='ltr' id='par_1_68' title="bbox 163 4061 1771 4135">
     <span class='ocr_line' id='line_1_68' title="bbox 163 4061 1771 4135; baseline -0.001 -17"><span class='ocrx_word' id='word_1_535' title='bbox 163 4080 260 4135; x_wconf 87' lang='lat' dir='ltr'><strong>que</strong></span> <span class='ocrx_word' id='word_1_536' title='bbox 274 4066 568 4132; x_wconf 83' lang='lat' dir='ltr'><strong>virtutum,</strong></span> <span class='ocrx_word' id='word_1_537' title='bbox 599 4072 656 4119; x_wconf 90' lang='lat' dir='ltr'><strong>et</strong></span> <span class='ocrx_word' id='word_1_538' title='bbox 686 4078 791 4117; x_wconf 92' lang='lat' dir='ltr'><strong>non</strong></span> <span class='ocrx_word' id='word_1_539' title='bbox 820 4063 990 4133; x_wconf 89' lang='lat' dir='ltr'><strong>ipsam</strong></span> <span class='ocrx_word' id='word_1_540' title='bbox 1022 4062 1330 4126; x_wconf 87' lang='lat' dir='ltr'><strong>veritatem,</strong></span> <span class='ocrx_word' id='word_1_541' title='bbox 1355 4062 1560 4130; x_wconf 87' lang='lat' dir='ltr'><strong>absque</strong></span> <span class='ocrx_word' id='word_1_542' title='bbox 1592 4061 1771 4116; x_wconf 90' lang='lat' dir='ltr'><strong>fructu</strong></span> 
     </span>
    </p>
   </div>
   <div class='ocr_carea' id='block_1_69' title="bbox 163 4154 1773 4229">
    <p class='ocr_par' dir='ltr' id='par_1_69' title="bbox 163 4154 1773 4229">
     <span class='ocr_line' id='line_1_69' title="bbox 163 4154 1773 4229; baseline -0.003 -17"><span class='ocrx_word' id='word_1_543' title='bbox 163 4173 403 4229; x_wconf 82' lang='lat' dir='ltr'><strong>operum,</strong></span> <span class='ocrx_word' id='word_1_544' title='bbox 436 4158 735 4214; x_wconf 88' lang='lat' dir='ltr'><strong>verborum</strong></span> <span class='ocrx_word' id='word_1_545' title='bbox 764 4155 891 4211; x_wconf 90' lang='lat' dir='ltr'><strong>folia</strong></span> <span class='ocrx_word' id='word_1_546' title='bbox 924 4155 1276 4226; x_wconf 90' lang='lat' dir='ltr'><strong>pollicentur.</strong></span> <span class='ocrx_word' id='word_1_547' title='bbox 1313 4154 1390 4210; x_wconf 90' lang='lat' dir='ltr'><strong>De</strong></span> <span class='ocrx_word' id='word_1_548' title='bbox 1416 4169 1647 4224; x_wconf 90' lang='lat' dir='ltr'><strong>quorum</strong></span> <span class='ocrx_word' id='word_1_549' title='bbox 1684 4169 1773 4208; x_wconf 89' lang='lat' dir='ltr'><strong>ar-</strong></span> 
     </span>
    </p>
   </div>
   <div class='ocr_carea' id='block_1_70' title="bbox 163 4251 1773 4323">
    <p class='ocr_par' dir='ltr' id='par_1_70' title="bbox 163 4251 1773 4323">
     <span class='ocr_line' id='line_1_70' title="bbox 163 4251 1773 4323; baseline -0.006 -9"><span class='ocrx_word' id='word_1_550' title='bbox 163 4257 382 4315; x_wconf 79' lang='lat' dir='ltr'><strong>boribus</strong></span> <span class='ocrx_word' id='word_1_551' title='bbox 409 4257 553 4313; x_wconf 84' lang='lat' dir='ltr'><strong>dicit</strong></span> <span class='ocrx_word' id='word_1_552' title='bbox 575 4255 871 4311; x_wconf 89' lang='lat' dir='ltr'><strong>Dominus:</strong></span> <span class='ocrx_word' id='word_1_553' title='bbox 923 4252 1105 4308; x_wconf 86' lang='lat' dir='ltr'><strong>Otnnis</strong></span> <span class='ocrx_word' id='word_1_554' title='bbox 1146 4251 1432 4323; x_wconf 86' lang='lat' dir='ltr'><strong>plantatio,</strong></span> <span class='ocrx_word' id='word_1_555' title='bbox 1460 4267 1615 4320; x_wconf 85' lang='lat' dir='ltr'><strong>quam</strong></span> <span class='ocrx_word' id='word_1_556' title='bbox 1668 4266 1773 4305; x_wconf 87' lang='lat' dir='ltr'><strong>non</strong></span> 
     </span>
    </p>
   </div>
   <div class='ocr_carea' id='block_1_71' title="bbox 165 4344 1773 4422">
    <p class='ocr_par' dir='ltr' id='par_1_71' title="bbox 165 4344 1773 4422">
     <span class='ocr_line' id='line_1_71' title="bbox 165 4344 1773 4422; baseline -0.003 -18"><span class='ocrx_word' id='word_1_557' title='bbox 165 4352 405 4422; x_wconf 76' lang='lat' dir='ltr'><strong>plantavit</strong></span> <span class='ocrx_word' id='word_1_558' title='bbox 436 4350 603 4405; x_wconf 80' lang='lat' dir='ltr'><strong>Pater</strong></span> <span class='ocrx_word' id='word_1_559' title='bbox 626 4366 766 4404; x_wconf 83' lang='lat' dir='ltr'><strong>meus</strong></span> <span class='ocrx_word' id='word_1_560' title='bbox 797 4349 1035 4414; x_wconf 67' lang='lat' dir='ltr'><strong>caelestis,</strong></span> <span class='ocrx_word' id='word_1_561' title='bbox 1062 4347 1411 4402; x_wconf 83' lang='lat' dir='ltr'><strong>eradicabitur</strong></span> <span class='ocrx_word' id='word_1_562' title='bbox 1432 4344 1649 4416; x_wconf 81' lang='lat' dir='ltr'><strong>(Matth.</strong></span> <span class='ocrx_word' id='word_1_563' title='bbox 1683 4362 1773 4408; x_wconf 81' lang='lat' dir='ltr'><strong>xv,</strong></span> 
     </span>
    </p>
   </div>
   <div class='ocr_carea' id='block_1_72' title="bbox 169 4440 1779 4517">
    <p class='ocr_par' dir='ltr' id='par_1_72' title="bbox 169 4440 1779 4517">
     <span class='ocr_line' id='line_1_72' title="bbox 169 4440 1779 4517; baseline -0.007 -14"><span class='ocrx_word' id='word_1_564' title='bbox 169 4446 273 4517; x_wconf 76' lang='grc'><strong>13).</strong></span> <span class='ocrx_word' id='word_1_565' title='bbox 307 4448 385 4503; x_wconf 91' lang='lat' dir='ltr'><strong>De</strong></span> <span class='ocrx_word' id='word_1_566' title='bbox 437 4446 607 4500; x_wconf 90' lang='lat' dir='ltr'><strong>vinea</strong></span> <span class='ocrx_word' id='word_1_567' title='bbox 655 4448 801 4500; x_wconf 89' lang='lat' dir='ltr'><strong>enim</strong></span> <span class='ocrx_word' id='word_1_568' title='bbox 846 4441 1213 4497; x_wconf 89' lang='lat' dir='ltr'><strong>Sodomorum</strong></span> <span class='ocrx_word' id='word_1_569' title='bbox 1256 4440 1409 4494; x_wconf 75' lang='lat' dir='ltr'><strong>vinea</strong></span> <span class='ocrx_word' id='word_1_570' title='bbox 1462 4453 1673 4506; x_wconf 90' lang='lat' dir='ltr'><strong>eorum,</strong></span> <span class='ocrx_word' id='word_1_571' title='bbox 1722 4447 1779 4492; x_wconf 87' lang='lat' dir='ltr'><strong>et</strong></span> 
     </span>
    </p>
   </div>
   <div class='ocr_carea' id='block_1_73' title="bbox 168 4529 1776 4609">
    <p class='ocr_par' dir='ltr' id='par_1_73' title="bbox 168 4529 1776 4609">
     <span class='ocr_line' id='line_1_73' title="bbox 168 4529 1776 4609; baseline -0.004 -17"><span class='ocrx_word' id='word_1_572' title='bbox 168 4553 403 4609; x_wconf 79' lang='lat' dir='ltr'><strong>pr0pago</strong></span> <span class='ocrx_word' id='word_1_573' title='bbox 434 4552 628 4593; x_wconf 88' lang='lat' dir='ltr'><strong>eorum</strong></span> <span class='ocrx_word' id='word_1_574' title='bbox 660 4535 727 4590; x_wconf 81' lang='lat' dir='ltr'><strong>tle</strong></span> <span class='ocrx_word' id='word_1_575' title='bbox 756 4536 1059 4590; x_wconf 82' lang='lat' dir='ltr'><strong>Gomorra:</strong></span> <span class='ocrx_word' id='word_1_576' title='bbox 1090 4529 1207 4588; x_wconf 90' lang='lat' dir='ltr'><strong>Uva</strong></span> <span class='ocrx_word' id='word_1_577' title='bbox 1237 4546 1452 4597; x_wconf 89' lang='lat' dir='ltr'><strong>eorum,</strong></span> <span class='ocrx_word' id='word_1_578' title='bbox 1487 4546 1585 4585; x_wconf 89' lang='lat' dir='ltr'><strong>uva</strong></span> <span class='ocrx_word' id='word_1_579' title='bbox 1610 4529 1776 4597; x_wconf 89' lang='lat' dir='ltr'><strong>fellis,</strong></span> 
     </span>
    </p>
   </div>
   <div class='ocr_carea' id='block_1_74' title="bbox 167 4624 1778 4694">
    <p class='ocr_par' dir='ltr' id='par_1_74' title="bbox 167 4624 1778 4694">
     <span class='ocr_line' id='line_1_74' title="bbox 167 4624 1778 4694; baseline -0.006 -6"><span class='ocrx_word' id='word_1_580' title='bbox 167 4632 445 4688; x_wconf 82' lang='lat' dir='ltr'><strong>etbotrtts</strong></span> <span class='ocrx_word' id='word_1_581' title='bbox 465 4628 851 4685; x_wconf 86' lang='lat' dir='ltr'><strong>amaritudinis</strong></span> <span class='ocrx_word' id='word_1_582' title='bbox 880 4626 985 4694; x_wconf 88' lang='lat' dir='ltr'><strong>eis,</strong></span> <span class='ocrx_word' id='word_1_583' title='bbox 1040 4625 1192 4681; x_wconf 82' lang='lat' dir='ltr'><strong>furor</strong></span> <span class='ocrx_word' id='word_1_584' title='bbox 1242 4624 1539 4680; x_wconf 88' lang='lat' dir='ltr'><strong>draconum</strong></span> <span class='ocrx_word' id='word_1_585' title='bbox 1591 4624 1778 4679; x_wconf 87' lang='lat' dir='ltr'><strong>vinum</strong></span> 
     </span>
    </p>
   </div>
   <div class='ocr_carea' id='block_1_75' title="bbox 166 4713 1782 4791">
    <p class='ocr_par' dir='ltr' id='par_1_75' title="bbox 166 4713 1782 4791">
     <span class='ocr_line' id='line_1_75' title="bbox 166 4713 1782 4791; baseline -0.006 -11"><span class='ocrx_word' id='word_1_586' title='bbox 166 4739 377 4789; x_wconf 88' lang='lat' dir='ltr'><strong>eorum,</strong></span> <span class='ocrx_word' id='word_1_587' title='bbox 411 4733 474 4780; x_wconf 90' lang='lat' dir='ltr'><strong>et</strong></span> <span class='ocrx_word' id='word_1_588' title='bbox 503 4722 653 4778; x_wconf 86' lang='lat' dir='ltr'><strong>furor</strong></span> <span class='ocrx_word' id='word_1_589' title='bbox 704 4719 951 4791; x_wconf 87' lang='lat' dir='ltr'><strong>aspidum</strong></span> <span class='ocrx_word' id='word_1_590' title='bbox 998 4716 1317 4773; x_wconf 90' lang='lat' dir='ltr'><strong>insanabilis</strong></span> <span class='ocrx_word' id='word_1_591' title='bbox 1376 4713 1556 4788; x_wconf 78' lang='lat' dir='ltr'><strong>(Deut.</strong></span> <span class='ocrx_word' id='word_1_592' title='bbox 1607 4732 1782 4784; x_wconf 67' lang='grc' dir='ltr'>χχιιι,</span> 
     </span>
    </p>
   </div>
   <div class='ocr_carea' id='block_1_76' title="bbox 165 4815 487 4889">
    <p class='ocr_par' dir='ltr' id='par_1_76' title="bbox 165 4815 487 4889">
     <span class='ocr_line' id='line_1_76' title="bbox 165 4815 487 4889; baseline -0.006 -18"><span class='ocrx_word' id='word_1_593' title='bbox 165 4815 252 4881; x_wconf 66' lang='grc' dir='ltr'><strong>δε,</strong></span> <span class='ocrx_word' id='word_1_594' title='bbox 280 4818 487 4889; x_wconf 85' lang='lat' dir='ltr'><strong>seqq.).</strong></span> 
     </span>
    </p>
   </div>
   <div class='ocr_carea' id='block_1_77' title="bbox 180 4903 1796 4979">
    <p class='ocr_par' dir='ltr' id='par_1_77' title="bbox 180 4903 1796 4979">
     <span class='ocr_line' id='line_1_77' title="bbox 180 4903 1796 4979; baseline -0.004 -13"><span class='ocrx_word' id='word_1_595' title='bbox 180 4916 190 4924; x_wconf 86' lang='grc'><em>’</em></span> <span class='ocrx_word' id='word_1_596' title='bbox 234 4909 422 4975; x_wconf 74' lang='lat' dir='ltr'><strong>(Vers.</strong></span> <span class='ocrx_word' id='word_1_597' title='bbox 460 4908 553 4973; x_wconf 79' lang='grc' dir='ltr'><strong>Η,</strong></span> <span class='ocrx_word' id='word_1_598' title='bbox 580 4906 692 4979; x_wconf 66' lang='grc'><strong>12.)</strong></span> <span class='ocrx_word' id='word_1_599' title='bbox 736 4906 826 4961; x_wconf 72' lang='grc' dir='ltr'><strong>ναν</strong></span> <span class='ocrx_word' id='word_1_600' title='bbox 843 4906 932 4976; x_wconf 87' lang='lat' dir='ltr'><strong>qui</strong></span> <span class='ocrx_word' id='word_1_601' title='bbox 982 4905 1291 4978; x_wconf 87' lang='lat' dir='ltr'><strong>consurgitis</strong></span> <span class='ocrx_word' id='word_1_602' title='bbox 1348 4919 1498 4959; x_wconf 89' lang='lat' dir='ltr'><strong>mane</strong></span> <span class='ocrx_word' id='word_1_603' title='bbox 1523 4904 1592 4958; x_wconf 88' lang='lat' dir='ltr'><strong>ad</strong></span> <span class='ocrx_word' id='word_1_604' title='bbox 1632 4903 1796 4960; x_wconf 86' lang='lat' dir='ltr'><strong>ebrie-</strong></span> 
     </span>
    </p>
   </div>
   <div class='ocr_carea' id='block_1_78' title="bbox 169 4995 1791 5071">
    <p class='ocr_par' dir='ltr' id='par_1_78' title="bbox 169 4995 1791 5071">
     <span class='ocr_line' id='line_1_78' title="bbox 169 4995 1791 5071; baseline -0.005 -14"><span class='ocrx_word' id='word_1_605' title='bbox 169 5012 323 5057; x_wconf 87' lang='lat' dir='ltr'><strong>tatem</strong></span> <span class='ocrx_word' id='word_1_606' title='bbox 376 5000 684 5056; x_wconf 86' lang='lat' dir='ltr'><strong>sectandam</strong></span> <span class='ocrx_word' id='word_1_607' title='bbox 718 5009 767 5053; x_wconf 88' lang='lat' dir='ltr'><strong>et</strong></span> <span class='ocrx_word' id='word_1_608' title='bbox 795 4998 1082 5071; x_wconf 86' lang='lat' dir='ltr'><strong>potandum</strong></span> <span class='ocrx_word' id='word_1_609' title='bbox 1125 5012 1287 5068; x_wconf 85' lang='lat' dir='ltr'><strong>usque</strong></span> <span class='ocrx_word' id='word_1_610' title='bbox 1306 4995 1376 5050; x_wconf 88' lang='lat' dir='ltr'><strong>ad</strong></span> <span class='ocrx_word' id='word_1_611' title='bbox 1398 5012 1688 5066; x_wconf 83' lang='lat' dir='ltr'><strong>vesperam,</strong></span> <span class='ocrx_word' id='word_1_612' title='bbox 1736 5006 1791 5050; x_wconf 89' lang='lat' dir='ltr'><strong>ut</strong></span> 
     </span>
    </p>
   </div>
   <div class='ocr_carea' id='block_1_79' title="bbox 1864 3494 3474 3571">
    <p class='ocr_par' dir='ltr' id='par_1_79' title="bbox 1864 3494 3474 3571">
     <span class='ocr_line' id='line_1_79' title="bbox 1864 3494 3474 3571; baseline 0.004 -21"><span class='ocrx_word' id='word_1_613' title='bbox 1864 3511 1920 3562; x_wconf 68' lang='grc' dir='ltr'><strong>ς,</strong></span> <span class='ocrx_word' id='word_1_614' title='bbox 1961 3494 2039 3566; x_wconf 89' lang='grc'><strong>8).</strong></span> <span class='ocrx_word' id='word_1_615' title='bbox 2075 3495 2182 3550; x_wconf 88' lang='lat' dir='ltr'><strong>Has</strong></span> <span class='ocrx_word' id='word_1_616' title='bbox 2221 3495 2461 3551; x_wconf 88' lang='lat' dir='ltr'><strong>citharas</strong></span> <span class='ocrx_word' id='word_1_617' title='bbox 2486 3539 2502 3564; x_wconf 91' lang='lat'><strong>,</strong></span> <span class='ocrx_word' id='word_1_618' title='bbox 2534 3506 2589 3551; x_wconf 91' lang='lat' dir='ltr'><strong>et</strong></span> <span class='ocrx_word' id='word_1_619' title='bbox 2620 3497 2788 3570; x_wconf 84' lang='lat' dir='ltr'><strong>lyras,</strong></span> <span class='ocrx_word' id='word_1_620' title='bbox 2824 3509 3250 3571; x_wconf 86' lang='lat' dir='ltr'><strong>tympanumque</strong></span> <span class='ocrx_word' id='word_1_621' title='bbox 3272 3542 3286 3566; x_wconf 93' lang='lat'><strong>,</strong></span> <span class='ocrx_word' id='word_1_622' title='bbox 3318 3510 3374 3557; x_wconf 89' lang='lat' dir='ltr'><strong>et</strong></span> <span class='ocrx_word' id='word_1_623' title='bbox 3404 3501 3474 3557; x_wconf 88' lang='lat' dir='ltr'><strong>ti-</strong></span> 
     </span>
    </p>
   </div>
   <div class='ocr_carea' id='block_1_80' title="bbox 1868 3592 3467 3668">
    <p class='ocr_par' dir='ltr' id='par_1_80' title="bbox 1868 3592 3467 3668">
     <span class='ocr_line' id='line_1_80' title="bbox 1868 3592 3467 3668; baseline 0.005 -21"><span class='ocrx_word' id='word_1_624' title='bbox 1868 3593 1985 3647; x_wconf 87' lang='lat' dir='ltr'><strong>bias</strong></span> <span class='ocrx_word' id='word_1_625' title='bbox 2022 3606 2119 3646; x_wconf 79' lang='lat' dir='ltr'><strong>rex</strong></span> <span class='ocrx_word' id='word_1_626' title='bbox 2161 3592 2497 3664; x_wconf 89' lang='lat' dir='ltr'><strong>Babylonius</strong></span> <span class='ocrx_word' id='word_1_627' title='bbox 2528 3592 2740 3661; x_wconf 89' lang='lat' dir='ltr'><strong>habuit,</strong></span> <span class='ocrx_word' id='word_1_628' title='bbox 2772 3597 2971 3666; x_wconf 90' lang='lat' dir='ltr'><strong>quibus</strong></span> <span class='ocrx_word' id='word_1_629' title='bbox 3010 3598 3467 3668; x_wconf 89' lang='lat' dir='ltr'><strong>consonantibus,</strong></span> 
     </span>
    </p>
   </div>
   <div class='ocr_carea' id='block_1_81' title="bbox 1865 3685 3468 3758">
    <p class='ocr_par' dir='ltr' id='par_1_81' title="bbox 1865 3685 3468 3758">
     <span class='ocr_line' id='line_1_81' title="bbox 1865 3685 3468 3758; baseline 0.004 -17"><span class='ocrx_word' id='word_1_630' title='bbox 1865 3686 2245 3742; x_wconf 89' lang='lat' dir='ltr'><strong>universarum</strong></span> <span class='ocrx_word' id='word_1_631' title='bbox 2268 3685 2512 3756; x_wconf 89' lang='lat' dir='ltr'><strong>gentium</strong></span> <span class='ocrx_word' id='word_1_632' title='bbox 2545 3688 2727 3757; x_wconf 90' lang='lat' dir='ltr'><strong>populi</strong></span> <span class='ocrx_word' id='word_1_633' title='bbox 2763 3690 3323 3758; x_wconf 82' lang='lat' dir='ltr'><strong>prasternebanturin</strong></span> <span class='ocrx_word' id='word_1_634' title='bbox 3355 3700 3468 3748; x_wconf 87' lang='lat' dir='ltr'><strong>ter-</strong></span> 
     </span>
    </p>
   </div>
   <div class='ocr_carea' id='block_1_82' title="bbox 1867 3777 3472 3857">
    <p class='ocr_par' dir='ltr' id='par_1_82' title="bbox 1867 3777 3472 3857">
     <span class='ocr_line' id='line_1_82' title="bbox 1867 3777 3472 3857; baseline 0.004 -22"><span class='ocrx_word' id='word_1_635' title='bbox 1867 3795 2011 3847; x_wconf 86' lang='lat' dir='ltr'><strong>ram,</strong></span> <span class='ocrx_word' id='word_1_636' title='bbox 2038 3789 2092 3832; x_wconf 91' lang='lat' dir='ltr'><strong>et</strong></span> <span class='ocrx_word' id='word_1_637' title='bbox 2124 3777 2427 3833; x_wconf 87' lang='lat' dir='ltr'><strong>adorabant</strong></span> <span class='ocrx_word' id='word_1_638' title='bbox 2456 3794 2675 3835; x_wconf 88' lang='lat' dir='ltr'><strong>auream</strong></span> <span class='ocrx_word' id='word_1_639' title='bbox 2708 3792 2940 3837; x_wconf 90' lang='lat' dir='ltr'><strong>statuam</strong></span> <span class='ocrx_word' id='word_1_640' title='bbox 2976 3783 3141 3857; x_wconf 90' lang='lat' dir='ltr'><strong>(Dan.</strong></span> <span class='ocrx_word' id='word_1_641' title='bbox 3177 3792 3279 3857; x_wconf 87' lang='lat' dir='ltr'><strong>ut).</strong></span> <span class='ocrx_word' id='word_1_642' title='bbox 3312 3784 3472 3853; x_wconf 87' lang='lat' dir='ltr'><strong>Quod</strong></span> 
     </span>
    </p>
   </div>
   <div class='ocr_carea' id='block_1_83' title="bbox 1869 3874 3471 3950">
    <p class='ocr_par' dir='ltr' id='par_1_83' title="bbox 1869 3874 3471 3950">
     <span class='ocr_line' id='line_1_83' title="bbox 1869 3874 3471 3950; baseline 0.004 -22"><span class='ocrx_word' id='word_1_643' title='bbox 1869 3883 2050 3929; x_wconf 87' lang='lat' dir='ltr'><strong>autem</strong></span> <span class='ocrx_word' id='word_1_644' title='bbox 2084 3874 2317 3943; x_wconf 90' lang='lat' dir='ltr'><strong>primum</strong></span> <span class='ocrx_word' id='word_1_645' title='bbox 2362 3885 2574 3943; x_wconf 87' lang='lat' dir='ltr'><strong>tempus</strong></span> <span class='ocrx_word' id='word_1_646' title='bbox 2614 3874 2864 3931; x_wconf 70' lang='lat' dir='ltr'><strong>humana:</strong></span> <span class='ocrx_word' id='word_1_647' title='bbox 2901 3877 3206 3947; x_wconf 61' lang='lat' dir='ltr'><strong>sapientiae,</strong></span> <span class='ocrx_word' id='word_1_648' title='bbox 3251 3877 3471 3950; x_wconf 81' lang='lat' dir='ltr'><strong>quando</strong></span> 
     </span>
    </p>
   </div>
   <div class='ocr_carea' id='block_1_84' title="bbox 1871 3965 3477 4035">
    <p class='ocr_par' dir='ltr' id='par_1_84' title="bbox 1871 3965 3477 4035">
     <span class='ocr_line' id='line_1_84' title="bbox 1871 3965 3477 4035; baseline 0.002 -13"><span class='ocrx_word' id='word_1_649' title='bbox 1871 3965 2187 4035; x_wconf 85' lang='lat' dir='ltr'><strong>egredimur</strong></span> <span class='ocrx_word' id='word_1_650' title='bbox 2239 3966 2549 4035; x_wconf 87' lang='lat' dir='ltr'><strong>pueritiam,</strong></span> <span class='ocrx_word' id='word_1_651' title='bbox 2609 3976 2665 4021; x_wconf 91' lang='lat' dir='ltr'><strong>et</strong></span> <span class='ocrx_word' id='word_1_652' title='bbox 2716 3969 2781 4022; x_wconf 87' lang='lat' dir='ltr'><strong>ad</strong></span> <span class='ocrx_word' id='word_1_653' title='bbox 2839 3970 3163 4025; x_wconf 88' lang='lat' dir='ltr'><strong>rationalem</strong></span> <span class='ocrx_word' id='word_1_654' title='bbox 3222 3974 3477 4027; x_wconf 90' lang='lat' dir='ltr'><strong>venimus</strong></span> 
     </span>
    </p>
   </div>
   <div class='ocr_carea' id='block_1_85' title="bbox 1873 4058 3477 4132">
    <p class='ocr_par' dir='ltr' id='par_1_85' title="bbox 1873 4058 3477 4132">
     <span class='ocr_line' id='line_1_85' title="bbox 1873 4058 3477 4132; baseline 0.006 -19"><span class='ocrx_word' id='word_1_655' title='bbox 1873 4064 2114 4125; x_wconf 70' lang='lat' dir='ltr'><strong>aetatem,</strong></span> <span class='ocrx_word' id='word_1_656' title='bbox 2151 4073 2312 4113; x_wconf 89' lang='lat' dir='ltr'><strong>mane</strong></span> <span class='ocrx_word' id='word_1_657' title='bbox 2351 4058 2403 4112; x_wconf 92' lang='lat' dir='ltr'><strong>in</strong></span> <span class='ocrx_word' id='word_1_658' title='bbox 2444 4059 2744 4130; x_wconf 85' lang='lat' dir='ltr'><strong>Scripturis</strong></span> <span class='ocrx_word' id='word_1_659' title='bbox 2773 4062 3130 4132; x_wconf 80' lang='lat' dir='ltr'><strong>intelligatur,</strong></span> <span class='ocrx_word' id='word_1_660' title='bbox 3165 4065 3331 4119; x_wconf 91' lang='lat' dir='ltr'><strong>multa</strong></span> <span class='ocrx_word' id='word_1_661' title='bbox 3364 4076 3477 4122; x_wconf 87' lang='lat' dir='ltr'><strong>tes-</strong></span> 
     </span>
    </p>
   </div>
   <div class='ocr_carea' id='block_1_86' title="bbox 1875 4152 3477 4233">
    <p class='ocr_par' dir='ltr' id='par_1_86' title="bbox 1875 4152 3477 4233">
     <span class='ocr_line' id='line_1_86' title="bbox 1875 4152 3477 4233; baseline 0.005 -26"><span class='ocrx_word' id='word_1_662' title='bbox 1875 4152 2099 4207; x_wconf 81' lang='lat' dir='ltr'><strong>timonia</strong></span> <span class='ocrx_word' id='word_1_663' title='bbox 2158 4152 2358 4208; x_wconf 89' lang='lat' dir='ltr'><strong>docere</strong></span> <span class='ocrx_word' id='word_1_664' title='bbox 2390 4167 2490 4208; x_wconf 92' lang='lat' dir='ltr'><strong>nos</strong></span> <span class='ocrx_word' id='word_1_665' title='bbox 2543 4164 2799 4223; x_wconf 89' lang='lat' dir='ltr'><strong>poterunt</strong></span> <span class='ocrx_word' id='word_1_666' title='bbox 2850 4174 2863 4211; x_wconf 93' lang='lat'><strong>:</strong></span> <span class='ocrx_word' id='word_1_667' title='bbox 2897 4158 2966 4213; x_wconf 89' lang='lat' dir='ltr'><strong>de</strong></span> <span class='ocrx_word' id='word_1_668' title='bbox 3001 4159 3197 4229; x_wconf 89' lang='lat' dir='ltr'><strong>quibus</strong></span> <span class='ocrx_word' id='word_1_669' title='bbox 3237 4161 3477 4233; x_wconf 80' lang='lat' dir='ltr'><strong>exempli</strong></span> 
     </span>
    </p>
   </div>
   <div class='ocr_carea' id='block_1_87' title="bbox 1877 4244 3480 4327">
    <p class='ocr_par' dir='ltr' id='par_1_87' title="bbox 1877 4244 3480 4327">
     <span class='ocr_line' id='line_1_87' title="bbox 1877 4244 3480 4327; baseline 0.002 -22"><span class='ocrx_word' id='word_1_670' title='bbox 1877 4262 2041 4305; x_wconf 86' lang='lat' dir='ltr'><strong>causa</strong></span> <span class='ocrx_word' id='word_1_671' title='bbox 2074 4244 2323 4318; x_wconf 86' lang='lat' dir='ltr'><strong>ponenda</strong></span> <span class='ocrx_word' id='word_1_672' title='bbox 2358 4258 2486 4302; x_wconf 89' lang='lat' dir='ltr'><strong>sunt</strong></span> <span class='ocrx_word' id='word_1_673' title='bbox 2517 4262 2686 4317; x_wconf 88' lang='lat' dir='ltr'><strong>pauca</strong></span> <span class='ocrx_word' id='word_1_674' title='bbox 2721 4267 2734 4303; x_wconf 91' lang='lat'><strong>:</strong></span> <span class='ocrx_word' id='word_1_675' title='bbox 2764 4248 2926 4305; x_wconf 76' lang='lat' dir='ltr'><strong>Mane</strong></span> <span class='ocrx_word' id='word_1_676' title='bbox 2948 4252 3210 4307; x_wconf 87' lang='lat' dir='ltr'><strong>mittebam</strong></span> <span class='ocrx_word' id='word_1_677' title='bbox 3241 4251 3480 4327; x_wconf 85' lang='lat' dir='ltr'><strong>Prophe-</strong></span> 
     </span>
    </p>
   </div>
   <div class='ocr_carea' id='block_1_88' title="bbox 1878 4339 3485 4407">
    <p class='ocr_par' dir='ltr' id='par_1_88' title="bbox 1878 4339 3485 4407">
     <span class='ocr_line' id='line_1_88' title="bbox 1878 4339 3485 4407; baseline 0.005 -10"><span class='ocrx_word' id='word_1_678' title='bbox 1878 4350 1992 4407; x_wconf 77' lang='lat' dir='ltr'><strong>tas;</strong></span> <span class='ocrx_word' id='word_1_679' title='bbox 2015 4350 2070 4396; x_wconf 91' lang='lat' dir='ltr'><strong>et</strong></span> <span class='ocrx_word' id='word_1_680' title='bbox 2104 4360 2118 4397; x_wconf 88' lang='lat'><strong>:</strong></span> <span class='ocrx_word' id='word_1_681' title='bbox 2151 4339 2307 4396; x_wconf 82' lang='lat' dir='ltr'><strong>Mane</strong></span> <span class='ocrx_word' id='word_1_682' title='bbox 2326 4342 2573 4397; x_wconf 70' lang='lat' dir='ltr'><strong>exaudies</strong></span> <span class='ocrx_word' id='word_1_683' title='bbox 2606 4346 2893 4401; x_wconf 87' lang='lat' dir='ltr'><strong>orationem</strong></span> <span class='ocrx_word' id='word_1_684' title='bbox 2913 4362 3101 4402; x_wconf 88' lang='lat' dir='ltr'><strong>meam.</strong></span> <span class='ocrx_word' id='word_1_685' title='bbox 3134 4347 3292 4404; x_wconf 82' lang='lat' dir='ltr'><strong>Mane</strong></span> <span class='ocrx_word' id='word_1_686' title='bbox 3324 4351 3446 4404; x_wconf 65' lang='lat' dir='ltr'><strong>ossi»</strong></span> <span class='ocrx_word' id='word_1_687' title='bbox 3477 4378 3485 4392; x_wconf 77' lang='grc' dir='ltr'>ι</span> 
     </span>
    </p>
   </div>
   <div class='ocr_carea' id='block_1_89' title="bbox 1881 4433 3487 4511">
    <p class='ocr_par' dir='ltr' id='par_1_89' title="bbox 1881 4433 3487 4511">
     <span class='ocr_line' id='line_1_89' title="bbox 1881 4433 3487 4511; baseline 0.003 -22"><span class='ocrx_word' id='word_1_688' title='bbox 1881 4444 1989 4489; x_wconf 88' lang='lat' dir='ltr'><strong>tam</strong></span> <span class='ocrx_word' id='word_1_689' title='bbox 2017 4434 2132 4500; x_wconf 88' lang='lat' dir='ltr'><strong>tibi,</strong></span> <span class='ocrx_word' id='word_1_690' title='bbox 2179 4447 2228 4489; x_wconf 88' lang='lat' dir='ltr'><strong>et</strong></span> <span class='ocrx_word' id='word_1_691' title='bbox 2266 4433 2444 4490; x_wconf 80' lang='lat' dir='ltr'><strong>videbo</strong></span> <span class='ocrx_word' id='word_1_692' title='bbox 2475 4434 2595 4507; x_wconf 89' lang='lat' dir='ltr'><strong>(Ps.</strong></span> <span class='ocrx_word' id='word_1_693' title='bbox 2628 4453 2682 4504; x_wconf 79' lang='grc' dir='ltr'><strong>ν,</strong></span> <span class='ocrx_word' id='word_1_694' title='bbox 2716 4438 2772 4501; x_wconf 72' lang='grc'><strong>4,</strong></span> <span class='ocrx_word' id='word_1_695' title='bbox 2807 4438 2892 4511; x_wconf 85' lang='grc'><strong>5);</strong></span> <span class='ocrx_word' id='word_1_696' title='bbox 2927 4448 2982 4493; x_wconf 89' lang='lat' dir='ltr'><strong>et</strong></span> <span class='ocrx_word' id='word_1_697' title='bbox 3015 4460 3029 4496; x_wconf 92' lang='lat'><strong>:</strong></span> <span class='ocrx_word' id='word_1_698' title='bbox 3068 4439 3142 4495; x_wconf 91' lang='lat' dir='ltr'><strong>De</strong></span> <span class='ocrx_word' id='word_1_699' title='bbox 3183 4451 3330 4497; x_wconf 88' lang='lat' dir='ltr'><strong>nocte</strong></span> <span class='ocrx_word' id='word_1_700' title='bbox 3356 4452 3487 4499; x_wconf 71' lang='lat' dir='ltr'><strong>ere.-</strong></span> 
     </span>
    </p>
   </div>
   <div class='ocr_carea' id='block_1_90' title="bbox 1881 4526 3489 4601">
    <p class='ocr_par' dir='ltr' id='par_1_90' title="bbox 1881 4526 3489 4601">
     <span class='ocr_line' id='line_1_90' title="bbox 1881 4526 3489 4601; baseline 0.004 -20"><span class='ocrx_word' id='word_1_701' title='bbox 1881 4534 2056 4598; x_wconf 85' lang='lat' dir='ltr'><strong>surget</strong></span> <span class='ocrx_word' id='word_1_702' title='bbox 2107 4527 2321 4600; x_wconf 86' lang='lat' dir='ltr'><strong>spiritus</strong></span> <span class='ocrx_word' id='word_1_703' title='bbox 2358 4542 2502 4581; x_wconf 87' lang='lat' dir='ltr'><strong>meus</strong></span> <span class='ocrx_word' id='word_1_704' title='bbox 2543 4526 2662 4597; x_wconf 85' lang='lat' dir='ltr'><strong>(Ps.</strong></span> <span class='ocrx_word' id='word_1_705' title='bbox 2709 4545 2842 4596; x_wconf 75' lang='lat' dir='ltr'><strong>un,</strong></span> <span class='ocrx_word' id='word_1_706' title='bbox 2870 4530 2958 4601; x_wconf 79' lang='lat'><strong>1);</strong></span> <span class='ocrx_word' id='word_1_707' title='bbox 3009 4538 3064 4586; x_wconf 88' lang='lat' dir='ltr'><strong>et</strong></span> <span class='ocrx_word' id='word_1_708' title='bbox 3096 4549 3112 4586; x_wconf 92' lang='lat'><strong>:</strong></span> <span class='ocrx_word' id='word_1_709' title='bbox 3146 4530 3315 4600; x_wconf 88' lang='lat' dir='ltr'><strong>Deus,</strong></span> <span class='ocrx_word' id='word_1_710' title='bbox 3345 4532 3489 4589; x_wconf 85' lang='lat' dir='ltr'><strong>Deus</strong></span> 
     </span>
    </p>
   </div>
   <div class='ocr_carea' id='block_1_91' title="bbox 1886 4619 3489 4694">
    <p class='ocr_par' dir='ltr' id='par_1_91' title="bbox 1886 4619 3489 4694">
     <span class='ocr_line' id='line_1_91' title="bbox 1886 4619 3489 4694; baseline 0.004 -19"><span class='ocrx_word' id='word_1_711' title='bbox 1886 4636 2050 4688; x_wconf 88' lang='lat' dir='ltr'><strong>meus,</strong></span> <span class='ocrx_word' id='word_1_712' title='bbox 2083 4621 2152 4674; x_wconf 89' lang='lat' dir='ltr'><strong>ad</strong></span> <span class='ocrx_word' id='word_1_713' title='bbox 2173 4630 2220 4674; x_wconf 92' lang='lat' dir='ltr'><strong>te</strong></span> <span class='ocrx_word' id='word_1_714' title='bbox 2248 4619 2311 4673; x_wconf 87' lang='lat' dir='ltr'><strong>de</strong></span> <span class='ocrx_word' id='word_1_715' title='bbox 2340 4621 2453 4674; x_wconf 88' lang='lat' dir='ltr'><strong>luce</strong></span> <span class='ocrx_word' id='word_1_716' title='bbox 2477 4619 2636 4692; x_wconf 74' lang='lat' dir='ltr'><strong>vigilo</strong></span> <span class='ocrx_word' id='word_1_717' title='bbox 2665 4621 2785 4694; x_wconf 90' lang='lat' dir='ltr'><strong>(Ps.</strong></span> <span class='ocrx_word' id='word_1_718' title='bbox 2810 4638 2863 4689; x_wconf 89' lang='lat' dir='ltr'><strong>c,</strong></span> <span class='ocrx_word' id='word_1_719' title='bbox 2892 4623 2981 4693; x_wconf 90' lang='lat'><strong>8);</strong></span> <span class='ocrx_word' id='word_1_720' title='bbox 3013 4634 3069 4679; x_wconf 89' lang='lat' dir='ltr'><strong>et</strong></span> <span class='ocrx_word' id='word_1_721' title='bbox 3092 4642 3106 4679; x_wconf 90' lang='lat'><strong>:</strong></span> <span class='ocrx_word' id='word_1_722' title='bbox 3132 4624 3200 4679; x_wconf 87' lang='lat' dir='ltr'><strong>In</strong></span> <span class='ocrx_word' id='word_1_723' title='bbox 3219 4627 3489 4681; x_wconf 87' lang='lat' dir='ltr'><strong>matutinis</strong></span> 
     </span>
    </p>
   </div>
   <div class='ocr_carea' id='block_1_92' title="bbox 1884 4713 3493 4791">
    <p class='ocr_par' dir='ltr' id='par_1_92' title="bbox 1884 4713 3493 4791">
     <span class='ocr_line' id='line_1_92' title="bbox 1884 4713 3493 4791; baseline 0.002 -22"><span class='ocrx_word' id='word_1_724' title='bbox 1884 4713 2259 4781; x_wconf 80' lang='lat' dir='ltr'><strong>interﬁciebam</strong></span> <span class='ocrx_word' id='word_1_725' title='bbox 2300 4729 2474 4768; x_wconf 88' lang='lat' dir='ltr'><strong>omnes</strong></span> <span class='ocrx_word' id='word_1_726' title='bbox 2506 4725 2797 4785; x_wconf 88' lang='lat' dir='ltr'><strong>peccatores</strong></span> <span class='ocrx_word' id='word_1_727' title='bbox 2829 4725 3001 4783; x_wconf 71' lang='lat' dir='ltr'><strong>terrm,</strong></span> <span class='ocrx_word' id='word_1_728' title='bbox 3052 4725 3109 4772; x_wconf 89' lang='lat' dir='ltr'><strong>ut</strong></span> <span class='ocrx_word' id='word_1_729' title='bbox 3141 4717 3493 4791; x_wconf 85' lang='lat' dir='ltr'><strong>disperderem</strong></span> 
     </span>
    </p>
   </div>
   <div class='ocr_carea' id='block_1_93' title="bbox 1812 4801 3499 4882">
    <p class='ocr_par' dir='ltr' id='par_1_93' title="bbox 1812 4801 3499 4882">
     <span class='ocr_line' id='line_1_93' title="bbox 1812 4801 3499 4882; baseline 0.003 -21"><span class='ocrx_word' id='word_1_730' title='bbox 1812 4801 1869 4862; x_wconf 85' lang='lat' dir='ltr'><strong>D</strong></span> <span class='ocrx_word' id='word_1_731' title='bbox 1894 4805 1960 4861; x_wconf 88' lang='lat' dir='ltr'><strong>de</strong></span> <span class='ocrx_word' id='word_1_732' title='bbox 2004 4806 2209 4861; x_wconf 85' lang='lat' dir='ltr'><strong>civitate</strong></span> <span class='ocrx_word' id='word_1_733' title='bbox 2256 4803 2468 4860; x_wconf 87' lang='lat' dir='ltr'><strong>Domini</strong></span> <span class='ocrx_word' id='word_1_734' title='bbox 2496 4823 2670 4861; x_wconf 89' lang='lat' dir='ltr'><strong>omnes</strong></span> <span class='ocrx_word' id='word_1_735' title='bbox 2715 4809 2807 4879; x_wconf 85' lang='lat' dir='ltr'><strong>qui</strong></span> <span class='ocrx_word' id='word_1_736' title='bbox 2851 4818 3133 4881; x_wconf 86' lang='lat' dir='ltr'><strong>aperantur</strong></span> <span class='ocrx_word' id='word_1_737' title='bbox 3175 4812 3499 4882; x_wconf 85' lang='lat' dir='ltr'><strong>iniquitatem</strong></span> 
     </span>
    </p>
   </div>
   <div class='ocr_carea' id='block_1_94' title="bbox 1898 4896 3503 4973">
    <p class='ocr_par' dir='ltr' id='par_1_94' title="bbox 1898 4896 3503 4973">
     <span class='ocr_line' id='line_1_94' title="bbox 1898 4896 3503 4973; baseline 0.002 -19"><span class='ocrx_word' id='word_1_738' title='bbox 1898 4899 2019 4973; x_wconf 84' lang='lat' dir='ltr'><strong>(Ps.</strong></span> <span class='ocrx_word' id='word_1_739' title='bbox 2047 4915 2203 4965; x_wconf 75' lang='lat' dir='ltr'><strong>uix,</strong></span> <span class='ocrx_word' id='word_1_740' title='bbox 2238 4896 2327 4971; x_wconf 91' lang='lat'><strong>7);</strong></span> <span class='ocrx_word' id='word_1_741' title='bbox 2361 4899 2494 4953; x_wconf 91' lang='lat' dir='ltr'><strong>etin</strong></span> <span class='ocrx_word' id='word_1_742' title='bbox 2534 4899 2642 4953; x_wconf 89' lang='lat' dir='ltr'><strong>alio</strong></span> <span class='ocrx_word' id='word_1_743' title='bbox 2671 4900 2794 4955; x_wconf 91' lang='lat' dir='ltr'><strong>loco</strong></span> <span class='ocrx_word' id='word_1_744' title='bbox 2828 4900 2948 4955; x_wconf 83' lang='lat' dir='ltr'><strong>:Ad</strong></span> <span class='ocrx_word' id='word_1_745' title='bbox 2973 4916 3236 4973; x_wconf 81' lang='lat' dir='ltr'><strong>vesperam</strong></span> <span class='ocrx_word' id='word_1_746' title='bbox 3259 4902 3503 4959; x_wconf 91' lang='lat' dir='ltr'><strong>demora-</strong></span> 
     </span>
    </p>
   </div>
   <div class='ocr_carea' id='block_1_95' title="bbox 1896 4991 3506 5062">
    <p class='ocr_par' dir='ltr' id='par_1_95' title="bbox 1896 4991 3506 5062">
     <span class='ocr_line' id='line_1_95' title="bbox 1896 4991 3506 5062; baseline 0.004 -16"><span class='ocrx_word' id='word_1_747' title='bbox 1896 4993 2035 5047; x_wconf 86' lang='lat' dir='ltr'><strong>bitur</strong></span> <span class='ocrx_word' id='word_1_748' title='bbox 2062 4992 2233 5062; x_wconf 86' lang='lat' dir='ltr'><strong>ﬂetus,</strong></span> <span class='ocrx_word' id='word_1_749' title='bbox 2264 4998 2314 5045; x_wconf 88' lang='lat' dir='ltr'><strong>et</strong></span> <span class='ocrx_word' id='word_1_750' title='bbox 2332 4991 2401 5045; x_wconf 83' lang='lat' dir='ltr'><strong>ad</strong></span> <span class='ocrx_word' id='word_1_751' title='bbox 2427 4992 2739 5045; x_wconf 87' lang='lat' dir='ltr'><strong>matutinum</strong></span> <span class='ocrx_word' id='word_1_752' title='bbox 2764 4992 2970 5057; x_wconf 69' lang='lat' dir='ltr'><strong>laetitia,</strong></span> <span class='ocrx_word' id='word_1_753' title='bbox 3002 5002 3059 5048; x_wconf 87' lang='lat' dir='ltr'><strong>et</strong></span> <span class='ocrx_word' id='word_1_754' title='bbox 3086 5003 3282 5049; x_wconf 75' lang='lat' dir='ltr'><strong>ctetcra</strong></span> <span class='ocrx_word' id='word_1_755' title='bbox 3316 4994 3402 5052; x_wconf 87' lang='lat' dir='ltr'><strong>bis</strong></span> <span class='ocrx_word' id='word_1_756' title='bbox 3431 4996 3506 5052; x_wconf 87' lang='lat' dir='ltr'><strong>si-</strong></span> 
     </span>
    </p>
   </div>
   <div class='ocr_carea' id='block_1_96' title="bbox 167 5082 3507 5161">
    <p class='ocr_par' dir='ltr' id='par_1_96' title="bbox 167 5082 3507 5161">
     <span class='ocr_line' id='line_1_96' title="bbox 167 5082 3507 5161; baseline -0.001 -15"><span class='ocrx_word' id='word_1_757' title='bbox 167 5095 282 5147; x_wconf 76' lang='lat' dir='ltr'><strong>rino</strong></span> <span class='ocrx_word' id='word_1_758' title='bbox 308 5093 577 5149; x_wconf 72' lang='lat' dir='ltr'><strong>astuetis.</strong></span> <span class='ocrx_word' id='word_1_759' title='bbox 610 5091 849 5156; x_wconf 84' lang='lat' dir='ltr'><strong>Cithara,</strong></span> <span class='ocrx_word' id='word_1_760' title='bbox 880 5099 928 5144; x_wconf 84' lang='lat' dir='ltr'><strong>et</strong></span> <span class='ocrx_word' id='word_1_761' title='bbox 945 5088 1084 5161; x_wconf 83' lang='lat' dir='ltr'><strong>lyra,</strong></span> <span class='ocrx_word' id='word_1_762' title='bbox 1118 5097 1444 5159; x_wconf 81' lang='lat' dir='ltr'><strong>tympanum,</strong></span> <span class='ocrx_word' id='word_1_763' title='bbox 1474 5099 1522 5143; x_wconf 89' lang='lat' dir='ltr'><strong>et</strong></span> <span class='ocrx_word' id='word_1_764' title='bbox 1547 5087 1696 5155; x_wconf 84' lang='lat' dir='ltr'><strong>tibia,</strong></span> <span class='ocrx_word' id='word_1_765' title='bbox 1720 5088 1799 5142; x_wconf 76' lang='grc' dir='ltr'><strong>υἱ·</strong></span> <span class='ocrx_word' id='word_1_766' title='bbox 1900 5083 2070 5139; x_wconf 89' lang='lat' dir='ltr'><strong>milia.</strong></span> <span class='ocrx_word' id='word_1_767' title='bbox 2121 5082 2520 5153; x_wconf 88' lang='lat' dir='ltr'><strong>Consurgimus</strong></span> <span class='ocrx_word' id='word_1_768' title='bbox 2562 5096 2745 5139; x_wconf 88' lang='lat' dir='ltr'><strong>autem</strong></span> <span class='ocrx_word' id='word_1_769' title='bbox 2790 5082 2860 5138; x_wconf 90' lang='lat' dir='ltr'><strong>de</strong></span> <span class='ocrx_word' id='word_1_770' title='bbox 2900 5098 3083 5151; x_wconf 89' lang='lat' dir='ltr'><strong>mane,</strong></span> <span class='ocrx_word' id='word_1_771' title='bbox 3115 5086 3338 5157; x_wconf 86' lang='lat' dir='ltr'><strong>quando</strong></span> <span class='ocrx_word' id='word_1_772' title='bbox 3376 5089 3507 5143; x_wconf 91' lang='lat' dir='ltr'><strong>vitia</strong></span> 
     </span>
    </p>
   </div>
   <div class='ocr_carea' id='block_1_97' title="bbox 170 5182 1797 5256">
    <p class='ocr_par' dir='ltr' id='par_1_97' title="bbox 170 5182 1797 5256">
     <span class='ocr_line' id='line_1_97' title="bbox 170 5182 1797 5256; baseline -0.004 -14"><span class='ocrx_word' id='word_1_773' title='bbox 170 5204 291 5241; x_wconf 83' lang='lat' dir='ltr'><strong>num</strong></span> <span class='ocrx_word' id='word_1_774' title='bbox 319 5189 377 5242; x_wconf 87' lang='lat' dir='ltr'><strong>in</strong></span> <span class='ocrx_word' id='word_1_775' title='bbox 408 5186 666 5241; x_wconf 73' lang='lat' dir='ltr'><strong>conviviis</strong></span> <span class='ocrx_word' id='word_1_776' title='bbox 695 5185 877 5239; x_wconf 75' lang='lat' dir='ltr'><strong>vestris</strong></span> <span class='ocrx_word' id='word_1_777' title='bbox 897 5200 916 5238; x_wconf 91' lang='lat'><strong>:</strong></span> <span class='ocrx_word' id='word_1_778' title='bbox 946 5193 994 5237; x_wconf 91' lang='lat' dir='ltr'><strong>et</strong></span> <span class='ocrx_word' id='word_1_779' title='bbox 1023 5199 1155 5256; x_wconf 88' lang='lat' dir='ltr'><strong>opus</strong></span> <span class='ocrx_word' id='word_1_780' title='bbox 1189 5182 1400 5236; x_wconf 86' lang='lat' dir='ltr'><strong>Domini</strong></span> <span class='ocrx_word' id='word_1_781' title='bbox 1451 5199 1554 5237; x_wconf 87' lang='lat' dir='ltr'><strong>non</strong></span> <span class='ocrx_word' id='word_1_782' title='bbox 1575 5183 1797 5254; x_wconf 82' lang='lat' dir='ltr'><strong>respici-</strong></span> 
     </span>
    </p>
   </div>
   <div class='ocr_carea' id='block_1_98' title="bbox 170 5274 1795 5353">
    <p class='ocr_par' dir='ltr' id='par_1_98' title="bbox 170 5274 1795 5353">
     <span class='ocr_line' id='line_1_98' title="bbox 170 5274 1795 5353; baseline -0.006 -17"><span class='ocrx_word' id='word_1_783' title='bbox 170 5283 256 5349; x_wconf 81' lang='lat' dir='ltr'><strong>tis,</strong></span> <span class='ocrx_word' id='word_1_784' title='bbox 286 5298 389 5336; x_wconf 79' lang='lat' dir='ltr'><strong>nec</strong></span> <span class='ocrx_word' id='word_1_785' title='bbox 420 5295 588 5353; x_wconf 81' lang='lat' dir='ltr'><strong>Opera</strong></span> <span class='ocrx_word' id='word_1_786' title='bbox 617 5294 865 5331; x_wconf 86' lang='lat' dir='ltr'><strong>manuum</strong></span> <span class='ocrx_word' id='word_1_787' title='bbox 890 5278 1005 5348; x_wconf 85' lang='lat' dir='ltr'><strong>ejus</strong></span> <span class='ocrx_word' id='word_1_788' title='bbox 1035 5275 1395 5331; x_wconf 83' lang='lat' dir='ltr'><strong>consideratis.</strong></span> <span class='ocrx_word' id='word_1_789' title='bbox 1421 5274 1530 5330; x_wconf 88' lang='lat' dir='ltr'><strong>Pro</strong></span> <span class='ocrx_word' id='word_1_790' title='bbox 1557 5275 1795 5331; x_wconf 86' lang='lat' dir='ltr'><strong>ebrieta-</strong></span> 
     </span>
    </p>
   </div>
   <div class='ocr_carea' id='block_1_99' title="bbox 171 5367 1804 5446">
    <p class='ocr_par' dir='ltr' id='par_1_99' title="bbox 171 5367 1804 5446">
     <span class='ocr_line' id='line_1_99' title="bbox 171 5367 1804 5446; baseline -0.002 -18"><span class='ocrx_word' id='word_1_791' title='bbox 171 5383 242 5443; x_wconf 88' lang='lat' dir='ltr'><strong>te,</strong></span> <span class='ocrx_word' id='word_1_792' title='bbox 258 5389 439 5446; x_wconf 85' lang='lat' dir='ltr'><strong>quam</strong></span> <span class='ocrx_word' id='word_1_793' title='bbox 461 5372 657 5443; x_wconf 84' lang='lat' dir='ltr'><strong>Aquila</strong></span> <span class='ocrx_word' id='word_1_794' title='bbox 675 5380 758 5425; x_wconf 87' lang='lat' dir='ltr'><strong>est</strong></span> <span class='ocrx_word' id='word_1_795' title='bbox 772 5371 1164 5439; x_wconf 87' lang='lat' dir='ltr'><strong>interpretatus</strong></span> <span class='ocrx_word' id='word_1_796' title='bbox 1175 5377 1233 5424; x_wconf 92' lang='lat' dir='ltr'><strong>et</strong></span> <span class='ocrx_word' id='word_1_797' title='bbox 1247 5369 1632 5440; x_wconf 87' lang='lat' dir='ltr'><strong>Symmachus,</strong></span> <span class='ocrx_word' id='word_1_798' title='bbox 1656 5367 1804 5424; x_wconf 77' lang='lat' dir='ltr'><strong>LXX</strong></span> 
     </span>
    </p>
   </div>
   <div class='ocr_carea' id='block_1_100' title="bbox 169 5460 1807 5537">
    <p class='ocr_par' dir='ltr' id='par_1_100' title="bbox 169 5460 1807 5537">
     <span class='ocr_line' id='line_1_100' title="bbox 169 5460 1807 5537; baseline -0.002 -16"><span class='ocrx_word' id='word_1_799' title='bbox 169 5468 353 5537; x_wconf 86' lang='lat' dir='ltr'><strong>ipsum</strong></span> <span class='ocrx_word' id='word_1_800' title='bbox 394 5464 733 5521; x_wconf 87' lang='lat' dir='ltr'><strong>Hebraicnnt</strong></span> <span class='ocrx_word' id='word_1_801' title='bbox 797 5472 1100 5534; x_wconf 89' lang='lat' dir='ltr'><strong>posuerunt</strong></span> <span class='ocrx_word' id='word_1_802' title='bbox 1147 5478 1376 5518; x_wconf 73' lang='lat' dir='ltr'><strong>SICERAI</strong></span> <span class='ocrx_word' id='word_1_803' title='bbox 1425 5460 1605 5534; x_wconf 64' lang='grc' dir='ltr'><strong>(Ὄτυ),</strong></span> <span class='ocrx_word' id='word_1_804' title='bbox 1662 5462 1807 5534; x_wconf 90' lang='lat' dir='ltr'><strong>quod</strong></span> 
     </span>
    </p>
   </div>
   <div class='ocr_carea' id='block_1_101' title="bbox 172 5555 1809 5630">
    <p class='ocr_par' dir='ltr' id='par_1_101' title="bbox 172 5555 1809 5630">
     <span class='ocr_line' id='line_1_101' title="bbox 172 5555 1809 5630; baseline -0.004 -12"><span class='ocrx_word' id='word_1_805' title='bbox 172 5576 407 5618; x_wconf 87' lang='lat' dir='ltr'><strong>omnem</strong></span> <span class='ocrx_word' id='word_1_806' title='bbox 437 5558 1043 5630; x_wconf 77' lang='lat' dir='ltr'><strong>signiticatpmionem,</strong></span> <span class='ocrx_word' id='word_1_807' title='bbox 1100 5573 1221 5627; x_wconf 81' lang='lat' dir='ltr'><strong>quae</strong></span> <span class='ocrx_word' id='word_1_808' title='bbox 1269 5555 1551 5612; x_wconf 87' lang='lat' dir='ltr'><strong>inebriare</strong></span> <span class='ocrx_word' id='word_1_809' title='bbox 1606 5566 1809 5625; x_wconf 86' lang='lat' dir='ltr'><strong>potest,</strong></span> 
     </span>
    </p>
   </div>
   <div class='ocr_carea' id='block_1_102' title="bbox 171 5647 1817 5719">
    <p class='ocr_par' dir='ltr' id='par_1_102' title="bbox 171 5647 1817 5719">
     <span class='ocr_line' id='line_1_102' title="bbox 171 5647 1817 5719; baseline -0.004 -8"><span class='ocrx_word' id='word_1_810' title='bbox 171 5663 230 5711; x_wconf 92' lang='lat' dir='ltr'><strong>et</strong></span> <span class='ocrx_word' id='word_1_811' title='bbox 248 5664 476 5710; x_wconf 86' lang='lat' dir='ltr'><strong>statum</strong></span> <span class='ocrx_word' id='word_1_812' title='bbox 506 5651 705 5707; x_wconf 90' lang='lat' dir='ltr'><strong>mentis</strong></span> <span class='ocrx_word' id='word_1_813' title='bbox 736 5660 1009 5706; x_wconf 84' lang='lat' dir='ltr'><strong>evertere.</strong></span> <span class='ocrx_word' id='word_1_814' title='bbox 1041 5648 1233 5718; x_wconf 79' lang='lat' dir='ltr'><strong>Arguit</strong></span> <span class='ocrx_word' id='word_1_815' title='bbox 1256 5658 1438 5704; x_wconf 88' lang='lat' dir='ltr'><strong>autem</strong></span> <span class='ocrx_word' id='word_1_816' title='bbox 1482 5647 1634 5719; x_wconf 80' lang='lat' dir='ltr'><strong>juxta</strong></span> <span class='ocrx_word' id='word_1_817' title='bbox 1680 5664 1817 5705; x_wconf 89' lang='lat' dir='ltr'><strong>con-</strong></span> 
     </span>
    </p>
   </div>
   <div class='ocr_carea' id='block_1_103' title="bbox 174 5740 1822 5820">
    <p class='ocr_par' dir='ltr' id='par_1_103' title="bbox 174 5740 1822 5820">
     <span class='ocr_line' id='line_1_103' title="bbox 174 5740 1822 5820; baseline -0.002 -18"><span class='ocrx_word' id='word_1_818' title='bbox 174 5745 550 5820; x_wconf 83' lang='lat' dir='ltr'><strong>sequentiam</strong></span> <span class='ocrx_word' id='word_1_819' title='bbox 565 5753 758 5815; x_wconf 67' lang='lat' dir='ltr'><strong>emptae</strong></span> <span class='ocrx_word' id='word_1_820' title='bbox 779 5742 1149 5812; x_wconf 77' lang='lat' dir='ltr'><strong>explanatiaui</strong></span> <span class='ocrx_word' id='word_1_821' title='bbox 1164 5760 1180 5793; x_wconf 70' lang='grc' dir='ltr'><strong>ς</strong></span> <span class='ocrx_word' id='word_1_822' title='bbox 1212 5741 1484 5812; x_wconf 83' lang='lat' dir='ltr'><strong>agricolas</strong></span> <span class='ocrx_word' id='word_1_823' title='bbox 1505 5740 1701 5807; x_wconf 74' lang='lat' dir='ltr'><strong>vinem,</strong></span> <span class='ocrx_word' id='word_1_824' title='bbox 1728 5742 1822 5813; x_wconf 90' lang='lat' dir='ltr'><strong>qui</strong></span> 
     </span>
    </p>
   </div>
   <div class='ocr_carea' id='block_1_104' title="bbox 256 5879 1823 5957">
    <p class='ocr_par' dir='ltr' id='par_1_104' title="bbox 256 5879 1823 5957">
     <span class='ocr_line' id='line_1_104' title="bbox 256 5879 1823 5957; baseline -0.001 -17"><span class='ocrx_word' id='word_1_825' title='bbox 256 5897 284 5925; x_wconf 77' lang='grc'><em>³</em></span> <span class='ocrx_word' id='word_1_826' title='bbox 320 5881 559 5957; x_wconf 61' lang='lat' dir='ltr'><strong>Epiph.</strong></span> <span class='ocrx_word' id='word_1_827' title='bbox 582 5882 652 5957; x_wconf 85' lang='lat' dir='ltr'><strong>de</strong></span> <span class='ocrx_word' id='word_1_828' title='bbox 676 5880 851 5957; x_wconf 88' lang='lat' dir='ltr'><strong>Pond.</strong></span> <span class='ocrx_word' id='word_1_829' title='bbox 886 5891 941 5957; x_wconf 87' lang='lat' dir='ltr'><strong>et</strong></span> <span class='ocrx_word' id='word_1_830' title='bbox 970 5895 1214 5957; x_wconf 76' lang='lat' dir='ltr'><strong>mensur.</strong></span> <span class='ocrx_word' id='word_1_831' title='bbox 1250 5879 1549 5957; x_wconf 69' lang='lat' dir='ltr'><strong>:_’Aprtit6n&#39;</strong></span> <span class='ocrx_word' id='word_1_832' title='bbox 1579 5885 1732 5936; x_wconf 83' lang='grc' dir='ltr'>τοῦτο</span> <span class='ocrx_word' id='word_1_833' title='bbox 1764 5881 1823 5957; x_wconf 64' lang='lat' dir='ltr'><strong>ro</strong></span> 
     </span>
    </p>
   </div>
   <div class='ocr_carea' id='block_1_105' title="bbox 185 5951 1826 6037">
    <p class='ocr_par' dir='ltr' id='par_1_105' title="bbox 185 5951 1826 6037">
     <span class='ocr_line' id='line_1_105' title="bbox 185 5951 1826 6037; baseline 0 0"><span class='ocrx_word' id='word_1_834' title='bbox 185 5951 390 6037; x_wconf 57' lang='grc' dir='ltr'><strong>ριὲτρσ³ῒὶ</strong></span> <span class='ocrx_word' id='word_1_835' title='bbox 408 5951 563 6037; x_wconf 50' lang='lat' dir='ltr'><strong>sar</strong></span> <span class='ocrx_word' id='word_1_836' title='bbox 584 5954 1114 6037; x_wconf 61' lang='grc' dir='ltr'><strong>Δεῖγπτίοιςηέκλτεορο</strong></span> <span class='ocrx_word' id='word_1_837' title='bbox 1136 5951 1343 6037; x_wconf 55' lang='grc' dir='ltr'><strong>,βαρεῖα</strong></span> <span class='ocrx_word' id='word_1_838' title='bbox 1365 5951 1743 6037; x_wconf 54' lang='lat' dir='ltr'><strong>Pateretur“</strong></span> <span class='ocrx_word' id='word_1_839' title='bbox 1762 5951 1826 6037; x_wconf 61' lang='lat'><strong>92</strong></span> 
     </span>
    </p>
   </div>
   <div class='ocr_carea' id='block_1_106' title="bbox 189 6020 1831 6101">
    <p class='ocr_par' dir='ltr' id='par_1_106' title="bbox 189 6020 1831 6101">
     <span class='ocr_line' id='line_1_106' title="bbox 189 6020 1831 6101; baseline -0.007 -16"><span class='ocrx_word' id='word_1_840' title='bbox 189 6020 844 6101; x_wconf 57' lang='lat' dir='ltr'><strong>Egyptiis&#39;appe&#39;tlotnr.</strong></span> <span class='ocrx_word' id='word_1_841' title='bbox 880 6022 970 6083; x_wconf 81' lang='lat' dir='ltr'><strong>Sic</strong></span> <span class='ocrx_word' id='word_1_842' title='bbox 1000 6023 1323 6081; x_wconf 76' lang='lat' dir='ltr'><strong>scholiastes</strong></span> <span class='ocrx_word' id='word_1_843' title='bbox 1355 6020 1736 6093; x_wconf 78' lang='lat' dir='ltr'><strong>AristOphanis</strong></span> <span class='ocrx_word' id='word_1_844' title='bbox 1766 6021 1831 6076; x_wconf 76' lang='lat' dir='ltr'><strong>at!</strong></span> 
     </span>
    </p>
   </div>
   <div class='ocr_carea' id='block_1_107' title="bbox 1901 5176 3510 5250">
    <p class='ocr_par' dir='ltr' id='par_1_107' title="bbox 1901 5176 3510 5250">
     <span class='ocr_line' id='line_1_107' title="bbox 1901 5176 3510 5250; baseline 0.001 -16"><span class='ocrx_word' id='word_1_845' title='bbox 1901 5177 2261 5250; x_wconf 86' lang='lat' dir='ltr'><strong>relinquimus</strong></span> <span class='ocrx_word' id='word_1_846' title='bbox 2299 5176 2354 5232; x_wconf 90' lang='lat' dir='ltr'><strong>in</strong></span> <span class='ocrx_word' id='word_1_847' title='bbox 2397 5178 2649 5247; x_wconf 88' lang='lat' dir='ltr'><strong>pueritia,</strong></span> <span class='ocrx_word' id='word_1_848' title='bbox 2685 5184 2742 5233; x_wconf 88' lang='lat' dir='ltr'><strong>et</strong></span> <span class='ocrx_word' id='word_1_849' title='bbox 2771 5177 2958 5234; x_wconf 87' lang='lat' dir='ltr'><strong>dicere</strong></span> <span class='ocrx_word' id='word_1_850' title='bbox 2996 5194 3295 5250; x_wconf 85' lang='lat' dir='ltr'><strong>possumus</strong></span> <span class='ocrx_word' id='word_1_851' title='bbox 3326 5198 3341 5236; x_wconf 90' lang='lat'><strong>:</strong></span> <span class='ocrx_word' id='word_1_852' title='bbox 3375 5180 3510 5236; x_wconf 84' lang='lat' dir='ltr'><strong>Pee-</strong></span> 
     </span>
    </p>
   </div>
   <div class='ocr_carea' id='block_1_108' title="bbox 1906 5271 3513 5346">
    <p class='ocr_par' dir='ltr' id='par_1_108' title="bbox 1906 5271 3513 5346">
     <span class='ocr_line' id='line_1_108' title="bbox 1906 5271 3513 5346; baseline 0.001 -18"><span class='ocrx_word' id='word_1_853' title='bbox 1906 5282 2023 5329; x_wconf 87' lang='lat' dir='ltr'><strong>cata</strong></span> <span class='ocrx_word' id='word_1_854' title='bbox 2041 5271 2332 5345; x_wconf 82' lang='lat' dir='ltr'><strong>juventutis</strong></span> <span class='ocrx_word' id='word_1_855' title='bbox 2364 5286 2492 5326; x_wconf 75' lang='lat' dir='ltr'><strong>mea:</strong></span> <span class='ocrx_word' id='word_1_856' title='bbox 2509 5281 2558 5326; x_wconf 92' lang='lat' dir='ltr'><strong>et</strong></span> <span class='ocrx_word' id='word_1_857' title='bbox 2586 5272 2900 5344; x_wconf 65' lang='lat' dir='ltr'><strong>ignorantia</strong></span> <span class='ocrx_word' id='word_1_858' title='bbox 2920 5288 2985 5328; x_wconf 88' lang='lat' dir='ltr'><strong>ne</strong></span> <span class='ocrx_word' id='word_1_859' title='bbox 3002 5276 3300 5331; x_wconf 84' lang='lat' dir='ltr'><strong>memineris</strong></span> <span class='ocrx_word' id='word_1_860' title='bbox 3331 5274 3513 5346; x_wconf 87' lang='lat' dir='ltr'><strong>(Psal.</strong></span> 
     </span>
    </p>
   </div>
   <div class='ocr_carea' id='block_1_109' title="bbox 1907 5365 3513 5442">
    <p class='ocr_par' dir='ltr' id='par_1_109' title="bbox 1907 5365 3513 5442">
     <span class='ocr_line' id='line_1_109' title="bbox 1907 5365 3513 5442; baseline 0.001 -18"><span class='ocrx_word' id='word_1_861' title='bbox 1907 5383 2057 5434; x_wconf 76' lang='lat' dir='ltr'><strong>xxrv,</strong></span> <span class='ocrx_word' id='word_1_862' title='bbox 2100 5365 2177 5438; x_wconf 89' lang='grc'><strong>7).</strong></span> <span class='ocrx_word' id='word_1_863' title='bbox 2219 5367 2465 5437; x_wconf 88' lang='lat' dir='ltr'><strong>Ortoque</strong></span> <span class='ocrx_word' id='word_1_864' title='bbox 2511 5366 2669 5421; x_wconf 87' lang='lat' dir='ltr'><strong>nobis</strong></span> <span class='ocrx_word' id='word_1_865' title='bbox 2699 5365 2818 5422; x_wconf 85' lang='lat' dir='ltr'><strong>sole</strong></span> <span class='ocrx_word' id='word_1_866' title='bbox 2843 5367 3094 5437; x_wconf 71' lang='lat' dir='ltr'><strong>justitire,</strong></span> <span class='ocrx_word' id='word_1_867' title='bbox 3141 5369 3399 5442; x_wconf 84' lang='lat' dir='ltr'><strong>fugantur</strong></span> <span class='ocrx_word' id='word_1_868' title='bbox 3430 5379 3513 5427; x_wconf 90' lang='lat' dir='ltr'><strong>te-</strong></span> 
     </span>
    </p>
   </div>
   <div class='ocr_carea' id='block_1_110' title="bbox 1910 5462 3518 5536">
    <p class='ocr_par' dir='ltr' id='par_1_110' title="bbox 1910 5462 3518 5536">
     <span class='ocr_line' id='line_1_110' title="bbox 1910 5462 3518 5536; baseline 0.002 -17"><span class='ocrx_word' id='word_1_869' title='bbox 1910 5464 2117 5532; x_wconf 79' lang='lat' dir='ltr'><strong>nebrae,</strong></span> <span class='ocrx_word' id='word_1_870' title='bbox 2160 5471 2217 5518; x_wconf 87' lang='lat' dir='ltr'><strong>et</strong></span> <span class='ocrx_word' id='word_1_871' title='bbox 2259 5464 2445 5517; x_wconf 87' lang='lat' dir='ltr'><strong>statim</strong></span> <span class='ocrx_word' id='word_1_872' title='bbox 2485 5462 2851 5517; x_wconf 89' lang='lat' dir='ltr'><strong>interlicimus</strong></span> <span class='ocrx_word' id='word_1_873' title='bbox 2889 5479 3085 5520; x_wconf 90' lang='lat' dir='ltr'><strong>omnes</strong></span> <span class='ocrx_word' id='word_1_874' title='bbox 3123 5464 3518 5536; x_wconf 86' lang='lat' dir='ltr'><strong>cogitationes,</strong></span> 
     </span>
    </p>
   </div>
   <div class='ocr_carea' id='block_1_111' title="bbox 1914 5556 3522 5629">
    <p class='ocr_par' dir='ltr' id='par_1_111' title="bbox 1914 5556 3522 5629">
     <span class='ocr_line' id='line_1_111' title="bbox 1914 5556 3522 5629; baseline 0.001 -16"><span class='ocrx_word' id='word_1_875' title='bbox 1914 5572 2039 5627; x_wconf 75' lang='lat' dir='ltr'><strong>quae</strong></span> <span class='ocrx_word' id='word_1_876' title='bbox 2070 5556 2136 5612; x_wconf 87' lang='lat' dir='ltr'><strong>ad</strong></span> <span class='ocrx_word' id='word_1_877' title='bbox 2178 5565 2403 5629; x_wconf 87' lang='lat' dir='ltr'><strong>peccata</strong></span> <span class='ocrx_word' id='word_1_878' title='bbox 2443 5569 2544 5610; x_wconf 91' lang='lat' dir='ltr'><strong>nos</strong></span> <span class='ocrx_word' id='word_1_879' title='bbox 2575 5564 2892 5626; x_wconf 90' lang='lat' dir='ltr'><strong>provocant,</strong></span> <span class='ocrx_word' id='word_1_880' title='bbox 2928 5567 2984 5613; x_wconf 92' lang='lat' dir='ltr'><strong>et</strong></span> <span class='ocrx_word' id='word_1_881' title='bbox 3011 5557 3081 5613; x_wconf 90' lang='lat' dir='ltr'><strong>de</strong></span> <span class='ocrx_word' id='word_1_882' title='bbox 3110 5557 3335 5612; x_wconf 88' lang='lat' dir='ltr'><strong>civitate</strong></span> <span class='ocrx_word' id='word_1_883' title='bbox 3364 5575 3522 5615; x_wconf 86' lang='lat' dir='ltr'><strong>men-</strong></span> 
     </span>
    </p>
   </div>
   <div class='ocr_carea' id='block_1_112' title="bbox 1924 5645 3528 5722">
    <p class='ocr_par' dir='ltr' id='par_1_112' title="bbox 1924 5645 3528 5722">
     <span class='ocr_line' id='line_1_112' title="bbox 1924 5645 3528 5722; baseline 0.002 -17"><span class='ocrx_word' id='word_1_884' title='bbox 1924 5652 1994 5705; x_wconf 90' lang='lat' dir='ltr'><strong>tis</strong></span> <span class='ocrx_word' id='word_1_885' title='bbox 2042 5658 2246 5705; x_wconf 87' lang='lat' dir='ltr'><strong>nostrae</strong></span> <span class='ocrx_word' id='word_1_886' title='bbox 2287 5648 2412 5704; x_wconf 89' lang='lat' dir='ltr'><strong>illos</strong></span> <span class='ocrx_word' id='word_1_887' title='bbox 2453 5645 2819 5719; x_wconf 86' lang='lat' dir='ltr'><strong>disperditnus</strong></span> <span class='ocrx_word' id='word_1_888' title='bbox 2852 5658 3198 5717; x_wconf 86' lang='lat' dir='ltr'><strong>peccatores,</strong></span> <span class='ocrx_word' id='word_1_889' title='bbox 3230 5650 3299 5709; x_wconf 87' lang='lat' dir='ltr'><strong>de</strong></span> <span class='ocrx_word' id='word_1_890' title='bbox 3327 5652 3528 5722; x_wconf 88' lang='lat' dir='ltr'><strong>quibus</strong></span> 
     </span>
    </p>
   </div>
   <div class='ocr_carea' id='block_1_113' title="bbox 1928 5739 3528 5819">
    <p class='ocr_par' dir='ltr' id='par_1_113' title="bbox 1928 5739 3528 5819">
     <span class='ocr_line' id='line_1_113' title="bbox 1928 5739 3528 5819; baseline 0.001 -19"><span class='ocrx_word' id='word_1_891' title='bbox 1928 5742 2183 5801; x_wconf 86' lang='lat' dir='ltr'><strong>Salvator</strong></span> <span class='ocrx_word' id='word_1_892' title='bbox 2239 5742 2482 5812; x_wconf 89' lang='lat' dir='ltr'><strong>loquitur</strong></span> <span class='ocrx_word' id='word_1_893' title='bbox 2528 5758 2543 5797; x_wconf 92' lang='lat'><strong>:</strong></span> <span class='ocrx_word' id='word_1_894' title='bbox 2605 5739 2683 5796; x_wconf 90' lang='lat' dir='ltr'><strong>De</strong></span> <span class='ocrx_word' id='word_1_895' title='bbox 2739 5740 2894 5795; x_wconf 85' lang='lat' dir='ltr'><strong>corde</strong></span> <span class='ocrx_word' id='word_1_896' title='bbox 2942 5751 3132 5796; x_wconf 74' lang='lat' dir='ltr'><strong>exeunt</strong></span> <span class='ocrx_word' id='word_1_897' title='bbox 3192 5745 3528 5819; x_wconf 82' lang='lat' dir='ltr'><strong>cogitationes</strong></span> 
     </span>
    </p>
   </div>
   <div class='ocr_carea' id='block_1_114' title="bbox 1931 5880 2803 5952">
    <p class='ocr_par' dir='ltr' id='par_1_114' title="bbox 1931 5880 2803 5952">
     <span class='ocr_line' id='line_1_114' title="bbox 1931 5880 2803 5952; baseline 0 -15"><span class='ocrx_word' id='word_1_898' title='bbox 1931 5881 2165 5952; x_wconf 83' lang='lat' dir='ltr'><strong>Acharn.</strong></span> <span class='ocrx_word' id='word_1_899' title='bbox 2192 5882 2311 5937; x_wconf 80' lang='lat' dir='ltr'><strong>Act.</strong></span> <span class='ocrx_word' id='word_1_900' title='bbox 2345 5897 2386 5949; x_wconf 82' lang='grc' dir='ltr'><strong>ι,</strong></span> <span class='ocrx_word' id='word_1_901' title='bbox 2409 5895 2488 5936; x_wconf 87' lang='lat' dir='ltr'><strong>sc.</strong></span> <span class='ocrx_word' id='word_1_902' title='bbox 2516 5880 2574 5945; x_wconf 79' lang='lat'><strong>2,</strong></span> <span class='ocrx_word' id='word_1_903' title='bbox 2598 5882 2803 5952; x_wconf 78' lang='lat' dir='ltr'><strong>p.375.</strong></span> 
     </span>
    </p>
   </div>
   <div class='ocr_carea' id='block_1_115' title="bbox 2008 5949 3263 6021">
    <p class='ocr_par' dir='ltr' id='par_1_115' title="bbox 2008 5949 3263 6021">
     <span class='ocr_line' id='line_1_115' title="bbox 2008 5949 3263 6021; baseline 0.002 -14"><span class='ocrx_word' id='word_1_904' title='bbox 2008 5949 2036 5992; x_wconf 59' lang='grc' dir='ltr'><strong>θ’</strong></span> <span class='ocrx_word' id='word_1_905' title='bbox 2061 5951 2118 6008; x_wconf 88' lang='lat' dir='ltr'><strong>In</strong></span> <span class='ocrx_word' id='word_1_906' title='bbox 2140 5952 2343 6019; x_wconf 60' lang='lat' dir='ltr'><strong>Vatia,</strong></span> <span class='ocrx_word' id='word_1_907' title='bbox 2381 5969 2534 6021; x_wconf 84' lang='lat' dir='ltr'><strong>quam</strong></span> <span class='ocrx_word' id='word_1_908' title='bbox 2559 5949 2848 6007; x_wconf 79' lang='lat' dir='ltr'><strong>amittentes</strong></span> <span class='ocrx_word' id='word_1_909' title='bbox 2877 5949 3130 6021; x_wconf 60' lang='lat' dir='ltr'><strong>heretici,</strong></span> <span class='ocrx_word' id='word_1_910' title='bbox 3154 5966 3263 6011; x_wconf 83' lang='lat' dir='ltr'><strong>etc.</strong></span> 
     </span>
    </p>
   </div>
  </div>
