4078 6328
463 249 528 304 87
1711 246 1770 304 S.
1815 245 2090 304 EUSEBII
2129 245 2519 306 HIERONYMI

3691 252 3760 312 88

457 374 528 422 tte
557 363 702 421 enim
743 372 871 421 sunt
896 363 999 419 viae
1027 377 1149 436 quae
1175 362 1431 419 videntur
1455 362 1768 419 hominibus
1792 372 1981 433 rectae,
2007 372 2061 419 et
2087 365 2143 429 Α
2166 377 2313 431 sunt,
2347 365 2640 436 plurimum
2664 364 2868 422 debent
2889 382 3077 424 carere
3106 368 3274 435 vitiis,
3305 376 3360 424 et
3373 368 3626 451 maxime
3657 370 3758 437 ira,

459 461 756 518 novissima
797 474 984 517 earum
1022 459 1350 529 perveniunt
1383 459 1436 514 in
1467 457 1796 528 profundum
1827 457 2054 513 inferni.

459 554 556 611 ESt
589 571 804 625 quoque
826 554 1004 624 justus
1029 552 1316 622 pcriensin
1339 552 1550 622 iustitia
1573 568 1691 622 sua,
1721 553 1807 608 cui
1829 552 2058 608 dicitur:

460 646 548 701 Ne
573 648 643 701 sis
660 647 832 720 justus
860 646 1081 698 multum
1110 643 1278 715 (Eccl.
1311 661 1404 712 vn,
1444 645 1556 717 t7).
1589 644 1737 714 Quas
1767 646 1838 700 ob
1868 659 2062 701 eauSas

454 739 624 796 Israel
655 738 992 810 repromittit
1011 754 1072 794 se
1102 739 1184 794 via
1214 739 1616 794 ambulaturum
1647 739 1817 809 regia,
1864 755 1966 796 nec
1993 739 2061 794 ad

457 835 759 901 sinistram,
793 849 895 889 nec
924 833 990 888 ad
1020 833 1301 888 dexteram
1343 833 1741 888 declinaturum
1767 833 1950 903 (Deut.
1985 834 2058 904 v).

459 930 526 984 Et
556 939 614 984 ut
661 929 856 1001 loquar
898 928 1041 999 quod
1083 928 1306 984 sentio‘:
1342 927 1565 984 difficile
1619 927 1722 982 hoc
1775 926 2064 982 maledicto

457 1023 580 1091 quis
613 1037 804 1078 carere
834 1030 1038 1092 potest,
1075 1037 1198 1076 cum
1229 1030 1284 1076 et
1333 1023 1491 1076 malis
1517 1021 1832 1084 frequenter
1873 1020 2066 1076 adule-

456 1133 582 1173 mur
606 1130 832 1189 propter
859 1116 1183 1188 potentiam,
1210 1124 1266 1172 et
1296 1117 1467 1172 bonos
1503 1115 1871 1183 despiciamus
1904 1132 2065 1185 prop-

453 1219 540 1264 ter
591 1209 856 1280 inOpiam.
903 1208 1062 1265 Unde
1110 1209 1508 1278 signiﬁcantius
1539 1209 1932 1279 interpretatus
1981 1217 2063 1263 est

459 1304 658 1374 Aquila
688 1303 832 1376 :83
869 1302 962 1358 Va:
987 1304 1075 1374 qui
1105 1304 1230 1357 dicit
1279 1302 1442 1370 malo,
1499 1302 1661 1358 bonus
1710 1319 1782 1370 es,
1811 1312 1860 1356 et
1905 1302 2060 1369 bono,

454 1395 623 1450 malus
641 1413 693 1452 es
717 1396 902 1468 (Prov.
925 1412 1058 1465 xvn,
1087 1395 1201 1467 15).
1223 1396 1290 1451 Et
1316 1397 1370 1450 in
1397 1395 1542 1450 hunc
1568 1396 1822 1465 congruit
1843 1409 2063 1450 sensum

459 1492 594 1548 illud
626 1493 771 1564 quod
797 1493 1058 1549 Salomon
1091 1491 1146 1548 in
1185 1491 1504 1548 Proverbiis
1533 1491 1778 1562 loquitur
1803 1508 1817 1547 :
1845 1490 2063 1561 Quiju-

457 1587 596 1642 dicat
610 1588 812 1658 justum
839 1587 1112 1660 injustam,
1143 1596 1190 1640 et
1219 1587 1474 1657 injustam
1491 1586 1711 1657 justum,
1747 1584 2070 1639 abominabi-

456 1683 523 1738 lis
557 1692 632 1738 est
655 1691 866 1752 uterque
904 1682 1046 1751 apud
1079 1681 1265 1735 Deum.
1308 1681 1517 1746 Scriba:
1545 1694 1765 1751 quoque
1794 1688 1849 1734 et
1878 1677 2068 1734 Phari-

459 1779 554 1834 saei
586 1777 753 1834 verba
779 1776 1084 1834 Salvatoris
1106 1791 1212 1830 non
1243 1776 1595 1846 recipientes,
1617 1773 1713 1830 sed
1745 1773 2068 1830 traditiones
2099 1764 2147 1824 B

459 1872 774 1939 hominum,
809 1881 865 1928 et
917 1873 1090 1928 aniles
1121 1871 1368 1940 fabulas,
1419 1869 1668 1926 fecerunt
1693 1869 1894 1926 bonum
1949 1884 2067 1924 ma-

460 1967 594 2036 lutu,
629 1976 685 2022 et
709 1966 914 2021 malum
943 1966 1171 2021 bonum.

533 2061 714 2133 (Vers.
747 2059 868 2134 21.)
903 2059 995 2116 Va’
1031 2061 1119 2128 qui
1152 2058 1411 2130 sapientes
1434 2057 1554 2112 estis
1591 2056 1646 2111 in
1671 2054 1835 2110 oculis
1866 2055 2067 2119 vestris,

465 2167 516 2212 et
544 2175 716 2212 coram
760 2157 1136 2223 vobismetipsis
1187 2156 1484 2228 prudentes.
1512 2153 1614 2221 Qui
1657 2151 1836 2217 vobis,
1870 2151 2068 2222 inquit,

464 2250 569 2322 ipsi
596 2250 855 2306 videmini
887 2253 1168 2322 sapientes
1198 2265 1344 2316 esse,
1377 2247 1472 2319 qui
1503 2246 1846 2318 prudentiam
1884 2243 2070 2314 sequi-

462 2345 622 2412 mini,
655 2361 760 2399 non
795 2345 915 2412 Dei,
961 2344 1059 2400 sed
1094 2343 1377 2398 hominum
1409 2361 1421 2395 :
1452 2349 1508 2397 et
1535 2355 1660 2396 cum
1693 2353 1799 2394 non
1833 2336 2073 2407 recipia—

463 2437 536 2493 tis
576 2436 672 2494 Dei
701 2439 956 2493 virtutem
990 2437 1201 2508 Deique
1221 2435 1568 2508 sapientiam,
1600 2434 1802 2504 putatis
1829 2445 1928 2485 vos
1952 2443 2075 2484 esse

463 2529 743 2600 sapientes
772 2530 816 2599 (Ι
851 2529 973 2584 Cor.
996 2530 1063 2593 ι).
1099 2527 1250 2584 tuter
1271 2525 1599 2596 sapientiam
1633 2533 1688 2579 et
1725 2521 2074 2594 prudentiam

464 2623 572 2679 hoc
598 2623 785 2678 dicunt
814 2621 1084 2678 interesse
1111 2620 1302 2686 Stoici,
1339 2619 1482 2688 quod
1508 2617 1776 2688 sapientia
1805 2631 1984 2672 rerum
2005 2615 2076 2670 sit

463 2715 772 2772 divinarum
807 2715 1279 2786 humanarumque
1311 2713 1506 2769 notitia
1534 2730 1547 2766 :
1573 2711 1862 2784 prudentia
1891 2720 2074 2765 autem

465 2820 682 2867 tantum
713 2811 1048 2866 mortalium.
1081 2808 1500 2880 Consequenter
1520 2816 1702 2862 autem
1736 2804 1853 2860 haec
1883 2803 2078 2860 adver-

468 2919 590 2960 sum
617 2902 839 2960 Scribas
869 2902 1128 2957 dicuntur
1179 2910 1236 2956 et
1284 2901 1612 2968 Pharisazos,
1665 2899 1754 2968 qui
1805 2896 2076 2952 habentes

465 2997 674 3053 clavem
695 2996 962 3064 scientize,
993 3010 1094 3051 nec
1121 2996 1222 3065 ipsi
1249 2995 1315 3049 ad
1346 2993 1623 3050 Christum
1649 2993 1930 3048 introeunt
1977 3004 2078 3045 nec

467 3092 606 3148 alios
637 3091 867 3146 introire
893 3091 1218 3161 permittunt
1246 3087 1403 3154 (Luc.
1438 3085 1538 3159 ιι).

543 3183 731 3254 (Vers.
761 3181 880 3256 2?...)
939 3180 1028 3237 Va:
1074 3183 1162 3250 qui
1191 3190 1422 3251 potentes
1453 3181 1573 3235 estis
1598 3180 1668 3234 ad
1704 3178 1979 3234 bibendum
2001 3177 2078 3231 vi—
2107 3162 2154 3226 C

469 3295 617 3346 num,
649 3285 695 3332 et
728 3279 823 3332 viri
849 3275 1096 3348 fortesad
1118 3275 1434 3329 miscendam
1458 3275 1701 3335 siceram,
1728 3271 1782 3325 id
1808 3279 1891 3326 est
1917 3270 2084 3324 ebrie-

474 3380 652 3426 tatem.
685 3371 890 3438 Quibus
917 3384 1083 3439 supra
1111 3368 1362 3423 dixerat:
1397 3365 1485 3422 Vte
1507 3367 1594 3437 qui
1632 3365 1942 3438 consurgitis
1964 3379 2080 3417 ma-

476 3481 542 3519 ne
571 3465 641 3518 ad
669 3463 970 3518 ebrietatem
1019 3463 1340 3535 sectandam,
1387 3468 1436 3515 et
1479 3459 1766 3532 potandum
1808 3472 1964 3526 usque
2014 3455 2083 3509 ad

478 3564 836 3628 vesperam,ut
860 3557 975 3610 vino
996 3555 1244 3624 wstuelis,
1265 3555 1334 3609 de
1355 3553 1439 3607 his
1459 3554 1624 3608 etiam
1648 3565 1789 3606 nunc
1812 3550 2082 3620 loquitur:

481 3653 572 3721 qui
601 3657 854 3721 potentes
885 3660 1011 3702 sunt
1041 3648 1109 3703 ad
1160 3646 1459 3702 bibendum
1492 3646 1679 3699 vinum
1703 3683 1719 3706 ,
1754 3651 1810 3698 et
1834 3641 1937 3696 viri
1976 3643 2087 3696 for-

481 3753 569 3797 tes
611 3741 678 3796 ad
713 3741 1054 3796 miscendum
1099 3740 1332 3796 siceram
1373 3736 1556 3811 (Deut.
1589 3733 1784 3807 xxxii).
1812 3735 1915 3802 Qui
1966 3735 2084 3791 ine-

483 3833 648 3890 briati
679 3836 806 3889 vino
835 3834 1123 3898 draconis,
1152 3843 1208 3890 et
1243 3849 1458 3888 veneno
1482 3831 1732 3903 aspidum
1759 3829 2077 3895 insanabili,

480 3931 685 3986 virtute
711 3930 925 3986 Domini
954 3929 1455 3985 calumniahantur.
1476 3928 1542 3982 Et
1569 3927 1670 3998 ipsi
1689 3926 1826 3982 ebrii
1851 3925 2090 3980 inebria-

485 4023 621 4079 bant
653 4023 899 4093 populos,
941 4031 1000 4077 ut
1043 4022 1161 4091 pari
1207 4020 1396 4076 furore
1435 4021 1788 4087 bacchantes,
1829 4019 2091 4074 adversus

489 4115 784 4171 Dominum
836 4115 1268 4171 conclamarent.
1327 4112 1490 4168 Juxta
1547 4111 1912 4183 tr0pologiam
1964 4123 2092 4166 ante

481 4209 596 4280 jam
626 4208 884 4264 diximus:
913 4207 1059 4279 quod
1083 4204 1400 4261 sacerdotes
1422 4205 1718 4275 ingressuri
1748 4204 2096 4259 Tabernacu-

491 4306 604 4360 lum
631 4303 754 4370 Dei,
785 4319 893 4358 non
921 4301 1160 4357 debeant
1180 4302 1363 4354 vinum
1411 4299 1600 4354 bibere
1629 4307 1686 4353 et
1715 4299 1947 4354 siceram
1971 4297 2098 4366 (Le-

494 4399 584 4453 vit.
615 4397 693 4470 x).
713 4397 923 4466 Quibus
945 4409 1089 4450 nunc
1118 4393 1392 4459 addimus,
1414 4393 1558 4463 quod
1587 4391 1860 4448 Nazaraeis
1883 4407 2100 4464 quoque

496 4501 828 4564 prateeptum
848 4491 941 4552 sit,
975 4488 1068 4557 qui
1098 4501 1158 4541 se
1187 4485 1527 4541 sanctificant
1551 4484 1802 4550 Domino,
1827 4495 1886 4541 ut
1913 4487 2099 4542 vinum

2161 474 2281 530 quae
2335 459 2504 515 furori
2535 461 2782 532 proxima
2831 469 2921 518 est
2947 479 2970 518 τ
2995 477 3068 520 ne
3097 473 3302 534 quanto
3334 463 3459 534 plus
3517 463 3758 534 possint,

2163 563 2312 608 tanto
2343 553 2578 623 amplius
2607 553 2868 626 subjectis
2900 567 3155 612 noceant.
3189 555 3380 613 Miscet
3407 556 3637 612 siceram
3670 559 3762 629 qui

2163 661 2287 703 cum
2318 648 2585 704 ebrietate
2617 650 2812 719 plenus
2857 651 2950 718 sit,
3002 651 3069 705 ad
3101 650 3454 722 decipiendos
3488 650 3759 720 homines,

2153 741 2382 808 umbras
2413 740 2675 812 quasdam
2710 752 2764 796 et
2795 742 3058 812 imagines
3088 743 3312 799 simulat
3343 757 3402 799 se
3428 744 3633 799 habere
3660 743 3765 798 vir-

2167 845 2364 894 tutum.
2415 877 2424 884 .
2530 899 2540 906 .

2237 927 2420 1000 (Vers.
2468 927 2591 1001 25.)
2625 928 2730 998 Qui
2741 930 3053 1004 justiﬁcatis
3084 931 3301 1002 impium
3326 947 3420 1002 pro
3441 933 3765 998 muneribus,

2166 1028 2212 1073 et
2229 1020 2496 1091 justitiam
2519 1021 2652 1092 justi
2680 1025 2901 1093 aufertis
2924 1023 2987 1076 ab
3015 1039 3097 1077 eo.
3121 1023 3188 1078 Et
3220 1023 3337 1080 haec
3368 1040 3492 1094 pars
3507 1024 3766 1080 vitiorum

2164 1125 2252 1172 est
2280 1118 2481 1184 vineae,
2517 1133 2640 1187 quae
2671 1133 2770 1188 pro
2803 1118 2923 1172 uvis
2954 1117 3084 1173 fecit
3115 1117 3423 1184 labruscas,
3456 1130 3511 1174 et
3542 1134 3771 1190 exspec-

2168 1219 2318 1266 tante
2344 1213 2596 1277 Domino,
2625 1222 2680 1267 ut
2704 1212 3208 1284 faceretjudicium.
3245 1213 3374 1269 fecit
3403 1215 3768 1286 iniquitatem,

2165 1303 2474 1375 justifieans
2507 1305 2732 1372 impium
2777 1320 2876 1376 pro
2907 1305 3249 1372 muneribus,
3283 1315 3338 1362 et
3391 1322 3499 1363 non
3549 1322 3770 1375 causas,

2169 1402 2265 1458 sed
2320 1403 2460 1458 dona
2492 1403 2871 1469 considerans,
2906 1419 3027 1474 quae
3057 1414 3334 1460 excmcant
3378 1405 3544 1460 etiam
3583 1405 3774 1460 oculos

2171 1499 2525 1570 sapientium.
2558 1497 2717 1555 Unde
2747 1497 3054 1554 cavendum
3087 1507 3193 1566 est,
3229 1515 3295 1554 ne
3328 1499 3667 1555 inebriemur
3692 1500 3774 1555 ri-

2172 1608 2264 1659 no,
2299 1593 2352 1648 in
2385 1607 2494 1664 quo
2525 1600 2612 1647 est
2652 1591 2864 1647 luxuria
2914 1591 3098 1664 (Deut.
3149 1609 3257 1660 xw,
3310 1593 3406 1659 t9;
3450 1591 3645 1666 Ephes.
3689 1594 3772 1664 v),

2171 1696 2229 1742 et
2271 1687 2552 1743 nudentur
2602 1689 2807 1742 femora
2853 1685 3206 1758 turpitudinis
3237 1697 3438 1742 nostra:
3467 1685 3628 1760 (Gen.
3671 1687 3774 1757 ts),

2173 1791 2228 1837 et
2257 1780 2540 1836 adulemur
2567 1780 2751 1850 impiis
2773 1794 2872 1850 pro
2895 1781 3212 1835 muneribus
3233 1822 3246 1846 ,
3279 1790 3332 1835 et
3357 1778 3627 1849 jttStitiam
3648 1778 3776 1850 justi

2175 1891 2272 1944 pro
2302 1875 2482 1944 inopia
2514 1874 2905 1944 despiciamus.
2939 1873 3096 1942 Quod
3129 1881 3186 1929 et
3216 1875 3270 1928 in
3307 1871 3553 1942 Epistula
3589 1873 3777 1929 Jacobi

2176 1968 2494 2038 praecipitur
2519 1985 2531 2020 :
2561 1983 2628 2023 ne
2659 1967 2994 2022 honorantes
3025 1966 3222 2037 impios
3269 1965 3488 2035 divites,
3515 1975 3570 2021 et
3599 1965 3780 2034 despi-

2173 2063 2384 2119 cientes
2414 2074 2636 2119 sanctos
2669 2075 2971 2132 pauperes,
2997 2062 3196 2118 ﬁamus
3215 2060 3428 2131 iudices
3454 2061 3777 2132 iniquitatis.

2247 2155 2431 2223 (Vers.
2471 2154 2593 2226 Ἃ.)
2623 2153 2849 2225 Propter
2874 2154 2971 2208 hoc
2999 2154 3130 2208 sicut
3159 2153 3371 2208 devorat
3402 2153 3652 2226 stipulam
3681 2153 3782 2208 lin-

2176 2265 2279 2320 gua
2305 2249 2444 2319 ignis
2473 2289 2487 2312 ,
2529 2257 2576 2302 et
2615 2247 2760 2302 calor
2787 2248 3014 2318 flamma:
3057 2246 3269 2301 exurit:
3310 2247 3386 2300 sic
3415 2246 3573 2300 radix
3603 2263 3780 2300 eorum

2177 2341 2327 2413 quasi
2357 2338 2544 2411 favilla
2575 2341 2692 2406 erit,
2721 2351 2770 2394 et
2789 2356 3001 2413 germen
3029 2357 3209 2396 eorum
3232 2350 3287 2394 ut
3311 2340 3478 2411 pulvis
3510 2339 3778 2397 ascendet.

2181 2434 2492 2508 Abjecerunt
2521 2433 2657 2488 enim
2685 2430 2851 2504 legem
2880 2431 3093 2487 Domini
3123 2433 3460 2498 exercituum,
3510 2441 3560 2486 et
3587 2449 3784 2487 sermo-

2181 2543 2297 2582 nem
2322 2529 2489 2583 sancti
2521 2525 2693 2582 Israel
2721 2525 3229 2595 blasphcmaverunt.
3258 2525 3494 2597 Propter
3537 2524 3784 2596 superio-

2183 2637 2272 2676 res
2297 2635 2491 2675 causas
2534 2621 2830 2690 superbize,
2862 2628 2919 2674 et
2947 2619 3252 2685 ebrietatis,
3284 2629 3338 2676 et
3359 2620 3636 2684 avaritiae,
3661 2621 3782 2690 quia

2182 2730 2281 2786 pro
2308 2715 2423 2771 uvis
2449 2714 2973 2786 attuleruntspinas,
2998 2724 3056 2770 et
3087 2713 3288 2780 fenum,
3317 2713 3782 2786 ligna,stipulam,

2181 2823 2510 2879 arsurosque
2541 2823 2765 2878 vepres;
2800 2807 2922 2864 ideo
2966 2807 3118 2863 radix
3149 2807 3372 2863 malitia:
3399 2822 3588 2863 eorum
3641 2805 3788 2862 redi-

2182 2913 2342 2973 getur
2380 2902 2432 2956 in
2479 2901 2742 2965 favillam,
2776 2911 2831 2956 et
2864 2901 3042 2955 omnis
3073 2900 3172 2954 llos
3199 2909 3252 2956 et
3284 2898 3632 2971 pulchritudo
3654 2897 3787 2954 divi-

2185 2995 2383 3050 tiarum
2417 3002 2471 3050 et
2505 2995 2754 3064 corporis
2783 2994 2991 3064 pulveri
3019 2993 3431 3064 comparabitur
3457 2993 3502 3065 (I
3532 2991 3659 3049 Cor.
3683 2992 3786 3063 ιιι).

2182 3087 2301 3145 Non
2331 3089 2478 3144 enim
2506 3087 2688 3142 solum
2725 3089 2826 3141 ista
2854 3087 3132 3152 fecerunt,
3157 3087 3250 3141 sed
3281 3085 3366 3141 his
3392 3085 3654 3156 gradibus
3678 3101 3792 3156 per-

2185 3191 2454 3237 venerunt
2478 3179 2543 3234 ad
2575 3179 3058 3249 blaSpbemiam,ut
3082 3182 3256 3248 legem
3281 3178 3497 3234 Domini
3529 3194 3639 3233 non
3655 3180 3792 3234 reci-

2187 3281 2381 3344 perent
2405 3313 2420 3336 ,
2451 3281 2504 3326 et
2547 3286 2854 3326 sermonem
2887 3269 3071 3326 Sancti
3121 3269 3286 3325 Israel
3319 3269 3788 3340 blasplu-marent;

2187 3367 2256 3423 de
2283 3366 2479 3437 quibus
2512 3379 2672 3434 supra
2706 3363 2936 3434 legimus
2965 3380 2980 3419 :
3034 3361 3108 3417 De
3149 3362 3278 3417 Sion
3329 3362 3624 3436 egredietur
3666 3363 3751 3417 lca:
3777 3403 3790 3428 ,

2189 3471 2236 3514 et
2284 3459 2497 3513 verbum
2537 3457 2753 3511 Domini
2783 3457 2846 3511 de
2873 3455 3171 3512 Jerusalem
3198 3454 3358 3524 (lsai.
3399 3470 3468 3521 lt,
3498 3455 3578 3526 '5).
3612 3454 3796 3511 Potest

2189 3550 2348 3606 radix
2380 3551 2433 3604 in
2470 3550 2633 3604 malis
2660 3547 3090 3620 cogitationibus
3128 3548 3342 3619 accipi,
3372 3547 3582 3604 fructus
3609 3559 3792 3604 autem

2191 3655 2248 3703 et
2272 3662 2498 3718 germen
2525 3646 2579 3700 in
2607 3645 2765 3701 malis
2803 3645 3060 3716 operibus
3103 3652 3268 3714 atque
3322 3643 3666 3700 sermonibus
3694 3685 3710 3710 ,
3740 3651 3798 3699 ut

2191 3742 2335 3814 quod
2379 3739 2435 3796 in
2469 3741 2654 3795 radice
2683 3739 2856 3808 latet,
2906 3747 3244 3793 monstretur
3274 3737 3328 3790 in
3363 3737 3648 3808 germine:
3678 3751 3797 3808 qua:

2195 3846 2422 3907 utraque
2467 3835 2677 3891 Domini
2714 3833 2968 3889 incendio
2995 3831 3354 3888 vorahuutur.
3380 3830 3538 3887 Unde
3565 3838 3626 3886 et
3651 3831 3798 3901 Apo-

2194 3929 2367 3986 stolus
2394 3927 2556 3999 (lleb.
2583 3944 2682 3995 xn,
2706 3927 2821 3999 15),
2842 3926 3080 3983 radicem
3109 3923 3489 3981 amaritudinis
3511 3924 3796 3990 malorum,

2195 4042 2412 4083 sursum
2435 4024 2677 4096 loquitur
2694 4025 3114 4096 germinantem.

2267 4121 2378 4194 85
2405 4120 2426 4191 (
2443 4118 2600 4174 Vers.
2629 4117 2722 4172 25.
2745 4116 2765 4188 )
2791 4115 2920 4171 Ideo
2944 4117 3108 4170 iratus
3129 4125 3204 4169 est
3229 4118 3374 4184 furor
3395 4111 3606 4168 Domini
3629 4114 3684 4167 in
3710 4131 3800 4183 po-

2185 4213 2376 4286 ‘pulum
2404 4229 2554 4268 suum
2579 4253 2594 4278 ,
2633 4223 2683 4267 et
2709 4211 2937 4266 extendit
2959 4225 3168 4264 manum
3190 4225 3339 4262 suam
3366 4225 3524 4280 super
3544 4224 3663 4262 eum
3686 4250 3702 4276 ,
3752 4217 3800 4262 et

2201 4305 2451 4377 percussit
2475 4320 2619 4368 eum,
2643 4312 2692 4357 et
2715 4301 3000 4357 conturbati
3019 4311 3142 4355 sunt
3169 4309 3367 4355 montes
3392 4342 3408 4366 ,
3437 4310 3484 4354 et
3515 4303 3658 4371 facta
3687 4309 3802 4353 sunt

2201 4398 2472 4452 morticina
2495 4412 2675 4451 eorum
2694 4436 2710 4462 ,
2737 4395 2886 4466 quasi
2905 4405 3101 4449 stercus
3123 4395 3178 4448 in
3205 4394 3371 4448 medio
3398 4395 3712 4466 platearum.
3739 4391 3803 4448 In

2203 4492 2438 4548 omnibus
2466 4490 2548 4545 his
2575 4507 2677 4545 non
2703 4499 2777 4544 est
2805 4505 3017 4544 aversus
3045 4489 3190 4560 furor
3211 4491 3322 4559 ejus
3349 4503 3369 4544 :
3397 4486 3488 4542 sed
3511 4487 3685 4542 adhuc
3700 4504 3804 4542 ma-

495 4597 553 4644 et
603 4589 859 4650 siceram,
894 4592 950 4638 et
977 4596 1142 4637 omne
1170 4580 1316 4652 quod
1343 4579 1411 4636 de
1443 4580 1562 4635 uvis
1590 4590 1696 4646 est,
1731 4597 1838 4635 non
1883 4581 2092 4648 bibant,
2127 4551 2177 4610 Β
2205 4603 2304 4641 nus
2330 4587 2442 4657 ejus
2471 4593 2676 4639 extenta
2707 4599 2728 4638 :
2755 4581 3022 4651 Quoniam
3051 4580 3366 4652 abiecerunt
3395 4582 3566 4652 legam
3595 4581 3804 4636 Domini

499 4693 601 4734 nec
625 4676 936 4737 comedant,
971 4689 1042 4728 ne
1075 4688 1234 4728 uvam
1281 4672 1500 4743 quidem
1531 4687 1746 4743 passam
1767 4716 1780 4736 ,
1802 4682 1858 4727 et
1883 4684 2096 4728 acetum

499 4786 573 4827 ex
599 4770 724 4823 vino
753 4766 945 4840 (Num.
979 4769 1080 4835 vn).
1109 4765 1217 4821 Sed
1245 4774 1300 4820 ct
1320 4767 1373 4820 in
1404 4765 1713 4821 Proverbiis
1735 4766 2051 4838 prazcipitur
2080 4782 2096 4821 :

509 4861 748 4920 Potentes
767 4861 856 4932 qui
882 4859 1124 4914 iracundi
1149 4867 1301 4925 sunt;
1329 4859 1506 4912 vinum
1532 4874 1637 4913 non
1662 4858 1860 4925 bibant,
1896 4876 1958 4914 ne
1982 4877 2100 4914 cum

501 4957 744 5019 biberint,
775 4954 1144 5010 obliviscantur
1168 4954 1456 5025 sapientiae.
1487 4953 1636 5009 Inter
1664 4955 1847 5009 vinum
1878 4966 1934 5010 et
1963 4954 2107 5010 sice-

505 5066 622 5106 ram
651 5050 804 5118 juxta
834 5062 1111 5118 anagogen
1146 5045 1250 5102 hoc
1278 5061 1405 5103 esse
1435 5047 1704 5114 arbitror,
1739 5047 1886 5118 quod
1916 5049 2102 5104 vinum

507 5158 541 5199 e
573 5141 821 5214 pluribus
851 5155 956 5196 una
991 5138 1334 5209 perturbatio
1361 5148 1446 5194 est
1467 5182 1482 5206 ,
1518 5139 1673 5194 verbi
1727 5141 1902 5210 gratia
1935 5183 1950 5210 ,
1985 5141 2107 5197 libi-

507 5237 678 5304 dinis,
701 5236 967 5300 avaritiae,
995 5232 1160 5304 gulte,
1191 5243 1246 5289 et
1276 5233 1516 5288 invidize.
1549 5233 1740 5290 Sicera
1766 5233 1879 5308 84,
1905 5247 2110 5304 autem,

508 5331 564 5388 id
595 5338 704 5398 est,
738 5329 1000 5394 ebrietas,
1032 5341 1224 5382 omnes
1255 5327 1310 5382 in
1339 5341 1400 5382 se
1429 5327 1689 5382 vitiorum
1719 5331 1957 5385 continet
1991 5345 2114 5400 pas-

515 5425 724 5490 siones,
755 5437 890 5494 quas
920 5420 1125 5477 rectius
1155 5419 1351 5476 Latino
1381 5435 1636 5476 sermone
1667 5423 2110 5492 perturbationes

512 5531 804 5588 possumus
849 5516 1056 5579 dicere,
1087 5513 1234 5585 quod
1265 5523 1464 5568 statum
1513 5522 1712 5570 mentis
1740 5527 2019 5585 evertant,
2055 5528 2110 5574 et

511 5609 697 5666 ebrios
723 5610 923 5666 faciant
952 5611 1171 5668 nescire
1193 5607 1325 5679 quid
1373 5618 1558 5680 agant.
1606 5609 1710 5678 Qui
1738 5626 1872 5683 ergo
1903 5611 1931 5643 ‘
1961 5627 2104 5684 pra":-

2203 4677 2540 4734 cxercitumn
2563 4717 2576 4737 ,
2609 4690 2770 4746 quam
2794 4688 2854 4730 se
2877 4675 3130 4728 daturum
3161 4687 3254 4744 per
3281 4671 3576 4728 Jeremiam
3621 4671 3806 4728 Domi-

2207 4787 2308 4827 nus
2361 4769 2690 4840 poliicetnr,
2743 4768 2976 4823 dicens:
3025 4765 3158 4820 Ecce
3217 4765 3324 4822 dies
3378 4767 3622 4831 veniunt,
3687 4765 3807 4820 dicit

2206 4863 2462 4918 Dominus
2487 4905 2503 4928 ,
2533 4873 2580 4916 et
2609 4862 2792 4934 feriant
2822 4861 3000 4915 domui
3031 4857 3201 4914 Israel
3226 4901 3242 4928 ,
3271 4871 3317 4914 et
3344 4859 3524 4914 domui
3553 4857 3699 4913 Juda
3721 4862 3810 4931 fce-

2207 4958 2306 5013 dus
2355 4973 2577 5021 novum,
2623 4973 2725 5010 non
2753 4956 3034 5012 secundum
3089 4964 3300 5028 pactum
3328 4955 3466 5026 quod
3492 4956 3667 5027 pepigi
3697 4971 3808 5008 cum

2213 5052 2445 5123 patribus
2474 5052 2671 5114 vestris,
2694 5053 2749 5105 in
2775 5051 2860 5104 die
2883 5049 3091 5119 quando
3133 5049 3451 5120 apprehendi
3487 5064 3697 5102 manum
3723 5065 3809 5102 eoo

2213 5162 2333 5201 rum
2362 5187 2378 5210 ,
2409 5153 2466 5198 ut
2491 5144 2758 5199 educerem
2784 5161 2871 5199 eos
2908 5142 2971 5196 de
3003 5151 3139 5196 terra
3170 5141 3394 5214 ﬂgypti
3417 5140 3632 5214 (Jerem.
3661 5156 3806 5207 xxxi,

2215 5239 2305 5306 51,
2329 5237 2396 5294 52
2417 5237 2459 5310 ).
2495 5237 2564 5293 Ει
2588 5253 2898 5294 sermonem
2929 5235 3114 5291 Sancti
3141 5235 3304 5290 Israel
3333 5233 3804 5304 blasphemaruut,

2215 5333 2511 5389 dicentes:
2560 5329 2890 5386 Dwmonium
2957 5329 3148 5394 habet,
3211 5339 3261 5383 et
3321 5328 3691 5386 Samaritanus
3741 5339 3810 5384 est

2216 5427 2417 5500 (Joan.
2447 5442 2569 5488 vnt,
2591 5427 2657 5482 48
2679 5427 2731 5498 );
2764 5433 2852 5480 et:
2882 5422 3072 5478 Nonne
3089 5422 3260 5476 hicest
3279 5423 3422 5494 ﬁlius
3441 5422 3576 5494 fabri
3603 5423 3621 5493 (
3655 5421 3806 5476 Matt.

2212 5537 2331 5588 xm,
2365 5519 2488 5592 55)?
2518 5517 2726 5574 Idcirco
2755 5518 3024 5584 iratusest
3052 5513 3200 5569 furor
3233 5515 3447 5571 Domini
3477 5516 3528 5570 in
3558 5515 3808 5586 populum

2213 5632 2368 5672 suum
2391 5657 2408 5684 ,
2439 5615 2532 5688 qui
2562 5613 2710 5684 prius
2738 5612 2906 5667 iratus
2936 5609 3108 5666 fuerat
3128 5618 3322 5666 contra
3349 5609 3623 5683 principes
3639 5618 3692 5666 et
3714 5623 3809 5681 po-

593 5805 620 5835 ι
648 5789 862 5856 Verius.
916 5797 974 5853 ut
1011 5799 1231 5856 vldctur
1272 5796 1328 5855 in
1355 5796 1554 5868 \’atic.,
1583 5796 1671 5872 qui
1716 5805 1837 5878 ergo
1868 5806 2081 5874 possunt
2110 5798 2412 5877 plurimum,
2460 5793 2666 5871 debent,
2700 5799 2807 5857 ac.
