4052 6460
1797 156 1843 225 Ι

1755 267 1791 302 ν

469 383 541 444 95
706 428 715 451 ι
1715 409 1775 469 S.
1816 411 2093 474 EUSEBII
2132 416 2513 484 HIERONYMI
3702 450 3771 508 96

466 518 589 562 cum
613 510 671 578 Γ
687 510 1189 601 ,ίὲ-θῖξιηςειίειιιιη
1228 516 1529 591 Joannem,
1565 536 1622 584 et
1646 528 1871 589 Paulum
1894 549 2048 607 apes.

468 600 635 632 οιιΙη-νι
694 602 887 632 IMR“...
912 602 1063 632 ﬁlii"-
1153 606 1218 632 -g.
1255 613 1267 632 ε
1290 630 1299 632 _
1435 616 1447 631 ι
1524 628 1534 632 _

2160 545 2216 593 et
2244 554 2351 596 non
2378 542 2637 601 audacter
2666 546 2851 606 Oziam
2883 551 3109 623 impium
3142 570 3325 628 regem
3358 561 3623 632 corripui,
3646 562 3772 620 ideo

468 600 660 669 tolum,
691 602 888 661 Filium
912 590 1222 667 Tanaim.
1254 613 1306 670 in
1340 616 1629 689 majestate
1659 632 1959 703 regnantis,
2009 647 2063 693 et

465 689 732 763 Spiritum
772 709 1022 757 sanctum
1060 702 1298 763 locutum
1327 724 1449 765 esse
1484 689 1802 775 doceamus.
1834 689 2061 791 Quidam

464 784 781 846 Latinorum
822 791 932 848 duo
961 794 1243 868 Seraphim
1269 844 1284 866 ,
1315 790 1568 864 vetuset
1612 825 1811 870 novum
1845 784 2066 876 instru-

465 895 707 940 mentum
738 887 1074 961 intelligunt,
1097 910 1219 964 qua:
1251 906 1455 957 tantum
1482 903 1551 960 de
1581 912 1832 977 praesenti
1863 917 2065 971 meettlo

459 971 776 1045 loquuntur.
809 980 965 1038 Unde
1005 997 1058 1040 et
1085 1002 1183 1043 sex
1225 990 1339 1048 alas
1361 991 1566 1053 habere
1581 971 1875 1075 “dicuntur,
1902 1017 1957 1062 et
1985 1008 2065 1064 l’a-

460 1067 601 1123 ciem
638 1070 733 1126 Dei
764 1074 1038 1148 pedi-sque
1066 1079 1269 1151 velare,
1302 1093 1357 1141 et
1386 1091 1637 1146 certatim
1675 1095 1923 1164 proferre
1956 1111 2064 1157 tes-

458 1161 750 1219 timonium
778 1170 1049 1238 veritatis,
1078 1181 1132 1229 et
1158 1191 1319 1233 omne
1348 1180 1490 1250 quod
1519 1181 1756 1243 clamant
1781 1188 2062 1251 Trinitatis

461 1268 801 1313 Sacramenta
850 1275 1176 1322 monstrare.
1222 1268 1293 1324 Et
1333 1272 1517 1329 mirari
1565 1277 1868 1338 adiuvicem
1914 1286 2059 1356 quod

460 1347 726 1407 Dominus
756 1353 992 1410 Sabaoth
1038 1359 1091 1413 in
1128 1359 1302 1418 forma
1350 1367 1442 1422 Dei
1476 1367 1654 1428 Patris
1703 1375 1909 1444 positus
1932 1347 2060 1436 Τον-

458 1459 603 1503 mam
636 1450 779 1505 servi
825 1456 1132 1524 acceperit,
1166 1469 1220 1514 et
1264 1458 1635 1523 humiliaverit
1682 1484 1743 1526 se
1793 1489 1961 1546 usque
1991 1477 2059 1533 ad

459 1553 726 1611 mortem,
758 1556 989 1605 mortem
1017 1561 1198 1608 autem
1223 1555 1332 1628 93
1359 1560 1540 1615 crucis
1588 1560 1851 1639 (Philipp.
1883 1571 1966 1639 ιι),
2004 1582 2059 1628 et

460 1651 801 1711 nequaquam
836 1651 893 1698 ut
937 1647 1090 1715 prius
1132 1649 1372 1705 coelestia
1424 1667 1546 1709 eum
1588 1664 1828 1730 tantum,
1862 1664 1958 1720 sed
2006 1675 2059 1722 et

457 1737 673 1788 terrena
711 1748 1065 1807 cognmcant.

529 1824 713 1895 (Vers.
743 1828 824 1901 4.)
845 1830 912 1886 Et
933 1844 1185 1890 commota
1204 1849 1328 1893 sunt
1345 1844 1767 1911 superliminaria
1786 1851 2055 1909 cardinum

2170 630 2311 688 labia
2346 651 2464 692 mea
2493 637 2896 712 Mimmunda
2928 655 3072 715 sunt,
3107 657 3161 703 et
3180 647 3369 707 laudes
3403 630 3618 709 Domini
3645 671 3769 712 cum
3850 687 3854 690 ‹

2169 725 2392 798 Angelis
2423 745 2645 789 cantare
2675 750 2783 792 non
2814 738 3010 808 audeo,
3048 757 3118 797 ne
3149 742 3280 798 mihi
3310 744 3559 801 dicatur:
3594 748 3773 817 Quare

2170 827 2225 873 tu
2271 837 2484 877 enarras
2528 826 2766 897 justitias
2807 845 2976 899 meas,
3038 844 3083 888 et
3131 836 3353 891 assumis
3410 846 3771 897 testamentum

2170 928 2337 968 meum
2364 932 2457 988 per
2494 933 2553 972 os
2580 928 2729 976 tuum
2762 921 2879 996 (Ps.
2906 942 3050 993 xux,
3076 928 3327 996 lG)?Non
3361 941 3446 988 est
3474 935 3620 989 enim
3650 935 3773 1003 pul-

2167 1006 2297 1060 chra
2346 1006 2586 1065 laudatio
2640 1011 2695 1068 in
2749 1031 2844 1071 ore
2876 1022 3179 1087 peccatoris
3212 1020 3381 1092 (Eccl.
3415 1040 3507 1091 xv,
3539 1024 3619 1097 9).
3654 1027 3771 1087 Hoc

2167 1107 2346 1153 autem
2377 1101 2755 1172 dieimus,nou
2784 1110 2927 1179 quod
2960 1110 3153 1167 Isaiam
3181 1115 3340 1171 talem
3371 1115 3544 1174 fuisse
3570 1119 3770 1175 docea—

2168 1204 2322 1258 mus;
2365 1194 2461 1249 sed
2513 1197 2656 1266 quod
2707 1202 2821 1269 ipse
2851 1216 2950 1271 pro
3001 1203 3331 1271 humilitate,
3365 1219 3420 1264 et
3467 1208 3769 1270 immundis

2165 1292 2372 1340 tantum
2404 1286 2585 1355 labiis,
2619 1290 2900 1363 indignum
2934 1310 2994 1351 se
3027 1296 3120 1352 Dei
3148 1297 3306 1356 laude
3337 1298 3591 1361 fateatur.

2237 1375 2419 1448 (Vers.
2437 1379 2488 1435 6.
2504 1383 2519 1449 )
2536 1380 2599 1435 Et
2610 1384 2800 1437 volavit
2813 1386 2881 1439 ad
2894 1403 2974 1441 me
2987 1404 3120 1443 unus
3134 1389 3199 1443 de
3213 1389 3567 1459 Seraphim,et
3581 1396 3632 1450 in
3646 1413 3763 1452 ma-

2163 1488 2234 1526 nu
2257 1477 2373 1546 ejus
2396 1476 2651 1541 calculus,
2666 1495 2818 1550 quem
2840 1483 3241 1553 {orcipetulerat
3253 1487 3316 1539 de
3330 1487 3575 1554 altari,et
3598 1492 3763 1562 tetigit

2164 1582 2222 1620 os
2242 1578 2486 1629 meum,et
2503 1570 2636 1625 dixit
2651 1586 2669 1626 :
2683 1571 2819 1627 Ecce
2831 1571 2859 1611 ι)
2873 1577 3017 1647 tetigi
3036 1575 3137 1631 hoc
3151 1577 3293 1633 labia
3316 1589 3483 1645 tua,ct
3497 1587 3767 1657 auferetur

2162 1658 2407 1729 iniquitas
2423 1670 2533 1729 tua,
2554 1672 2601 1716 et
2615 1674 2878 1736 peccatum
2896 1675 3040 1723 tuum
3059 1670 3660 1742 mundabitur.Volavit,
3675 1678 3762 1735 vel

2160 1753 2361 1809 missus
2380 1766 2464 1811 est
2487 1773 2627 1813 unus
2645 1758 2716 1815 de
2747 1760 3154 1835 Seraphim,qui
3181 1765 3569 1837 interpretatur
3587 1771 3765 1826 incen-

2159 1848 2306 1915 dens,
2335 1859 2392 1904 ut
2417 1850 2707 1923 Propheta:
2735 1854 2875 1910 labia
2903 1866 3163 1929 purgaret
3192 1859 3489 1929 immunda,
3516 1871 3759 1936 etpruna

454 1933 486 1971 a
512 1933 633 1975 voce
654 1921 948 1993 clamantis,
976 1938 1022 1981 et
1051 1929 1236 1986 domus
1266 1934 1482 2007 impleta
1508 1949 1583 1993 est
1610 1944 1776 2014 fumo.
1799 1946 2057 2004 Claman-
2086 1943 2135 2003 B
2161 1944 2245 1999 vel
2274 1946 2512 2012 calculo,
2530 1962 2690 2018 quem
2718 1949 2788 2005 de
2812 1951 2969 2007 altari
2999 1953 3215 2023 tulerat,
3241 1967 3592 2027 excoqueret.
3611 1960 3762 2016 Multi

454 2004 857 2027 ,ειη-ουν..
995 2015 1052 2027 _.
1123 2023 1131 2027 -
1423 2022 1514 2027 --
1564 2026 1569 2027 ν

454 2004 599 2062 tibus
626 2005 936 2080 Seraphim,
955 2024 1011 2069 et
1039 2015 1090 2069 in
1115 2023 1228 2073 tota
1260 2004 1399 2075 terra
1423 2004 1708 2083 Trinitatis
1740 2035 2055 2103 mysterium

453 2096 902 2172 praedicantibus,
929 2107 1149 2176 quando
1174 2112 1484 2180 passionem
1515 2117 1730 2175 Domini
1761 2096 2059 2183 salvatoris

451 2197 599 2245 terra
630 2192 882 2251 universa
919 2202 1196 2270 cognovit,
1227 2205 1409 2260 statim
1434 2220 1767 2269 commotum
1800 2208 1906 2285 est,
1943 2217 2058 2275 sive

452 2283 729 2343 sublatum
774 2289 1027 2350 liminare
1053 2295 1288 2369 Templi,
1314 2308 1371 2356 et
1395 2315 1590 2360 omnes
1630 2305 1776 2363 illius
1804 2283 2058 2369 cardines

450 2378 831 2450 conciderunt,
867 2385 1091 2456 impleta
1130 2390 1437 2451 Salvatoris
1489 2402 1938 2471 comminatione,
1971 2407 2054 2462 di—

449 2472 627 2525 centis
650 2490 664 2528 :
683 2471 1026 2549 Relinquetur
1046 2484 1185 2539 vobis
1214 2486 1402 2543 domus
1429 2501 1599 2546 vestra
1615 2494 1815 2551 deserta
1834 2498 2051 2573 (Matth.

447 2572 603 2633 xxnt,
633 2567 750 2632 58).
803 2571 868 2626 Et
897 2590 1058 2644 quam
1103 2578 1338 2649 pulcher
1366 2585 1503 2641 ordo
1533 2567 1851 2649 verborum.
1899 2594 2055 2651 Post-

443 2671 607 2726 quam
640 2670 785 2716 terra
817 2666 1020 2735 repleta
1066 2680 1153 2726 est
1195 2673 1367 2743 gloria
1412 2676 1629 2735 Domini
1668 2680 1931 2753 Sabaoth,
1958 2686 2054 2743 Ju-

445 2748 691 2806 dreorum
716 2753 1005 2828 Templum
1034 2760 1315 2833 impletum
1337 2777 1423 2824 est
1441 2772 1759 2840 ignorantia:
1784 2748 2046 2848 tenebris,

446 2852 503 2898 et.
531 2844 788 2919 caligine,
811 2862 866 2905 et
896 2852 1060 2924 fumo,
1090 2856 1183 2925 qui
1209 2861 1402 2916 noxius
1428 2874 1510 2918 est
1540 2867 1737 2922 oculis.
1769 2868 1867 2925 Vel
1897 2884 2050 2929 certe

446 2950 546 3007 per
596 2937 799 2995 fumum
853 2943 1060 3015 Templi
1123 2963 1459 3010 monstratur
1512 2959 1844 3020 incendium.
1893 2966 2049 3023 Prius

445 3032 591 3088 enim
613 3033 970 3108 Evangelium
994 3041 1290 3101 Salvatoris
1318 3048 1370 3104 in
1395 3060 1510 3107 toto
1533 3054 1667 3112 orbe
1693 3059 2046 3127 praedicatum

442 3138 547 3194 εει,
566 3136 623 3183 et
645 3141 764 3201 post
785 3137 1142 3209 quadraginta
1165 3142 1306 3199 duos
1328 3160 1502 3203 annos
1522 3148 1822 3209 Dominicae
1842 3158 2048 3226 passio-

441 3218 551 3285 nis,
583 3233 739 3293 capta
782 3225 1112 3298 Jerusalem,
1137 3233 1536 3311 Templumque
1573 3259 1896 3304 succensum
1938 3259 2041 3306 est.

439 3310 613 3370 Judaei
655 3328 843 3386 putant
870 3321 1153 3395 Templum
1202 3310 1482 3401 impletum
1528 3336 1697 3406 l'utno,
1744 3340 2045 3413 thymiama
2074 3341 2118 3404 C

438 3407 772 3480 signiﬁcare,
806 3414 859 3469 id
890 3427 997 3485 est,
1040 3419 1347 3493 incensum,
1372 3436 1431 3483 et
1472 3444 1566 3500 per
1607 3430 1713 3488 hoc
1744 3434 2042 3493 adventum

442 3498 642 3557 divina:
666 3506 991 3575 maiestatis.

518 3594 697 3665 (Vers.
722 3598 804 3671 5.)
823 3598 892 3656 Et
913 3602 1025 3659 dixi
1045 3621 1065 3660 :
1102 3606 1193 3664 Va:
1212 3611 1339 3666 mihi
1356 3616 1479 3683 quia
1504 3619 1664 3682 tacui,
1687 3622 1807 3688 quia
1830 3624 1905 3677 vir
1931 3626 2046 3695 pol-

440 3686 581 3741 lutus
612 3689 763 3745 labiis
793 3710 887 3767 ego
930 3712 1063 3764 sum,
1087 3710 1135 3754 et
1175 3702 1228 3755 in
1270 3705 1439 3759 medio
1465 3709 1646 3777 pepuli
1674 3686 1875 3781 polluta
1903 3686 2044 3771 labia

441 3775 676 3836 habentis
702 3798 797 3855 ego
813 3792 837 3822 ι
863 3787 1123 3858 habitabo,
1146 3802 1196 3848 et
1222 3811 1395 3868 regem
1416 3794 1698 3857 Dominum
1723 3810 2041 3864 exercituum

441 3871 549 3926 vidi
564 3876 729 3930 oculis
745 3880 1260 3943 meis.EtAbraham
1282 3900 1565 3962 postquam
1582 3897 1713 3954 vidit
1728 3899 2038 3972 Dominum,

443 3975 498 4022 et
533 3971 740 4027 audivit
786 3989 974 4031 vocem
1010 3982 1159 4053 ejus,
1217 3993 1422 4041 terram
1455 3999 1510 4045 et
1551 3992 1792 4051 cinerem
1834 4013 1956 4054 esse
1982 4016 2042 4057 se

439 4059 572 4117 dicit
598 4061 807 4136 (Cenes.
854 4073 1012 4142 xvut)
1047 4085 1102 4130 et
1142 4074 1307 4134 Isaias
1332 4079 1484 4151 juxta
1515 4084 1662 4143 LXX
1708 4088 2043 4161 Interpretes

439 4166 826 4224 compunctum
856 4178 915 4218 se
959 4181 1083 4222 esse
1114 4177 1368 4241 testatur,
1402 4193 1509 4232 non
1542 4180 1615 4234 ob
1641 4183 1744 4238 alia
1787 4188 2040 4253 crimina,

440 4246 536 4301 sed
567 4249 689 4316 quia
719 4251 859 4307 labia
887 4253 1114 4313 haberet
1140 4260 1440 4321 immunda.
1485 4268 1641 4327 Felix
1681 4278 2039 4346 conscientia,

443 4353 565 4410 qua:
599 4348 806 4397 tantum
840 4347 897 4402 in
922 4363 1178 4407 sermone
1210 4361 1482 4429 peccavit,
1510 4377 1619 4419 non
1650 4381 1751 4420 suo
1780 4369 2041 4435 vitio,sed

443 4431 710 4490 societate
738 4439 919 4507 populi
953 4443 1204 4501 habentis
1235 4450 1440 4518 polluta
1480 4454 1645 4523 labia,
1676 4472 1798 4514 cum
1822 4431 1930 4532 quo
1959 4462 2042 4518 lo-

441 4527 531 4597 qui
563 4530 866 4599 szepissitne
886 4538 1202 4607 cogebatur.
1235 4542 1320 4599 Ex
1350 4561 1460 4616 quo
1486 4551 1797 4609 ostenditur
1821 4527 2040 4611 noxium

442 4633 586 4688 οεεθ,
608 4615 791 4681 vivere
817 4642 938 4683 cum
966 4633 1375 4700 peccatoribus:
1397 4640 1501 4707 Qui
1523 4644 1663 4699 enim
1681 4650 2040 4722 tangitpicem,

439 4712 801 4787 inquinabitur
840 4722 903 4777 ab
934 4742 995 4780 ea
1025 4726 1196 4801 (Eccl.
1230 4747 1349 4799 xm,
1384 4735 1459 4807 Ι).
1492 4735 1600 4794 Sed
1644 4712 1790 4809 quia-
1821 4712 1876 4800 in
1939 4712 2044 4804 He;

442 4807 594 4864 ιιι-ευο
625 4811 856 4883 legimus
889 4834 901 4871 :
946 4816 1037 4875 Va:
1064 4823 1212 4891 mihi,
1245 4828 1370 4894 quia
1397 4833 1557 4897 tacui,
1593 4807 1796 4908 plangit
1825 4854 1885 4896 se
1915 4823 2047 4898 Pro-

444 4902 775 4976 pheta,quia
809 4925 915 4966 non
948 4912 1114 4970 fuerit
1145 4918 1338 4990 dignus
1372 4902 1603 4984 laudaret
1627 4902 1913 4989 Dominum
1947 4936 2046 4992 Sa-

439 4995 630 5064 baoth,
663 5015 785 5057 cum
823 5003 1135 5077 Serapltim,
1180 5028 1318 5082 quos
1365 5015 1655 5091 Angelicas
1701 5025 2045 5087 fortitudines

436 5090 814 5166 intelligimus.
848 5099 964 5157 Non
997 5104 1097 5160 fuit
1146 5118 1328 5165 autem
1370 5128 1538 5171 ausus
1573 5116 1812 5176 laudare
1863 5124 2044 5179 Domi-

434 5202 563 5243 num
600 5208 613 5244 :
646 5193 771 5259 quia
807 5194 947 5251 labia
997 5197 1234 5257 habebat
1286 5205 1585 5265 immunda.
1639 5212 1706 5267 Et
1748 5229 2039 5286 propterea

432 5277 577 5359 labia
618 5281 851 5340 habebat
884 5289 1181 5359 immumla,
1214 5298 1337 5367 quia
1369 5314 1492 5355 cum
1518 5314 1805 5372 peccatore
1837 5313 2039 5381 populo

430 5376 776 5436 versabatur.
812 5381 909 5439 Vel
938 5396 1087 5442 certe
1120 5389 1192 5445 ita
1226 5393 1673 5466 intelligendum:
1701 5376 1846 5470 Quia
1870 5376 2033 5473 tacui,

432 5491 713 5589 Seraphim
753 5498 1037 5589 clgritatttia
1077 5505 1472 5589 deici-.ibuntur;
1502 5512 1597 5569 illo
1629 5518 1910 5589 (Origene)
1943 5523 2025 5577 in-

430 5574 746 5667 gerpretan‘te
794 5568 995 5627 Filium
1040 5586 1089 5630 et
1136 5577 1398 5648 Spiritum
1434 5568 1671 5640 sanctum
1694 5604 1713 5642 :
1740 5568 1909 5646 ἶῖοηηέ
1932 5611 2025 5667 ego

473 5644 665 5667 nl‘nlnn
712 5658 788 5667 η...
830 5648 1070 5667 -.._x--3‘9-
1104 5665 1139 5667 γε
1244 5652 1255 5662 ·
1351 5652 1362 5667 ι
1460 5654 1502 5667 nn

430 5634 790 5733 deteratan
822 5634 1197 5733 expositionem
1312 5652 1435 5733 _duo
1460 5654 1784 5715 Testamenta
1806 5634 2023 5733 mutab’i,

430 5716 535 5803 etc.
554 5707 1203 5803 JMAnrth.-+hiitttirunt
1232 5707 1549 5803 0_tigen‘esv,v
1578 5733 1727 5801 cujus
1767 5749 1861 5803 ego
1887 5707 2028 5792 dele:

428 5778 1098 5877 glanduntutexpositionem
1133 5793 1199 5877 in
1250 5778 1402 5877 duo;
1414 5778 1739 5877 Teslame’nta
1792 5778 1986 5864 mutavi
2009 5852 2024 5877 ,

430 5849 646 5979 (mgna
660 5849 884 5914 Hieron.
937 5862 1099 5932 epist.
1131 5863 1232 5933 84,
1264 5868 1332 5924 ad
1364 5849 1765 5931 ΡᾹιὲιίἣὲὲῐιῗὲι

2159 2048 2340 2093 autem
2384 2048 2595 2109 putant,
2627 2039 2767 2097 duos
2822 2056 2945 2099 esse
2990 2042 3301 2116 Seraphin),
3336 2049 3459 2119 quia
3490 2050 3764 2106 clamabat

2159 2131 2298 2187 alter
2326 2132 2397 2188 ad
2426 2134 2684 2202 alterum,
2707 2152 2829 2193 cum
2864 2148 2919 2193 et
2947 2139 3017 2194 de
3044 2140 3293 2210 pluribus
3326 2145 3534 2213 possint
3563 2145 3763 2217 singuli

2158 2223 2397 2281 clamare
2425 2225 2492 2280 ad
2525 2227 2804 2298 singulos;
2838 2241 2893 2285 et
2929 2229 3074 2287 LXX
3101 2233 3268 2288 editio
3303 2236 3473 2307 magis
3493 2238 3765 2307 signiticet

2157 2316 2444 2387 plurimos,
2473 2322 2565 2392 qui
2600 2322 2941 2394 interpretati
2970 2335 3121 2393 sunt,
3155 2327 3437 2399 Seraphim
3478 2332 3681 2387 stabant
3709 2336 3764 2389 in

2156 2411 2375 2467 circuitu
2415 2417 2548 2488 ejus.
2579 2416 2734 2484 Quod
2781 2419 2827 2473 si
2854 2419 2924 2475 de
2959 2420 3172 2478 duobus
3220 2422 3515 2493 diceretur,
3543 2444 3651 2483 non
3705 2430 3760 2485 in

2155 2506 2410 2576 circuitu,
2445 2511 2538 2565 sed
2566 2528 2632 2567 ex
2662 2524 2894 2586 utraque
2918 2529 3069 2587 parte
3086 2519 3374 2576 dixissent.
3400 2522 3464 2577 Et
3496 2524 3601 2581 hoc
3630 2542 3763 2581 cou-

2154 2607 2303 2661 venit
2324 2605 2656 2677 Angelorum
2683 2611 3177 2684 multitudini,qu:r.
3203 2616 3255 2671 in
3282 2617 3372 2672 Dei
3399 2620 3759 2679 ministerium

2152 2711 2457 2770 pri-parata
2504 2712 2605 2757 est.
2641 2702 2919 2775 Seraphth
2966 2716 3147 2764 autem
3178 2710 3372 2781 plurali
3405 2727 3635 2770 numero
3661 2731 3760 2787 ap-

2151 2794 2450 2865 pellantur,
2492 2807 2545 2851 et
2585 2797 2849 2869 singulari
2897 2799 3100 2870 Seraph
3126 2820 3145 2857 :
3196 2806 3335 2860 sicut
3376 2804 3672 2868 Cherubim.
3702 2819 3761 2867 et

2152 2886 2547 2958 Cherub.Qttod
2566 2903 2747 2948 autem
2778 2893 2952 2951 altare
2971 2896 3073 2957 sub
3095 2912 3202 2968 quo
3230 2899 3428 2955 animae
3454 2915 3754 2975 martyrum

2150 2990 2294 3047 sunt,
2335 2981 2625 3039 videantur
2657 2987 2707 3040 in
2760 2987 2925 3054 cmlo,
2958 2995 3014 3043 et
3051 2988 3292 3047 Joannes
3340 2993 3394 3047 in
3422 2993 3754 3067 Apocalypsi

2150 3072 2389 3141 loquitur
2414 3076 2599 3150 (Apoc.
2633 3077 2710 3150 vt)
2736 3097 2748 3133 :
2782 3091 2840 3136 et
2870 3081 3111 3138 calculus
3144 3084 3248 3140 iste
3269 3086 3361 3154 qui
3388 3102 3415 3139 a
3444 3088 3577 3143 solis
3606 3088 3755 3145 LXX

2150 3167 2376 3243 ἅνθρας,
2415 3170 2466 3224 id
2509 3178 2632 3237 est,
2678 3172 3027 3229 carbunculus
3078 3185 3161 3231 est
3216 3177 3608 3249 interpretatus
3639 3180 3751 3255 [ΑΙ.

2147 3258 2560 3335 interpretatur]
2599 3271 2776 3333 potest
2817 3281 2922 3320 non
2970 3267 3262 3324 carbonem
3310 3271 3639 3341 signiﬁcare,
3666 3275 3753 3329 vel

2150 3368 2401 3425 prunam,
2434 3367 2490 3410 ut
2518 3358 2767 3429 plerique
2794 3361 3130 3428 existimant,
3161 3364 3256 3418 sed
3287 3362 3528 3441 ἄνθρακα,
3560 3366 3612 3421 id
3644 3379 3751 3436 est,

2147 3448 2533 3505 carbunculum
2565 3451 2828 3526 lapidem,
2852 3456 2942 3526 qui
2972 3457 3041 3512 ob
3058 3458 3261 3513 coloris
3289 3458 3524 3516 ﬂammei
3554 3461 3753 3518 simili-

2147 3540 2389 3597 tudinem
2436 3544 2627 3613 igneus
2656 3547 2983 3617 appellatur.
3028 3550 3103 3605 Ex
3134 3566 3244 3621 quo
3288 3553 3645 3624 intelligimus
3672 3556 3757 3610 al-

2149 3642 2266 3689 tare
2313 3634 2408 3690 Dei
2442 3638 2659 3706 plenum
2708 3654 2833 3695 esse
2871 3641 3243 3709 carbunculis,
3275 3642 3378 3699 hoc
3417 3655 3519 3713 est,
3569 3646 3753 3716 ignitis

2145 3728 2372 3784 calculis
2398 3738 2453 3784 et
2495 3732 2705 3799 prunis,
2740 3743 2955 3803 peccata
2984 3736 3358 3806 purgantibus.
3393 3736 3546 3793 Unde
3576 3740 3755 3811 scrip—

2148 3831 2259 3877 tum
2305 3822 2373 3878 de
2420 3823 2531 3878 Deo
2578 3824 2846 3895 legimus:
2878 3826 3137 3883 Carbone:
3165 3832 3397 3884 succensi
3438 3841 3561 3886 sunt
3600 3834 3664 3887 ab
3692 3850 3753 3888 co

2147 3914 2267 3989 (Ps.
2294 3932 2421 3982 xvu,
2453 3916 2624 3989 9).‘Et
2660 3919 2728 3974 de
2758 3918 2878 3989 ipso
2915 3919 3147 3976 Domino
3175 3922 3395 3990 dicitttr,
3427 3926 3571 3994 quod
3611 3924 3753 3995 ignis

2145 4023 2476 4066 consumens
2502 4012 2593 4066 sit.
2623 4012 2958 4069 EtSalvotor
2985 4015 3037 4069 in
3067 4014 3362 4088 Evnngclio
3383 4034 3396 4071 :
3420 4017 3606 4089 Ignem
3635 4023 3751 4076 veni

2145 4104 2346 4157 mittere
2374 4119 2529 4176 super
2578 4113 2766 4158 terram
2792 4105 2948 4179 (an.
2981 4122 3077 4174 xtl,
3108 4106 3201 4179 49)
3234 4125 3248 4162 :
3285 4121 3342 4163 ut
3364 4111 3663 4180 baptizaret
3693 4112 3750 4167 iu

2144 4193 2348 4265 Spiritu
2371 4207 2584 4260 sancto,
2600 4207 2653 4252 et
2670 4196 2797 4267 igni.
2816 4197 3251 4271 Uniuscujusqne
3273 4202 3420 4257 enim
3436 4217 3573 4275 cpus
3589 4205 3753 4275 quale

2144 4288 2237 4353 sit,
2286 4289 2425 4361 ignis
2456 4294 2704 4362 probabit
2740 4294 2786 4366 (l
2814 4293 2936 4350 Cor.
2966 4300 3070 4366 tn).
3110 4297 3176 4352 Et
3200 4297 3294 4369 qui
3322 4299 3616 4356 salvaudus
3643 4312 3749 4365 εει,

2145 4381 2225 4437 sic
2254 4384 2744 4457 salvabitur,quasi
2769 4403 2867 4459 per
2895 4389 3073 4460 ignem
3103 4391 3403 4446 transierit.
3432 4392 3495 4447 Et
3520 4393 3623 4450 huc
3650 4409 3754 4450 no-

2147 4475 2389 4545 tandum,
2434 4478 2580 4551 quod
2611 4481 2676 4535 ad
2722 4480 3038 4551 Jeremiam,
3070 4484 3156 4539 cui
3190 4484 3391 4539 dictum
3440 4496 3527 4541 est
3551 4505 3565 4543 :
3592 4486 3753 4543 Prius

2144 4584 2298 4640 quam
2328 4578 2377 4624 te
2406 4572 2694 4643 [armarent
2722 4576 2776 4629 in
2820 4584 2967 4631 utero
2994 4579 3112 4631 novi
3138 4588 3206 4644 te,
3240 4586 3288 4632 et
3312 4579 3365 4634 in
3396 4582 3548 4635 vulva
3569 4583 3753 4636 matris

2147 4668 2253 4717 tute
2278 4665 2596 4737 sanctiﬁcavi
2625 4675 2675 4722 te
2709 4666 2948 4739 (Jerem.
2982 4687 3023 4737 ι,
3056 4671 3089 4725 5
3112 4669 3154 4743 ),
3175 4670 3302 4741 quia
3332 4672 3470 4728 labia
3500 4689 3606 4727 non
3637 4674 3748 4748 95

2070 4745 2125 4806 D
2151 4755 2385 4812 habebat
2410 4758 2708 4830 immunda,
2736 4761 2831 4817 sed
2867 4772 3076 4819 tantum
3105 4764 3350 4820 dixerat:
3381 4768 3551 4822 nescio
3582 4768 3746 4838 loqui,

2141 4853 2263 4923 quia
2276 4856 2484 4926 juvenis
2503 4871 2638 4922 sum,
2654 4858 2902 4913 extendit
2917 4860 3036 4928 ipse
3052 4858 3315 4915 Dominus
3329 4876 3548 4915 manum
3566 4877 3744 4932 suam,

2143 4955 2199 5002 et
2223 4950 2397 5017 tetigit
2424 4963 2486 5004 os
2507 4949 2647 5021 ejus,
2672 4959 2729 5007 et
2752 4951 2887 5007 dixit
2910 4971 2923 5007 :
2950 4953 3083 5010 Ecce
3109 4954 3233 5009 dedi
3251 4971 3515 5010 sermones
3536 4971 3675 5012 meos
3694 4958 3751 5012 in

2142 5055 2199 5094 os
2230 5049 2398 5096 tuum.
2430 5042 2602 5098 Porro
2636 5044 2702 5099 ad
2745 5045 2940 5101 Isaiam
2984 5049 3075 5118 qui
3116 5048 3361 5104 dixerat:
3395 5048 3490 5103 Vir
3516 5050 3750 5121 pollutus

2142 5132 2294 5187 labiis
2320 5150 2414 5204 ego
2434 5151 2569 5201 sum,
2601 5146 2649 5191 et
2676 5139 2729 5193 in
2760 5139 2930 5195 medio
2957 5142 3137 5212 pepuli
3165 5142 3368 5210 polluta
3396 5143 3534 5199 labia
3556 5144 3750 5199 haben-

2145 5227 2211 5280 tis
2239 5242 2332 5298 ego
2375 5226 2568 5296 habito,
2603 5245 2711 5286 non
2744 5231 2837 5287 Dei
2870 5248 3064 5289 manus
3094 5234 3408 5306 porrigitur,
3457 5234 3555 5290 sed
3586 5236 3750 5291 Sera-

2149 5318 2296 5387 phim
2316 5320 2550 5376 mittitur
2567 5339 2595 5376 a
2614 5322 2750 5391 Deo,
2778 5327 2862 5381 vel
2890 5327 3037 5382 volat
3062 5329 3278 5399 propria
3301 5328 3601 5396 voluntate,
3619 5330 3748 5401 quia

2145 5409 2275 5467 huic
2313 5412 2493 5470 cilicio
2540 5418 2881 5489 mancipatus
2909 5432 3015 5477 est.
3062 5421 3128 5476 Et
3175 5422 3227 5477 in
3279 5437 3565 5491 manusua
3596 5431 3749 5478 tenet

2207 5536 2233 5565 ⁸
2265 5528 2596 5624 νιιιῑιξζριιιη
2628 5534 2787 5621 Vulg.
2814 5581 2828 5605 ,
2858 5554 2953 5609 ego
2974 5537 3333 5624 belli/aﬂuat
3358 5554 3526 5624 porrq
3547 5539 3746 5624 subse-

2131 5612 2374 5671 quuntur
2403 5604 2838 5680 llieronymiaua:
2868 5604 3239 5682 expositionis
3257 5627 3322 5668 ex
3358 5604 3599 5668 Eusebio
3626 5630 3746 5669 ntu-

2133 5683 2676 5835 fuinl'iuxnlliebraico,
2706 5751 3404 5835 Grzeco,_i_psoqu.e_Latino
3435 5760 3741 5835 interprete

2126 5814 2282 5939 j’u‘xta
2344 5819 2637 5893 plerosque
2661 5814 2809 5881 'mss.
2850 5814 3102 5884 codi'ces'
3134 5827 3412 5886 Victorius
3442 5814 3744 5909 ’iéééiiﬁéii

2155 5901 2183 5939 e
2207 5898 2323 5939 mn.

2155 5898 2323 5959 ettgtt.
