4052 6514
232 361 290 418 97
773 349 1434 410 COMMENTARIOBUM
1474 351 1539 408 ΙΝ
1582 347 1816 408 ISAIAM
1857 344 2285 404 PBOPHETA‘M
2327 343 2586 401 LlB.‘lll.
2624 341 2778 401 CAP.
2826 340 2919 398 Vl.
3423 338 3492 396 98

229 471 482 537 calculum,
500 483 660 540 quem
682 467 828 539 juxta
853 466 998 524 LXX
1015 467 1533 534 etTheodotionem,
1553 468 1750 538 forcipe
1768 484 1786 520 :
1815 468 1866 527 Α
1891 476 2035 527 esse,
2051 461 2146 516 sed
2165 458 2517 527 obedientiam,
2543 457 2775 513 Domino
2796 471 2856 511 se
2875 453 3135 511 obtulisse
3149 452 3493 509 mittendum.

225 568 348 640 juxta
366 563 692 634 Aquilam,et
708 559 1212 634 Sytntnacltum,qui
1229 559 1547 615 llebraicum
1569 567 1794 640 suntse-
1963 553 2149 624 (Vcrs.
2165 553 2198 608 9
2221 551 2400 624 seqq.)
2424 551 2490 606 Et
2508 552 2640 605 dixit
2666 565 2684 605 :
2716 549 2878 611 Vade,
2903 557 2950 602 et
2970 549 3109 602 dices
3131 547 3324 618 papula
3342 545 3496 601 huic:

228 634 624 731 cuti,forcipibus
649 655 1102 728 apprelteudit,id
1123 666 1469 725 esgntcxm
1490 634 1790 738 (amplas),
1896 646 2094 702 Audita
2141 647 2342 714 audite,
2370 657 2418 701 et
2447 647 2606 700 nolite
2647 645 2957 716 intelligere,
2980 653 3033 718 et
3072 643 3253 728 uidete.
3283 640 3416 705 visu,
3448 648 3499 695 et

229 767 277 813 ut
303 763 534 825 tangeret
563 770 623 806 os
656 751 794 822 ejtts,
809 763 862 806 et
886 751 1114 822 pristina
1142 749 1340 807 delicta
1376 737 1652 820 purgaret.
1680 748 1792 802 Ma-
1897 744 2057 798 nolite
2086 757 2419 813 cognoscere.
2472 739 2696 796 Excwca
2721 755 2813 794 cor
2844 739 3025 811 populi
3058 737 3239 809 hujus,
3269 747 3317 792 et
3346 751 3500 791 aures

228 865 312 907 nus
346 856 538 915 autem,
588 854 642 902 et
670 862 700 902 a
733 846 844 901 Deo
884 855 939 901 et
973 845 1262 915 Serapltim
1304 844 1556 911 mittitur,
1582 850 1642 898 ut
1665 841 1798 897 Pro-
1896 837 2013 904 ejus
2045 844 2354 907 aggrava,et
2382 834 2560 888 oculos
2588 835 2698 905 ejus
2717 833 2921 900 claude,
2936 849 3000 886 ne
3028 836 3163 904 forte
3186 830 3352 885 videat
3372 847 3501 885 ocu-

229 944 364 1016 plteta
385 941 463 997 sui
493 941 745 1012 corporis
777 939 1081 996 membrum
1113 939 1327 1006 videns,
1359 947 1504 993 tactu
1539 952 1644 992 non
1687 945 1798 991 ter-
1897 929 1963 982 lis
1990 931 2120 994 suis,
2167 940 2214 984 et
2242 931 2456 985 auribus
2483 931 2686 993 audiat,
2711 940 2761 985 et
2804 929 2959 985 corde
2986 929 3266 1000 intelligat,
3295 938 3348 984 et
3373 943 3503 982 con-

229 1047 387 1095 reatur
419 1046 666 1093 externo.
726 1035 958 1104 Quidam
1009 1043 1323 1088 nostrorum
1373 1030 1660 1100 forcipem,
1692 1043 1799 1100 quo
1898 1032 2207 1089 vertatur,et
2236 1035 2469 1079 sanetur.
2502 1023 2649 1079 LXX
2677 1023 2822 1080 hunc
2844 1025 3024 1080 locum
3059 1024 3132 1079 ita
3162 1021 3506 1092 interpretati

228 1129 439 1186 calculus
488 1127 990 1198 comprehenditur,
1035 1125 1146 1181 duo
1179 1124 1529 1181 Testamenta
1585 1131 1796 1192 putant,
1899 1125 2047 1184 sunt,
2085 1127 2138 1171 ut
2182 1117 2518 1188 evangelista
2553 1118 2725 1172 Lucas
2761 1121 2817 1172 in
2851 1117 3240 1188 Apostolorum
3279 1118 3503 1172 Aetibus

227 1240 330 1298 qum
352 1225 490 1279 inter
525 1238 585 1278 se
615 1222 852 1292 Spiritus
874 1219 1050 1276 sancti
1083 1219 1285 1274 ultione
1330 1219 1632 1274 sociantur,
1663 1215 1802 1283 Quia
1903 1210 2116 1280 posuit:
2145 1210 2376 1281 Cumque
2395 1213 2608 1266 invicem
2631 1228 2733 1265 non
2755 1219 2918 1265 essent
2947 1212 3342 1277 consentientes,
3365 1209 3507 1265 haud

229 1333 339 1372 vero
363 1315 557 1372 sedens
585 1313 845 1369 Dominus
872 1311 1256 1378 introducitur,
1272 1318 1325 1366 et
1351 1311 1548 1366 sedens
1567 1311 1618 1363 in
1643 1309 1803 1363 Tem-
1901 1303 2129 1359 dubium
2151 1305 2282 1374 quin
2314 1303 2513 1370 Judaei,
2534 1303 3101 1370 discedebant,dicente
3131 1301 3300 1356 Paulo
3348 1318 3507 1357 unum

228 1413 318 1484 plo,
351 1420 402 1466 et
433 1409 630 1465 domus
659 1408 878 1478 impleta
923 1415 1008 1462 est
1055 1405 1223 1473 fumo,
1256 1415 1315 1459 ut
1367 1403 1539 1459 Judaei
1585 1411 1800 1473 putant,

169 1565 175 1572 ,
228 1502 600 1577 thymiamatis;
646 1509 1048 1570 consequenter
1104 1508 1380 1569 ponuntur
1430 1506 1485 1552 et
1542 1495 1798 1564 forcipes,

225 1612 342 1669 quos
389 1605 448 1651 et
485 1596 538 1650 in
571 1591 896 1649 sacerdotali
947 1590 1252 1646 ministerio
1307 1589 1540 1661 legimus
1580 1585 1802 1660 (Exod.

227 1706 383 1745 xmn
402 1687 447 1759 ).

285 1785 456 1854 (Vers.
488 1781 568 1855 8.)
605 1779 671 1835 Et
702 1780 877 1834 audivi
907 1795 1078 1832 vocem
1107 1776 1317 1832 Domini
1351 1775 1608 1830 dicentis:
1641 1773 1807 1842 Quem

1903 1395 2150 1450 uerbum:
2178 1396 2313 1461 Quia
2357 1397 2480 1451 bene
2524 1397 2756 1466 Spiritus
2797 1406 3003 1451 sanctus
3062 1395 3263 1450 locutus
3308 1406 3378 1450 est
3421 1413 3512 1466 per

1906 1485 2102 1542 Isaiam
2129 1487 2435 1560 praphetam
2460 1488 2531 1542 ad
2559 1499 2730 1558 patres
2776 1499 3002 1555 nostros,
3037 1490 3212 1544 dicens
3241 1504 3260 1543 :
3289 1488 3417 1542 uade
3446 1488 3514 1542 ad

1907 1585 2156 1656 populum
2181 1585 2361 1651 istum,
2393 1593 2440 1638 et
2462 1583 2580 1639 dic:
2607 1585 2745 1638 Aure
2784 1583 3029 1646 audietis,
3054 1593 3102 1638 et
3130 1599 3234 1637 non
3261 1580 3516 1653 intellige-

1907 1679 1992 1741 tis.
2025 1687 2076 1732 et
2102 1676 2330 1732 uidentes
2367 1678 2624 1744 videbitis,
2656 1687 2702 1732 et
2732 1694 2834 1731 non
2862 1676 3182 1750 perspiciatis
3205 1693 3224 1742 ;
3253 1676 3520 1730 incrassa-

1909 1781 2018 1824 tum
2051 1781 2124 1825 est
2153 1772 2289 1826 enim
2333 1787 2422 1825 cor
2449 1772 2630 1842 populi
2655 1770 2835 1842 hujus,
2866 1780 2912 1825 et
2941 1772 3156 1826 auribus
3177 1773 3399 1846 grauiter
3426 1787 3521 1826 au-

227 1880 426 1946 ntittam,
450 1884 499 1932 et
529 1876 646 1948 quis
664 1875 754 1929 ibit
778 1870 1052 1928 nobis?Et
1080 1869 1367 1926 dixi:Ecce
1398 1885 1508 1941 ego,
1539 1869 1683 1921 mitte
1705 1883 1804 1920 nte.
1837 1862 1884 1922 Β
1913 1867 2138 1932 dierunt,
2187 1877 2234 1920 et
2277 1867 2452 1921 oculos
2497 1884 2618 1922 suos
2657 1876 3109 1936 compresserunt,
3156 1883 3221 1921 ne
3269 1872 3402 1939 forte
3449 1866 3523 1921 ui-

227 1971 319 2027 Pro
348 1986 409 2026 eo
442 1968 586 2040 quod
616 1977 672 2022 et
705 1982 803 2021 nos
833 1975 889 2021 et
915 1964 1006 2018 alii
1038 1979 1232 2018 ontues
1275 1962 1810 2040 interpretestrans-

228 2034 472 2128 tulerunt,
497 2063 667 2126 nobis,
691 2058 836 2130 quod
867 2055 1126 2112 llebraice
1154 2055 1354 2109 dicitur
1380 2068 1516 2109 uno
1542 2034 1689 2122 (1:5),
1718 2065 1814 2105 ne-

227 2156 324 2212 scio
347 2155 476 2226 quid
501 2154 744 2208 volentes
771 2148 916 2206 LXX
941 2155 1244 2218 posuerunt
1263 2147 1330 2200 ad
1353 2146 1605 2218 populum
1632 2145 1808 2211 istum,

226 2249 351 2322 quod
380 2248 601 2318 penitus
623 2246 676 2301 in
708 2245 936 2299 Hebraeo
965 2258 1074 2297 non
1106 2240 1356 2296 habetur.
1377 2239 1606 2308 Quando
1631 2251 1813 2292 autem

227 2356 286 2398 ex
307 2341 394 2396 Dei
428 2353 659 2410 persona
685 2335 906 2400 dicitur,
939 2335 1107 2398 nobis,
1134 2333 1228 2386 illo
1253 2347 1417 2386 sensu
1443 2329 1813 2400 accipiendum

226 2441 320 2497 est,
342 2441 543 2503 quo,et
575 2429 628 2484 in
653 2427 852 2485 Genesi
882 2427 1079 2496 legitur
1111 2445 1124 2480 :
1156 2422 1436 2477 Faciamus
1465 2421 1725 2476 hominem
1747 2419 1816 2474 ad

228 2526 509 2597 imaginem,
555 2531 603 2576 et
647 2519 1037 2576 similitudinem
1084 2524 1315 2572 nostram
1362 2512 1515 2587 (Gen.
1549 2529 1588 2578 ι,
1613 2512 1732 2583 ‘26),
1761 2521 1819 2567 ut

225 2627 614 2674 sacramentum
657 2614 863 2669 indicet
903 2611 1208 2667 Trinitatis.
1261 2607 1545 2678 Quomodo
1573 2607 1718 2662 enim
1762 2606 1816 2660 in

226 2709 513 2783 Evangelio
539 2708 790 2780 legimus,
817 2716 842 2744 ιι
870 2705 1088 2761 dicente
1117 2703 1349 2758 Domino
1375 2719 1388 2756 :
1419 2700 1533 2773 Ego
1573 2709 1620 2755 et
1659 2699 1820 2754 Pater

227 2824 365 2863 unum
392 2823 578 2862 sumus
609 2802 798 2874 (Joan.
841 2817 897 2865 Χ,
922 2798 1050 2871 50);
1092 2807 1138 2853 et
1166 2814 1326 2852 unum
1355 2796 1421 2850 ad
1455 2805 1704 2849 naturam
1734 2808 1821 2848 re-

225 2901 459 2966 lerimus,
492 2914 690 2964 sumus,
736 2895 804 2951 ad
851 2908 1209 2964 personarum
1266 2888 1687 2946 diversitatem:
1719 2887 1820 2950 sic,

226 2993 447 3048 Domino
479 2992 729 3063 jubente,
755 2987 998 3043 Trinitas
1034 2988 1288 3056 imperat.
1323 2984 1615 3052 Propterea
1642 2990 1820 3036 autem

227 3103 324 3143 non
353 3087 494 3143 dicit
532 3083 794 3140 Dominus
836 3096 998 3152 quem
1034 3080 1112 3136 ire
1146 3076 1449 3149 praecipiat,
1479 3075 1575 3131 sed
1626 3089 1826 3145 propo-

226 3183 297 3239 nit
318 3181 673 3239 audientibus
693 3178 992 3250 0ptionem,
1017 3184 1076 3230 ut
1103 3173 1354 3228 voluntas
1380 3170 1665 3242 praemium
1694 3182 1826 3223 con-

1913 1964 2070 2018 deant
2102 1964 2286 2030 oculis,
2323 1973 2369 2018 et
2398 1964 2611 2017 auribus
2652 1965 2897 2031 audiant,
2925 1973 2974 2018 et
3005 1963 3160 2018 corde
3199 1963 3521 2035 intelligant,

1913 2065 1959 2109 et
1981 2065 2279 2111 convertant
2320 2073 2394 2123 se,
2424 2066 2473 2109 et
2499 2071 2680 2110 sanem
2708 2056 2829 2110 illos
2861 2057 2998 2124 (Act.
3032 2071 3218 2121 xxvm,
3239 2056 3311 2111 “25
3331 2055 3523 2127 seqq.).

1913 2147 2033 2215 Quo
2061 2158 2243 2203 autem
2276 2147 2398 2204 haec
2427 2149 2708 2218 prophetia
2742 2148 2962 2219 impleta
3001 2149 3073 2203 sit
3113 2156 3382 2218 tempore.
3409 2147 3527 2218 ipse

1915 2244 2208 2312 Apestolus
2233 2243 2435 2299 Paulus
2465 2245 2518 2298 in
2541 2244 3008 2315 consequentibus
3037 2245 3299 2314 loquitur:
3324 2242 3526 2298 Notum

1915 2353 2036 2410 ergo
2074 2339 2139 2392 sit
2186 2336 2348 2404 vobis,
2385 2337 2634 2407 quoniam
2671 2339 2908 2409 gentibus
2947 2338 3161 2393 missum
3199 2347 3271 2392 est
3309 2337 3407 2391 hoc
3445 2354 3530 2392 sa-

1917 2434 2088 2488 lutare
2126 2431 2258 2500 Dei,
2301 2442 2348 2487 et
2386 2433 2487 2503 ipsi
2522 2433 2736 2487 audient
2775 2431 2916 2503 (Act.
2960 2448 3128 2487 χχι-ιιι
3151 2433 3256 2498 ,28
3280 2429 3324 2501 ).
3369 2430 3528 2487 Unde

1919 2536 1975 2580 et
2014 2530 2066 2580 in
2131 2525 2337 2580 eisdem
2401 2525 2790 2596 Apostolorum
2851 2524 3003 2582 Actis
3068 2525 3339 2594 legimus,
3382 2522 3529 2594 quod

1919 2615 2122 2672 Paulus
2152 2661 2165 2684 ,
2210 2625 2267 2672 et
2304 2617 2582 2672 Barnabas
2636 2616 2844 2672 Judaeis
2885 2616 3200 2672 nolentibus
3255 2617 3484 2671 credere
3510 2659 3527 2684 ,

1918 2712 2027 2784 97
2058 2712 2302 2766 dixerint
2335 2729 2348 2765 :
2391 2710 2551 2764 Vobis
2601 2710 2865 2782 oportebat
2898 2711 3125 2782 primum
3153 2710 3293 2782 loqui
3324 2709 3531 2764 verbum

1923 2806 2040 2874 Dei,
2073 2807 2163 2861 sed
2216 2805 2510 2877 quoniamb
2542 2806 2809 2879 repulistis
2866 2804 3036 2872 illud,
3085 2814 3132 2859 et
3180 2805 3530 2875 iudignoscos

1915 2899 2193 2973 judicastis
2240 2909 2448 2954 teternce
2497 2899 2650 2965 vitaz,
2699 2915 2812 2953 ecce
2857 2898 3202 2953 convertimur
3250 2898 3318 2951 ad
3357 2905 3533 2968 gentes

1928 2992 2067 3064 (Act.
2085 3009 2199 3060 stu,
2218 2992 2429 3064 £6.47).
2450 2993 2539 3047 Sic
2550 2993 2938 3066 enimprcecepit
2959 2993 3107 3046 nobis
3122 2992 3374 3046 Dominus
3389 3008 3408 3046 :
3428 2989 3536 3044 Po-

1924 3087 2007 3140 sui
2055 3096 2103 3140 te
2130 3087 2184 3140 in
2234 3087 2400 3140 lucem
2437 3085 2695 3156 gentibus,
2733 3095 2790 3139 ut
2836 3085 2907 3139 sis
2932 3086 2987 3140 in
3017 3084 3236 3140 salutem
3279 3103 3438 3158 usque
3463 3085 3534 3139 ad

1928 3190 2210 3234 extremum
2247 3190 2398 3234 terrae
2429 3178 2744 3252 (Isai.xux,
2768 3179 2846 3251 6).
2881 3179 3025 3249 Ergo
3051 3180 3356 3236 secundum
3389 3178 3533 3235 LXX

228 3289 502 3350 sequatur.
533 3275 604 3331 Et
635 3274 905 3344 Propheta
937 3286 1043 3326 non
1083 3268 1391 3324 temeritate
1425 3275 1480 3321 Cl
1511 3261 1823 3334 arrogantia
1851 3261 1896 3324 C
1929 3271 2104 3328 facilis
2143 3273 2518 3342 interpretatio
2543 3283 2649 3338 est,
2681 3271 2823 3342 quod
2854 3273 3022 3327 [gaias
3052 3271 3317 3344 prophcla
3350 3272 3535 3328 Dumi-

226 3373 459 3444 propria
508 3366 856 3425 conscientiae
904 3379 964 3421 se
1010 3365 1090 3418 ire
1121 3361 1426 3433 promittit;
1466 3358 1563 3414 sed
1590 3355 1825 3411 ﬁducia:

230 3468 482 3540 queuiam
510 3473 735 3536 purgata
761 3470 890 3517 sunt
915 3459 1053 3515 labia
1085 3457 1224 3528 ejus,
1258 3465 1312 3510 et
1339 3455 1520 3509 ablata
1546 3453 1826 3523 iniquitas,

226 3562 652 3628 mandatumque
670 3552 1118 3626 peceatum.Ergo
1132 3560 1188 3604 et
1203 3547 1493 3616 Moses,cui
1507 3545 1719 3602 dixerat
1737 3546 1832 3598 Do-

229 3655 403 3710 minus
435 3675 449 3710 :
487 3651 857 3717 Veni,mittam
882 3663 930 3702 te
954 3645 1024 3700 ad
1052 3643 1381 3698 Pharaonem
1401 3657 1578 3713 regem
1610 3638 1832 3710 zEgypti

228 3747 419 3822 (Exod.
447 3762 536 3812 ιιι,
575 3744 685 3816 t0),
709 3755 762 3799 et
791 3743 886 3798 ille
916 3741 993 3794 ait
1018 3758 1032 3795 :
1063 3736 1309 3800 Obsecro,
1336 3735 1578 3800 Domine,
1603 3750 1701 3788 non
1720 3747 1834 3786 sum

227 3841 434 3914 dignus,
473 3840 588 3913 96
633 3836 846 3911 provide
887 3835 1052 3888 alium
1099 3848 1251 3904 quem
1300 3830 1496 3897 mittas,
1529 3830 1646 3884 sive
1696 3835 1753 3881 ttt
1780 3826 1832 3880 itt

226 3937 463 3994 Hebraeo
479 3937 696 4008 legitur,
716 3933 866 3988 Mitte
881 3948 1031 4004 quem
1053 3930 1309 3984 missurus
1331 3943 1382 3982 es
1403 3925 1601 3999 (Exod.
1623 3939 1702 3991 tv,
1721 3921 1832 3992 15),

227 4045 336 4086 non
364 4031 434 4086 de
461 4037 804 4097 contemptu,
826 4023 921 4080 sed
953 4023 1023 4084 de
1062 4019 1366 4076 humilitate
1391 4014 1837 4088 respondit,quia

226 4123 362 4179 nihil
395 4123 473 4180 de
521 4119 761 4191 purgatis
791 4117 949 4172 labiis
991 4116 1105 4170 suis
1147 4111 1412 4177 audierat,
1443 4109 1536 4180 qui
1574 4107 1722 4163 omni
1751 4121 1841 4161 sa-

228 4218 434 4289 pientia
468 4213 854 4287 Egyptiorum
895 4210 1070 4265 fuerat
1112 4205 1385 4262 eruditus.
1422 4204 1488 4258 Et
1518 4201 1683 4256 Isaias
1730 4214 1840 4254 non

226 4327 326 4368 suo
358 4311 478 4385 [AL
522 4307 629 4382 sui]
661 4306 880 4371 merito,
913 4302 1009 4360 sed
1042 4299 1253 4356 Domini
1282 4297 1477 4370 gratia,
1511 4311 1616 4366 qua
1647 4308 1843 4365 purga-

228 4414 314 4461 tus
340 4416 453 4474 est,
480 4402 647 4459 oﬂ‘ert
675 4417 735 4456 se
766 4398 832 4454 ad
863 4396 1245 4454 ministerium.
1278 4392 1385 4449 Alii
1420 4401 1600 4446 autem
1631 4396 1840 4461 putant,

226 4499 444 4556 idcirco
490 4512 553 4552 se
581 4493 848 4551 obtulisse
888 4491 1107 4557 Isaiam,
1131 4487 1255 4560 quia
1301 4485 1605 4541 mstimabat
1642 4482 1844 4555 pOpulo

227 4606 502 4662 prospera
524 4585 820 4645 nuntianda
844 4583 971 4641 :sed
1001 4583 1125 4655 quia
1149 4578 1846 4649 audivit:Vade,dicpopu-

1930 3383 1998 3420 no
2022 3366 2324 3436 imperante
2352 3366 2632 3437 praedicat,
2657 3365 2784 3436 quid
2814 3366 3046 3437 populus
3075 3366 3150 3419 sit
3181 3364 3442 3420 facturus.
3473 3365 3531 3420 In

1930 3460 2201 3516 llebraico
2252 3459 2544 3515 difﬁcultas
2575 3466 2679 3526 est,
2727 3457 3005 3529 quomodo
3034 3458 3149 3529 ipse
3172 3458 3318 3513 Deus
3341 3458 3533 3528 praeci-

1932 3555 2045 3624 piat
2075 3553 2299 3624 populo,
2335 3563 2391 3609 ut
2449 3552 2641 3608 auditu
2693 3553 2902 3620 audiat,
2935 3561 2991 3607 et
3022 3566 3128 3607 non
3162 3552 3447 3622 intelligat,
3479 3561 3536 3608 et

1933 3651 2128 3707 videns
2157 3652 2363 3719 videat,
2418 3659 2474 3707 et
2524 3667 2630 3706 non
2661 3658 2943 3721 agnoscat,
2965 3659 3023 3704 et
3054 3659 3242 3719 postea
3273 3650 3537 3719 preplteta

1934 3746 2227 3801 inducatur
2255 3747 2511 3818 loquens,
2540 3756 2594 3801 et
2643 3745 2932 3798 Dominum
2967 3751 3224 3812 precetur
3249 3750 3305 3796 et
3343 3741 3489 3796 dicat
3521 3757 3535 3795 :

1937 3838 2157 3895 Excreca
2209 3856 2296 3894 cor
2349 3840 2528 3910 populi
2574 3839 2752 3911 hujus,
2779 3847 2826 3891 et
2870 3853 3021 3891 aures
3067 3839 3182 3900 eius
3221 3851 3468 3908 aggrara,
3490 3843 3540 3888 et

1937 3933 2112 3987 oculos
2141 3936 2254 4005 ejus
2282 3933 2488 3997 claude,
2515 3947 2580 3985 ne
2615 3931 2748 3999 forte
2772 3928 2937 3983 videat
2963 3928 3126 3981 oculis
3154 3929 3284 3993 suis,
3316 3936 3365 3981 et
3393 3926 3538 3979 auri-

1940 4026 2032 4081 bus
2055 4027 2254 4093 audiat,
2287 4035 2334 4079 et
2357 4025 2512 4080 corde
2540 4023 2820 4096 intelligat,
2847 4032 2896 4078 et
2925 4032 3272 4086 convertatur,
3320 4030 3366 4075 et
3388 4037 3542 4076 sane-

1941 4117 2175 4191 tur(lsa.
2200 4118 2410 4191 v1,10).
2430 4121 2506 4173 Ac
2529 4117 2766 4188 primum
2789 4117 3047 4172 solvenda
3067 4126 3152 4173 est
3167 4115 3260 4170 illa
3287 4115 3540 4185 quaestio,

1941 4230 2062 4285 quae
2116 4214 2274 4270 nobis
2324 4213 2488 4284 objici
2537 4223 2719 4285 potest
2755 4228 2967 4284 :quare
3018 4213 3299 4282 apoStolus
3345 4211 3541 4267 Paulus

1943 4323 2065 4365 cum
2108 4307 2348 4363 Hebraeis
2374 4307 2683 4378 diSputans,
2712 4323 2816 4362 non
2835 4306 2989 4376 juxta
3025 4306 3369 4371 llebraicum,
3397 4305 3544 4375 quod

1945 4411 2152 4458 rectum
2194 4417 2316 4457 esse
2347 4409 2711 4472 cognoverat;
2736 4400 2832 4456 sed
2867 4399 3019 4470 juxta
3044 4399 3185 4455 LXX
3209 4401 3280 4454 sit
3305 4399 3550 4454 locutus?

1945 4494 2346 4564 Evangelislam
2376 4493 2579 4550 Lucam
2613 4494 2832 4550 tradunt
2863 4502 3084 4549 veteres
3117 4492 3378 4549 Ecclesia:
3410 4501 3550 4548 trac-

1949 4595 2155 4642 latores
2183 4588 2473 4643 medicina:
2499 4586 2633 4643 artis
2672 4587 2844 4643 fuisse
2881 4585 3330 4652 scientissimum,
3354 4595 3409 4641 et
3435 4600 3552 4640 ma-

225 4654 278 4741 io
303 4654 438 4739 huic
465 4701 484 4739 :
516 4681 745 4738 Auribus
772 4654 1030 4744 audietis,
1048 4688 1094 4732 et
1117 4693 1220 4732 non
1247 4674 1562 4746 intelligetis,
1588 4681 1637 4727 et
1668 4673 1846 4726 viden-
1867 4654 1922 4715 Β
1948 4680 2029 4751 gis
2074 4680 2296 4736 armas
2327 4681 2536 4737 [meras
2562 4680 2732 4737 scisse
2779 4695 2940 4748 quam
2988 4680 3266 4737 “cum”.
3304 4679 3456 4736 unde
3497 4689 3555 4735 ει

230 4789 305 4835 tes
337 4778 674 4846 ridebitis,et
696 4792 800 4830 non
829 4772 1145 4845 cognoscetis
1170 4769 1329 4845 (lsai.
1357 4769 1529 4838 v1,9),
1558 4776 1846 4838 propterea
1949 4789 2133 4829 sermo
2171 4775 2291 4845 ejus
2338 4785 2445 4830 tam
2495 4776 2550 4830 in
2612 4775 2948 4846 Evangelio,
3002 4791 3162 4846 quam
3217 4773 3272 4830 in
3323 4774 3552 4830 Actibus

225 4871 281 4926 in
323 4868 822 4940 consequentibus,
852 4865 1070 4921 dicente
1119 4862 1188 4918 ad
1233 4877 1359 4918 eum
1410 4875 1543 4916 voce
1593 4857 1806 4915 Domini

1951 4867 2362 4940 Apostolorum,
2398 4867 2450 4924 id
2481 4878 2595 4935 est,
2630 4867 2684 4924 in
2715 4881 2946 4939 utroque
2977 4867 3252 4924 volumine
3283 4868 3555 4940 comptior

227 4961 448 5027 Clama,
490 4977 599 5018 non
637 4960 822 5016 statim
867 4959 1087 5021 clamat,
1120 4956 1213 5010 sed
1248 4956 1567 5025 interrogat,
1600 4952 1723 5024 quid
1747 4951 1854 5005 cla-
1951 4970 2060 5025 εει,
2103 4971 2159 5016 ει
2207 4960 2523 5016 saecularem
2572 4961 2784 5018 ,σεαοιθι
2826 4961 3218 5031 eloqucmiam’
3274 4964 3555 5034 magisque

225 5059 438 5114 ntabo?
472 5057 544 5112 Et
567 5055 860 5122 Jeremias,
891 5053 978 5108 cui
1008 5052 1212 5107 dictum
1245 5049 1453 5104 fuerat:
1498 5049 1685 5116 Accipe
1729 5045 1823 5100 cali

1956 5053 2284 5110 testimoniis
2310 5054 2518 5111 Graecis
2559 5041 2737 5111 utitur
2764 5072 2925 5127 quam
2968 5055 3231 5112 Hebraeis.
3268 5056 3557 5112 Mattbaeus

225 5170 365 5216 cem,
405 5161 460 5207 et
485 5149 774 5224 potionabis
796 5163 966 5202 omnes
997 5145 1279 5220 gentes,ad
1298 5159 1426 5214 quas
1451 5158 1544 5213 ego
1584 5140 1782 5194 mittam
1803 5149 1849 5193 te
1957 5159 2134 5204 autem
2165 5163 2219 5204 et
2244 5147 2507 5216 Joannes,
2534 5164 2762 5221 quorum
2785 5151 2924 5205 aner
2952 5149 3206 5217 Hem-mo,
3247 5152 3387 5206 aue.-
3409 5151 3560 5206 um-

224 5247 375 5320 (λιν.
410 5261 553 5314 xxv,
587 5244 704 5316 15),
747 5242 978 5298 libenter
1003 5241 1276 5311 accipiens
1303 5236 1693 5308 suppliciorum
1722 5233 1821 5288 cali

1958 5256 2024 5297 co
2053 5256 2306 5298 sermone
2343 5243 2640 5314 Evangelia
2670 5251 2990 5310 texuerunt,
3019 5243 3331 5299 testimonia
3359 5243 3426 5297 de
3452 5243 3560 5296 lle-

224 5349 472 5410 cem,ut
499 5337 827 5395 adversariis
845 5336 1099 5407 gentibus
1120 5335 1452 5404 propinaret,
1471 5332 1847 5400 biberentque,
1961 5333 2147 5388 braico
2176 5335 2488 5404 proli-runt,
2532 5345 2594 5391 ut
2633 5343 2718 5391 est
2771 5336 2902 5390 illud
2937 5354 2951 5391 :
2987 5334 3072 5392 Ea:
3124 5334 3330 5408 Egypto
3391 5335 3563 5389 vocavi

224 5442 285 5490 et
309 5440 642 5500 coartarent,
669 5439 723 5486 et
749 5430 1030 5495 caderent,
1064 5436 1351 5498 postquam
1381 5424 1608 5492 audivit,
1638 5423 1789 5489 vade,
1812 5431 1861 5476 et
1962 5427 2132 5498 ﬁlium
2157 5445 2325 5483 meum
2354 5429 2502 5500 (Ose.
2534 5446 2598 5498 ιι,
2635 5431 2715 5501 1).
2747 5429 2816 5486 Et
2843 5449 2854 5485 :
2886 5431 3146 5499 Quoniam
3178 5429 3447 5484 Nttzareus
3474 5445 3564 5483 νο-

227 5530 487 5598 primum
503 5515 1860 5594 propinabisJerusalem,reSpondit:Decepistinte,
1964 5519 2167 5575 cabitur
2192 5521 2409 5591 (Matth.
2441 5538 2501 5589 ιι,
2542 5523 2660 5595 25).
2693 5524 2761 5578 Ει
2794 5541 2807 5576 :
2837 5521 3088 5578 Flumina
3127 5522 3190 5577 de
3244 5532 3418 5576 ventre
3448 5524 3566 5593 ejus

223 5619 505 5683 Domine,
537 5626 585 5672 et
605 5617 850 5686 deceptus
871 5632 985 5670 sum
1005 5613 1491 5687 (Jer.xx,7).llaec
1510 5612 1864 5668 Hebraeorum
1968 5618 2131 5687 ﬂuent
2186 5633 2337 5681 aquw
2366 5619 2492 5674 victe
2538 5617 2719 5691 (Joan.
2766 5634 2862 5680 vn,
2889 5617 3005 5687 58).
3060 5618 3125 5672 Et
3154 5634 3165 5670 :
3201 5615 3463 5671 Videbunt
3511 5616 3569 5670 in

220 5712 571 5777 observatio
591 5723 696 5772 est.
723 5708 996 5768 Caeterum
1024 5725 1125 5766 nos
1146 5708 1377 5766 dicimus
1408 5724 1518 5766 non
1549 5708 1870 5765 temeritatis
1971 5726 2122 5782 quem
2143 5723 2555 5783 computare-runt
2579 5711 2764 5786 (Zach.
2795 5727 2889 5780 xu,
2915 5713 3014 5777 10;
3047 5710 3205 5766 Joan.
3232 5727 3342 5781 xxx,
3373 5708 3488 5785 57),
3515 5719 3570 5768 et

311 5957 360 6024 ﬁ-
379 5944 578 6002 Vatic.
609 5943 826 6017 legimus
855 5943 1108 6000 dicentem
1133 5943 1434 6000 Dominum.
1979 6007 1990 6015 ἢ
2049 5941 2078 5984 δ
2112 5943 2386 6004 Victorius
2414 5944 2636 6018 praefert
2661 5943 2932 6018 repellitis,
2952 5951 3010 6005 et
3043 5944 3318 6022 judicatis.
