4052 6504
433 365 538 422 105

1661 363 1722 420 S.
1765 361 2037 420 EUSEBII
2075 362 2458 422 HIERONYMI

3633 364 3741 423 I04

433 479 677 551 egredere
711 479 766 534 in
797 492 1070 535 occursum
1116 479 1315 546 Achaz,
1349 486 1405 534 tu
1442 489 1490 533 et
1527 479 1618 550 qui
1653 479 1930 536 derelictus
1958 490 2030 535 est
2059 484 2108 542 A
2136 484 2220 538 rio
2243 483 2635 554 subjugarent:
2667 492 2724 538 et
2762 490 3199 554 superponerent
3239 481 3290 539 ei
3337 496 3522 555 regem
3564 481 3737 538 ﬁlium

435 573 599 629 Jasub
629 573 774 643 ﬁlius
805 584 940 641 tuus,
973 573 1043 627 ad
1086 584 1370 630 extremum
1409 589 1555 646 aquae
1592 573 1774 628 ductus
1823 574 2036 646 piscina:

433 669 739 738 superioris,
759 669 815 722 in
845 668 925 722 cia
951 668 1064 739 agri
1096 666 1333 737 fullonis.
1357 666 1426 722 Et
1451 667 1588 722 dices
1617 667 1685 720 ad
1709 683 1828 721 eum
1854 683 1874 722 :
1909 666 2037 721 Vide

436 771 490 816 ut
521 760 698 826 sileas,
728 758 836 816 noli
867 760 1064 826 limere,
1092 770 1140 815 et
1168 777 1258 815 cor
1300 768 1444 814 tuum
1491 776 1557 814 ne
1587 759 1826 830 formidet
1847 776 1878 812 a
1904 759 2036 813 dua-

434 855 529 911 bus
552 855 731 910 caudis
754 856 991 910 titionum
1021 855 1397 925 fumigantium
1420 855 1665 920 istorum,
1696 854 1750 907 in
1777 853 1857 907 ira
1885 857 2035 924 furo-

435 952 505 1006 ris
531 949 718 1014 Rusio,
751 959 799 1004 et
834 949 1028 1021 Syriae,
1070 959 1118 1004 et
1149 947 1246 1019 ﬁlii
1291 947 1564 1014 Romeliaa,
1596 964 1655 1003 eo
1699 948 1837 1019 quod
1869 946 2039 1002 consi-

437 1046 568 1100 lium
599 1045 774 1099 inierit
800 1056 978 1099 contra
998 1054 1046 1099 te
1067 1042 1225 1116 Syria
1254 1045 1552 1116 pessimum,
1588 1041 1864 1112 Epltraim,
1896 1053 1943 1096 et
1973 1043 2036 1113 [i-

434 1138 533 1194 lius
563 1137 832 1205 Romeliaz,
850 1137 1075 1193 dicentes
1099 1153 1118 1193 :
1147 1138 1496 1192 Ascendamus
1520 1137 1590 1190 ad
1609 1137 1827 1203 ludam,
1849 1145 1896 1191 et
1925 1153 2040 1190 sus-

434 1231 649 1286 citemus
694 1248 833 1297 eum,
882 1240 932 1286 et
969 1230 1248 1285 evellamus
1289 1247 1406 1285 eum
1449 1230 1517 1283 ad
1545 1248 1658 1298 nos,
1690 1240 1739 1284 et
1782 1245 2038 1299 ponamus

431 1343 603 1400 regem
633 1325 686 1380 in
709 1325 876 1380 medio
904 1327 1017 1396 ejus
1044 1324 1215 1395 [ilium
1239 1322 1445 1380 Tabeel.
1471 1322 1605 1378 Haec
1631 1322 1756 1376 dicit
1785 1321 2037 1376 Dominus

443 1417 598 1483 Deus,
631 1436 733 1474 non
761 1416 938 1482 stabit,
981 1425 1029 1471 et
1070 1432 1172 1471 non
1201 1416 1299 1470 erit
1342 1415 1506 1482 istud,
1542 1415 1634 1470 sed
1663 1423 1820 1484 caput
1863 1413 2039 1484 Syria

435 1512 721 1568 Damascus
743 1522 791 1566 et
818 1521 976 1582 caput
1008 1509 1254 1566 Damasci
1289 1510 1470 1576 Rasin,
1493 1519 1538 1563 et
1568 1509 1745 1563 adhuc
1772 1509 2039 1580 sexaginta

433 1617 486 1660 et
533 1607 757 1678 quinque
790 1605 945 1678 103
973 1605 1119 1671 anni,
1148 1616 1194 1658 et
1216 1603 1412 1658 desinet
1439 1601 1692 1680 Ephraim
1718 1619 1826 1657 esse
1869 1617 2037 1674 papu-

435 1697 539 1754 lus.
557 1697 793 1767 Etcaput
819 1697 1074 1767 Ephraim
1100 1697 1430 1764 Samaria,et
1443 1704 1598 1769 caput
1621 1695 1877 1750 Samaria:
1899 1695 2039 1763 ﬁlius

436 1789 707 1847 Romelits’.
740 1791 801 1848 Si
829 1809 932 1846 non
953 1791 1301 1857 credideritis,
1330 1807 1434 1844 non
1466 1788 1847 1860 permanebitis.
1872 1787 2040 1843 Jasub

2140 577 2363 643 Taheel,
2398 576 2488 648 qui
2531 576 2922 648 interpretatur
2964 575 3126 634 bonus
3157 575 3324 642 Deus,
3357 583 3416 631 ut
3444 574 3528 632 vel
3557 573 3738 630 homi-

2140 686 2264 725 nem
2298 669 2400 726 hoc
2431 670 2678 738 nomine,
2707 670 2792 725 vel
2818 669 3022 725 idolum
3045 670 3508 726 demonstrarent.
3532 668 3739 724 Tamen

2139 763 2256 818 hzec
2280 763 2414 820 dicit
2444 763 2705 819 Dominus
2739 763 2900 837 104
2929 764 3073 820 Deus
3103 782 3117 819 :
3143 763 3262 819 Non
3285 761 3450 818 stabit
3475 761 3579 817 hoc
3601 777 3738 816 con-

2139 855 2343 919 silium,
2389 856 2484 910 sed
2516 855 2737 912 interim
2783 857 2945 912 modo
2980 869 3142 922 caput
3169 856 3341 929 Syrize
3369 855 3584 911 urbium
3625 854 3734 910 erit

2142 950 2460 1016 Damascus,
2493 959 2548 1005 et
2577 951 2630 1005 in
2676 951 2790 1021 ipsa
2821 951 3109 1022 metropoli
3143 950 3408 1005 Damasco
3449 947 3742 1018 imperabit

2139 1044 2328 1100 Rasin.
2363 1045 2533 1100 Porro
2582 1044 2637 1099 in
2674 1044 2934 1114 Ephraim
2977 1054 3204 1115 propter
3229 1043 3521 1099 .leroboam
3566 1040 3743 1096 ﬁlium

2138 1136 2377 1205 Nabath,
2411 1138 2499 1208 qui
2535 1139 2743 1208 primus
2766 1137 3012 1209 regnavit
3043 1137 3112 1193 de
3139 1135 3422 1206 Ephraim,
3449 1135 3551 1191 erit
3577 1142 3745 1206 caput

2138 1232 2409 1298 Samaria,
2436 1230 2541 1286 hoc
2568 1241 2673 1296 est,
2719 1231 2868 1301 regia
2906 1231 3105 1286 domus
3133 1231 3185 1285 in
3219 1230 3350 1286 urbe
3381 1228 3654 1294 Samaria,
3687 1236 3747 1283 et

2139 1325 2400 1381 Samaria:
2423 1335 2586 1396 caput
2624 1324 2728 1379 erit
2772 1324 2913 1379 ﬁlius
2943 1323 3230 1388 Romeliaz,
3270 1322 3321 1378 id
3356 1331 3462 1387 est,
3490 1320 3746 1377 Pbacce:

2141 1435 2367 1491 regnum
2388 1428 2568 1473 autem
2592 1417 2783 1474 decem
2809 1418 3068 1484 tribuum,
3088 1417 3137 1472 id
3157 1427 3262 1483 est,
3281 1415 3461 1487 populi
3483 1415 3747 1485 Epltraim

2143 1523 2268 1585 post
2291 1515 2571 1585 sexaginta
2596 1525 2649 1570 et
2685 1514 2928 1584 quinque
2953 1529 3125 1569 annos
3148 1529 3272 1569 esse
3303 1511 3560 1568 cessabit.
3586 1509 3747 1577 Quod

2141 1611 2242 1664 nisi
2273 1610 2588 1680 diligentius
2609 1609 2972 1674 attendamus,
2999 1621 3146 1666 Stare
3169 1625 3279 1664 non
3306 1608 3572 1679 p0lerit.“
3602 1608 3752 1661 Duo-

2143 1704 2359 1759 decimo
2381 1703 2524 1758 enim
2553 1719 2700 1759 anno
2725 1703 2907 1759 Achar
2937 1704 3034 1758 ﬁlii
3058 1703 3307 1759 Joatham
3333 1704 3384 1757 in
3415 1701 3557 1757 tribu
3580 1699 3749 1766 Juda,

2145 1802 2392 1869 regnavit
2417 1798 2557 1854 Osee
2587 1813 2753 1868 super
2782 1797 3107 1864 Samariam,
3135 1807 3190 1852 et
3218 1811 3366 1851 nono
3389 1810 3534 1850 anno
3566 1793 3750 1863 impe—

437 1886 586 1941 lilius
608 1885 783 1953 Isaiae,
814 1887 904 1957 qui
943 1885 1335 1956 interpretatur
1361 1883 1594 1954 reliquus
1625 1895 1788 1954 atque
1819 1898 2034 1938 conver-

2143 1893 2209 1948 rii
2248 1893 2332 1948 sui
2378 1900 2568 1961 captus
2596 1905 2680 1948 est
2729 1891 2820 1966 (IV
2856 1893 2986 1967 Reg.
3042 1876 3198 1964 xi-u).
3249 1890 3516 1961 Regnavit
3562 1899 3750 1943 autem

437 1988 567 2047 tens,
601 1981 652 2034 in
681 1988 870 2052 typum
903 1980 1084 2050 populi
1111 1978 1273 2046 Iuda,
1307 1978 1398 2050 qui
1429 1986 1549 2034 erat
1576 1978 1644 2033 de
1671 1977 1904 2033 duorum
1949 1993 2037 2031 re—

438 2089 566 2144 gum
613 2072 866 2129 manibus
913 2071 1257 2137 liberandus,
1285 2072 1510 2141 jubetur
1547 2071 1733 2141 egredi
1773 2087 1895 2126 cum
1939 2085 2033 2140 pa-

437 2177 624 2231 rente,
649 2177 704 2221 et
734 2179 1027 2220 occurrere
1060 2164 1243 2218 Achaz
1271 2163 1386 2233 regi
1413 2162 1572 2218 .ludte
1620 2164 1672 2217 in
1707 2164 1826 2216 loco
1853 2176 2035 2233 aquae-

436 2259 633 2315 ductus
664 2259 890 2328 piscina:
939 2257 1260 2327 superioris,
1307 2258 1358 2312 in
1389 2257 1473 2312 via
1515 2257 1629 2327 agri
1667 2255 1911 2319 fullonis,
1945 2255 2036 2311 ubi

437 2364 626 2422 postea
678 2353 869 2409 lecturi
896 2367 1111 2420 smnus,
1152 2352 1256 2407 sub
1291 2351 1526 2408 Ezecbia
1557 2367 1685 2422 rege
1721 2351 1858 2407 .luda
1889 2362 2036 2406 stare

434 2443 766 2511 Rahsacem,
798 2457 855 2500 et
883 2461 949 2501 ex
984 2454 1258 2514 praecepto
1288 2444 1666 2500 Sennaclierib
1695 2443 1841 2515 regis
1872 2445 2038 2515 Assy—

435 2537 642 2592 riorum
673 2537 768 2593 Dei
815 2537 1076 2609 pupulum
1127 2537 1532 2606 blaSpbemare.
1570 2537 1624 2591 In
1653 2551 1815 2608 quem
1857 2537 2034 2592 locum

431 2630 644 2700 egressi
685 2641 834 2699 sunt,
867 2631 1018 2687 missi
1060 2631 1130 2686 ab
1163 2631 1393 2686 Ezechia
1445 2630 1726 2702 principes
1772 2631 2034 2698 civitatis,

435 2741 576 2796 quos
625 2725 677 2780 in
721 2725 929 2796 Regum
980 2726 1260 2780 volumine
1311 2726 1561 2796 legimus.
1605 2725 2040 2798 Praecipiturque

434 2818 622 2873 Acbaz
656 2818 742 2890 (IV
778 2817 908 2893 Reg.
943 2820 1120 2887 xvttt),
1149 2821 1399 2890 quamvis
1431 2818 1597 2890 impio
1643 2822 1778 2890 regi,
1815 2827 2038 2890 propter

435 2912 658 2968 Domini
708 2912 1163 2979 misericordiam,
1211 2923 1271 2969 ut
1320 2925 1445 2984 agat
1487 2914 1801 2979 silentium,
1843 2924 1897 2970 et
1928 2929 2036 2970 non

434 3016 730 3074 terreatur,
779 3021 956 3078 neque
988 3006 1245 3062 formidet
1284 3021 1381 3062 cor
1411 3009 1554 3078 ejus,
1589 3020 1789 3078 putans
1818 3021 1878 3062 se
1910 3021 2034 3077 pas-

435 3118 623 3159 surum
669 3103 867 3158 similia
906 3118 1027 3172 qum
1079 3105 1236 3173 prius
1265 3102 1626 3158 sustinuerat.
1661 3103 1807 3157 Duas
1856 3111 2036 3158 autem

435 3201 638 3256 caudas
671 3201 949 3264 titionum,
977 3197 1030 3253 id
1055 3207 1159 3263 est,
1185 3197 1415 3253 torrium
1443 3196 1848 3268 iumigantium,
1882 3206 2040 3253 vocat

2139 1987 2321 2042 Achaz
2343 2001 2509 2056 super
2535 1985 2728 2042 Judam
2759 1987 2915 2041 annis
2933 1985 3172 2042 sedecim
3200 1984 3291 2057 (IV
3316 1985 3444 2056 Reg.
3470 1986 3603 2054 χνι),
3621 1988 3754 2050 post

2137 2079 2294 2151 cujus
2317 2091 2547 2136 mortem
2578 2080 2813 2147 septimo
2842 2095 2988 2134 anno
3020 2078 3240 2147 imperii
3267 2078 3353 2132 sui
3382 2076 3410 2116 ιι
3443 2089 3637 2146 captus
3659 2084 3753 2132 est

2139 2174 2307 2242 Osee,
2355 2181 2411 2229 et
2451 2173 2730 2227 destructa
2772 2171 3039 2238 Samaria,
3067 2172 3357 2241 omnisque
3389 2170 3621 2241 populus
3661 2179 3752 2226 est

2140 2265 2491 2323 transductus
2523 2267 2574 2320 in
2609 2265 2793 2320 Medos
2823 2283 2834 2318 :
2870 2266 2943 2319 ita
2975 2273 3033 2319 ut
3060 2265 3103 2319 si
3133 2263 3472 2320 voluerimus
3501 2262 3750 2318 sedecim

2140 2376 2314 2416 annos
2372 2361 2576 2429 Achaz,
2618 2369 2673 2415 et
2707 2367 2915 2431 septem
2959 2359 3099 2413 Osee
3151 2373 3382 2430 ponere,
3433 2357 3749 2413 efﬁciantur

2141 2457 2268 2510 anni
2303 2455 2491 2526 viginti
2527 2463 2663 2520 tres,
2698 2462 2793 2507 aut
2824 2463 2880 2508 ut
2904 2453 3161 2517 multum,
3193 2451 3382 2523 viginti
3418 2463 3438 2491 ε
3473 2463 3746 2522 quatuor;

2141 2561 2196 2607 et
2228 2551 2320 2606 ubi
2351 2560 2512 2605 erunt
2560 2549 2864 2620 seXaginta,
2909 2561 2963 2602 et
2995 2548 3236 2618 quinque
3266 2545 3414 2611 anni,
3448 2545 3500 2599 in
3548 2543 3750 2612 quibus

2142 2659 2368 2714 regnum
2401 2643 2564 2699 Israel
2585 2641 2784 2696 dicitur
2804 2640 3140 2696 ﬁniendum?
3172 2638 3339 2710 Igitur
3360 2637 3575 2694 Hebraei
3601 2637 3748 2691 hunc

2143 2737 2325 2794 locum
2375 2735 2448 2790 ita
2487 2737 2821 2798 edisserunt,
2876 2744 2934 2788 ut
2965 2735 3130 2787 Amos
3168 2732 3258 2802 qui
3297 2731 3399 2786 sub
3434 2730 3562 2785 Ozia
3600 2731 3752 2798 cepit

2144 2831 2498 2901 prophetare,
2528 2827 2745 2899 quando
2772 2837 2827 2882 et
2867 2825 3038 2882 Isaias
3083 2823 3385 2897 prophetia:
3413 2839 3524 2878 sua:
3556 2822 3748 2878 habuit

2143 2922 2453 2987 exordium,
2495 2921 2706 2989 primus
2738 2920 3151 2991 prOpbetaverit
3179 2929 3372 2973 contra
3408 2917 3608 2983 Israel,
3657 2917 3747 2972 di-

2144 3034 2319 3074 cens:
2355 3015 2522 3072 Israel
2569 3026 2744 3071 autem
2791 3017 3025 3086 captivus
3077 3014 3294 3067 ducetur
3345 3012 3409 3067 de
3463 3023 3599 3066 terra
3648 3029 3749 3066 sua

2147 3109 2326 3182 (Amos
2357 3125 2450 3175 vn,
2508 3109 2590 3175 ll,
2642 3109 2752 3179 I7).
2784 3107 2994 3162 Titulus
3044 3121 3262 3176 quoque
3295 3105 3596 3177 prophetite
3625 3104 3746 3174 ejus

2145 3212 2336 3260 Contra
2369 3203 2672 3258 Samariam
2696 3203 2805 3256 sit:
2841 3211 2895 3256 et
2923 3201 3255 3270 prOphetare
3283 3201 3512 3268 eruperit
3539 3198 3590 3252 in
3625 3199 3748 3252 dic-

442 3296 612 3352 Rasin
659 3310 843 3367 regem
891 3294 1089 3366 Syriae,
1119 3303 1172 3348 et
1199 3293 1414 3349 Phacee
1461 3294 1631 3347 ﬁlium
1662 3292 1926 3347 Romelia:
1953 3309 2039 3348 re-
2069 3303 2113 3366 C
2146 3298 2247 3354 bus
2274 3297 2421 3354 Ozire
2451 3297 2594 3366 regis
2621 3295 2757 3351 Juda
2800 3305 2928 3348 ante
2955 3296 3094 3348 duos
3122 3308 3298 3348 annos
3340 3303 3499 3347 terra:
3537 3302 3738 3357 moms,

435 3409 559 3464 gem
578 3392 867 3458 Samarim,
887 3405 953 3446 eo
978 3390 1123 3460 quod
1150 3389 1200 3442 in
1231 3389 1336 3443 illis
1363 3389 1573 3443 [initum
1594 3389 1907 3458 sitregnum
1936 3386 2040 3458 Sy‘

437 3487 556 3550 rite,
581 3485 634 3540 id
661 3495 769 3549 est,
800 3483 1074 3550 Damasci,
1128 3492 1185 3537 et
1229 3497 1456 3552 regnum
1501 3480 1789 3548 Samariae,
1837 3479 1892 3534 id
1930 3490 2036 3547 c5t,

437 3577 625 3633 decem
677 3575 958 3640 tribuum,
1013 3590 1136 3644 quae
1186 3573 1295 3629 alio
1351 3574 1574 3629 nomine
1623 3573 2040 3643 appellabantur

437 3669 718 3738 Ephraim.
767 3668 1048 3738 Scriptum
1092 3676 1178 3722 est
1219 3669 1366 3722 enim
1423 3665 1511 3738 (IV
1563 3665 1691 3738 Reg.
1725 3665 1842 3739 xvi)
1892 3666 2036 3738 quod

441 3760 1003 3832 Theglathphalassar
1034 3775 1128 3817 rex
1161 3760 1532 3832 Assyriorum,
1566 3762 1669 3814 sub
1700 3776 1826 3830 rege
1856 3759 2038 3815 Aehaz

437 3856 756 3915 ascenderit
803 3856 858 3911 in
909 3855 1273 3922 Damascum,
1330 3865 1387 3910 et
1435 3853 1736 3909 vastaverit
1786 3869 1928 3921 eam,
1983 3863 2038 3909 et

441 3951 790 4007 transtulerit
817 3949 1159 4006 habitatores
1197 3948 1319 4020 ejus
1349 3948 1645 4021 Cyrenem,
1673 3960 1724 4003 ct
1749 3947 1914 4003 Rasin
1959 3948 2039 4002 in-

439 4046 760 4103 terlecerit:
793 4055 849 4102 et
886 4045 1032 4117 quod
1065 4043 1366 4100 tetenderit
1414 4043 1639 4098 insidias
1684 4042 1896 4098 Phacee
1923 4042 2038 4097 lilio

439 4142 728 4208 Romelize,
757 4143 898 4197 Osee
931 4141 1072 4195 ﬁlius
1099 4139 1224 4206 Ela,
1247 4150 1304 4194 et
1333 4139 1667 4209 percusserit
1693 4155 1838 4209 eum,
1873 4149 1924 4196 et
1958 4139 2039 4194 in-

441 4235 741 4297 terfecerit.
766 4245 822 4288 et
848 4231 1162 4303 regnaverit
1193 4247 1291 4302 pro
1331 4231 1427 4287 illo
1458 4231 1511 4287 in
1555 4232 1724 4288 Israel
1747 4233 1902 4287 annis
1941 4247 2039 4286 no—

441 4346 561 4388 vem
591 4346 606 4384 :
637 4338 696 4384 et
725 4327 870 4399 quod
903 4327 1117 4384 venerit
1137 4327 1490 4384 Salmanasar
1517 4341 1611 4381 rex
1645 4329 1837 4392 Assur,
1863 4335 1916 4381 et
1937 4327 2034 4380 ob-
2091 4319 2094 4324 ’

441 4421 651 4479 sederit
674 4420 976 4476 Samariam
996 4462 1009 4482 ,
1039 4435 1162 4490 quae
1178 4435 1324 4475 nunc
1349 4419 1580 4477 Sebaste
1601 4429 1846 4486 vocatur,
1867 4419 2038 4474 tribus

441 4520 634 4574 annis:
668 4526 727 4572 et
756 4530 901 4571 nono
926 4529 1072 4570 anno
1094 4514 1246 4585 regni
1274 4514 1416 4570 Osee
1443 4514 1653 4584 ceperit
1690 4529 1808 4569 eam
1832 4557 1842 4578 ,
1879 4513 2035 4568 vinc-

439 4623 666 4686 tumque
714 4615 854 4670 Osee
910 4613 965 4669 in
1015 4627 1295 4668 carcerem
1345 4611 1661 4679 miserit,et
1701 4610 2034 4666 transtulerit

2143 3405 2303 3460 quem
2354 3391 2539 3443 volunt
2589 3403 2655 3444 eo
2704 3397 2949 3456 tempore
2992 3385 3277 3451 3CCidi53e,
3309 3400 3417 3456 quo
3460 3383 3742 3454 ingressus

2141 3483 2302 3540 Ozias
2333 3485 2385 3538 in
2411 3483 2696 3554 Templum
2721 3482 2842 3549 Dei,
2870 3483 2971 3538 sibi
3010 3481 3375 3538 sacerdotium
3399 3479 3739 3547 vendicabat,

2141 3586 2197 3634 et
2227 3587 2368 3632 terra
2403 3591 2660 3648 percussa
2691 3583 2797 3641 est,
2825 3586 2879 3630 et
2907 3576 3126 3630 cineres
3163 3574 3358 3630 altaris
3394 3573 3554 3628 effusi
3592 3583 3741 3638 sunt,

2141 3683 2196 3728 et
2226 3671 2344 3740 ipse
2367 3686 2461 3726 rex
2495 3685 2786 3742 percussus
2816 3678 2900 3725 est
2924 3667 3159 3738 lepra(ll
3192 3667 3318 3722 Par.
3350 3665 3746 3738 xxvi).Volunt

2141 3774 2321 3820 autem
2337 3780 2537 3818 annum
2555 3763 2723 3820 luisse
2738 3763 3058 3834 vigesimum
3078 3762 3326 3828 quintum
3342 3760 3507 3828 Oziab,
3523 3761 3746 3832 quando

2143 3859 2258 3914 haec
2285 3857 2622 3926 acciderunt,
2652 3858 2808 3928 cujus
2837 3856 3037 3926 reliqui
3069 3856 3194 3910 anni
3219 3863 3348 3908 sunt
3378 3853 3570 3925 viginti
3616 3869 3747 3925 sep-

2141 3963 2274 4011 tem.
2302 3952 2466 4010 Ozias
2505 3953 2652 4008 enim
2685 3951 2938 4022 regnavit
2963 3963 3135 4004 annos
3174 3946 3566 4019 quinquaginta
3601 3945 3747 4004 duos

2142 4048 2234 4122 (IV
2266 4049 2394 4120 Reg.
2429 4048 2543 4118 xv),
2579 4056 2705 4118 post
2743 4062 2866 4102 eum
2892 4043 3412 4115 rcgnavitJoatham
3449 4042 3594 4098 ﬁlius
3621 4045 3746 4112 ejus

2139 4144 2299 4199 annis
2330 4141 2594 4210 sedecim,
2641 4152 2696 4197 et
2735 4139 3076 4211 hujuslilius
3102 4138 3285 4194 Achaz
3325 4139 3482 4194 annis
3512 4138 3634 4194 aliis
3656 4153 3751 4194 se-

2141 4236 2316 4292 decim
2342 4254 2354 4290 :
2376 4245 2676 4307 postquem
2705 4235 2952 4303 regnavit
2981 4233 3268 4300 Ezechias,
3293 4232 3450 4304 cujus
3470 4244 3622 4288 sexto
3647 4234 3746 4288 im—

2141 4329 2283 4400 perii
2313 4345 2456 4384 anno
2488 4337 2645 4397 capta
2674 4327 2919 4383 Samaria
2962 4335 3066 4393 est,
3098 4334 3262 4398 atque
3306 4326 3378 4380 ita
3403 4326 3542 4381 el'ﬁci
3576 4325 3745 4381 simul

2141 4437 2314 4478 annos
2338 4422 2627 4493 sexaginta
2647 4421 2888 4493 quinque
2909 4419 3002 4494 (IV
3035 4421 3163 4494 Reg.
3189 4420 3320 4492 xvi).
3342 4419 3469 4476 Haec
3493 4435 3587 4489 per
3616 4436 3746 4489 pru-

2140 4515 2359 4587 pbetam
2383 4514 2616 4569 Domino
2647 4512 3002 4585 praedicente,
3029 4523 3082 4568 et
3105 4511 3287 4567 Acbaz
3309 4520 3365 4567 et
3395 4511 3626 4582 p0pnlus
3655 4512 3743 4564 iu-

2143 4617 2260 4664 tura
2293 4623 2398 4664 non
2436 4605 2694 4663 credidit.
2730 4605 2886 4662 Unde
2917 4605 3267 4676 subjungitur
3296 4623 3309 4659 :
3341 4603 3405 4659 Si
3437 4620 3539 4658 non
3565 4602 3740 4656 credi-

437 4707 607 4765 Israel
635 4710 688 4763 in
722 4707 999 4781 Assyrios,
1053 4706 1403 4776 posueritque
1453 4719 1551 4760 eos
1581 4705 1634 4758 in
1664 4703 1842 4766 llalla,
1889 4711 1944 4758 et
1980 4701 2034 4757 in
2067 4707 2113 4769 ι)
2141 4704 2337 4769 deritis,
2368 4719 2470 4757 non
2511 4701 2896 4775 permanebitis,
2926 4711 2984 4754 ut
3024 4697 3386 4772 Symmachus
3430 4696 3736 4763 transtulit,

436 4802 622 4860 Habor
659 4802 812 4874 juxta
864 4799 1088 4856 ﬂuvium
1115 4798 1320 4856 Gozam
1354 4799 1409 4853 in
1432 4797 1764 4860 civitatibus,
1794 4797 1932 4864 sive,
1977 4806 2036 4853 ut

435 4895 788 4968 Septuaginta
859 4894 1288 4958 transtulerunt,
1347 4896 1402 4946 in
1456 4891 1712 4946 montibus
1762 4889 2032 4946 Medorum

437 4988 529 5062 (IV
559 4989 689 5063 Reg.
732 4985 887 5060 xvn).
915 4987 1177 5056 Quamvis
1207 4987 1356 5042 enim
1401 4985 1626 5040 inierint
1655 4984 1947 5040 consilium
1976 4982 2029 5037 hi

433 5082 542 5139 duo
574 5096 731 5154 reges
761 5079 1008 5151 pessimi,
1041 5090 1099 5135 ut
1127 5077 1492 5135 ascenderent
1522 5078 1588 5132 ad
1617 5077 1812 5133 ludam
1831 5118 1847 5146 ,
1876 5077 2030 5148 cujus

432 5177 587 5248 regio
617 5175 671 5231 in
695 5173 971 5230 montibus
996 5173 1106 5227 sita
1134 5181 1242 5238 εει,
1275 5181 1331 5228 et
1355 5171 1682 5226 suscitarent
1705 5186 1828 5227 eum
1849 5169 2030 5240 quies-

431 5279 669 5336 centem,
693 5277 749 5324 et
779 5264 1182 5337 quodammodo
1208 5263 1596 5330 dormientem,
1619 5277 1829 5334 suoque
1856 5262 2028 5333 impe-

501 5398 528 5427 ιι
563 5384 904 5449 Duodecimo,
933 5389 1041 5438 etc.
1062 5377 1438 5452 'Quamplures
1464 5394 1594 5435 mss.
1621 5376 2021 5452 codicesanti-

427 5461 676 5533 quissimi
709 5459 911 5533 legunt.
947 5449 1346 5533 Quartodecimo
1373 5453 1511 5533 enim
1542 5469 1699 5533 anno.
1745 5449 1901 5533 Qude
1933 5464 2022 5532 er-

428 5521 522 5589 ror
560 5521 820 5588 editionis
868 5528 1201 5584 Erasmiame
1227 5541 1388 5595 quam
1437 5523 1716 5578 Marianus
1745 5521 2022 5595 Victorius

428 5605 735 5667 castigavit.
779 5600 1052 5656 Maurum.
1082 5628 1152 5641 -—
1184 5593 1361 5652 Vatic.
1413 5596 1710 5668 pluresque
1737 5593 2028 5668 aliipenes

428 5664 680 5731 Martian.
719 5687 878 5739 m.~s.,
913 5671 1345 5740 Quartodecimo,
1371 5664 1532 5738 quem
1571 5664 1817 5721 errorem
1846 5664 2029 5720 ViCto-

440 5747 557 5804 rius
586 5745 829 5799 sustulit.

501 5815 532 5857 ιι
558 5816 838 5872 Interserit
858 5815 1134 5871 Victorius
1154 5814 1408 5879 obsessus,
1439 5819 1486 5865 et
1516 5824 1673 5878 nono,
1704 5816 1764 5864 ut
1784 5823 1906 5865 cuin
1931 5807 2029 5864 tri-

429 5891 535 5953 bus
562 5887 723 5945 anuis
745 5888 991 5946 obsessio
1006 5886 1306 5954 duraverit,
1334 5899 1444 5943 non
1471 5897 1582 5940 uno
1611 5881 1914 5954 eodemque
1940 5881 2036 5938 ob-

2140 4795 2192 4850 id
2221 4805 2324 4860 est,
2356 4805 2411 4849 et
2436 4809 2536 4850 vos
2571 4793 2729 4866 105
2759 4807 2865 4848 non
2901 4791 3295 4861 permanebitis
3322 4791 3377 4846 in
3409 4806 3582 4861 regno
3607 4805 3741 4846 ves-

2142 4897 2246 4954 tro,
2269 4886 2364 4943 sed
2388 4887 2441 4942 in
2466 4885 2832 4956 captivitatem
2860 4883 3162 4950 ducemini,
3189 4882 3521 4938 sustinentes
3541 4896 3737 4938 eorum

2141 4997 2351 5052 pinnas,
2385 4995 2613 5052 quorum
2638 4977 2832 5033 imitati
2861 4977 2994 5035 estis
3028 4976 3426 5033 inﬁdelitatem.
3462 4974 3559 5030 Vel
3586 4983 3742 5030 certe

2133 5075 2283 5145 juxta
2311 5072 2479 5136 LXX.
2501 5090 2602 5127 non
2630 5072 2952 5144 intelligetis.
2980 5071 3048 5126 Et
3077 5080 3162 5126 est
3192 5084 3388 5127 sensus
3415 5084 3430 5123 :
3455 5068 3581 5138 quia
3610 5083 3737 5138 qum

2136 5168 2401 5224 Dominus
2448 5166 2581 5223 dicit
2630 5165 2834 5233 futura,
2867 5182 2977 5221 non
3011 5165 3264 5230 creditis,
3319 5161 3736 5233 intelligentiam

2136 5279 2244 5318 non
2274 5261 2565 5318 habebitis.
2589 5261 2717 5316 Haec
2735 5260 2888 5332 juxta
2912 5259 3194 5316 historiam
3221 5254 3739 5315 dixerimus.C:ete—

2127 5391 2312 5434 sessus
2335 5377 2611 5432 diceretur
2633 5387 2689 5432 et
2717 5386 2928 5446 captus.

2201 5462 2220 5488 ε
2264 5451 2338 5504 Ile
2362 5452 2683 5522 suoitcrum
2715 5448 2991 5522 Victorius
3015 5449 3261 5522 reposuit
3298 5447 3481 5522 uiginti
3507 5445 3737 5522 quinque

2127 5537 2197 5577 ex
2226 5536 2293 5576 eo
2341 5520 2486 5592 quod
2531 5523 2575 5576 si
2621 5536 2816 5576 novem
2865 5519 2994 5576 anni
3053 5520 3215 5584 Osce,
3263 5519 3481 5590 quando
3519 5519 3732 5592 scilicet

2128 5605 2322 5663 captus
2358 5590 2478 5655 est,
2537 5592 2806 5647 addantur
2852 5593 3009 5646 almis
3068 5592 3308 5648 sedecim
3360 5591 3543 5647 Acbaz
3598 5590 3731 5658 (hoc

2133 5675 2216 5721 est
2244 5665 2290 5721 si
2317 5665 2728 5720 consideremus
2750 5679 2857 5717 non
2885 5663 3105 5734 quando
3135 5664 3414 5722 obsessus.
3439 5663 3535 5718 sed
3561 5677 3732 5730 quan-

2133 5737 2205 5869 go
2233 5745 2426 5865 ctaptus
2458 5737 2556 5793 luit
2584 5735 2749 5809 Osee)
2776 5740 3092 5795 necessario
3114 5734 3310 5809 viginti
3342 5735 3586 5808 quinque
3611 5735 3733 5790 exi.

2176 5826 2242 5867 un
2295 5825 2444 5865 anon

2176 5817 2271 5867 unt
2295 5817 2444 5865 anni.
