4052 6508
209 406 299 465 105
752 396 1413 461 COMMENTARIORUM
1453 390 1520 455 ΙΝ
1564 392 1795 454 ISAIAM

1889 385 2266 452 ROPHETAM
2306 393 2438 453 LIB.
2481 393 2568 452 Ill.
2611 392 2765 451 CAP.
2813 391 2925 451 VII.
3388 394 3489 455 106

206 537 309 580 rum
331 519 487 593 juxta
507 527 746 591 emptam
777 518 1138 591 tropologiam
1168 514 1627 573 considerandum
1674 520 1780 581 εει,
1812 517 1858 580 Α
1890 525 1957 566 an
1984 520 2040 567 ut
2066 511 2382 582 aperiantur
2400 509 2730 578 coeliiQuod
2753 518 3049 584 utrumque
3068 510 3136 568 ad
3162 518 3345 586 typum
3369 527 3492 584 per-

205 617 334 692 quod
356 617 526 688 impio
555 616 670 687 regi
703 614 870 671 Isaias
895 614 1152 685 iubeatur
1173 610 1699 679 occurrere,exiens
1722 606 1792 663 de
1889 606 2028 663 tinet
2050 606 2245 662 mortis
2269 606 2486 661 Domini
2516 615 2572 663 et
2595 607 2943 663 ascensionis
2971 624 2984 659 :
3010 605 3116 675 Qui
3136 608 3267 661 enim
3285 606 3498 662 descen-

207 690 317 770 loco
344 725 468 774 suo,
503 726 615 766 non
648 709 702 765 in
727 707 1003 779 principio
1044 704 1421 778 aquaeductus,
1453 701 1548 759 sed
1590 702 1646 758 in
1691 715 1791 756 εκ.
1892 700 1992 769 dit,
2018 700 2129 772 ipse
2150 711 2222 756 est
2246 700 2335 773 qui
2362 713 2411 754 et
2441 701 2671 757 ascendit
2693 700 2912 775 (Ephes.
2933 717 3007 770 tv,
3036 690 3152 774 t0).
3178 700 3244 756 Et
3267 701 3321 756 in
3350 703 3494 773 Apo-

209 805 386 862 tremis
414 803 614 859 ﬁnibus
643 801 868 874 piscinae
894 799 1225 871 superioris,
1254 814 1375 870 qua:
1407 805 1529 854 erat
1569 797 1624 852 in
1663 809 1796 867 agro
1893 794 2288 867 stololegimus
2309 812 2323 849 :
2344 794 2426 851 Ne
2445 795 2641 852 diaeris
2669 796 2724 850 in
2755 796 2910 851 corde
2936 806 3045 863 tuo,
3076 797 3193 867 quis
3217 795 3245 835 ι)
3268 796 3498 853 ascendit

207 897 434 964 fullonis,
457 895 549 952 ubi
574 893 769 951 sordes
788 901 845 950 ct
872 893 1104 949 maculae
1122 892 1513 963 purgabantur.
1536 888 1795 957 Quamvis
1893 890 1949 942 in
1977 888 2162 943 caelum
2188 890 2215 943 7
2238 887 2335 943 hoc
2382 898 2459 945 est
2488 888 2752 944 Christum
2778 887 3050 946 deducere.
3086 890 3210 958 Aut,
3267 893 3380 963 quis
3406 892 3500 947 de-

207 993 339 1051 enim
367 990 554 1048 Acha:
583 997 842 1061 regnaret
869 1003 1035 1059 super
1063 987 1257 1044 ludam
1284 1003 1297 1039 :
1333 996 1514 1041 tamen
1541 984 1665 1056 quia
1695 983 1797 1039 im-
1894 979 2093 1034 scendit
2135 978 2193 1035 in
2228 978 2473 1053 abyssum
2494 981 2522 1035 .’
2550 978 2648 1034 hac
2669 989 2743 1035 est
2782 979 3045 1036 Christum
3070 982 3135 1037 de
3174 984 3388 1039 mortuis
3413 1000 3499 1039 re-

210 1085 319 1160 pius
340 1094 483 1155 erat,
506 1084 559 1141 in
590 1081 896 1153 superioris
918 1081 1145 1152 piscina:
1174 1078 1439 1136 extremis
1464 1077 1662 1133 ﬁnibus
1681 1091 1799 1132 mo-
1898 1075 2087 1132 ducere
2109 1075 2293 1147 (Rom.
2323 1092 2379 1139 x,
2412 1074 2563 1149 6,7).
2595 1075 2663 1131 Et
2689 1075 2745 1131 in
2773 1076 2884 1131 alio
2916 1076 3036 1132 loco
3064 1079 3131 1133 de
3146 1074 3364 1133 Christo
3384 1077 3500 1134 dis-

209 1181 443 1240 rabatur.
490 1179 634 1251 Ergo
662 1178 808 1233 Deus
835 1191 945 1233 non
972 1184 1082 1231 tam
1111 1177 1254 1247 regis
1292 1174 1606 1240 miseretur,
1635 1186 1797 1244 quem
1899 1182 2121 1243 putans,
2140 1171 2247 1226 ait:
2274 1170 2738 1239 Quwsitlatitudo,
2760 1180 2808 1226 et
2838 1171 3499 1242 longituda,ete:cceisum,

211 1273 485 1346 indignum
527 1269 836 1327 aestimabat
874 1267 1078 1335 salute,
1111 1282 1275 1338 quam
1308 1264 1491 1337 populi
1521 1264 1626 1321 sui.
1656 1263 1802 1319 Duas
1900 1275 1949 1321 et
1985 1266 2303 1336 profundum
2346 1267 2773 1340 supereminentis
2824 1266 3051 1321 scientia:
3099 1276 3147 1322 et
3211 1266 3505 1323 dilectionis

209 1377 378 1425 autem
412 1363 616 1422 caudas
656 1362 889 1418 torrium
918 1359 1322 1431 lumigantium,
1369 1366 1429 1414 ut
1477 1358 1630 1428 prius
1656 1356 1800 1412 dixi-
1903 1358 2100 1415 Christi
2114 1358 2339 1430 (Ephes.
2364 1357 2565 1428 ttt,18).
2590 1358 2704 1415 lloc
2731 1368 2995 1431 quantum
3014 1357 3356 1432 admysticos
3383 1376 3506 1432 per-

211 1476 345 1527 uius,
394 1467 556 1516 vocat
596 1455 922 1529 sapientiam
969 1453 1323 1521 sa'cularem,
1373 1451 1804 1520 luereticumque
1905 1454 2044 1510 tinet
2070 1453 2706 1511 intellectus.Caeterum
2742 1467 2794 1511 et
2821 1457 3001 1512 Moses
3030 1457 3242 1526 accepit
3270 1456 3421 1527 signa
3446 1457 3512 1535 de

212 1568 545 1619 sermonem,
591 1566 824 1622 quorum
878 1548 1001 1604 ﬁnis
1047 1547 1265 1605 exustio
1310 1556 1415 1603 est.
1459 1544 1561 1615 Qui
1601 1545 1805 1601 frustra
1906 1557 2077 1616 terra,
2112 1547 2184 1604 de
2209 1547 2413 1620 quibus
2444 1550 2497 1604 in
2530 1549 2768 1605 Psalmis
2798 1549 3070 1621 legimus:
3108 1548 3255 1604 Misit
3289 1549 3438 1622 signa
3464 1558 3513 1604 et

211 1647 449 1703 inierunt
476 1642 786 1707 consilium,
819 1651 880 1697 ut
905 1638 1272 1695 ascenderent
1297 1648 1485 1695 contra
1512 1635 1734 1702 Judam,
1752 1641 1809 1689 et
1907 1641 2151 1714 prodigia
2178 1642 2236 1697 in
2265 1643 2439 1699 medio
2463 1643 2561 1711 tui,
2588 1630 2820 1716 zEgypte
2845 1641 2964 1714 (Ps.
2982 1658 3201 1710 cxxxtv,
3224 1640 3300 1716 9),
3327 1658 3513 1709 ranas,

213 1740 364 1815 quasi
396 1737 766 1809 ηοκιίεειιιεω
795 1744 852 1791 ει
877 1733 1241 1790 ἀοηιὶίθιιιθῐη
1272 1739 1552 1801 caperem,
1593 1738 1649 1784 εί
1694 1727 1810 1783 θυῖε
1908 1737 2169 1805 locustas,
2226 1737 2496 1809 ciniphes,
2530 1747 2587 1794 et
2615 1738 2982 1811 emnomyiam
3015 1754 3031 1803 ;
3064 1737 3135 1793 de
3160 1736 3305 1793 caelo
3333 1742 3519 1793 autem

213 1831 848 1902 erroribuscOpularent,
872 1837 1253 1901 ponerentque
1275 1841 1439 1897 super
1466 1838 1591 1880 eum
1624 1837 1808 1895 regem
1910 1832 2232 1905 grandinem
2264 1840 2325 1889 et
2348 1832 2529 1903 ignem
2561 1840 2617 1888 et
2647 1833 2809 1888 trium
2848 1832 3063 1888 dierum
3097 1831 3374 1887 tenebras.
3401 1829 3520 1903 Ego

214 1927 382 1984 tilium
408 1924 635 1991 ‘l'aheel,
667 1922 774 1979 hoc
803 1932 909 1987 est,
961 1921 1148 1976 bonum
1178 1919 1363 1975 Deum.
1397 1916 1637 1989 Uterque
1662 1914 1809 1971 enim

1927 1941 2045 1982 reor
2073 1934 2129 1981 et
2154 1924 2469 1991 Ezechiam,
2494 1924 2716 1997 quando
2765 1925 2849 1981 sol
2873 1924 3062 1980 decem
3118 1937 3408 1993 regressus
3437 1931 3527 1979 est

222 2022 573 2081 adversarius
606 2018 749 2091 apud
781 2033 842 2075 sc
866 2016 1180 2084 veritatem,
1207 2014 1350 2086 apud
1373 2030 1433 2069 se
1458 2012 1691 2069 aestimat
1715 2026 1807 2082 op-
1919 2013 2102 2085 lineis,
2135 2017 2355 2091 signum
2407 2019 2689 2089 accepisse
2733 2018 2803 2074 de
2855 2017 2995 2075 ctelo
3028 2016 3116 2088 (ιγ
3149 2016 3280 2088 Reg.
3308 2016 3400 2087 xx)
3432 2025 3529 2073 :et

218 2118 408 2176 timum
434 2130 563 2173 esse
592 2115 922 2171 doctrinam.
953 2112 1203 2182 Denique
1224 2111 1468 2166 Marcion
1500 2107 1815 2177 haereticus,
1918 2110 2106 2167 .lesum
2139 2111 2311 2167 ﬁlium
2343 2111 2495 2168 Nave
2525 2113 2578 2168 in
2605 2111 2832 2169 Gabaon
2861 2122 2917 2168 et
2946 2110 3213 2177 llaialon,
3248 2110 3530 2167 sumtibus

218 2211 349 2267 boui
385 2210 481 2264 Dei
511 2208 706 2275 ﬁlium,
738 2208 842 2262 hoc
870 2214 975 2272 est,
1006 2204 1256 2269 alteritIS,
1297 2211 1456 2275 putat
1485 2215 1608 2257 esse
1635 2199 1821 2256 Cllris'
1923 2207 2043 2263 sole
2064 2216 2120 2264 et
2148 2206 2276 2262 luna
2309 2205 2503 2281 (Iosue
2531 2206 2621 2280 x).
2660 2208 2915 2281 Plerique
2967 2217 3183 2280 putant,
3217 2207 3440 2265 Saulem
3465 2209 3534 2264 si-

220 2314 357 2372 tum,
393 2313 581 2361 etnon
606 2302 765 2374 justi,
797 2304 956 2373 cujus
995 2301 1282 2371 Propheta:
1312 2309 1471 2365 sunt;
1506 2313 1667 2368 quem
1691 2312 1821 2353 san-
1925 2316 2095 2373 gnum
2143 2301 2423 2373 accepisse
2449 2302 2518 2360 de
2565 2311 2730 2372 terra,
2766 2314 2819 2360 et
2876 2302 2944 2360 de
2976 2303 3250 2375 profundo
3304 2304 3528 2372 inferni,
3614 2320 3615 2323 ‘

222 2398 556 2472 guinarium,
613 2395 893 2452 crudelem
947 2404 1003 2449 et
1040 2392 1283 2465 judicem
1323 2401 1503 2449 vocat.
1548 2391 1674 2447 llaec
1716 2390 1826 2447 illis
1928 2394 2148 2466 quando
2173 2394 2486 2453 Satnuelem
2522 2411 2620 2479 per
2666 2396 3071 2454 incantationes
3101 2405 3159 2453 et
3185 2407 3334 2453 artes
3363 2397 3536 2468 inagi-

223 2492 562 2558 dieentibus,
607 2489 876 2547 Dominus
925 2489 1312 2553 comminatur,
1362 2484 1507 2558 quod
1559 2500 1667 2541 non
1719 2492 1828 2542 stet
1931 2502 2027 2544 cas
2049 2489 2203 2545 visus
2231 2499 2317 2545 est
2347 2489 2882 2564 suscitasse(llieg.
2908 2491 3134 2565 xxvm).
3164 2492 3345 2550 Sedet
3369 2491 3539 2549 Jonas

225 2585 521 2645 consilium
556 2585 826 2655 ipsorum,
849 2582 945 2640 sed
973 2582 1192 2638 interim
1224 2596 1368 2637 nunc
1394 2580 1649 2652 quamdiu
1675 2595 1830 2636 mun-
1935 2580 2197 2652 propheta
2214 2581 2283 2636 de
2297 2581 2519 2654 abysso,
2546 2581 2684 2638 etde
2703 2583 2972 2652 profundo
2986 2600 3048 2640 ac
3064 2585 3255 2640 mortis
3283 2584 3538 2640 faucibus

228 2680 328 2738 dus
359 2679 470 2736 iste
509 2686 641 2744 stat,
668 2686 727 2734 et
756 2692 818 2733 ea
846 2692 967 2748 qua:
998 2675 1185 2732 mundi
1211 2684 1341 2731 sunt
1372 2676 1425 2731 in
1452 2675 1567 2731 suis
1608 2673 1828 2740 ﬁnibus,
1944 2672 2231 2743 liberatus,
2259 2675 2476 2745 signum
2506 2676 2661 2732 dedit
2686 2687 2741 2731 et
2770 2679 2977 2747 accepit
3012 2678 3206 2733 inferni
3233 2676 3422 2750 (Jama
3446 2677 3536 2750 tt).

228 2774 364 2833 etin
396 2773 514 2830 suis
540 2771 768 2828 urbibus
796 2768 1165 2825 dominentur.
1194 2765 1330 2824 Cum
1361 2776 1541 2823 autem
1572 2781 1833 2822 consum-
1940 2766 2069 2838 Legi
2104 2768 2157 2823 in
2187 2768 2475 2837 cujusdam
2521 2769 2951 2825 Commentariis
3005 2770 3158 2844 107
3184 2772 3329 2827 hunc
3358 2771 3537 2827 locum

230 2867 494 2926 matiunis
521 2876 737 2938 tempus
759 2864 1066 2932 advenerit,
1100 2863 1207 2919 hoc
1231 2871 1337 2928 est,
1366 2863 1651 2934 sexaginta
1678 2862 1841 2931 quin-
1940 2876 2040 2933 per
2065 2860 2381 2931 allegoriam
2408 2872 2788 2930 extenuatum,
2820 2873 2877 2920 nt
2925 2867 3251 2937 protundum
3283 2876 3338 2923 et
3365 2867 3544 2923 excel-

231 2975 337 3033 que
370 2959 528 3026 anni,
576 2968 633 3014 et
678 2967 788 3013 tam
822 2956 1011 3012 mundi
1052 2970 1140 3012 res
1176 2970 1301 3027 qua!
1346 2955 1401 3010 in
1429 2968 1527 3010 sex
1573 2961 1601 2991 κ
1645 2953 1842 3009 diebus
1943 2970 2063 3010 sum
2086 2957 2309 3018 αἰσθητά
2334 2961 2563 3017 εινοητὰ
2591 2957 2948 3030 intelligeret,
2979 2977 3102 3030 qua:
3131 2975 3232 3017 nos
3257 2976 3550 3032 possumus

233 3054 400 3110 factae
450 3061 601 3125 sunt,
656 3067 820 3123 quam
863 3050 1046 3107 omnia
1077 3066 1200 3121 qua:
1237 3049 1305 3104 ad
1355 3051 1596 3120 quinque
1649 3062 1845 3104 sensus
1944 3051 2211 3107 sensibiiia
2228 3052 2435 3119 dicere,
2458 3052 2908 3128 etintetligibilin,
2933 3070 3165 3125 quorum
3192 3056 3427 3112 alterum
3460 3073 3549 3112 re-

236 3150 540 3217 pertinent,
574 3147 733 3204 ﬁnem
762 3146 1100 3213 acceperint,
1150 3157 1280 3201 tunc
1307 3145 1561 3201 universa
1586 3160 1711 3202 esse
1733 3144 1844 3200 sol-
1948 3144 2129 3201 t‘ertur
2158 3145 2225 3201 ad
2255 3162 2472 3213 sensus,
2502 3147 2737 3202 alterntn
2769 3148 2837 3203 ad
2885 3160 3121 3205 mentem
3149 3163 3203 3207 et
3252 3151 3548 3208 rationem.

239 3241 449 3307 venda,
500 3257 618 3314 qua:
667 3239 906 3312 gentiles
954 3250 1010 3295 et
1054 3238 1297 3295 hzrrctici
1335 3237 1519 3293 futura
1572 3253 1681 3293 non
1724 3252 1849 3294 cre-
1950 3240 2230 3312 Virginem
2258 3256 2475 3313 quoque
2532 3243 2924 3312 interpretatur
2954 3246 3217 3314 animam,
3248 3262 3370 3318 qua:
3400 3247 3552 3301 nulla

238 3333 404 3402 dunt,
450 3344 507 3389 et
554 3342 778 3405 propter
826 3332 1205 3390 inﬁdelitatem
1251 3348 1361 3389 non
1389 3333 1701 3405 intelligunt
1724 3348 1848 3403 qua:
1875 3324 1924 3389 C
1955 3335 2163 3406 peccati
2187 3344 2444 3405 corrupta
2467 3345 2552 3392 est
2579 3337 2913 3393 conscientia
2935 3377 2952 3405 ,
2972 3348 3027 3393 et
3054 3348 3235 3409 potest
3258 3341 3328 3395 de
3350 3354 3409 3394 se
3435 3340 3551 3396 lim-

241 3426 530 3485 dicuntur.
1953 3429 2194 3497 manuel,
2228 3430 2497 3486 nobiscum
2533 3429 2720 3500 Deum,
2756 3431 2807 3487 id
2833 3442 2942 3499 est,
2978 3445 3308 3504 pra-sentem
3342 3434 3435 3491 Dei
3464 3451 3560 3506 ge-

315 3521 511 3596 (Vcrs.
542 3521 634 3589 10,
666 3520 782 3594 Η.)
815 3520 883 3576 Et
908 3519 1101 3596 adjecit
1122 3519 1379 3577 Dominus
1407 3521 1547 3593 loqui
1569 3521 1639 3576 ad
1666 3520 1846 3576 Acha:
1954 3537 2153 3579 nerare
2204 3536 2538 3578 sermonem.
2562 3523 2671 3581 Sed
2705 3540 2807 3580 nos
2838 3524 3013 3581 elixas
3042 3526 3166 3599 agni
3222 3542 3418 3584 carnes
3451 3545 3557 3582 nou

244 3620 429 3676 dicens
455 3635 476 3674 :
501 3617 628 3674 Pete
649 3617 740 3672 tibi
766 3617 1024 3687 signuma
1052 3614 1280 3683 Domina
1307 3615 1414 3672 Deo
1448 3617 1609 3671 tuoin
1638 3618 1854 3687 prafun-
1955 3615 2297 3672 comedimus
2328 3614 2526 3688 (Exod.
2559 3615 2679 3689 xu),
2714 3633 2905 3675 verum
2937 3635 3111 3689 assas,
3144 3631 3200 3676 et
3223 3637 3346 3692 qua:
3373 3622 3425 3677 in
3460 3639 3557 3677 nu-

244 3716 378 3771 dum
406 3713 619 3783 inferni,
635 3712 742 3768 sive
756 3712 811 3767 in
833 3710 1094 3766 excelsum
1119 3710 1411 3778 ταυτα.ρυί
1433 3711 1585 3779 prius
1601 3726 1698 3780 per
1730 3725 1857 3782 pro-
1958 3709 2042 3765 bis
2071 3710 2287 3781 possint
2340 3725 2533 3767 omnes
2580 3714 2929 3782 voluptatum
2975 3714 3183 3771 siccare
3211 3716 3455 3787 pituitas,
3491 3732 3559 3771 ne

247 3809 483 3880 phetam
510 3804 895 3878 locutuslos
922 3802 1188 3860 iueratad
1217 3803 1400 3859 Achaz
1424 3820 1437 3856 :
1457 3802 1582 3858 Vide
1596 3811 1651 3858 ut
1678 3803 1854 3871 sileas,
1959 3816 2364 3862 sacramentum
2398 3805 2524 3861 ﬁdei
2554 3816 2781 3875 nostrai,
2811 3807 2941 3864 dum
2977 3808 3097 3880 plus
3125 3811 3369 3882 sapimus
3398 3827 3559 3882 quam

248 3901 366 3957 noti
388 3903 589 3963 timere,
606 3906 666 3954 et
693 3905 893 3953 caetera
914 3914 929 3951 :
952 3896 1049 3953 illo
1078 3911 1189 3952 non
1217 3895 1499 3963 credente,
1526 3904 1587 3951 et
1605 3895 1728 3951 ideo
1748 3910 1859 3951 non
1962 3908 2182 3971 oportet
2203 3913 2420 3969 sapere,
2442 3900 2805 3971 negligamus.

258 3992 639 4066 intelligente,
685 3992 802 4062 ipse
846 3992 1089 4064 loquitur
1118 3991 1185 4047 ad
1216 3986 1400 4047 Achaz
1431 4008 1446 4046 :
1472 3998 1533 4046 ut
1556 3991 1749 4046 saltem
1767 4005 1864 4045 au-
2037 3991 2221 4064 (Vers.
2258 3991 2377 4062 12.)
2410 3990 2479 4046 Et
2535 3991 2669 4047 dixit
2700 3993 2874 4048 Acha:
2923 4008 2943 4049 :
2976 3991 3100 4049 Non
3146 4004 3336 4066 petant,
3366 4006 3417 4053 et
3462 4015 3564 4052 uou

252 4090 521 4147 ctoritate
538 4085 752 4143 Domini
778 4086 998 4143 territus
1013 4085 1280 4156 suscipiat
1297 4100 1420 4157 qute
1439 4083 1864 4152 dicuntur.Quia
1967 4086 2171 4143 tentabo
2200 4086 2504 4141 Dominum.
2527 4085 2646 4143 Non
2676 4098 2698 4125 ο
2728 4086 3062 4145 humilitatis
3110 4097 3216 4158 est,
3248 4090 3346 4146 sed
3371 4106 3569 4163 super-

255 4184 384 4248 tibi,
412 4180 612 4254 inquit,
640 4180 860 4236 videtur
887 4194 1012 4237 esse
1037 4178 1284 4245 difﬁcile,
1309 4177 1458 4250 quod
1487 4192 1650 4249 regna
1672 4186 1869 4249 poten-
1969 4179 2097 4243 bim,
2139 4177 2283 4249 quod
2320 4194 2434 4234 non
2486 4177 2608 4233 vult
2636 4177 2854 4251 signum
2902 4194 2932 4235 a
2977 4178 3210 4236 Domino
3264 4176 3567 4253 postulare.

164 4330 171 4335 .
256 4276 481 4334 tissima
513 4274 666 4332 brevi
695 4283 949 4344 tempore
1000 4271 1244 4329 ﬁnienda
1275 4280 1424 4339 sunt,
1454 4279 1512 4327 et
1533 4281 1589 4326 tu
1616 4285 1740 4327 cum
1773 4285 1870 4343 po-
1971 4272 2311 4345 Quamqnam
2327 4271 2471 4327 enim
2487 4272 2753 4342 scriptum
2778 4272 2850 4328 sit
2871 4274 2925 4328 in
2954 4272 3381 4330 Deuteronomio
3404 4292 3418 4330 :
3445 4273 3571 4330 Non

263 4371 405 4443 pulo
459 4378 554 4424 tuo
596 4367 666 4424 de
717 4380 918 4439 magno
963 4363 1212 4437 periculo
1260 4363 1553 4433 libereris;
1597 4372 1723 4436 pete
1773 4363 1872 4421 tibi
1975 4369 2193 4425 tentabis
2225 4367 2511 4423 Dominum
2555 4365 2727 4421 Deum
2750 4356 2898 4422 tuum
2928 4366 3110 4441 (Deut.
3134 4384 3208 4436 v1,
3242 4367 3357 4441 16),
3390 4378 3443 4425 et
3470 4368 3575 4425 hoc

259 4465 514 4539 signum,
530 4475 875 4535 nequaquam
897 4460 967 4516 ab
996 4459 1436 4531 idolis,qunrnm
1454 4472 1647 4514 errore
1673 4459 1875 4515 retine-
1976 4472 2168 4519 contra
2191 4460 2466 4518 diabolum
2484 4460 2737 4517 Salvator
2763 4476 2895 4519 usus
2922 4464 2992 4517 sit
3011 4462 3325 4519 testimonio
3354 4462 3575 4533 (Matth.

258 4561 375 4626 ris,
394 4558 491 4615 sed
519 4574 551 4613 a
578 4557 812 4613 Domino
842 4556 955 4612 Deo
976 4565 1070 4611 tuo
1097 4554 1192 4627 qui
1224 4552 1322 4609 tibi
1350 4553 1619 4609 auxilium
1652 4551 1879 4623 pollice—
1977 4554 2055 4628 tv)
2092 4572 2107 4610 :
2137 4562 2320 4610 tamen
2344 4554 2532 4624 jussus
2561 4563 2623 4609 ut
2651 4562 2884 4625 peteret,
2917 4553 3229 4610 obedientia
3262 4553 3455 4610 debuit
3483 4572 3577 4611 cx-

265 4660 390 4720 tur,
404 4660 463 4707 et
487 4652 664 4723 ipsum
689 4649 908 4721 signum
936 4645 1180 4718 optionis
1198 4655 1305 4701 tua:
1319 4652 1407 4702 est
1428 4643 1570 4699 unde
1601 4644 1874 4714 postulas,
1982 4650 2135 4720 plere
2153 4658 2505 4720 praeceptum,
2520 4647 2830 4719 praesertim
2848 4663 2970 4703 cum
2995 4658 3053 4704 et
3071 4647 3294 4705 Gedeon
3314 4662 3367 4707 et
3386 4650 3582 4709 Manna

264 4745 395 4802 sive
423 4743 493 4799 de
534 4740 831 4813 profundo,
882 4740 1001 4796 sive
1047 4738 1115 4794 de
1159 4738 1403 4794 excelso.
1435 4736 1589 4806 Quod
1617 4752 1740 4792 cum
1772 4736 1879 4793 soli
1905 4726 1956 4787 Ι)
1982 4741 2195 4814 signum
2211 4741 2470 4812 petierint
2493 4751 2545 4797 et
2565 4739 3585 4814 acceperittt(ludic.vtetxtn).Quam-

264 4837 635 4911 Septuaginta
668 4834 932 4901 dixerint,
965 4834 1150 4890 caeteri
1178 4832 1329 4904 juxta
1361 4831 1688 4887 Hebraicum
1720 4831 1890 4903 signi-
1984 4852 2148 4909 quam
2173 4835 2329 4907 juxta
2363 4834 2574 4891 llebrzei
2604 4834 2878 4890 sermonis
2923 4836 3359 4905 ambiguitatem,
3392 4838 3445 4892 in
3478 4856 3587 4905 quo

272 4932 546 4990 ﬂcantius
568 4928 1076 4996 transtulerunt,de
1091 4916 1357 5000 profundo
1381 4927 1591 4998 inferni.
1608 4926 1753 4998 Ergo
1776 4926 1888 4983 sic-
1988 4928 2254 4999 scriptum
2278 4937 2363 4984 est
2390 4942 2496 4984 uso
2522 4942 2722 4984 amasse
2739 4924 2766 4964 (ί
2794 4943 2991 4984 ADUNAI
3017 4926 3158 5001 (mra
3184 4940 3268 4990 ns:
3287 4940 3435 4991 nam
3448 4914 3591 5005 μὴ),

269 5035 341 5084 ut
372 5023 701 5097 profundum
751 5023 1024 5079 infernum
1052 5021 1354 5094 signiﬁcat;
1386 5022 1458 5077 ita
1480 5021 1758 5079 excelsum
1790 5035 1885 5077 su-
1989 5032 2255 5077 etomnes
2293 5019 2549 5075 similiter
2588 5019 3006 5086 transtulerunt,
3034 5037 3136 5075 non
3175 5021 3377 5077 tentabo
3407 5022 3591 5078 Dami-

268 5135 383 5191 pra
416 5116 592 5174 C(BIOS
639 5115 950 5187 intelligere
979 5115 1246 5171 debemus
1272 5134 1286 5168 :
1318 5123 1376 5171 ut
1425 5130 1548 5171 cum
1575 5115 1643 5171 de
1674 5113 1891 5170 inferno
1992 5131 2138 5182 num,
2158 5112 2331 5185 possit
2357 5112 2601 5184 legi,non
2626 5111 2871 5168 exaltabo
2887 5110 3189 5169 Dominum.
3209 5115 3592 5172 Sciebateuim

267 5214 407 5271 sive
428 5211 497 5269 de
523 5209 747 5268 excelso
773 5210 992 5281 signum
1022 5207 1536 5280 acceperis,credas
1559 5207 1744 5263 futura
1772 5223 1892 5278 qua:
1999 5223 2098 5264 rex
2132 5208 2331 5276 impius
2389 5207 2537 5278 quod
2568 5208 2614 5263 si
2646 5207 2860 5278 signant
2893 5218 3128 5280 peteret,
3164 5220 3485 5281 accepturus
3511 5225 3598 5266 es—
3694 5200 3703 5219 ¹

272 5306 433 5365 dixi.
461 5305 578 5372 Vis,
611 5303 810 5376 inquit,
842 5313 902 5358 ut
930 5302 1212 5359 srindatur
1242 5312 1410 5367 terra,
1444 5313 1498 5357 et
1523 5300 1717 5373 grandi
1746 5301 1892 5357 hiatu
1999 5310 2108 5367 set,
2135 5309 2190 5356 et
2210 5298 2614 5371 gloriﬁcaretur
2654 5299 2937 5357 Dominus.
2972 5301 3119 5374 Ergo
3146 5303 3302 5374 quasi
3327 5303 3598 5359 idolorum

273 5401 458 5461 inferi
493 5407 740 5471 pateant,
787 5397 882 5470 qui
914 5397 966 5453 in
1005 5397 1174 5454 corde
1214 5404 1379 5454 terrae
1418 5411 1544 5454 esse
1590 5396 1891 5455 dicuntur:
2000 5395 2199 5462 cultor,
2221 5393 2315 5465 qui
2348 5394 2400 5449 in
2427 5393 2687 5450 omnibus
2716 5394 2930 5467 angulis
2948 5394 3250 5466 platearum
3280 5394 3419 5451 etin
3447 5410 3606 5452 mon-

365 5551 401 5580 ⁸
430 5541 609 5596 Malim
631 5538 915 5612 exYatic.,
936 5554 1054 5612 qua:
1073 5538 1128 5594 in
1146 5554 1238 5593 sex
1263 5535 1407 5592 mille
1428 5536 1739 5612 annisfacta
1760 5544 1904 5612 sunt;
2011 5533 2324 5612 Ancorator
2339 5532 2483 5612 quod
2505 5532 2959 5612 [actumpasilins
2986 5540 3158 5612 putat.
3174 5546 3243 5612 ne
3263 5532 3606 5612 mandatum,

278 5612 520 5672 videtur
548 5614 697 5668 enim
725 5611 796 5667 de
823 5601 1177 5674 ﬁne'rerum,
1210 5625 1335 5681 quae
1366 5626 1395 5665 a
1431 5601 1634 5681 mundo
1655 5601 1899 5681 condito,
2006 5622 2111 5681 non
2131 5601 2658 5681 tentabispominum
2702 5602 2870 5681 Deum
2916 5604 3335 5681 tuuntviolaret.
3364 5601 3615 5681 Consen-

280 5686 452 5761 adjd
480 5700 654 5761 usque
671 5684 940 5755 temporis
961 5686 1115 5761 tacut:
1134 5675 1261 5737 sunt
1287 5680 1773 5754 juxtaGrtecorum
1796 5678 1910 5735 cal-
2011 5679 2154 5761 tiunt
2197 5692 2332 5732 vero
2360 5677 2700 5761 Hieronymo
2726 5678 2975 5748 plerique
3007 5675 3122 5743 alii,
3156 5687 3212 5732 et
3260 5691 3384 5733 cum
3411 5679 3611 5749 primis

282 5759 466 5817 culos
491 5749 656 5829 vulgo
676 5749 955 5829 acceptos,
982 5749 1304 5829 dissereref
1678 5826 1694 5829 Α
2014 5749 2371 5829 Hebraeorum
2404 5750 2669 5829 magistri.

376 5830 414 5871 ι)
469 5817 630 5886 Juxta
686 5817 952 5884 Gra'cuttt
998 5828 1319 5889 ἀναϐήσεται
1381 5831 1468 5886 καὶ
1532 5826 1912 5891 καταϐήσεται,

2088 5819 2117 5861 ἀ
2148 5821 2208 5877 ln
2243 5817 2785 5894 llebrzeo,'ut,vides,
2813 5817 3078 5874 articulus
3127 5834 3344 5894 quoque
3394 5831 3480 5884 nu
3504 5824 3609 5894 eth,

285 5903 578 5966 ascendet,
612 5909 661 5956 et
682 5900 974 5956 descendet.
2019 5894 2258 5963 additur,
2291 5909 2453 5966 quem
2476 5892 2842 5966 Hieronymus
2869 5892 3261 5963 praetermittit.

381 5985 417 6018 ο
438 5975 693 6033 Attamen
723 5971 1053 6028 humilitatis
1085 5971 1255 6029 luisse
1281 5970 1473 6030 statuit
1502 5969 1843 6044 Epiphanius
1864 5969 1921 6026 in

684 6066 963 6129 Pauor“
1010 6064 1250 6129 XXIV.
2985 6056 3023 6123 te
