4052 6464
506 328 612 391 107

1765 332 1824 391 s.
1868 311 2151 393 unseen
2186 331 2567 395 HIERONYMI

3710 334 3821 394 108

500 451 650 507 tibus
694 448 943 519 lucisque
992 448 1304 504 nemorosis
1350 461 1477 505 aras
1505 432 1894 517 constituerat,
1928 458 1984 505 et
2015 463 2113 519 pro
2141 450 2197 512 Α
2218 453 2433 523 signum
2459 453 2661 523 poterit
2689 450 2979 522 appellari,
3006 465 3130 509 cum
3149 449 3255 506 hoc
3286 463 3485 507 nomen
3515 449 3693 506 aetatis
3714 450 3815 516 sit,

502 545 711 602 Levitis
748 543 982 600 habebat
1035 542 1333 612 fanaticos;
1368 558 1474 600 nou
1526 544 1644 602 vult
1690 545 1905 617 signum
1928 552 2116 619 petere

505 643 651 714 quod
687 650 1021 713 praeceptum
1056 649 1164 695 est.

578 735 761 807 (Vera.
814 734 928 804 15.)
958 732 1025 789 Et
1055 733 1208 802 dixit,
1254 734 1431 789 audite
1484 750 1632 805 ergo,
1660 733 1847 789 domus
1892 732 2066 789 David
2096 749 2113 788 :

506 828 781 901 Numquid
826 846 1011 904 parum
1069 827 1211 885 vobis
1252 838 1327 884 est
1370 829 1612 887 inolesms
1651 845 1763 884 esse
1793 829 2113 898 hominibus,

500 928 626 997 quia
659 924 861 979 molesti
882 924 1004 979 estis
1020 932 1068 979 et
1093 921 1205 978 Deo
1230 924 1370 978 meo?
1400 924 1535 994 Quis
1566 931 1652 980 est
1677 922 1786 980 iste
1813 924 1904 997 qui
1935 922 2112 981 dixit:

507 1020 700 1074 Audite
728 1034 871 1092 ergo,
896 1017 1081 1072 domus
1105 1017 1278 1072 David
1301 1018 1326 1072 ?
1354 1016 1707 1089 Nequaquam
1736 1016 1880 1072 Deus
1901 1017 1994 1089 qui
2025 1022 2117 1072 sit-

506 1131 604 1187 pra
637 1114 703 1170 ad
729 1112 915 1169 Achuz
942 1112 1189 1168 dixerat:
1218 1109 1347 1167 Pete
1379 1112 1471 1167 tibi
1493 1109 1985 1184 signumaDomino
2004 1110 2116 1166 Deo

509 1221 635 1278 tuo;
664 1207 760 1263 scd
784 1205 1082 1277 Propheta,
1109 1214 1169 1261 ut
1198 1221 1263 1261 es
1296 1205 1755 1277 consequentibus
1783 1205 2115 1276 comproba-

510 1307 601 1354 tur
634 1318 647 1354 :
679 1299 818 1367 Quia
849 1297 1051 1353 molesti
1106 1297 1226 1353 estis
1271 1307 1320 1352 et
1350 1296 1458 1352 Deo
1481 1313 1614 1351 meo.
1646 1295 1715 1353 Et
1744 1306 1826 1352 est
1874 1310 2069 1351 sensus
2101 1312 2114 1348 :

510 1394 638 1465 quia
670 1408 778 1449 non
825 1393 999 1448 Solum
1047 1391 1345 1464 prophetas
1376 1390 1770 1465 persequimini
1790 1433 1804 1457 ,
1835 1400 1892 1449 et
1922 1405 2115 1471 eorum

507 1484 656 1542 dicta
686 1487 1072 1552 contemnitis;
1105 1485 1201 1541 sed
1247 1494 1304 1541 et
1333 1485 1621 1557 praesentis
1652 1494 1710 1542 et
1730 1484 1977 1558 jubentis
2020 1484 2117 1541 Dei

508 1581 807 1637 sententia:
825 1579 1234 1648 contradicitis;
1262 1582 1337 1634 ita
1359 1590 1415 1635 ut
1443 1562 1492 1637 ei
1517 1580 1825 1637 exhibeatis
1846 1579 2117 1649 laborem,

509 1675 601 1744 qui
637 1674 691 1728 in
719 1674 829 1729 alio
849 1674 974 1729 loco
998 1673 1109 1728 ait:
1147 1674 1307 1748 108
1332 1671 1589 1729 Laboraui
1611 1676 1870 1730 sustinens
1892 1671 2048 1743 (Isai.
2078 1690 2114 1742 ι,

507 1765 626 1839 14),
644 1765 850 1823 idcirco
866 1767 1128 1823 Dominus
1148 1767 1313 1823 faciet
1328 1783 1450 1840 qua:
1467 1775 1787 1839 sequuntur.
1813 1767 1921 1822 Pro
1946 1767 2121 1823 labore

2218 563 2327 605 non
2357 546 2732 618 integritatis?
2765 546 2833 603 Et
2856 561 3068 613 revera,
3096 554 3153 601 ut
3173 560 3297 601 cum
3326 543 3533 601 Judaais
3561 543 3822 601 contera-

2217 655 2339 698 mus
2370 640 2589 711 pedem,
2605 648 2662 698 et
2682 654 3025 711 nequaquam
3046 638 3392 695 contentiosa
3413 636 3543 692 fune
3570 636 3822 707 praebea-

2217 750 2339 795 mus
2369 734 2449 791 eis
2478 734 2652 789 risum
2692 742 2894 791 nostra:
2917 730 3226 803 imperitiae,
3250 733 3406 802 virgo
3434 729 3705 786 Hebraice
3720 745 3825 786 BE-

2217 844 2398 891 ruuu
2434 810 2653 903 (πιπτει)
2684 826 3154 897 appellantnon
3182 826 3236 882 iu
3266 826 3526 895 pruenti
3560 824 3820 903 loconon

2217 899 2478 980 scribitur
2495 939 2508 976 :
2525 921 2621 981 sed
2647 934 2746 991 pro
2765 921 2865 979 hoc
2889 918 3317 989 verbopositum
3331 899 3818 990 attritum),

2217 1016 2365 1090 quod
2395 1025 2597 1086 praeter
2639 1012 2786 1072 LXX
2815 1029 3005 1071 omnes
3036 1012 3478 1069 adulescentulust
3521 1012 3825 1067 transtule-

2218 1120 2369 1167 runt.
2402 1108 2580 1167 Porro
2603 1124 2748 1167 sun
2777 1107 2919 1179 apud
2936 1122 3045 1163 eos
3075 1106 3303 1163 verbum
3356 1106 3671 1177 ambiguum
3692 1113 3823 1162 est:

2218 1202 2421 1263 dicitur
2475 1202 2625 1259 enim
2673 1210 2729 1257 et
2781 1197 3172 1259 adolescentulo
3200 1240 3215 1263 ,
3256 1207 3317 1255 et
3346 1198 3653 1253 abscondita
3686 1241 3703 1265 ,
3766 1196 3823 1253 id

2219 1306 2325 1361 est,
2359 1296 2772 1370 ἁπόκρυφος.....
2809 1292 2966 1350 Unde
3013 1302 3070 1349 et
3117 1293 3172 1348 iu
3223 1292 3381 1348 titulo
3435 1292 3630 1362 psalmi
3662 1293 3823 1370 npni,

2224 1388 2385 1461 109
2409 1360 2505 1443 ubi
2527 1360 2581 1443 iii
2611 1385 2843 1443 Hebraeo
2868 1387 3103 1453 positum
3126 1392 3211 1440 est
3237 1392 3263 1421 ⁸
3280 1360 3531 1440 austera
3559 1360 3822 1453 (mn‘nt),

2219 1482 2403 1538 cmteri
2459 1480 2795 1547 luterpretes
2859 1478 3300 1544 transtulerunt,
3368 1494 3462 1547 pro
3517 1475 3826 1531 adolescen-

2221 1574 2324 1642 tia,
2373 1572 2516 1643 quod
2550 1571 2696 1629 LXX
2736 1571 3079 1642 interpretati
3131 1579 3291 1637 sunt,
3337 1587 3431 1639 pro
3478 1569 3822 1624 absconditis.

2223 1669 2291 1726 Et
2322 1669 2375 1725 in
2394 1667 2596 1724 Genesi
2624 1667 2881 1739 legimus:
2903 1666 2995 1722 ubi
3029 1664 3277 1721 Rebecca
3309 1663 3510 1720 dicitur
3531 1664 3672 1719 alma
3699 1660 3830 1734 (Ge-

2222 1781 2334 1822 nes.
2363 1761 2538 1834 sxw),
2563 1761 2819 1833 Aquilam
2841 1777 2948 1818 non
2970 1757 3429 1827 adolescentulam,
3463 1773 3565 1814 nec
3590 1755 3826 1828 puellam

510 1868 569 1917 et
597 1861 855 1928 molestia,
882 1861 1027 1930 quod
1058 1862 1255 1932 Aquila
1293 1870 1348 1916 et
1404 1860 1769 1934 Symmachus
1819 1859 2113 1929 transtnlc-
2149 1855 2196 1919 Β
2224 1858 2319 1915 sed
2341 1856 2692 1913 absconditam
2722 1855 3090 1911 transtulisse.
3124 1852 3424 1910 Suuamitis
3448 1866 3665 1924 quoque
3698 1868 3826 1907 mu-

508 1966 657 2026 runt,
691 1957 834 2013 LXX
868 1968 924 2015 et
950 1958 1257 2015 Theodotio
1292 1976 1512 2032 agonem
1571 1960 1918 2031 interpretati
1968 1968 2120 2026 sunt,

512 2048 569 2105 id
600 2060 702 2117 est,
738 2051 931 2106 luctum
966 2062 1132 2125 atque
1176 2063 1455 2119 certamen,
1485 2051 1609 2124 quia
1655 2051 1986 2108 contentiosi
2009 2068 2119 2109 non

516 2145 813 2217 subjiciunt
864 2147 1063 2203 collum
1096 2146 1312 2203 Domini
1336 2147 1613 2216 servituti,
1643 2148 1739 2204 sed
1767 2146 1864 2202 illo
1892 2147 2124 2204 vulnera

518 2252 716 2294 eorum
748 2239 971 2296 volente
1023 2255 1241 2307 curare,
1274 2250 1542 2312 reSpuant
1571 2242 1889 2297 sanitatem.
1921 2240 1988 2295 Et
2018 2239 2123 2297 hoc

520 2330 845 2397 notandum,
880 2331 1028 2403 quod
1058 2331 1241 2388 Achaz
1274 2348 1404 2404 rege
1435 2332 1765 2404 impiissimo
1795 2333 2021 2388 nolente
2049 2332 2126 2389 si-

516 2437 683 2495 gnum
717 2432 927 2496 petere,
961 2439 1147 2480 sermo
1179 2425 1533 2496 propheticus
1563 2424 1630 2479 ad
1659 2423 1880 2480 domum
1929 2425 2118 2495 David,

513 2516 623 2574 hoc
646 2527 748 2587 est,
766 2518 834 2573 ad
862 2518 1060 2573 tribum
1086 2520 1295 2590 regiam
1332 2528 1700 2589 convertatur,
1720 2519 1792 2575 de
1821 2536 1927 2593 qua
1959 2536 2121 2592 supra

511 2612 779 2682 legimus:
804 2611 873 2667 Et
898 2613 1265 2668 nuntiaverunt
1286 2613 1396 2668 lucc
1422 2613 1605 2669 domui
1632 2612 1826 2683 David,
1854 2616 2081 2673 dicentes
2101 2633 2121 2672 :

514 2704 897 2761 Consenserunt
930 2704 1089 2778 Syria
1118 2715 1167 2760 et
1188 2704 1467 2776 bphraim.

594 2800 778 2873 (Vers.
806 2798 923 2871 14.)
965 2799 1246 2869 Propterea
1267 2799 1415 2854 dabit
1442 2800 1696 2873 Dominus
1740 2801 1853 2874 ipse
1877 2801 2018 2856 vobis
2043 2802 2121 2857 sic

517 2909 699 2965 gnum.
735 2892 866 2949 Ecce
898 2892 1055 2963 Virgo
1080 2895 1332 2966 concipiet
1353 2904 1403 2951 et
1429 2896 1617 2965 pariet,
1643 2906 1690 2950 et
1720 2895 1920 2955 vocabis
1937 2912 2123 2953 nomen

512 2990 626 3060 ejus
656 2985 989 3041 Emmanuel.
1019 2984 1371 3059 Nequaquam
1395 2986 1692 3044 multifarie
1718 2989 1875 3058 juxta
1896 2996 2119 3065 aposto-

511 3081 625 3137 lum
659 3082 914 3147 Paulum,
947 3090 1003 3136 et
1030 3082 1216 3137 multis
1260 3082 1436 3137 modis
1466 3082 1723 3153 loquetur
1755 3082 1897 3138 Deus
1926 3080 2119 3153 (Hebr.

514 3176 556 3248 ι)
589 3194 603 3243 ;
636 3191 742 3232 nec
765 3176 920 3246 juxta
951 3175 1124 3231 alium
1179 3175 1502 3245 prophetam
1535 3175 1708 3242 (Osee
1740 3174 1887 3248 xu),
1920 3174 1973 3229 in
2009 3191 2122 3230 ma-

2224 1955 2344 2021 livr,
2379 1953 2588 2010 amisso
2610 1950 2747 2018 lilio,
2769 1966 2893 2007 cum
2925 1950 3102 2006 ΕΗεωὶ
3141 1949 3338 2005 luisset
3371 1948 3597 2018 pedibus
3625 1963 3828 2018 provo-

2223 2045 2360 2112 luta,
2387 2055 2442 2103 ct
2465 2044 2777 2116 prohiberet
2804 2058 2925 2099 eam
2953 2042 3090 2109 leui,
3130 2042 3283 2098 audit
3311 2057 3340 2095 a
3381 2040 3693 2112 Propheta:
3720 2039 3827 2096 Di-

2222 2142 2364 2197 mitte
2390 2157 2525 2207 eam,
2551 2140 2672 2210 quia
2688 2139 2744 2197 in
2768 2138 2947 2194 dolore
2989 2149 3087 2206 est,
3126 2147 3177 2193 et
3206 2138 3459 2192 Dominus
3502 2137 3772 2192 abscondit
3790 2156 3825 2191 α

2223 2241 2418 2311 me(lV
2448 2239 2576 2313 Reg.
2608 2256 2683 2307 tv,
2714 2238 2829 2309 ετ).
2855 2238 2962 2294 Pro
3006 2252 3074 2293 eo
3111 2237 3258 2308 quod
3289 2238 3341 2290 in
3364 2236 3560 2292 Latino
3596 2234 3821 2300 dicitur,

2223 2333 2541 2393 abscondita
2561 2350 2658 2399 me,
2686 2333 2741 2387 in
2773 2331 3006 2388 llebrteo
3029 2330 3296 2400 scriptum
3319 2338 3427 2395 est,
3467 2343 3636 2384 εειηι
3680 2344 3826 2384 qu-

2225 2431 2427 2499 ΙΕΒΝΙ(
2446 2433 2595 2486 um:
2622 2409 2860 2497 ον’-Νη).
2902 2424 3047 2495 Ergo
3072 2425 3261 2491 abna,,
3292 2438 3399 2478 non
3436 2421 3612 2477 solum
3648 2423 3823 2490 puella

2225 2524 2312 2581 vel
2334 2523 2496 2593 virgo,
2531 2521 2628 2579 sed
2656 2534 2780 2577 cum
2809 2519 3043 2576 ἐπιτάσει
3070 2517 3217 2588 uirgo
3231 2515 3531 2571 abscondita
3558 2513 3766 2569 dicitur
3792 2513 3819 2553 ι

2224 2625 2280 2673 et
2303 2624 2520 2683 secreta,
2552 2629 2673 2685 qua:
2699 2627 2992 2682 numquam
3033 2610 3273 2669 virorum
3316 2611 3550 2681 patuerit
3587 2611 3824 2681 aspecti-

2226 2711 2359 2776 bus;
2398 2709 2494 2767 scd
2536 2724 2731 2780 magna
2768 2715 3053 2778 parentum
3091 2704 3373 2777 diligentia
3411 2705 3689 2762 custodita
3727 2707 3819 2763 sit.

2225 2803 2432 2875 Ungue
2461 2779 2677 2873 «tuoque
2696 2801 2922 2867 Punica,
2962 2816 3084 2871 qua:
3106 2798 3179 2854 de
3200 2799 3549 2855 Hebraeorum
3582 2779 3822 2855 fontibtis

2226 2914 2450 2959 manare
2477 2896 2679 2955 dicitur
2709 2896 2817 2969 (Al.
2839 2892 3098 2967 ducitur),
3128 2894 3348 2965 proprie
3371 2894 3523 2965 virgo
3550 2895 3693 2949 atina
3722 2910 3823 2964 ap-

2224 2993 2475 3065 pellatur.
2533 2991 2602 3048 Et
2654 3000 2715 3048 ut
2770 2991 2941 3046 risum
2983 2988 3325 3069 praebeamus
3359 2988 3586 3057 Iudaeis,
3624 2999 3819 3046 nostro

2229 3101 2444 3156 quoque
2464 3099 2718 3143 sertnone
2746 3083 2909 3151 alma,
2945 3091 3131 3138 sancta
3156 3081 3380 3138 dicitur.
3405 3092 3429 3122 ο
3450 3080 3823 3153 Omniumque

2226 3194 2365 3249 pene
2394 3179 2697 3250 linguarum
2721 3177 2902 3234 verbis
2916 3185 3144 3232 utuntur
3165 3175 3379 3231 Hebraei
3409 3194 3424 3232 :
3460 3182 3518 3230 ut
3560 3186 3650 3232 est
3684 3175 3818 3232 illud

515 3270 681 3326 nibus
713 3268 1106 3340 prophetarum
1162 3270 1559 3326 assimilubitur
1589 3287 1603 3337 ;
1633 3269 1731 3326 sed
1762 3270 1851 3339 qui
1887 3278 2015 3326 ante
2042 3270 2123 3326 lo-
2149 3249 2197 3314 Ο
2226 3272 2279 3329 in
2301 3269 2529 3331 Cantica
2543 3269 2889 3331 Canticorum
2918 3266 3097 3341 (Cant.
3122 3266 3277 3335 uult)
3312 3267 3383 3322 de
3407 3267 3600 3324 ϐεδερο
3620 3276 3826 3345 φορεῖον

515 3366 788 3436 quebatur
811 3380 909 3435 per
930 3366 1093 3429 alios,
1119 3364 1425 3437 dicetipse,
1458 3365 1641 3420 adsum
1672 3363 1875 3438 (Infra,
1902 3362 2021 3436 58).
2050 3365 2124 3421 De

520 3473 632 3533 quo
652 3470 704 3515 et
731 3458 944 3529 Sponsa
981 3459 1210 3530 rogabat
1247 3460 1300 3514 in
1337 3457 1569 3515 Cantico
1595 3457 1949 3517 Canticorum
1981 3474 1995 3511 :
2029 3456 2127 3512 0s-

519 3552 727 3607 culetur
756 3569 835 3608 me
860 3553 1038 3608 osculo
1068 3554 1173 3607 oris
1201 3553 1285 3609 sui
1315 3551 1489 3625 (Cant.
1512 3570 1552 3619 ι,
1576 3551 1654 3624 2).
1688 3551 1955 3609 Dominus
1976 3551 2122 3608 enim

513 3645 777 3701 virtutum
802 3645 920 3717 ipse
941 3655 1021 3701 cst
1046 3661 1141 3701 rex
1169 3644 1357 3714 gloria:
1380 3644 1499 3717 (Ps.
1536 3661 1693 3712 xxut,
1730 3645 1818 3716 lit)
1845 3664 1856 3700 :
1890 3646 2007 3716 ipse
2032 3645 2127 3700 de-

514 3742 813 3798 scendetin
848 3752 1067 3797 uterum
1095 3740 1443 3812 virginalem,
1467 3751 1520 3796 et
1541 3740 1882 3813 ingredietur
1899 3752 1951 3798 et
1971 3757 2129 3812 egre-

517 3835 699 3890 dietur
744 3832 1084 3890 Orientalem
1127 3842 1340 3904 portatu
1386 3849 1509 3901 qua:
1557 3850 1779 3905 semper
1808 3841 1895 3889 est
1940 3834 2127 3890 clausa

522 3928 740 4002 (Ezech.
801 3930 951 4001 κων)
983 3945 997 3995 ;
1032 3928 1100 3985 de
1131 3943 1240 4000 qua
1268 3928 1493 3985 Gabriel
1541 3928 1677 3984 dicit
1697 3927 1765 3983 ad
1800 3928 2080 4001 Virginem
2113 3948 2126 3983 :

518 4022 753 4095 Spiritus
764 4032 975 4078 sanctus
987 4024 1153 4078 ueniet
1172 4040 1327 4093 super
1343 4033 1411 4090 te,
1424 4031 1474 4077 et
1491 4024 1651 4078 uirtus
1675 4023 1925 4079 Altissimi
1948 4025 2128 4080 obum-

523 4115 689 4171 brabit
722 4116 815 4170 tibi
845 4133 863 4170 :
894 4126 1169 4188 propterea
1199 4117 1341 4187 quod
1369 4119 1733 4172 nasceturinte
1758 4128 2017 4185 sanctum,
2040 4134 2129 4174 vo-

520 4209 723 4263 cabitur
750 4207 922 4263 Filius
951 4207 1215 4281 Dei(Luc.
1246 4207 1421 4281 1,55).
1451 4208 1520 4264 Et
1546 4210 1599 4264 in
1636 4211 1951 4266 l‘roverbiis
1982 4229 1995 4265 :
2026 4213 2131 4269 Sa-

522 4304 723 4376 pientia
760 4303 1040 4373 tediﬁcuuit
1094 4302 1192 4357 sibi
1216 4303 1426 4357 domum
1458 4302 1643 4373 (Prov.
1671 4321 1746 4371 Ix,
1791 4305 1868 4377 1).
1899 4305 2127 4374 Quando

522 4405 710 4453 autem
738 4395 939 4451 dicitur
973 4414 986 4451 :
1020 4393 1175 4450 Dabit
1202 4394 1453 4451 Dominus
1471 4397 1581 4469 ipse
1610 4397 1753 4452 vobis
1782 4398 2003 4471 signum,
2028 4416 2127 4455 no-

527 4507 656 4547 vum
677 4489 843 4547 debet
867 4504 989 4546 esse
1012 4500 1177 4561 atque
1201 4490 1476 4546 mirabile;
1502 4490 1596 4549 Sin
1623 4502 1802 4550 autem
1827 4494 2122 4563 juveucula

522 4584 609 4641 vel
632 4583 835 4655 puella,
852 4593 912 4639 ut
932 4582 1104 4639 Jud:ei
1128 4583 1342 4653 volunt,
1359 4594 1416 4640 et
1432 4600 1539 4641 non
1562 4586 1714 4659 virgo
1742 4587 1941 4658 pariat,
1963 4589 2125 4659 quale

598 4754 625 4784 ι
663 4745 725 4820 tu
747 4744 943 4809 Vatic.,
970 4744 1249 4820 glmnboth
1270 4761 1288 4800 :
1312 4743 1906 4820 malim_v_cr9_A!moth,
1939 4762 2128 4820 quem-

528 4816 821 4891 admodum
867 4827 931 4891 et_
956 4815 1166 4873 Graecis
1192 4819 1394 4891 litteris
1422 4817 1607 4872 reddit
1628 4818 1807 4874 Vatic.
1837 4815 2130 4891 tlesplaris

528 4885 722 4969 ἆλμῳθ,
756 4889 1126 4969 Μρτιιῐςιυεριι.
1162 4898 1344 4969 trste._
1370 4890 1540 4969 Porro
1562 4891 1731 4969 etiam
1760 4859 2130 4965 Syni’msi’clnis'
2159 4859 2210 4921 ι)
2234 4859 2467 4945 demittas.

528 4960 887 5029 excipiendus
916 4960 1066 5014 venit
1099 4975 1129 5013 a
1161 4960 1376 5016 cmteris
1397 4960 1821 5031 interpretibus,
1841 4960 1980 5031 quos
2010 4973 2117 5020 trao

523 5032 601 5087 dit
628 5050 725 5116 pro
761 5032 1113 5116 adolescentia
1133 5034 1506 5116 transtulisse,
1531 5035 1797 5116 siquidem
1826 5042 1950 5116 περὶ
1972 5039 2123 5116 ροινὰ-

524 5126 654 5180 τλιξυ,Δ
676 5103 741 5159 de
777 5113 939 5159 morte
964 5145 979 5169 ,
1032 5105 1103 5156 ab
1132 5103 1224 5157 illo
1257 5105 1672 5175 interpretatum
1703 5103 1903 5163 duceni
1925 5109 2124 5180 LGru'ci

528 5176 677 5231 libri.

599 5245 627 5285 ι’
658 5245 724 5320 Et
746 5257 959 5302 secreta.
983 5246 1065 5320 ita
1094 5246 1224 5301 olim
1255 5246 1631 5305 educabantur
1652 5250 1870 5320 puellm,
1895 5261 1953 5307 ut
1974 5251 2127 5307 dumi

526 5319 670 5389 apud
712 5328 920 5393 matres
963 5318 1371 5393 deliteScereut,
1401 5335 1502 5374 nec
1533 5318 1817 5384 prodirent
1857 5326 1910 5378 in
1946 5324 2126 5393 publi-

528 5406 654 5445 cum
682 5392 785 5445 nisi
812 5390 1137 5449 uecesdtas,
1164 5389 1252 5445 vel
1295 5394 1480 5447 cultus
1503 5392 1677 5447 divini
1719 5396 1859 5449 ratio
1887 5389 2127 5462 postula-

528 5471 643 5587 fet;
672 5476 1078 5589 ψιεῖὲᾶιιοτθηι
1127 5473 1375 5517 veterum
1428 5462 1645 5536 attingit
1670 5464 1938 5522 Hesiodus
1967 5466 2064 5523 lib.
2092 5482 2128 5521 υ

549 5548 737 5589 LI‘KOII.
909 5551 926 5588 ε

549 5548 737 5605 παθη.
782 5548 886 5589 τω
909 5551 926 5588 :

629 5644 747 5730 ’11η
777 5650 1173 5730 δόμων-ἔντυφε
1195 5652 1322 5727 φύλῃ
1349 5656 1496 5730 παρὰ
1742 5656 1929 5725 μίμνει.

650 5724 769 5786 Qute
791 5723 923 5772 aedes
946 5724 1072 5773 intra
1098 5723 1443 5786 charam'apud
1470 5723 1677 5775 matrem
1699 5723 1883 5775 manet.

527 5783 800 5853 Josephus
846 5801 1063 5856 quoque
1095 5787 1164 5840 de
1195 5783 1524 5843 Mach'abacis
1576 5802 1708 5843 xvtu
1768 5788 2122 5843 fortissimam

528 5856 844 5912 corumdem
875 5867 1105 5914 matrem
1135 5859 1207 5914 ita
1238 5857 1304 5914 ad
1336 5858 1485 5917 ﬁlios
1512 5858 1723 5919 inducit
1758 5858 2074 5931 loquentem
2112 5877 2124 5915 :

2227 3365 2280 3421 id
2311 3374 2417 3433 est,
2450 3364 2701 3437 ferculum
2746 3363 2850 3418 sibi
2888 3362 3016 3418 fecit
3063 3362 3344 3428 Salomon,
3371 3361 3519 3433 quod
3548 3371 3604 3418 et
3631 3362 3686 3416 in
3722 3362 3827 3418 He-

2225 3458 2374 3516 Ινωο
2394 3456 2424 3497 ά
2454 3458 2525 3517 ita
2559 3457 2809 3528 legimus.
2837 3456 3072 3513 Verbum
3098 3470 3317 3527 quoque
3336 3472 3504 3528 nugas
3525 3462 3581 3510 et
3603 3471 3822 3511 marisu-

2223 3572 2337 3613 ram
2357 3552 2570 3611 Hebraei
2598 3551 2793 3609 eodem
2818 3550 2984 3609 modo
3006 3559 3065 3606 et
3086 3549 3296 3607 eisdem
3317 3548 3594 3619 appellant
3647 3549 3828 3605 semi-

2226 3648 2346 3707 bus.
2378 3648 2442 3703 Et
2465 3652 2726 3717 quantum
2748 3660 2871 3701 cuin
2896 3658 3015 3700 mea
3028 3657 3210 3713 pugna
3223 3642 3509 3708 materia,
3526 3658 3826 3713 numquam

2227 3758 2313 3801 me
2334 3741 2571 3799 arbitror
2597 3741 2737 3797 alma
2766 3740 2821 3796 in
2850 3738 3082 3797 muliere
3110 3746 3279 3806 nupta
3304 3736 3526 3809 legisse,
3553 3736 3651 3792 sed
3680 3737 3740 3792 in
3766 3751 3828 3793 ea

2227 3854 2351 3910 qum
2372 3837 2525 3909 virgo
2553 3847 2638 3892 est
2668 3854 2682 3891 :
2706 3845 2764 3892 ut
2786 3850 2893 3891 non
2920 3834 3096 3890 solum
3119 3834 3274 3910 virgo
3298 3833 3396 3899 sit,
3423 3832 3518 3889 sed
3560 3834 3718 3905 Vingo
3748 3834 3830 3904 iu-

2229 3931 2409 3991 uiOris
2434 3930 2636 4007 aetatis,
2667 3940 2725 3987 et
2744 3929 2798 3986 in
2825 3929 2986 3985 anuis
3010 3927 3415 3987 adolescentia.
3462 3927 3646 3984 Potest
3677 3929 3827 3984 enim

2231 4025 2348 4083 ﬁeri
2371 4035 2429 4081 ut
2464 4023 2611 4095 virgo
2627 4022 2700 4081 sit
2727 4023 2930 4091 vetula,
2960 4024 3063 4079 ista
3084 4029 3269 4077 autem
3299 4022 3453 4092 virgo
3494 4030 3616 4077 erat
3646 4021 3700 4076 in
3734 4038 3831 4076 an-

2229 4120 2316 4177 nis
2344 4118 2697 4190 puellaribus.
2725 4116 2820 4174 Vel
2844 4125 2994 4173 certe
3015 4116 3189 4187 virgo,
3219 4130 3326 4169 non
3353 4114 3613 4185 puellula,
3638 4123 3829 4181 etquae

2229 4214 2408 4271 adhuc
2447 4213 2625 4271 virum
2657 4226 2819 4267 nosse
2871 4227 2981 4267 non
3040 4218 3226 4278 posset
3254 4227 3269 4266 :
3300 4210 3395 4265 sed
3438 4207 3551 4279 jam
3600 4208 3827 4265 nubilis.

2230 4305 2472 4375 Denique
2488 4304 2544 4361 in
2580 4302 3001 4360 Deuteronomio
3019 4298 3196 4373 (Deut.
3220 4316 3356 4365 χιιι.
3378 4301 3450 4357 25
3470 4310 3518 4354 et
3538 4299 3701 4372 seqq.)
3726 4301 3832 4356 sub

2232 4397 2514 4468 puellaeeet
2534 4394 2961 4455 adolescwtula:
3008 4394 3231 4450 nomine
3277 4394 3432 4464 uirgo
3479 4392 3828 4462 intelligitur.

2230 4492 2295 4550 Si
2324 4490 2594 4556 inuenerit,
2634 4490 2830 4559 inquit,
2862 4487 3019 4544 homo
3045 4488 3099 4544 in
3118 4504 3302 4559 campo
3332 4488 3562 4560 puellam
3599 4488 3831 4560 despon-

2229 4595 2419 4651 satam,
2458 4592 2513 4639 et
2545 4582 2592 4639 ui
2628 4582 2925 4656 opprimas
2962 4581 3233 4637 dormierit
3256 4598 3380 4636 cum
3406 4598 3486 4647 ea,
3508 4583 3833 4653 interﬁcietis

2235 4745 2353 4804 Ὀτι
2365 4748 2591 4823 ἐγενήθην
2602 4748 2852 4823 παρθένος
3005 4744 3129 4811 ,οὐδ’
3140 4747 3396 4823 ὑπερέϐην
3409 4736 3660 4823 τέατρςκὸν
3671 4742 3827 4823 οἶκον.

2241 4831 2346 4875 etc.
2368 4818 2504 4886 Quia
2515 4818 2695 4892 genita
2712 4835 2829 4892 sum
2854 4818 2994 4892 virgo
3016 4827 3180 4892 casta,
3197 4818 3358 4892 neque
3379 4818 3576 4892 excessi
3595 4819 3829 4890 patriam

2540 4907 2569 4943 n
2598 4888 2753 4943 libris
2797 4888 3036 4958 denique
3082 4888 3446 4945 Machabaicis
3473 4888 3719 4956 virgines
3750 4892 3833 4944 di-

2228 4976 2425 5019 cuntur
2465 4961 2797 5016 absconditae
2835 4961 2954 5016 sive
3005 4962 3230 5016 inclusa:
3280 4962 3653 5017 κατάκλειστοι.
3698 4963 3831 5016 Vide

2230 5033 2251 5088 l
2282 5034 2523 5088 Machab.
2552 5049 2629 5095 tu,
2664 5033 2751 5096 l9,
2778 5044 2834 5088 et
2865 5034 2959 5090 lib.
2995 5033 3084 5096 lll,
3107 5048 3228 5103 cap.
3254 5050 3292 5087 ι.
3329 5034 3451 5090 Δῖτε
3474 5035 3833 5092 καινάν-ληιστοί

2230 5108 2464 5184 πᾳρρὲνοι
2487 5108 2537 5184 ἐν
2562 5104 2800 5184 Ouidium;
2827 5109 2921 5162 σὺν
2948 5107 3231 5184 texebant-re
3245 5108 3566 5184 ἐξώρμησαν.
3599 5104 3832 5165 Inclusa

2234 5175 2457 5249 virgines
2488 5178 2542 5230 in
2568 5175 2813 5232 thalamis
2838 5194 2955 5232 cum
2984 5175 3723 5249 genetricibusproruperunt.

3442 5247 3723 5304 Miluus.

2315 5330 2335 5353 ε’
2372 5318 2737 5386 Omniumque,
2762 5330 2869 5377 etc.
2900 5321 3046 5376 lianc
3072 5321 3515 5379 observationem
3536 5322 3674 5373 sitio
3699 5322 3833 5375 dant

2233 5390 2409 5471 critici
2442 5393 2825 5474 sycolihantar;
2860 5392 2953 5446 sed
2974 5393 3282 5474 ostendant
3308 5392 3457 5463 prius
3479 5394 3666 5474 ἴτ’-ΞΝ
3682 5392 3831 5474 ει-ρΙιὶ⁸

2235 5462 2374 5527 rion,
2425 5462 2530 5543 non
2558 5479 2679 5543 esse
2710 5466 2935 5543 verbum
2974 5462 3321 5543 llebraicum,
3352 5475 3409 5543 et
3454 5462 3650 5543 φὸρεῖον
3674 5464 3830 5521 (ἑκ-τιξ-

2230 5547 2395 5609 cum;
2453 5533 2706 5592 similiter
2749 5540 2846 5597 ’λυ
2872 5552 3031 5609 uage.
3071 5542 3269 5593 nam
3312 5533 3531 5602 misura',
3572 5552 3681 5591 non
3712 5549 3834 5592 esse

2231 5603 2548 5661 Latinorum
2575 5624 2741 5682 nugas
2763 5619 2817 5665 et
2848 5603 3162 5665 mensuram.
3196 5609 3469 5664 MABTIAN.

2303 5692 2329 5732 ἀ
2370 5697 2429 5753 ln
2484 5698 2712 5756 Ilebrmo
2749 5709 2831 5756 est
2876 5705 3071 5789 (iv-au,
3099 5701 3243 5773 quod
3274 5701 3513 5755 lecticam
3540 5699 3831 5772 splendide

2230 5801 2598 5849 Ctmstruetum
2626 5804 2785 5874 sonat
2814 5800 2964 5874 τῆςυῇ
2990 5811 3209 5874 quoque
3240 5803 3294 5874 et
3571 5813 3752 5874 nugas
3780 5802 3834 5874 et

2231 5877 2546 5936 mensuram,
2579 5882 2681 5938 qua
2714 5865 2782 5924 de
2812 5882 2871 5924 rc
2914 5865 3025 5924 vid;
3058 5865 3221 5939 infra,
3257 5868 3308 5924 in
3342 5870 3451 5927 line
3492 5865 3829 5942 bujus’libri.
