4052 6438
209 366 308 443 ιοθ

758 368 1422 430 COMMENTARIORUM
1463 366 1529 431 IN
1570 366 1798 437 ΙΒΔΙᾹΜ

1908 368 2276 433 ROPHETAM
2316 371 2445 429 LIB.
2488 370 2578 429 Ill.
2619 370 2775 429 CAP.
2822 368 2933 426 γη.

3403 368 3508 427 110

206 494 364 557 uirum
406 477 594 560 solum,
628 490 716 564 qui
761 491 1034 549 concubuit
1070 490 1186 553 cum
1238 507 1323 560 ea,
1373 500 1418 551 et
1457 491 1645 567 puella,
1673 491 1804 551 nihil
1830 487 1878 555 Α
1907 497 2153 564 prctatur
2168 491 2395 559 relictus,
2430 490 2545 549 sive
2574 502 2890 560 convertens,
2930 487 3215 547 Judaicum
3246 489 3505 561 populum

203 586 396 660 facietis
426 602 445 642 :
472 602 575 647 non
606 594 682 641 est
720 585 1115 643 adolescentuch
1133 596 1396 661 peccatum
1425 585 1625 641 mortis.
1660 584 1798 661 Quia

202 675 450 749 σιρικοᾱο
471 678 514 741 si
537 677 652 749 quis
673 676 725 737 in
749 676 950 733 insidiis
975 686 1212 749 insurgat
1243 684 1419 733 contra
1446 677 1604 755 ιιθ
1629 676 1803 747 prori-

205 787 340 843 tmtm
368 786 539 837 suum,
580 777 629 825 et
668 770 940 842 interﬁciat
970 786 1197 826 annnam
1249 773 1383 843 ejus,
1415 770 1487 829 sic
1520 769 1617 824 hoc
1650 786 1803 841 nego-

202 864 329 923 tium
373 861 582 921 accidit.
615 861 683 919 In
721 879 849 937 agro
895 862 1087 925 invenit
1141 879 1255 921 eam
1283 878 1302 916 :
1334 862 1573 921 clamavit
1620 860 1798 937 puella

202 955 525 1029 desponsata,
556 963 605 1011 et
634 972 736 1011 non
767 963 841 1011 est
878 956 1112 1013 inventus
1133 954 1221 1033 qui
1247 954 1589 1011 auxiliaretur
1616 955 1683 1017 ei.
1728 954 1800 1011 Et

203 1049 251 1104 in
277 1047 484 1119 Regum
509 1047 783 1115 volumine
809 1048 1031 1127 legimus
1049 1047 1138 1120 (ιιι
1162 1046 1370 1123 Reg.t),
1395 1046 1540 1121 quod
1566 1047 1796 1119 quaesie-

200 1140 298 1196 rint
330 1139 568 1215 puellam
601 1139 863 1213 virginem
896 1139 1115 1207 nomine
1141 1138 1372 1211 Abisag,
1401 1149 1455 1197 et
1484 1139 1799 1203 introduxe-

199 1218 305 1292 rint
331 1237 402 1290 ad
424 1250 631 1315 regem,
660 1251 780 1308 qua:
804 1233 1073 1293 dormiret
1104 1248 1227 1289 cum
1254 1250 1342 1301 eo,
1369 1244 1423 1291 et
1445 1234 1651 1291 foveret
1676 1249 1799 1291 eum

196 1328 575 1408 cteratpuella
602 1328 826 1401 pulchra
861 1327 1044 1394 nimis,
1070 1335 1127 1387 et
1154 1327 1503 1393 ministrabat
1528 1327 1599 1397 ei,
1624 1337 1678 1383 et
1705 1341 1797 1389 rex

203 1440 304 1480 non
329 1422 589 1497 cognovit
611 1437 751 1480 eam.
784 1422 1051 1509 Quodque
1082 1422 1327 1501 sequitur
1360 1439 1372 1474 :
1406 1420 1473 1476 Et
1498 1420 1800 1479 vocabisno-

198 1532 303 1573 tuen
326 1520 448 1591 ejus
474 1514 806 1585 Emmanuel,
828 1528 880 1572 et
911 1513 1054 1571 LXX
1096 1526 1149 1575 et
1172 1524 1281 1577 tres
1310 1515 1507 1588 reliqui
1551 1514 1803 1572 similiter

200 1607 609 1681 transtulerunt,
638 1625 739 1695 pro
766 1624 875 1680 quo
906 1608 960 1664 in
990 1608 1247 1667 blatthzeo
1274 1609 1536 1680 scriptum
1577 1614 1679 1673 est,
1714 1623 1803 1661 vo-

198 1703 377 1757 cabunt
417 1703 671 1773 :quodin
694 1701 922 1761 llebrieo
946 1715 1051 1757 non
1082 1701 1333 1761 habetur.
1361 1700 1505 1777 Ergo
1536 1699 1638 1763 iste
1668 1714 1801 1772 puer

198 1797 284 1873 qui
321 1807 583 1855 nascetur
624 1812 690 1853 ex
735 1794 976 1869 Virgine,
1020 1811 1053 1859 ο
1098 1794 1293 1855 domus
1336 1795 1498 1853 David
1526 1837 1542 1863 ,
1597 1809 1741 1853 nunc
1767 1809 1797 1850 a

1905 582 2308 654 significet,qui
2332 583 2552 641 relictus
2593 594 2697 652 est,
2730 592 2786 641 et
2818 591 3003 654 postea
3034 597 3374 639 reversurus.
3407 582 3506 639 Se-

1904 677 2141 737 cundum
2172 687 2378 742 autem,
2404 677 2456 735 id
2487 687 2590 747 est,
2621 676 3021 743 Emmanuel,et
3046 677 3309 732 nobiscum
3337 673 3500 744 Deus,

1904 770 2151 845 gentium
2181 771 2549 835 vocationem,
2583 779 2864 841 postquam
2896 767 3132 837 Verbum
3156 782 3285 824 caro
3305 767 3505 825 factum

1906 873 2013 928 est,
2047 872 2101 921 et
2127 861 2391 922 habitavit
2422 863 2473 917 in
2502 860 2678 918 nobis.

1978 953 2173 1028 (Vers.
2214 953 2343 1026 15.)
2384 952 2707 1027 Butgruntet
2733 952 2833 1009 mel
2858 954 3105 1023 comedet,
3143 962 3197 1008 ut
3245 954 3376 1009 sciat
3422 971 3504 1009 re-

1903 1048 2121 1120 probare
2140 1047 2331 1104 malum
2347 1094 2361 1117 ,
2380 1060 2424 1104 et
2447 1050 2635 1125 eligere
2662 1049 2871 1106 bonum.
2898 1048 3004 1105 Pro
3028 1065 3135 1120 quo
3157 1048 3302 1106 LXX
3324 1058 3505 1107 trans-

1902 1142 2177 1207 tulerunt,
2214 1152 2485 1217 antequam
2516 1143 2645 1198 sciat
2674 1142 2972 1215 :quodque
3001 1143 3267 1214 sequitur,
3305 1154 3327 1182 ο
3357 1160 3508 1198 assu-

1904 1253 2048 1295 mere
2069 1235 2285 1305 malum,
2314 1236 2366 1297 in
2392 1236 2658 1299 Hebraico
2676 1252 2780 1293 non
2807 1237 3055 1293 habetur.
3078 1236 3148 1297 Et
3168 1246 3252 1292 est
3272 1250 3464 1292 sensus
3490 1256 3501 1289 :

1903 1325 1947 1384 Ο
1973 1328 2175 1390 Domus
2213 1328 2403 1395 David,
2450 1330 2535 1391 cui
2569 1330 2661 1387 Dei
2687 1344 2944 1387 sermone
2970 1327 3299 1400 prcccipitur,
3324 1338 3381 1384 ut
3410 1343 3507 1382 vo-

1904 1436 2023 1489 ces,
2065 1422 2117 1478 id
2158 1432 2264 1491 est,
2305 1422 2547 1492 invoces,
2592 1423 2646 1478 in
2686 1423 2932 1495 periculo
2968 1422 3262 1479 constituta
3306 1438 3507 1479 nomen

1908 1514 2303 1585 Emmanuelis,
2336 1516 2389 1572 id
2421 1526 2525 1583 est,
2558 1516 2841 1575 nobiscum
2876 1515 2973 1573 Dei
3002 1533 3017 1585 ;
3047 1532 3158 1573 non
3189 1517 3408 1573 mireris
3438 1516 3510 1572 ad

1903 1608 1984 1663 rei
2014 1608 2327 1677 novitatem,
2360 1609 2407 1666 si
2444 1609 2609 1681 Virgo
2640 1609 2808 1669 Deum
2842 1610 3039 1684 pariat,
3070 1609 3162 1681 qui
3184 1621 3387 1666 tantam
3413 1610 3508 1665 ha-

1902 1699 2028 1756 beat
2060 1708 2409 1775 potestatem,
2444 1712 2501 1757 ut
2533 1702 2701 1761 multo
2731 1712 2854 1779 post
2884 1711 3132 1772 tempore
3164 1704 3499 1772 nasciturus,

1907 1799 1959 1848 te
1991 1808 2133 1848 nunc
2165 1793 2360 1850 liberet
2388 1793 2709 1860 invocatus;
2749 1793 2866 1865 ipse
2906 1804 2991 1853 est
3021 1794 3165 1850 enim
3213 1794 3306 1866 qui
3353 1794 3503 1850 visus

200 1900 248 1959 te
272 1886 585 1971 appelletur
613 1887 946 1957 Emmanuel,
975 1889 1027 1947 id
1052 1900 1155 1958 cst,
1187 1890 1453 1947 nobiscum
1484 1889 1793 1965 Deus,quia
1826 1885 1873 1951 B
1900 1897 1984 1943 est
2034 1887 2335 1957 Abraham,
2378 1895 2436 1943 et
2482 1887 2699 1944 locutus
2743 1896 2829 1945 est
2872 1902 2994 1944 cum
3026 1887 3197 1944 lilose.
3233 1888 3419 1943 Dicam
3452 1897 3505 1943 et

200 1985 353 2047 rebus
382 1984 519 2056 ipsis
565 1983 826 2055 probabis
854 1999 882 2039 a
912 1981 1124 2043 duobus
1149 1983 1383 2040 inimicis
1414 1982 1635 2056 regibus
1667 1983 1801 2037 lihe-

199 2086 328 2143 rata,
364 2077 537 2132 Deum
566 2086 617 2139 te
656 2076 861 2133 habere
894 2084 1221 2147 praisentem
1255 2092 1269 2131 :
1299 2074 1456 2147 etqui
1488 2083 1670 2146 postea
1701 2088 1799 2131 vo-

204 2170 407 2227 cabitur
434 2168 615 2238 Jesus,
640 2169 692 2225 id
724 2178 827 2237 est,
874 2167 1139 2237 Saluator,
1193 2183 1259 2223 co
1295 2165 1439 2240 quod
1480 2166 1796 2223 universum

207 2262 480 2317 hominum
500 2276 670 2332 genus
699 2259 1007 2316 salvaturus
1033 2260 1125 2326 sit,
1156 2274 1299 2315 nunc
1329 2274 1357 2311 a
1392 2268 1442 2314 te
1474 2258 1799 2317 Emmanue-

202 2355 264 2419 lis
279 2355 588 2433 appelletur
634 2353 926 2413 vocabulo.
968 2352 1211 2413 Verbum
1245 2361 1271 2390 α
1298 2367 1533 2415 οΑιιΑτιιι
1570 2350 1793 2433 (amp).

202 2447 333 2520 quod
362 2463 559 2503 omnes
586 2445 926 2520 interpretati
949 2454 1079 2507 sunt
1107 2446 1346 2513 vocabis,
1386 2454 1566 2517 potest
1597 2443 1798 2500 intelli-

204 2543 250 2616 gi
271 2550 322 2597 et
344 2539 549 2597 rocabit
572 2558 586 2593 :
617 2539 767 2609 quod
796 2540 911 2609 ipsa
946 2539 1153 2596 scilicet
1180 2538 1346 2613 Virgo
1370 2554 1493 2610 quae
1517 2536 1796 2617 concipiet

204 2648 252 2696 et
278 2640 474 2711 pariet,
505 2640 604 2696 hoc
649 2638 926 2695 Christum
966 2638 1305 2711 appellatum
1338 2638 1411 2694 sit
1442 2637 1681 2695 nomine.
1736 2636 1795 2703 lu

206 2735 380 2790 multis
413 2734 743 2795 testimoniis
775 2751 894 2809 qua:
929 2734 1291 2809 Evangelista:
1335 2733 1417 2789 vel
1448 2733 1693 2804 Apostoli
1722 2732 1792 2791 de

202 2826 340 2883 libris
360 2828 644 2883 veteribus
658 2842 1045 2901 assumpserun
1057 2836 1094 2891 t,
1111 2826 1382 2884 curiosius
1398 2825 1789 2882 attendendum

206 2930 310 2993 est,
348 2938 467 2978 non
509 2937 606 2978 eos
636 2922 927 2978 verborum
979 2922 1228 2978 ordinem
1278 2930 1495 2979 secutos
1522 2934 1666 2986 esse,
1692 2918 1792 2977 sed

207 3030 438 3073 sensum.
485 3013 641 3073 Unde
679 3025 734 3071 et
764 3014 817 3073 in
848 3013 1101 3089 praesenti
1134 3014 1253 3093 loco
1274 3058 1287 3079 ,
1321 3028 1423 3085 pro
1452 3013 1702 3085 concipiet
1742 3015 1797 3068 in

209 3118 368 3177 utero,
417 3106 708 3165 Mattbteus
744 3107 949 3182 posuit,
973 3107 1028 3162 in
1064 3103 1255 3163 uterob
1280 3105 1480 3161 habebit
1508 3104 1723 3181 (Matth.
1752 3122 1793 3177 ι,

209 3199 290 3277 l3)
316 3219 328 3257 :
359 3211 412 3257 et
442 3216 541 3272 pro
569 3201 791 3269 vocabis,
812 3201 1083 3256 vocabunt.
1109 3198 1323 3256 Hebrazi
1347 3198 1450 3256 hoc
1471 3198 1539 3255 de
1556 3198 1792 3255 Ezechia

1903 1980 2052 2039 aliud
2081 1981 2404 2049 mirabilius.
2436 1979 2463 2019 ἀ
2496 1999 2564 2040 ηε
2582 2000 2706 2039 eum
2738 1994 2897 2054 putes
2927 1984 2981 2040 in
3001 1982 3377 2055 phantasmate
3401 2000 3498 2040 na-

1902 2076 2196 2142 sciturum,
2235 2075 2375 2131 cibis
2416 2084 2608 2135 utetnr
2654 2076 2918 2145 infantia),
2959 2076 3215 2159 butyrum
3248 2076 3508 2134 comedet

1902 2178 1957 2227 et
1988 2169 2089 2224 lac.
2123 2169 2188 2227 Et
2212 2168 2337 2226 licet
2368 2170 2533 2227 multa
2568 2180 2687 2242 post
2717 2173 2913 2226 sarcula
2949 2170 3016 2226 de
3046 2186 3112 2229 eo
3151 2171 3501 2245 Evangelista

1904 2270 2137 2319 wstetur
2173 2282 2186 2318 :
2223 2262 2359 2318 Puer
2396 2263 2895 2335 autemproﬁciebat
2929 2264 3179 2337 sapientia
3200 2273 3249 2320 et
3276 2274 3432 2319 wtate
3460 2275 3507 2320 et

1901 2357 2071 2431 gratia
2108 2358 2249 2428 apud
2287 2356 2457 2413 Deum
2513 2368 2559 2414 et
2598 2356 2830 2415 homines
2860 2357 3015 2431 (Luc.
3050 2374 3109 2424 ll,
3143 2357 3262 2431 52):
3298 2368 3353 2414 et
3404 2358 3508 2414 hoc

1905 2450 2135 2520 dicatur,
2177 2462 2234 2511 ut
2259 2453 2464 2513 veritas
2489 2451 2709 2511 humani
2738 2452 2992 2527 corporis
3016 2454 3348 2525 approbatur
3380 2472 3393 2513 :
3429 2464 3508 2525 ta—

1904 2562 2031 2607 men
2088 2547 2265 2604 adhuc
2314 2548 2506 2618 pannis
2548 2546 2846 2613 involutus,
2900 2556 2956 2603 et
2982 2546 3182 2620 butyro
3217 2557 3410 2617 pastus
3441 2564 3506 2603 ac

1898 2641 2084 2709 melle,
2120 2641 2341 2701 habebit
2370 2641 2500 2699 boni
2527 2642 2767 2712 malique
2794 2639 3080 2713 judicium,
3120 2650 3175 2697 ut
3207 2641 3509 2712 reprobatis

1899 2735 2059 2803 mala,
2094 2734 2263 2807 eligat
2293 2734 2456 2791 bona.
2491 2732 2611 2791 Non
2641 2734 2789 2807 quod
2816 2733 2919 2791 hoc
2948 2730 3158 2801 fecerit,
3191 2745 3284 2788 aut
3313 2750 3507 2803 repro-

1904 2827 2138 2892 baverit,
2176 2826 2260 2883 vel
2288 2826 2553 2898 elegerit;
2602 2827 2697 2889 sed
2728 2827 2870 2899 quod
2904 2828 3091 2885 scierit
3120 2826 3418 2899 reprobare
3458 2836 3513 2884 et

1900 2917 2133 2993 eligere,
2170 2929 2228 2975 ut
2249 2934 2347 2990 per
2376 2918 2495 2977 hzcc
2527 2919 2698 2978 verba
2728 2936 3042 2989 noscamus,
3091 2921 3376 2977 infantiam
3418 2920 3513 2975 hu-

1904 3016 2053 3071 mani
2082 3015 2334 3093 corporis
2388 3014 2586 3073 divina:
2624 3029 2733 3072 non
2773 3015 3165 3089 pra-judicasse
3202 3016 3508 3090 sapientiae.

1908 3107 2152 3180 Denique
2169 3108 2438 3179 iacentem
2456 3106 2511 3167 in
2533 3108 2800 3183 praesepio
2820 3109 3014 3181 Angeli
3034 3097 3347 3181 pastoribus
3366 3126 3509 3166 nun-

1908 3199 2046 3258 tiant
2080 3200 2258 3272 :Magi
2280 3200 2512 3257 adorant
2535 3200 2603 3257 de
2628 3200 2857 3261 Oriente
2888 3202 3191 3268 venientes,
3227 3216 3366 3275 quos
3407 3204 3512 3258 uti-

208 3290 306 3348 filio
325 3292 506 3352 Acha:
525 3292 841 3366 pr0pbetari
857 3292 1219 3360 arbitrantur,
1240 3292 1383 3365 quod
1406 3291 1525 3364 ipso
1556 3308 1800 3363 rcgnau-
1827 3290 1875 3359 C
1906 3310 2013 3369 que
2055 3294 2269 3351 electos
2300 3308 2423 3351 esse
2446 3292 2782 3353 credendum
2813 3304 2916 3351 est.
2952 3297 3108 3373 112
3134 3294 3201 3351 Et
3225 3309 3257 3350 e
3287 3304 3510 3350 contra-

210 3394 259 3443 te
290 3387 355 3442 sit
385 3396 551 3460 capta
576 3386 851 3444 Samaria:
884 3385 1028 3459 quod
1059 3385 1284 3441 omnino
1313 3383 1530 3456 probari
1554 3400 1661 3439 non
1695 3400 1792 3454 po-

212 3486 326 3535 test.
354 3478 639 3555 Siquidem
668 3477 871 3549 Achaz,
903 3476 1045 3535 filius
1074 3476 1346 3546 Joatham,
1372 3476 1617 3547 regnavit
1636 3492 1800 3547 super

214 3569 393 3628 ludam
441 3582 498 3629 et
524 3571 826 3629 Jerusalem
858 3572 1014 3627 annis
1052 3570 1291 3627 sedecim
1337 3568 1425 3642 (ιν
1459 3567 1588 3642 Reg.
1636 3560 1793 3641 xvr)i

210 3666 289 3721 cui
316 3666 581 3724 successit
608 3664 662 3721 in
695 3680 923 3739 regnum
968 3663 1113 3719 filius
1142 3663 1261 3735 ejus
1303 3661 1590 3732 Ezechias,
1624 3677 1799 3743 annos

210 3771 358 3816 natus
387 3759 575 3833 viginti
618 3760 880 3835 quinque,
924 3766 980 3817 et
1032 3755 1276 3830 regnavit
1320 3772 1483 3827 super
1511 3754 1704 3812 Judam
1743 3764 1799 3813 et

209 3850 499 3910 Jerusalem
520 3854 683 3913 annis
704 3852 893 3927 viginti
916 3838 1132 3908 novem.
1151 3851 1433 3923 Quomodo
1449 3867 1602 3924 ergo,
1632 3853 1798 3913 utde—

211 3964 320 4003 mns
340 3950 514 4021 primo
540 3964 684 4011 anno
712 3947 893 4005 Achaz
932 3946 1070 4005 hanc
1103 3946 1171 4002 ad
1200 3963 1323 4003 eum
1348 3946 1542 4003 factam
1570 3948 1797 4019 prophe-

211 4042 351 4109 tiam,
378 4041 446 4100 de
464 4043 707 4101 Ezechiae
730 4026 999 4115 conceptu
1039 4042 1234 4098 dicitur
1252 4051 1307 4098 et
1332 4041 1634 4109 nativitate,
1666 4059 1791 4101 cum

212 4147 273 4189 eo
299 4143 541 4207 tempore
577 4137 732 4215 ιιι
754 4150 861 4208 quo
888 4150 1117 4208 regnare
1138 4134 1305 4206 coepit
1330 4136 1529 4200 Achaz,
1560 4136 1671 4206 jam
1696 4151 1795 4191 no-

211 4238 323 4283 vem
351 4226 610 4289 Ezechias
640 4234 788 4285 esset
818 4242 1105 4294 annorum,
1124 4228 1229 4283 nisi
1263 4227 1400 4284 forte
1422 4236 1630 4284 sextmn
1663 4228 1801 4286 Eze-

213 4316 339 4374 chim
365 4320 514 4392 regni
543 4334 768 4387 annum,
802 4335 909 4392 quo
938 4328 1020 4377 est
1047 4330 1203 4392 capta
1227 4320 1492 4389 Samaria,
1518 4319 1799 4378 infantiam

213 4409 322 4482 ejus
349 4412 606 4485 appellari
633 4411 839 4482 dicant,
887 4428 994 4470 nou
1021 4413 1220 4480 aetatis,
1261 4413 1357 4470 sed
1390 4415 1799 4487 impcrii.Quod

214 4513 447 4560 coactum
485 4520 609 4562 esse
634 4512 798 4579 atque
820 4505 1136 4573 violentum,
1162 4505 1323 4563 etiam
1351 4506 1600 4563 etstultis
1629 4516 1796 4581 patet.

213 4597 432 4667 Quidam
463 4600 532 4657 de
558 4600 759 4656 nostris
783 4596 975 4665 Isaiam
1010 4600 1332 4672 prophetam
1363 4601 1501 4659 duos
1533 4602 1676 4659 filios
1704 4601 1801 4657 ba-

1904 3387 1987 3444 rio
2006 3385 2276 3453 Herodes,
2303 3385 2509 3443 Scriba:
2530 3400 2593 3441 ac
2619 3384 2878 3445 l’harismi
2900 3387 3264 3458 reprobantur
3287 3385 3508 3461 (Matth.

1902 3480 2132 3552 tt),quir.
2189 3494 2286 3551 pro
2330 3494 2440 3537 uno
2481 3477 2690 3537 infante
2741 3480 2911 3537 multa
2960 3478 3306 3555 parvulorum
3342 3478 3510 3533 millia

1878 3571 1890 3586 '
1912 3572 2284 3629 trucidarunt.

1976 3664 2169 3739 (Vers.
2208 3662 2333 3735 16.)
2378 3662 2538 3721 Prius
2565 3664 2702 3721 enim
2731 3680 2891 3736 quant
2917 3665 3044 3719 sciat
3075 3678 3204 3735 puer
3234 3663 3510 3737 reprobare

1902 3755 2098 3811 malum
2136 3765 2183 3817 et
2214 3753 2401 3829 eligere
2428 3756 2639 3822 bonum,
2672 3754 3054 3829 derelinquetur
3084 3765 3244 3821 terra,
3276 3767 3505 3825 quantm

1906 3850 2249 3920 detestaris,a
2273 3850 2638 3922 facieduorunt
2664 3865 2845 3921 regunt
2876 3865 3111 3906 suorum.
3137 3849 3305 3906 Sexto
3330 3850 3501 3921 impe-

1906 3945 1976 4001 rii
2007 3960 2151 4000 anno
2182 3944 2429 4000 Ezechiae
2452 3952 2537 3999 est
2564 3944 2632 3997 ab
2660 3942 2900 4014 Assyriis
2928 3952 3085 4012 capta
3117 3942 3360 3998 Samaria
3396 3942 3507 4016 (IV

1905 4039 2040 4114 Reg.
2068 4038 2249 4109 xvut),
2281 4038 2332 4095 id
2350 4046 2432 4095 est
2458 4036 2738 4105 tricesimo
2761 4037 2938 4108 primo
2956 4035 3291 4093 annoaetatis
3308 4036 3504 4108 ipsius.

1902 4131 1992 4189 Sic
2020 4133 2200 4203 itaque
2230 4131 2336 4189 iste
2361 4131 2453 4203 qui
2479 4129 2811 4195 nasciturus,
2842 4127 2926 4189 vel
2945 4128 3014 4186 de
3039 4128 3286 4200 Virgine,
3317 4137 3375 4186 ut
3406 4145 3505 4186 nos

1904 4225 2220 4299 probamus,
2258 4223 2343 4280 vel
2381 4222 2451 4281 de
2480 4222 2915 4289 adulescentula,
2968 4230 3024 4279 ut
3054 4221 3230 4279 Judaei
3270 4222 3461 4280 volunt
3488 4266 3504 4289 .

1911 4318 2165 4391 butyrum
2210 4327 2265 4375 et
2304 4315 2412 4379 mel
2457 4314 2731 4379 comedet,
2765 4323 2821 4373 et
2854 4322 2961 4371 tam
3006 4313 3265 4385 parvulus
3289 4315 3414 4381 erit,
3451 4324 3510 4369 ut

1906 4413 2107 4471 malum
2148 4427 2178 4466 a
2204 4409 2682 4469 bonodiscerncre
2706 4416 2964 4477 nequeat,
3007 4415 3063 4464 et
3098 4417 3387 4480 antequam
3412 4408 3504 4465 ille

1904 4513 2119 4577 tempus
2147 4502 2460 4575 egrediatur
2489 4501 2751 4567 infantia),
2778 4509 2921 4556 terra
2953 4499 3127 4572 Syrim
3159 4509 3215 4557 et
3244 4500 3508 4558 Samaria:

1908 4596 2171 4655 vastanda
2199 4596 2267 4655 ab
2288 4596 2529 4666 Assyriis
2559 4594 2631 4651 sit
2664 4610 2678 4648 :
2712 4592 3074 4663 respondeant
3109 4592 3348 4662 Hebraei,
3373 4611 3509 4666 quoe

216 4687 396 4749 buisse
423 4692 723 4761 contendit,
749 4692 919 4751 Jasub
936 4704 987 4750 et
1016 4692 1336 4753 Emmanuel
1368 4713 1381 4750 :
1407 4694 1794 4752 etEmmanuel
1832 4690 1884 4761 Ι)
1910 4693 2071 4750 modo
2102 4690 2366 4751 Ezechias
2397 4689 2616 4763 triginta
2641 4696 2695 4747 et
2716 4703 2827 4745 uno
2853 4687 3013 4744 annis
3038 4687 3337 4744 infantulus
3367 4704 3509 4760 prae-

215 4780 280 4839 de
308 4785 643 4857 prephetissa
679 4801 847 4843 uxore
870 4787 991 4863 ejus
1012 4802 1135 4844 esse
1157 4797 1495 4861 generatum,
1534 4788 1589 4847 in
1608 4798 1796 4863 typum

216 4874 739 4953 DominiSalvatorls
762 4888 854 4936 :ut
887 4880 1037 4952 prior
1068 4880 1213 4936 filius
1238 4878 1424 4949 Jasub,
1450 4879 1593 4952 quod
1642 4880 1807 4938 inter-

284 5081 315 5111 ι
343 5071 564 5129 Verbum
591 5073 829 5130 Carathi.
862 5074 1064 5132 Omnes
1094 5090 1226 5135 mss.
1269 5075 1491 5132 codices
1519 5074 1697 5132 Latini
1722 5076 1801 5134 le-

219 5152 346 5215 gunt
373 5155 432 5219 ut
470 5146 743 5203 edidimus
790 5162 1059 5213 CARATIII,
1098 5148 1151 5201 in
1185 5148 1357 5217 prima
1405 5164 1660 5219 persona.
1692 5148 1801 5206 Sed

221 5219 321 5275 hoc
343 5218 429 5277 vol
448 5233 604 5277 cruor
649 5227 735 5275 est
759 5220 1111 5276 librariorum
1145 5230 1416 5285 veterum,
1450 5222 1536 5275 vel
1574 5221 1802 5277 libertas

220 5286 527 5364 ltieronyuti
538 5291 631 5363 qui
657 5306 813 5364 more
833 5289 1099 5362 Syrorum
1120 5291 1337 5362 legebat
1361 5292 1449 5349 ind
1476 5294 1533 5355 in
1555 5292 1801 5364 secunda

221 5357 464 5417 feminina
494 5357 753 5435 singulari
784 5357 1208 5437 praeteritorum.
1238 5368 1417 5447 mmp
1445 5362 1675 5431 carathi,
1704 5380 1801 5434 pro

220 5451 372 5534 amp
408 5453 603 5509 caroth.
646 5453 801 5523 Quod
831 5455 1049 5525 quidem
1082 5463 1260 5525 potest
1292 5453 1527 5527 intelligi
1577 5456 1801 5524 vocabit,

222 5554 279 5620 u_t
302 5546 546 5620 observat
586 5546 729 5603 idem
765 5547 1154 5620 llierOnymus,
1192 5566 1298 5603 ιιοη
1334 5549 1480 5616 iuxta
1522 5547 1804 5604 Gramma-

457 5619 763 5702 _v.egbouuu
790 5612 1009 5702 sensum
1037 5636 1053 5688 ;
1087 5612 1191 5702 sed
1214 5612 1379 5702 ἐμιῇ
1402 5621 1805 5691 multatam

224 5689 409 5759 uitiati
421 5689 689 5759 vitam
716 5695 1027 5762 parituram
1047 5694 1291 5771 respicit.
1330 5689 1600 5750 Μητιυι.

293 5786 327 5867 ξ*
354 5792 523 5867 {irasci
549 5810 765 5867 quoque
793 5795 999 5864 vulgati
1025 5795 1185 5853 codd.
1217 5796 1349 5855 Novi
1377 5794 1643 5860 Testam.,
1684 5797 1805 5867 ἕξει,

230 5859 434 5943 habebit,
450 5859 661 5943 tametsi
677 5859 821 5923 'inss.
839 5859 1024 5943 plures
1044 5867 1275 5943 Hiberae,
1292 5868 1524 5943 accipiet.
1539 5859 1812 5943 Ferrato;

231 5885 434 5929 nauem.
450 5885 661 5923 tametsi
691 5885 821 5923 mss.
876 5885 1024 5925 turea
1047 5885 1275 5943 λήψεται,
1292 5885 1398 5924 acc:
1460 5885 1524 5923 et.
1544 5885 1712 5925 rorro
1728 5885 1811 5925 ro-

231 5934 403 5991 calnmt
424 5951 476 5996 et
490 5938 713 6011 Vulgata
728 5948 782 5997 et
804 5885 1045 6013 prcrique
1058 5956 1124 5998 ex
1138 5885 1688 6012 Latinis,d’;:rcisque
1710 5941 1811 5998 Pa-

1915 4785 2153 4854 dicetur,
2187 4792 2244 4840 et
2269 4792 2375 4840 tam
2408 4781 2557 4838 rudis
2586 4778 2786 4849 aetatis,
2806 4788 2864 4843 ut
2890 4779 3021 4849 incl,
3042 4790 3096 4835 et
3125 4779 3383 4868 butyrum
3411 4796 3505 4838 co-

1915 4878 2164 4945 medens,
2218 4877 2370 4948 juxta
2408 4873 2726 4935 Niniviticos
2774 4886 3003 4962 pueros,
3042 4888 3147 4935 nec
3199 4868 3505 4945 sinistram,

1911 5076 2082 5135 tribus
2098 5074 2511 5143 praeferunt.Vet
2523 5117 2536 5131 .
2552 5074 2668 5132 ltal.
2686 5075 2902 5133 vocabit.
2921 5074 3223 5146 Cyprianus
3235 5079 3499 5137 vocabitis.

1989 5160 2011 5189 ε
2060 5148 2238 5205 Vatic.
2267 5146 2507 5220 quodque
2537 5148 2785 5220 sequitur,
2818 5148 3095 5220 reprobare
3124 5148 3339 5216 malum,
3363 5164 3493 5217 etc.,

1912 5220 2078 5285 f’also;
2103 5229 2185 5276 est
2199 5222 2347 5296 enim
2372 5218 2515 5288 apud
2692 5219 3029 5296 Eposls'aaat,
3052 5219 3344 5296 pt'tveligere
3363 5222 3498 5277 boc-

1911 5308 2016 5363 que
2042 5292 2265 5363 proprie
2287 5301 2393 5357 est,
2426 5293 2567 5358 quod
2595 5292 2648 5349 in
2690 5290 2929 5353 Hebraeo
2968 5307 3074 5345 twn
3109 5293 3297 5349 haberi
3345 5304 3501 5351 notat

1911 5362 2137 5441 Hieron.
2161 5365 2277 5441 sive
2304 5363 2450 5418 verbi
2472 5367 2633 5419 cum
2655 5363 3141 5433 significatnmnon
3159 5378 3280 5423 esse
3309 5366 3500 5441 eligere

1907 5436 2002 5507 sed
2021 5433 2313 5507 reprobare.

1980 5505 2005 5544 ά
2038 5502 2226 5563 ϐ’τωεε
2268 5505 2401 5560 dicit
2438 5504 2751 5577 Eusebius:
2785 5502 2915 5560 οὔτε
2945 5513 3018 5577 τῷ
3058 5503 3217 5560 δοκεῖν
3252 5504 3405 5564 ἔσται
3436 5509 3498 5566 τὸ

1908 5580 2181 5654 γινόμενον.
2227 5578 2549 5654 ἀλλ’ίάληθῶς
2589 5576 2830 5654 vocarim»
3134 5577 3386 5654 Ἱέξένησιξδ.
3428 5584 3500 5643 ὡς

1909 5648 2207 5727 ἀοινὼςυῆσαι
2227 5653 2421 5727 warrior»
2440 5650 2862 5727 τροφῇ,βουτύρῳ
3031 5650 3116 5727 atati
3129 5648 3299 5727 μέλιτι
3318 5651 3502 5727 ὀμοίῳς

1910 5732 2023 5785 τοῖς
2050 5724 2247 5801 λοςποῖς
2280 5714 2512 5801 βρέφεσι
2540 5714 2714 5778 ’Ῡοῧτο
2743 5714 2844 5792 μέν’
2870 5714 2958 5801 9ῧῦ
2979 5714 3324 5801 svitiam:
3345 5714 3414 5782 ’τὸ
3431 5714 3500 5801 -δδ

1912 5804 2005 5857 τῆς
2043 5788 2290 5869 Oscam-oc
2317 5788 2482 5869 ἀύῖτᾳῦ
2544 5788 2931 5869 παρασέᾳῖικὸν
2970 5788 3128 5869 induo
3167 5788 3235 5869 diu
3266 5794 3373 5869 εἴη,
3420 5795 3499 5853 ὅτι

1914 5870 2041 5947 arpis:
2053 5866 2091 5947 ft
2120 5866 2506 5947 péyacugrou,
2534 5864 2565 5925 ἦ
2594 5863 2899 5945 τέροελέσθαι
2923 5865 3139 5941 πονηρὰ,
3171 5865 3418 5934 inhiant
3442 5871 3499 5925 τὸ

1915 5936 2241 6017 eiecerint
2266 5938 2331 5997 τὰ
2356 5936 2487 6013 Eiic-
