4078 6328
514 393 612 449 111

1764 383 1824 442 S.
1866 383 2135 442 EUSEBII
2173 376 2552 439 HIERONYMI

3711 373 3814 432 ιη

508 525 614 566 nec
640 483 946 574 dexteram,
973 505 1024 560 id
1051 514 1157 569 est,
1180 518 1284 559 nec
1315 501 1538 568 malum,
1582 515 1684 557 nec
1713 500 1914 556 bonum
1946 513 2113 555 nove-
2138 507 2193 568 Α
2215 495 2502 569 AEgyptios
2527 501 2684 550 vocat
2707 500 2931 564 prepter
2958 489 3509 557 sordesidololatrim,
3539 497 3595 545 et
3622 489 3816 545 imbel-

511 607 607 660 rit.
634 604 884 659 Relatqu
915 611 1097 656 autem
1138 598 1207 655 ad
1246 595 1580 663 Emmanuel,
1607 594 1751 664 quod
1783 596 2113 665 interpreta-

510 708 623 764 tur,
655 698 916 752 nobiscum
946 693 1110 762 Deus,
1147 692 1363 749 facilem
1418 690 1641 748 habebit
1671 688 2108 758 intelligentiam.

513 788 667 858 Quod
695 787 760 842 ad
800 787 1122 859 mysterium
1155 795 1212 842 et
1257 784 1668 840 invocationem
1711 782 1948 837 nominis
1994 780 2113 850 ejus

512 894 654 939 terra
686 882 880 954 Syriae,
906 880 1267 945 etSamariae,
1301 878 1531 950 Assyrio
1571 885 1894 947 superante,
1932 884 2115 930 vaste-

512 987 602 1033 tur
621 996 633 1033 :
650 976 914 1032 etdnmus
945 974 1119 1030 David
1148 973 1416 1028 liberetur
1442 989 1471 1026 a
1495 971 1712 1028 duobus
1730 971 1952 1043 regibus
1973 982 2114 1040 quos

515 1067 730 1132 metuit,
754 1067 920 1122 Rasin
951 1065 1232 1129 videlicet.
1252 1074 1308 1121 et
1327 1064 1564 1121 Phacee.

587 1161 782 1234 (Vers.
809 1161 897 1214 17.
929 1161 948 1230 )
989 1159 1225 1214 Adducet
1260 1139 1518 1213 Dominus
1566 1173 1723 1227 super
1752 1165 1822 1222 te,
1881 1164 1930 1209 et
1959 1171 2116 1225 super

513 1254 764 1328 papulum
784 1265 949 1319 tuum,
977 1264 1023 1310 et
1049 1271 1204 1326 super
1233 1253 1444 1307 domum
1474 1252 1638 1322 patris
1659 1252 1734 1305 tui
1755 1250 1866 1304 dies
1889 1249 1978 1320 qui
2009 1265 2114 1302 non

513 1357 762 1403 venerunt
792 1365 826 1400 a
855 1346 1034 1401 diebus
1075 1345 1429 1418 separationis
1460 1342 1715 1412 Ephraim
1738 1360 1768 1395 tt
1797 1340 1963 1409 Juda,
1998 1356 2116 1395 cum

510 1456 631 1511 rege
667 1440 1020 1510 Assyriorum.
1063 1437 1240 1493 Locus
1277 1440 1379 1492 iste
1416 1451 1510 1506 per
1540 1435 1876 1507 hyperbaton
1931 1433 2117 1504 legen-

519 1532 622 1589 dus
648 1541 750 1587 est.
778 1531 1023 1602 Denique
1052 1540 1106 1586 et
1137 1545 1238 1585 nos
1263 1531 1432 1585 secuti
1461 1529 1777 1584 Hebraicam
1803 1527 2114 1593 veritatem,

512 1627 588 1683 ita
619 1643 742 1682 eum
771 1625 1115 1696 interpretati
1144 1640 1332 1680 sumus
1353 1623 1427 1679 :0
1455 1623 1650 1678 domus
1681 1622 1870 1689 David,
1903 1622 2118 1678 auscul-

515 1734 569 1776 ta
599 1737 719 1792 quae
749 1721 894 1787 dico,
925 1729 984 1774 ut
1014 1719 1425 1788 derelinquatur
1468 1727 1611 1772 terra
1639 1715 1813 1788 Syria:
1842 1725 1897 1771 et
1917 1715 2116 1771 Sama-

512 1818 612 1874 ria:
641 1834 668 1870 a
699 1815 838 1872 facie
863 1830 1044 1886 regum
1071 1813 1327 1878 duorum,
1383 1827 1520 1882 quos
1552 1821 1609 1865 tu
1637 1810 2118 1866 vehementissime

2218 591 2323 646 lem
2365 589 2623 659 populum
2656 604 2668 641 :
2709 596 2766 643 et
2793 602 2950 657 apem
2981 587 3256 658 Assyrios,
3290 599 3520 657 quorum
3553 583 3645 641 illo
3677 590 3812 638 tem-

2216 695 2350 751 pore
2381 681 2820 751 potentissimum
2850 694 3079 750 regnum
3107 687 3248 744 erat,
3279 689 3333 734 et
3355 676 3423 732 ad
3455 677 3600 732 bella
3634 690 3816 747 prom-

2223 775 2532 845 ptissimum
2570 793 2582 829 :
2615 774 2704 830 vel
2745 775 2816 829 ob
2851 774 2926 841 id,
2968 774 3091 844 quia
3123 773 3301 829 omnis
3354 785 3525 843 prope
3563 768 3816 842 Assyrio-

2215 883 2338 924 rum
2375 877 2430 922 et
2458 866 2697 923 Persidis
2727 869 2877 939 regio
2919 880 3078 922 usum
3132 864 3370 922 habebat
3412 863 3754 934 sagittarum.
3786 859 3814 902 ι)

2216 957 2282 1014 lli
2316 958 2482 1030 igitur
2512 970 2567 1014 et
2597 975 2789 1014 omnes
2834 960 3080 1025 venient,
3130 967 3188 1014 et
3228 957 3572 1029 occupabunt
3618 966 3815 1013 terram

2219 1059 2362 1106 tuam
2394 1054 2449 1106 in
2494 1051 2827 1107 torrentibus
2853 1051 3098 1119 vallium,
3131 1061 3188 1107 et
3215 1051 3469 1108 cavernis
3517 1059 3816 1122 petrarum,

2217 1156 2271 1202 et
2301 1146 2354 1202 in
2386 1146 2639 1202 omnibus
2665 1146 2899 1212 frutetis,
2932 1158 2984 1202 et
3016 1145 3400 1213 foraminibus,
3426 1145 3702 1217 tignisque
3725 1161 3819 1202 ue-

2218 1240 2478 1296 morosis.
2512 1239 2639 1296 Hazc
2681 1250 2860 1296 autem
2902 1255 2998 1310 per
3037 1239 3412 1312 metaphoram
3447 1240 3735 1308 dicuntur,
3765 1247 3822 1297 ut

2217 1334 2344 1404 quia
2370 1333 2541 1389 semel
2571 1349 2808 1402 muscas,
2837 1342 2894 1390 et
2922 1348 3052 1405 apes
3075 1334 3478 1401 nominaverat,
3511 1334 3821 1390 translatio-

2219 1442 2344 1482 nem
2373 1436 2617 1483 servaret
2649 1428 2700 1482 in
2739 1427 2988 1497 reliquis.
3021 1426 3292 1500 Legamus
3331 1428 3539 1500 Regum
3563 1439 3617 1484 et
3657 1427 3820 1485 Para-

2218 1520 2537 1592 lipomenon
2561 1521 2752 1590 libros,
2799 1519 2958 1594 114
2987 1531 3043 1577 et
3075 1525 3416 1578 inveniemus
3451 1523 3520 1578 ab
3551 1521 3822 1594 Egyptiis

2219 1631 2420 1672 caesum
2458 1625 2710 1674 sanctum
2741 1632 2924 1689 regem
2981 1615 3212 1684 Josiani,
3258 1628 3314 1674 et
3349 1619 3609 1691 populum
3659 1616 3823 1674 Israel

2220 1709 2475 1780 potestati
2516 1708 2790 1782 Egyptim
2843 1710 3190 1782 subjugatutn
3245 1710 3337 1784 (IV
3387 1711 3520 1782 Reg.
3574 1727 3735 1779 mn;
3780 1709 3822 1768 ll

2222 1802 2354 1858 Par.
2398 1803 2562 1874 xxxv)
2594 1822 2607 1858 :
2637 1805 2710 1859 ita
2759 1810 2823 1858 ut
2874 1819 3056 1875 regem
3111 1804 3222 1859 illis
3250 1804 3629 1860 constitueret.
3689 1805 3754 1859 Et
3799 1814 3821 1843 ο

515 1909 842 1969 reformidas
872 1927 885 1962 :
915 1908 1152 1964 adducet
1178 1906 1437 1961 Dominus
1451 1904 1569 1960 dies
1591 1919 1754 1974 super
1779 1913 1849 1967 te,
1877 1911 1934 1958 et
1952 1919 2116 1972 super
2145 1912 2192 1974 Β
2224 1906 2345 1968 post
2375 1912 2480 1952 non
2522 1897 2749 1952 multum
2784 1898 3079 1967 temporis,
3134 1898 3284 1954 venit
3323 1898 3825 1954 Nabuchodonosor

515 2004 740 2061 domum
779 2001 950 2071 patris
981 2001 1060 2055 tui
1087 1998 1276 2063 David,
1303 2011 1444 2068 quos
1474 2012 1766 2067 numquam
1792 1993 2028 2049 habuisti
2051 2009 2118 2049 ex

517 2114 586 2155 eo
619 2107 866 2166 tempore
892 2109 1000 2165 quo
1029 2094 1219 2150 decem
1248 2092 1422 2148 tribus
1446 2107 1476 2146 a
1500 2092 1710 2146 duabus
1741 2089 1986 2145 tribubus
2029 2105 2120 2146 se-

508 2204 714 2265 paratae
743 2199 961 2254 sunt,et
979 2204 1201 2258 regnum
1228 2188 1280 2241 in
1313 2185 1558 2243 Samaria
1583 2184 1786 2240 habere
1810 2191 2115 2255 cmperunt.

509 2285 766 2344 Adducet
788 2293 970 2339 autem
1001 2284 1137 2338 istos
1166 2281 1304 2344 dies,
1337 2280 1390 2335 id
1413 2288 1526 2342 est.
1563 2288 1808 2349 tempora
1831 2293 1954 2332 cum
1987 2293 2120 2349 rege

512 2379 893 2452 Assyriorum,
928 2384 986 2430 ut
1014 2376 1123 2430 illis
1165 2373 1436 2442 superatis
1482 2382 1648 2442 atque
1706 2371 2010 2436 subversis,
2061 2380 2117 2425 tu

514 2469 895 2528 Emmanuelis
949 2467 1239 2537 prmsentia
1273 2465 1549 2521 libereris.
1585 2461 1729 2518 LXX
1765 2464 1910 2517 hunc
1939 2463 2117 2518 locum

512 2565 589 2620 ita
643 2569 970 2617 verterunt:
1003 2559 1235 2613 Adducet
1285 2556 1539 2612 Dominus
1583 2556 1740 2630 113
1781 2573 1934 2628 super
1967 2566 2036 2620 te,
2071 2564 2117 2610 et

504 2674 659 2728 super
693 2654 945 2727 populant
971 2662 1136 2719 tuum,
1167 2663 1217 2706 et
1264 2669 1421 2721 super
1450 2652 1660 2705 domum
1687 2652 1850 2723 patris
1875 2652 1950 2704 tui
1981 2651 2112 2718 dies,

511 2751 600 2822 qui
630 2749 850 2803 necdum
889 2755 1160 2809 venerunt,
1201 2763 1266 2802 ea:
1293 2763 1399 2818 qua
1425 2747 1508 2800 die
1550 2745 1764 2800 abstulit
1802 2743 2061 2814 Ephraim
2087 2761 2120 2799 α

513 2841 659 2899 Iuda
680 2857 849 2912 regem
878 2840 1226 2911 Assyriorum.
1261 2837 1418 2906 Quud
1455 2853 1613 2907 quem
1643 2853 1866 2892 sensum
1899 2838 2117 2903 habeat,

509 2937 653 2991 scire
695 2951 804 2988 non
849 2948 1162 3004 possumus,
1215 2932 1316 2986 nisi
1349 2933 1488 2986 forte
1532 2932 1636 2985 huc
1674 2931 1968 2986 dicendum
2009 2940 2117 2997 est,

517 3027 660 3101 quod
695 3039 1042 3096 peccatorum
1076 3039 1298 3080 suorum
1330 3024 1703 3095 magnitudine
1744 3024 2036 3094 Ephraim,
2065 3022 2119 3078 id

516 3133 625 3190 est,
657 3121 904 3179 Samaria
939 3119 1174 3189 primum
1223 3118 1290 3174 ad
1332 3134 1392 3174 se
1413 3118 1764 3190 A~syriorum
1796 3117 1989 3174 fecerit
2019 3118 2123 3172 im-

517 3224 704 3285 prtum
743 3214 1045 3269 declinare.
1083 3213 1260 3267 Aliter
1297 3228 1310 3264 :
1346 3211 1568 3266 Interim
1608 3227 1752 3266 nunc
1806 3210 1917 3265 duo
1959 3225 2118 3282 reges

2221 2004 2346 2045 cum
2380 1989 2766 2046 innumerabili
2792 1989 3140 2046 multitudine
3171 1990 3518 2058 bellatorum,
3559 1997 3826 2062 captaque

2221 2084 2548 2153 Jerusalem,
2579 2095 2633 2140 et
2664 2086 2881 2140 caeteris
2905 2083 3106 2140 ludant:
3135 2085 3362 2141 utbibus
3387 2084 3606 2151 dirutis,
3638 2086 3824 2140 incen-

2223 2177 2302 2232 dit
2324 2176 2635 2248 Templum,
2671 2188 2724 2232 et
2755 2175 3091 2232 habitatores
3115 2174 3373 2248 Assyrios
3413 2175 3594 2247 posuit
3627 2177 3680 2232 in
3726 2174 3823 2232 Ju-

2223 2271 2338 2329 dtea
2370 2273 2462 2344 (IV
2497 2272 2629 2347 Reg.
2673 2279 2847 2340 xxrv).

2297 2367 2481 2440 (Vers.
2520 2367 2642 2439 20.)
2681 2367 2748 2424 In
2779 2370 2861 2424 die
2889 2368 2985 2424 illa
3026 2369 3175 2424 radet
3207 2367 3462 2424 Dominus
3487 2369 3543 2424 in
3574 2369 3824 2424 nouacula

2221 2464 2504 2529 conducta,
2535 2463 2590 2517 in
2617 2463 2695 2517 Itis
2723 2464 2812 2534 qui
2855 2469 2998 2517 trdus
3033 2464 3227 2534 ﬂumen
3254 2475 3396 2532 sunt,
3425 2465 3480 2518 in
3506 2481 3624 2536 rege
3669 2465 3826 2537 Assyo

2222 2557 2443 2620 riorum,
2477 2567 2654 2628 caput,
2683 2565 2729 2611 et
2775 2555 2910 2629 pilos
2936 2559 3145 2630 pedum,
3179 2567 3226 2611 et
3275 2557 3488 2613 barbam
3514 2557 3824 2613 universam.

2222 2647 2351 2705 ch
2367 2650 2583 2720 quidam
2611 2659 2801 2718 putant
2821 2650 2890 2706 de
2914 2651 3156 2723 Assyriis
3184 2651 3522 2722 pr0phetari,
3555 2653 3648 2722 qui
3679 2652 3827 2708 mille

2225 2745 2486 2800 trecentis
2515 2747 2695 2814 annis,
2742 2754 3034 2816 antequam
3079 2746 3382 2802 Jerusalem
3419 2747 3822 2815 subverterent,

2225 2856 2453 2911 regnum
2468 2839 2610 2895 Asiae
2634 2840 2965 2912 Egyptique
2988 2851 3043 2896 et
3069 2840 3256 2914 Libya:
3277 2841 3662 2912 possederunt,
3686 2840 3829 2908 quod

2225 2947 2255 2987 a
2282 2932 2450 2988 Medis
2475 2933 2766 3004 Per-isque
2797 2932 3052 2989 vincendi
3075 2932 3205 3002 sint,
3241 2942 3298 2989 et
3319 2949 3507 2991 eorum
3539 2932 3825 2999 imperium

2225 3023 2648 3081 destruendum.
2679 3027 2788 3082 Alii
2832 3042 2961 3082 vero
2991 3025 3348 3094 arbitrantur,
3381 3026 3525 3098 quod
3560 3037 3713 3083 trans
3735 3027 3833 3082 llu-

2226 3134 2352 3174 men
2385 3120 2714 3190 Euphratem
2742 3122 2870 3176 caesi
2903 3121 3014 3176 sint
3042 3121 3306 3195 Egyptii.
3342 3121 3454 3178 Nos
3499 3136 3685 3179 autem
3737 3140 3834 3178 no-

2226 3213 2474 3268 vaculam
2509 3214 2765 3270 mercede
2783 3214 3132 3282 conductam,
3172 3216 3345 3287 ipsum
3370 3215 3704 3272 arbitramur
3731 3216 3832 3272 As-

515 3310 683 3365 liasin
708 3317 760 3364 et
783 3307 1014 3372 Phacee,
1039 3305 1133 3377 qui
1160 3314 1212 3360 te
1235 3303 1507 3370 obsident,
1535 3313 1593 3360 et
1614 3314 1827 3358 vastare
1842 3302 2126 3370 festinant,
2153 3310 2200 3374 (ζ
2233 3307 2469 3376 syrium,
2513 3320 2675 3375 quem
2715 3306 2768 3360 in
2799 3305 3038 3361 Jeremia
3075 3307 3146 3362 ob
3184 3307 3446 3363 ultionem
3489 3308 3671 3378 populi
3707 3322 3832 3378 pec-

515 3403 670 3459 brevi
702 3409 954 3468 tempore
976 3399 1365 3454 subvertentur
1397 3415 1409 3450 :
1443 3407 1548 3452 tua;
1574 3407 1758 3453 autem
1799 3397 2122 3452 vastationis

518 3509 734 3566 tempus
777 3493 911 3549 illud
961 3492 1242 3557 adveniet,
1296 3491 1537 3562 quando,
1581 3491 1726 3562 quod
1768 3507 2065 3562 numquam
2094 3499 2121 3526 ⁸

519 3602 864 3661 speraveras.
891 3587 1058 3642 immo
1086 3599 1380 3654 numquam
1415 3597 1708 3650 metueras,
1736 3584 1998 3656 Assyrius
2028 3598 2124 3638 ve-

525 3683 688 3739 nerit.
712 3681 816 3738 Per
837 3697 957 3751 qua:
979 3678 1162 3744 docet,
1195 3677 1380 3732 domui
1414 3676 1608 3743 David,
1663 3693 1770 3731 non
1815 3675 2036 3748 Syriam
2068 3684 2126 3731 et

521 3777 848 3839 Samariam,
882 3773 980 3829 sed
1011 3773 1268 3844 As~yrios
1296 3787 1422 3828 esse
1461 3771 1808 3828 metuendos.
1857 3767 2126 3826 Prsesenti

521 3885 653 3942 ergo
674 3868 964 3925 formidine
996 3867 1214 3936 liberat,
1247 3875 1303 3923 et
1325 3865 1394 3922 de
1424 3864 1608 3922 futuro
1629 3875 1876 3937 tempore
1897 3867 2124 3922 commi-

528 3974 711 4020 natur.

599 4058 781 4130 (Vers.
817 4055 905 4120 18,
942 4053 1058 4125 19).
1094 4052 1162 4107 Et
1188 4054 1289 4108 erit
1317 4052 1372 4106 in
1399 4052 1484 4107 die
1511 4052 1626 4119 illa,
1659 4054 1888 4109 sibilabit
1935 4055 2124 4110 Domi-

524 4164 620 4202 nus
645 4162 855 4206 muscw,
887 4159 1001 4215 quo:
1036 4152 1110 4198 est
1144 4144 1200 4197 in
1235 4153 1463 4197 extremo
1493 4145 1770 4213 ﬂuminum
1800 4145 2043 4218 (Egypti,
2075 4155 2124 4203 et

523 4238 613 4311 api
633 4252 747 4306 qua:
790 4244 867 4288 est
911 4234 965 4287 in
1013 4241 1150 4286 terra
1181 4231 1346 4286 Assur
1373 4248 1392 4285 :
1419 4241 1463 4286 et
1491 4235 1714 4300 venient,
1739 4244 1785 4289 et
1816 4237 2128 4304 requiescent

526 4345 700 4385 omnes
730 4329 785 4382 in
811 4325 1125 4380 torrentibus
1149 4321 1386 4389 vallium,
1417 4338 1464 4378 et
1489 4325 1542 4379 in
1574 4328 1806 4381 cavernis
1837 4336 2121 4397 petrarum,

528 4434 576 4476 et
607 4424 661 4478 in
701 4419 936 4475 omnibus
982 4416 1222 4487 frutetis,
1270 4424 1320 4471 et
1367 4417 1421 4469 in
1464 4418 1716 4472 universis
1757 4419 2123 4490 foraminibus.

527 4521 664 4575 Cum
688 4518 850 4573 fuerit
877 4516 1110 4571 duorum
1146 4530 1336 4586 regum
1371 4523 1513 4570 terra
1545 4515 1795 4586 deserta,
1831 4518 2125 4576 Damascus

529 4623 584 4668 ct
608 4610 875 4676 Samaria,
924 4624 1084 4678 quam
1139 4617 1194 4663 tu
1242 4622 1387 4662 nunc
1433 4607 1722 4665 detestaris
1770 4619 1827 4666 et
1879 4615 2122 4670 metuis:

2223 3398 2447 3466 caloris,
2482 3399 2646 3455 etiam
2678 3401 2988 3456 columbam
3028 3416 3180 3457 suam
3215 3410 3371 3456 vocat
3417 3399 3636 3474 (Jerem.
3671 3400 3826 3472 xxv).

2224 3493 2470 3564 Denique
2498 3494 2631 3549 etin
2664 3495 2875 3551 visione
2903 3494 3034 3566 Tyri
3066 3495 3281 3568 (Ezeclt.
3319 3510 3517 3560 xxvtn,
3541 3494 3636 3562 29)
3657 3539 3670 3562 ,
3704 3495 3828 3564 quia

2225 3587 2277 3642 in
2300 3587 2653 3643 exstruendis
2685 3588 3102 3657 munitionibus,
3135 3600 3189 3645 et
3216 3603 3410 3660 aggere
3433 3587 3831 3655 comportanda

2224 3679 2732 3738 Nabuchodonosor
2754 3682 3048 3752 plurimum
3075 3683 3435 3751 laboraverat,
3460 3691 3514 3737 et
3531 3680 3640 3737 illis
3655 3681 3832 3737 classe

2225 3772 2583 3846 fugientibus,
2637 3773 2818 3831 fuerat
2871 3776 3128 3833 mercede
3177 3775 3443 3846 privatus,
3487 3773 3613 3830 data
3656 3783 3744 3830 est
3781 3771 3830 3828 ei

2227 3866 2500 3938 Egyptus
2533 3883 2630 3936 pro
2662 3869 2916 3925 mercede
2955 3879 3009 3926 et
3056 3869 3247 3925 labore
3274 3883 3396 3924 suo.
3428 3866 3574 3938 Ergo
3622 3869 3678 3923 in
3729 3867 3831 3922 ista

2227 3961 2490 4017 novacula
2519 3960 2856 4032 acutissima,
2899 3971 2957 4020 et
3005 3964 3059 4019 in
3109 3965 3212 4032 his,
3246 3965 3340 4038 qui
3384 3964 3635 4019 habitant
3681 3974 3829 4018 trans

2227 4052 2434 4110 ﬂumen
2467 4054 2826 4125 Euphratem,
2859 4057 2915 4112 in
2938 4073 3067 4128 rege
3089 4057 3342 4114 videlicet
3365 4056 3612 4130 Assyrio,
3638 4070 3831 4113 omnes

2227 4147 2458 4218 capillos
2503 4156 2559 4203 et
2610 4148 2752 4218 pilos
2794 4149 2965 4205 totius
2995 4151 3243 4220 corporis
3287 4165 3316 4204 a
3347 4151 3529 4222 capite
3560 4165 3734 4219 uSque
3763 4147 3830 4206 ad

2228 4240 2394 4310 pedes
2421 4240 2788 4323 decoremque
2827 4240 3034 4309 barbae,
3069 4242 3217 4312 quod
3262 4242 3541 4299 virilitatis
3569 4243 3827 4299 indicium

2227 4341 2331 4399 est,
2363 4332 2517 4388 radet
2549 4332 2817 4388 Dominus
2843 4334 2913 4391 de
2938 4333 3147 4405 Iudaea,
3196 4345 3255 4392 ut
3284 4335 3420 4392 nihil
3454 4337 3511 4393 in
3543 4337 3632 4393 illa
3667 4337 3826 4408 forte,

2227 4424 2359 4480 nihil
2385 4424 2672 4495 pulchrum
2701 4425 2966 4494 resideat,
3002 4428 3099 4484 sed
3131 4428 3461 4486 eﬂ‘eminatis
3489 4429 3827 4497 hominibus,

2225 4518 2396 4575 immo
2428 4522 2816 4592 ignominiosis
2845 4523 3170 4581 mulieribus
3198 4535 3608 4596 comparentur.

2299 4613 2484 4684 (Vers.
2515 4615 2580 4671 ‘2!
2602 4661 2615 4684 ,
2651 4617 2833 4689 seqq.)
2866 4616 2936 4674 Et
2965 4622 3061 4674 erit
3092 4622 3144 4675 in
3173 4622 3258 4676 die
3287 4621 3413 4688 illa,
3447 4623 3639 4676 nutriet
3682 4621 3832 4678 homo

532 4716 660 4760 tunc
686 4703 922 4759 adducet
963 4702 1250 4769 Dominus,
1282 4717 1316 4756 ο
1359 4699 1554 4756 domus
1597 4703 1755 4769 Juda,
1787 4720 1952 4776 super
1989 4717 2042 4764 te
2069 4717 2124 4764 et
2149 4719 2204 4782 1)
2227 4723 2432 4762 vaccam
2465 4709 2646 4778 boum,
2678 4722 2726 4766 et
2756 4711 2888 4768 duas
2918 4729 3054 4780 oves,
3089 4723 3137 4768 et
3166 4732 3276 4787 prae
3304 4716 3536 4770 ubertate
3564 4716 3715 4773 lactis
3745 4734 3832 4772 co»-

530 4797 785 4870 populum
814 4806 962 4850 tuum
991 4795 1132 4861 dies,
1165 4808 1303 4866 quos
1334 4811 1626 4866 numquam
1671 4805 1798 4852 ante
1842 4798 2044 4868 vidisti,
2069 4810 2126 4857 et.

529 4905 713 4961 regem
758 4887 1132 4960 Assyriorum.
1190 4886 1414 4944 Frustra
1462 4888 1624 4959 igitur
1664 4894 1952 4962 prmsentia
2008 4911 2122 4952 me-

529 4983 658 5048 tuis,
689 4983 986 5038 semiustos
1013 4991 1216 5046 torres,
1239 4992 1294 5036 et
1319 4981 1501 5052 ignem
1527 4983 1746 5054 penitus
1778 5000 1886 5042 non
1919 4986 2125 5044 haben-

531 5087 612 5133 tes
659 5093 671 5129 :
714 5075 858 5130 scire
887 5073 1032 5129 enim
1087 5073 1277 5139 debes,
1309 5073 1455 5145 quod
1509 5075 1670 5131 sibilo
1714 5091 1814 5132 suo
1864 5077 2126 5138 Dominus

529 5182 747 5225 muscas
794 5166 1036 5238 Egypti,
1086 5174 1142 5221 et
1184 5165 1466 5222 fluminum
1512 5167 1650 5237 ejus,
1706 5167 1848 5225 haud
1899 5171 2122 5230 dubiant

523 5263 654 5335 quin
685 5272 893 5333 septem
924 5259 1195 5338 διωρυχάς
1226 5259 1334 5315 Nili
1366 5261 1666 5332 signiticet,
1700 5274 1991 5322 vocaturos
2010 5267 2120 5325 sit:

522 5364 577 5413 et
606 5369 800 5427 apem,
840 5368 960 5424 quae
1007 5362 1091 5407 est
1129 5351 1186 5408 in
1244 5362 1387 5408 terra
1437 5353 1628 5410 Assur.
1678 5355 1892 5414 Muscas
1936 5369 2118 5416 autem

591 5591 618 5620 ⁸
659 5580 832 5636 Voces
855 5592 1172 5651 speraveras,
1224 5575 1381 5651 immo
1411 5589 1689 5651 numquam
1715 5575 1936 5651 _Victor.
1989 5593 2122 5635 suo-

521 5668 639 5708 rum
669 5647 914 5706 codictnn
948 5647 1396 5722 opeiexpunxit,”
1433 5649 1506 5698 uti
1540 5647 1866 5716 superﬂuas,
1920 5651 2122 5722 quippe

517 5739 641 5780 cum
666 5724 732 5778 de
765 5722 948 5776 futuro
978 5717 1121 5774 malo
1144 5729 1319 5774 metus
1345 5717 1581 5779 dicatur,
1613 5734 1718 5773 non
1749 5735 1894 5790 spes.

593 5795 619 5832 ι)
663 5793 835 5848 Vatic.
868 5792 1005 5846 Hinc
1037 5793 1194 5861 igitur
1221 5806 1398 5844 omnes
1427 5790 1647 5861 venient.

592 5876 613 5902 c
657 5865 848 5944 Hajggit
885 5880 952 5944 ex
994 5857 1146 5944 hisce
1188 5862 1409 5944 Eusebii
1444 5877 1457 5915 :
1488 5857 1590 5944 Εξτ⁸
1621 5865 1735 5944 ¹οὐκ
1765 5867 1842 5944 εἰς.
1866 5868 2120 5944 μακράχὸ

515 5946 614 5998 τῶν
650 5936 972 6002 Βαϐυλωνίων
998 5934 1246 6006 βασιλεὺς
1289 5931 1735 6013 Ναϐουχοδονόσορ
1784 5931 1881 5995 obit
1927 5931 2121 6016 μᾶγάλῃ

2231 4803 2396 4858 medet
2427 4805 2668 4876 butyrum
2699 4822 2717 4860 :
2751 4806 2991 4879 butyrum
3011 4809 3145 4863 enim
3161 4817 3208 4863 et
3237 4811 3337 4866 mel
3367 4811 3697 4867 manducabit
3724 4828 3832 4866 ont-

2231 4899 2332 4963 nis,
2364 4900 2454 4971 qui
2484 4901 2691 4955 relictus
2721 4903 2880 4973 fuerit
2910 4904 2964 4958 in
2995 4905 3164 4959 medio
3201 4913 3370 4962 terrm.
3414 4904 3484 4960 Et
3524 4907 3620 4961 erit
3669 4909 3722 4962 in
3749 4908 3831 4963 die

2230 4993 2347 5062 illa,
2381 4997 2546 5051 omnis
2591 4995 2736 5053 locus
2768 4997 2853 5054 ubi
2891 4998 3084 5072 fuerint
3113 5001 3258 5056 mille
3293 5002 3417 5056 uites
3464 5001 3610 5057 mille
3649 5018 3831 5076 argen-

2231 5089 2348 5155 teis,
2383 5097 2429 5144 et
2469 5092 2521 5143 in
2548 5091 2748 5157 spinas,
2796 5101 2843 5147 et
2883 5094 2936 5148 in
2979 5109 3156 5165 vepres
3188 5102 3358 5148 erunt.
3392 5093 3523 5149 Cum
3551 5095 3757 5166 sagittis
3782 5105 3828 5148 et

2229 5195 2355 5234 arcu
2384 5180 2737 5254 ingredientur
2767 5184 2889 5238 illuc
2921 5201 2940 5239 ,ο
2969 5201 3144 5255 vepres
3174 5189 3332 5249 enim,
3385 5196 3432 5242 et
3473 5189 3639 5261 spina:
3685 5195 3828 5243 erunt

2229 5273 2281 5326 in
2313 5277 2548 5329 universa
2578 5283 2735 5330 terra.
2762 5275 2829 5330 Et
2858 5294 3031 5334 omnes
3061 5290 3255 5335 montes
3281 5279 3372 5352 qui
3399 5282 3454 5334 in
3481 5282 3694 5336 sarculo
3718 5294 3830 5334 sar-

2227 5365 2450 5433 rientur,
2483 5382 2587 5423 non
2615 5370 2776 5425 ueniet
2808 5371 2936 5425 illuc
2965 5379 3128 5427 terror
3157 5372 3430 5443 spinarum
3469 5383 3518 5427 et
3549 5375 3784 5445 veprium
3809 5386 3829 5428 :

2225 5590 2476 5665 ςτρατεᾲς
2504 5587 2720 5665 δυνάμει
2745 5591 2992 5654 ἐπελθὼν.
3021 5598 3110 5653 τὴν
3146 5593 3239 5665 μὲν
3266 5592 3412 5665 τιςόλιν
3644 5596 3700 5650 ἔκ
3733 5595 3829 5665 βάο

2225 5595 2476 5662 στρατιὰς
2504 5595 2720 5664 δυνάμει
2745 5595 2992 5654 ἐπελθὼν.
3021 5598 3110 5653 τὴν
3146 5595 3239 5665 μὲν
3266 5595 3412 5649 πόλιν
3442 5595 3604 5654 αὐτὴν
3644 5596 3700 5650 ἐκ
3783 5596 3829 5634 ὀ

2225 5658 2356 5740 ξρων
2383 5655 2480 5740 εἶξε
2498 5701 2511 5720 ,
2654 5667 2777 5718 νεὼν
2805 5665 3160 5740 nepa-obiens.
3178 5665 3263 5740 :rb
3289 5662 3346 5720 δὲ
3375 5669 3491 5740 ἰτὸιεθΔ
3521 5662 3666 5740 ἔθνος
3694 5595 3830 5733 Eg;-

2225 5727 2718 5805 dpanwdtaupevoc,
2751 5739 2836 5791 καὶ
2855 5727 2946 5796 τ’ὰς
2966 5736 3146 5797 λοιπὰς
3173 5734 3382 5797 δηὼσας
3410 5735 3604 5800 πόλεις.
3638 5727 3829 5795 Ἂσῖσυ-

2227 5804 2372 5886 piata:
2406 5804 2675 5885 anno”;
2709 5814 2802 5886 τῇς
2848 5805 3107 5886 ’ξρυδαίωη
3148 5810 3432 5886 nat-imas
3465 5812 3672 5886 χώρας.
3723 5808 3830 5866 Sed

2225 5881 2279 5926 et
2306 5877 2590 5942 superiora
2616 5891 2681 5932 ex
2719 5877 2954 5936 Eusebio
2985 5879 3147 5949 paulo
3177 5879 3413 5935 diversis
3443 5877 3702 5938 sens'ibus
3731 5896 3827 5937 ex-

2224 5958 2411 6016 pressa
2433 5957 2579 6004 sunt.
