4052 6434
213 317 305 377 H3

736 310 1397 374 COMMENTARIORUM
1436 313 1505 371 IN
1544 312 1780 374 ISAIAM
1821 313 2244 372 PROPHETAM
2282 315 2415 374 LIB.
2457 315 2544 373 III.
2586 316 2741 375 CAP.
2788 316 2924 376 VIII.

3380 321 3482 379 HI

203 447 246 493 et
273 438 363 492 erit
392 436 438 488 in
467 450 661 506 pascua
689 433 848 500 bovis,
883 444 930 488 et
973 435 1024 488 in
1071 434 1511 489 conculcationem
1554 436 1774 506 pecoris.
1807 437 1855 498 Α
1883 443 2002 492 ctos
2033 433 2200 492 corde
2229 433 2402 506 (Psal.
2434 435 2513 508 x).
2538 436 2693 506 Quod
2717 438 2762 492 si
2791 438 3008 508 quando
3031 441 3302 498 voluerint
3322 441 3489 500 altius

206 530 323 586 Post
351 529 748 585 snbversionem
789 528 944 600 115
965 527 1291 596 Jerusalem,
1326 537 1383 585 et
1410 530 1779 600 captivitatem

205 623 398 696 populi,
431 632 485 678 et
515 621 726 693 Templi
761 623 1101 689 incendium,
1139 623 1494 680 Nabuzardan
1528 625 1782 696 princeps

202 719 414 797 militiae,
448 734 607 789 quem
640 717 780 774 LXX
814 722 1192 800 ἀρχιμάγειρον
1227 730 1444 788 vocant,
1482 737 1682 793 paucos
1712 721 1781 777 de

201 811 422 883 populo,
456 820 511 866 et
537 826 632 867 eos
663 827 930 883 pauperes
960 814 1251 884 dereliquit
1280 814 1334 868 in
1367 823 1508 870 terra
1530 859 1544 883 ,
1579 814 1672 886 qui
1704 814 1782 869 vi-

201 919 320 961 ncas
347 913 402 960 et
430 920 590 975 agros
637 907 901 962 colerent.
957 906 1204 978 Denique
1253 907 1541 977 Godolias,
1577 910 1670 980 qni
1702 910 1781 964 eis

201 997 507 1069 praepositus
534 1009 653 1053 erat
683 998 752 1054 de
781 999 935 1070 regio
977 1016 1176 1071 genere
1225 1003 1474 1068 relictus,
1531 1001 1782 1059 hortatur

199 1102 246 1147 et
273 1090 394 1145 dicit
430 1107 444 1146 :
478 1089 657 1146 Nolite
701 1093 882 1148 timere
923 1091 1196 1147 Chaldazos
1229 1110 1248 1148 :
1278 1092 1506 1149 habitate
1536 1096 1587 1148 in
1607 1098 1775 1162 ‘terra,

199 1197 239 1242 et
265 1187 441 1241 servile
470 1190 578 1256 regi
616 1185 924 1258 Babylonis,
959 1197 1006 1242 et
1046 1189 1170 1242 bene
1201 1191 1296 1243 erit
1335 1189 1475 1244 vobis
1508 1187 1612 1260 (IV
1645 1187 1777 1263 Reg.

199 1292 310 1347 xxv,
342 1276 456 1340 24).
494 1277 550 1334 ln
580 1278 671 1335 die
702 1281 867 1350 igitur
898 1279 1010 1344 illa,
1047 1279 1150 1336 hoc
1179 1291 1283 1346 est,
1322 1282 1373 1337 in
1407 1282 1502 1336 illo
1533 1291 1781 1354 tempore

197 1387 305 1427 cum
351 1370 558 1428 fuerint
599 1388 795 1429 omnes
841 1388 975 1446 opes
1040 1373 1357 1430 Iudaeorum
1404 1375 1680 1430 translata:
1726 1376 1782 1431 in

195 1465 523 1534 Chaldaeum,
567 1477 716 1522 tanta
758 1468 1000 1525 solitudo
1031 1468 1137 1525 erit
1173 1470 1226 1525 in
1269 1479 1412 1525 terra
1459 1469 1692 1539 ludam,
1729 1479 1784 1526 et

197 1571 292 1616 tam
335 1561 679 1618 incredibilis
721 1563 980 1630 vastitas,
1034 1573 1094 1618 ut
1144 1579 1484 1635 nequaquam
1536 1573 1781 1620 armenta

197 1655 341 1713 boum
372 1654 643 1723 habeant,
677 1671 778 1713 nec
817 1672 1014 1730 greges
1062 1657 1279 1724 ovium,
1319 1658 1462 1714 sicut
1499 1659 1649 1728 prius
1688 1659 1784 1714 ha-

197 1746 313 1804 bere
340 1758 743 1805 consueverant
775 1768 786 1803 :
822 1751 920 1806 sed
971 1752 1059 1806 vix
1099 1766 1260 1807 rarus
1301 1751 1574 1807 habitator
1612 1767 1780 1807 unam

1883 531 2160 604 quippiam
2187 545 2402 602 sapere,
2433 543 2482 587 et
2520 533 2686 587 nimio
2714 533 2901 590 labore
2922 535 3181 592 sudantes
3203 538 3272 593 de
3299 536 3490 610 Scrip-

1885 624 2023 680 turis
2067 625 2274 680 sanctis
2305 625 2595 696 mysticum
2627 625 2833 694 aliquid
2879 628 3130 684 invenire
3160 647 3174 684 :
3208 630 3489 686 nihilomi-

1885 733 1986 774 nus
2015 718 2196 789 frnges
2224 734 2330 773 non
2361 718 2589 774 aﬁ'erant
2610 721 2902 790 doctrinae,
2936 723 3030 778 sed
3058 724 3312 794 vepribus
3333 741 3488 780 com-

1885 813 2135 884 pleantur
2165 822 2221 867 et
2268 812 2476 882 spinis,
2509 830 2630 883 qua:
2662 814 2915 870 oriuntur
2947 816 3000 870 itt
3036 817 3290 873 manibus
3320 817 3483 874 ebrii.

1886 908 1952 964 Et
2002 923 2340 980 nequaquam
2376 919 2519 964 terra
2551 923 2742 966 eorum
2774 921 2934 982 atque
2978 911 3251 981 doctrina,
3283 916 3352 968 ab
3385 913 3488 970 ho-

1885 1001 2124 1056 minibus
2147 1043 2162 1067 ,
2206 1001 2566 1057 rationalibus
2616 1002 2982 1059 animantibus
3017 1023 3031 1059 :
3065 1005 3161 1061 sed
3191 1021 3222 1061 a
3268 1006 3441 1062 bobus
3469 1049 3483 1073 ,

1883 1109 2117 1166 quorum
2152 1094 2297 1150 Deus
2328 1111 2515 1150 curam
2551 1112 2657 1152 non
2694 1096 2892 1166 habet,
2926 1106 2982 1153 et
3009 1113 3036 1152 a
3070 1097 3245 1155 brutis
3274 1102 3484 1157 anima-

1888 1188 2032 1244 libus
2064 1189 2437 1245 conculcetur.

1957 1280 2115 1353 (Cap.
2167 1280 2308 1337 VIII.
2337 1312 2408 1322 —
2441 1282 2601 1339 Vers.
2653 1283 2801 1352 1-4.)
2850 1283 2921 1338 Et
2953 1285 3086 1341 dixit
3131 1285 3390 1343 Dominus
3415 1289 3485 1343 ad

1885 1391 1964 1429 me
1995 1391 2014 1428 :
2045 1374 2208 1431 Sume
2237 1375 2327 1429 tibi
2351 1375 2538 1430 librum
2577 1377 2859 1448 grandem,
2903 1387 2952 1433 et
2979 1379 3145 1434 scribe
3170 1380 3225 1434 in
3265 1396 3323 1434 eo
3347 1382 3485 1452 stle

1885 1470 2130 1535 hominis,
2164 1454 2405 1525 velociter
2431 1471 2601 1542 spolia
2632 1473 2866 1540 detrahe,
2891 1474 2992 1528 cito
3015 1474 3272 1544 prwdare.
3299 1472 3366 1528 Et
3388 1475 3490 1528 ad-

1885 1562 2030 1616 hibui
2060 1561 2186 1616 mihi
2213 1572 2362 1618 testes
2393 1563 2606 1633 ﬁdeles,
2633 1563 2660 1602 δ
2706 1564 2751 1620 ι]
2759 1567 2889 1619 riam
2931 1566 3281 1630 sacerdotem,
3309 1575 3358 1621 et
3383 1564 3488 1621 Za-

1885 1656 2115 1710 chariam
2145 1655 2314 1726 ﬁlium
2337 1657 2630 1720 Barachiw,
2660 1668 2706 1712 et
2733 1660 2924 1713 accessi
2966 1659 3034 1714 ad
3081 1659 3483 1732 prapltetissam,

1886 1759 1930 1804 et
1962 1751 2213 1822 concepit,
2246 1760 2294 1804 et
2315 1751 2511 1822 peperit
2543 1750 2730 1820 ﬁlium.
2754 1750 2819 1804 Et
2842 1751 2975 1806 dixit
3000 1750 3260 1806 Dominus
3276 1753 3344 1806 ad
3367 1768 3445 1807 me
3469 1769 3488 1808 :

193 1855 394 1896 vaccam
429 1843 636 1898 nutrire
669 1844 864 1912 possit,
917 1853 973 1899 et
1019 1843 1155 1900 duas
1185 1861 1349 1912 oves;
1383 1861 1488 1901 non
1519 1845 1586 1900 ad
1619 1861 1778 1901 aran-
1812 1845 1860 1905 B
1895 1841 2032 1897 Voca
2060 1859 2244 1898 nomen
2299 1847 2434 1917 ejus,
2487 1845 2750 1910 accelera,
2809 1845 2978 1915 spolia
3024 1844 3266 1910 detrahe,
3300 1846 3492 1915 festina

193 1934 325 1999 dum,
355 1936 456 1992 sed
487 1938 554 1991 ad
586 1937 792 2002 cibum,
826 1946 988 2010 atque
1018 1941 1271 1995 vestitum
1307 1939 1482 2007 lactis,
1516 1955 1580 1996 ac
1608 1941 1781 1997 velle-

194 2030 276 2084 ris.
309 2029 541 2100 Propter
571 2032 812 2102 in0piam
853 2034 1055 2105 quippe
1085 2033 1376 2103 frumenti,
1412 2046 1468 2093 et
1514 2037 1779 2102 omnium,

197 2140 304 2196 qua:
334 2135 482 2180 terra
513 2125 685 2196 gignit
714 2127 780 2182 ad
811 2128 1237 2196 comedendum,
1273 2131 1412 2186 lacte
1460 2146 1523 2186 ac
1560 2131 1783 2202 butyro,

195 2230 239 2274 et
266 2221 469 2291 agresti
500 2222 664 2278 melle
695 2235 1006 2279 vescentur.
1034 2222 1299 2296 Quodque
1328 2225 1403 2280 ait
1435 2243 1447 2279 :
1484 2224 1605 2280 Prae
1635 2225 1784 2280 uber-

192 2322 283 2368 tate
311 2314 461 2368 lactis
492 2316 722 2371 comedet
738 2317 997 2388 butyrum,
1027 2319 1130 2374 hoc
1152 2318 1448 2390 signiﬁcat,
1472 2319 1618 2391 quod
1639 2333 1783 2376 terra

191 2411 447 2465 cultorum
490 2413 713 2466 raritate
747 2412 981 2467 fertilior
1010 2412 1112 2479 sit,
1158 2424 1211 2468 et
1252 2414 1423 2485 magis
1471 2425 1599 2484 apta
1658 2427 1782 2483 pas-

192 2504 314 2558 cuis.
354 2504 412 2558 In
449 2504 545 2558 illo
577 2516 820 2573 tempore
851 2522 961 2576 prae
993 2506 1272 2561 hominum
1306 2506 1597 2577 paucitate,
1633 2515 1781 2562 tanta

192 2598 280 2652 erit
309 2598 419 2653 vini
457 2598 636 2669 inopia
669 2598 902 2655 desertis
925 2600 1119 2666 tineis,
1141 2616 1260 2670 qua:
1291 2609 1438 2655 metu
1473 2599 1654 2654 hostili
1689 2595 1798 2655 ne?

193 2705 450 2762 quaquam
486 2692 855 2762 putabuntur,
893 2701 953 2749 ut
980 2694 1208 2765 singuhe
1240 2692 1378 2749 vites
1408 2692 1561 2748 siclis
1591 2708 1784 2763 argen-

195 2781 284 2836 teis
312 2782 546 2854 singulis
576 2783 663 2838 vix
695 2794 967 2840 emantur.
1003 2783 1063 2839 In
1095 2799 1289 2855 vepres
1319 2784 1465 2839 enim
1499 2794 1554 2839 et
1585 2785 1637 2838 in
1671 2784 1784 2854 Spi-

195 2889 282 2930 nas
309 2878 493 2932 omnis
527 2885 671 2932 terra
715 2877 991 2949 redigetur
1027 2895 1040 2931 :
1077 2886 1333 2948 tantaque
1373 2877 1477 2931 erit
1517 2876 1782 2944 formido,

193 2969 371 3041 ubique
401 2970 760 3026 saevientibus
788 2969 1012 3040 gladiis,
1047 2981 1106 3025 ut
1133 2970 1341 3041 absque
1371 2986 1500 3024 arcu
1536 2979 1590 3023 et
1619 2970 1786 3038 sagit-

194 3061 252 3116 tis
278 3065 462 3118 nullus
490 3078 650 3118 suum
681 3079 871 3134 agrum
905 3064 1142 3118 invisere
1171 3063 1390 3129 audeat,
1424 3073 1477 3117 ct
1508 3061 1784 3117 derelictis

193 3159 580 3228 campestribus
611 3157 770 3224 locis,
799 3158 866 3213 ad
900 3167 1155 3213 montana
1196 3157 1551 3228 confugiant,
1603 3157 1786 3226 ibique

1889 1937 2117 2008 prwdari
2160 1954 2177 1990 :
2221 1938 2342 2008 quia
2386 1948 2663 2008 antequam
2715 1940 2843 1993 sciat
2891 1955 3016 2012 puer
3061 1955 3242 1994 vocare
3289 1947 3491 2013 patrem

1887 2046 2062 2096 suum,
2095 2039 2143 2084 et
2174 2039 2390 2084 matrem
2420 2047 2589 2095 suam,
2620 2035 2890 2104 auferetur
2933 2032 3184 2104 fortitudo
3217 2031 3486 2098 Damasci,

1887 2135 1936 2180 et
1968 2125 2137 2197 spolia
2170 2125 2428 2181 Samaria:
2456 2143 2628 2180 coram
2659 2143 2779 2198 rege
2826 2127 3176 2198 Assyriorum.
3211 2124 3356 2182 LXX
3389 2140 3489 2194 pro

1887 2217 2029 2272 libro
2057 2218 2274 2288 grandi,
2308 2218 2651 2288 interpretati
2683 2226 2810 2274 sunt
2841 2217 3030 2272 librant
3059 2235 3266 2284 novum,
3299 2233 3348 2273 et
3375 2233 3492 2272 ma-

1887 2328 2065 2385 gnum.
2093 2313 2156 2367 Et
2177 2328 2273 2381 pro
2286 2328 2355 2369 eo
2370 2312 2513 2383 quod
2540 2314 2591 2368 in
2610 2313 2839 2368 Hebraeo
2852 2312 3108 2379 habetur,
3126 2311 3343 2366 adhibui
3364 2312 3491 2366 mihi

1888 2414 2038 2461 testes
2069 2405 2280 2476 ﬁdeles,
2305 2407 2566 2462 dixerunt
2593 2425 2606 2462 :
2635 2408 2779 2461 adest
2807 2385 2974 2474 enim,
3005 2416 3049 2461 et
3083 2411 3233 2462 testes
3258 2411 3343 2476 [ac
3363 2404 3494 2461 mihi

1886 2500 2066 2570 fideles
2089 2499 2341 2556 homines.
2371 2502 2438 2556 Et
2459 2518 2556 2572 pro
2579 2500 2709 2557 Uria
2725 2501 3027 2567 Sacerdote,
3045 2510 3252 2555 tantum
3278 2499 3483 2566 Uriam,

1887 2603 2086 2650 cmtera
2137 2596 2412 2652 similiter.
2472 2596 2708 2651 Primum
2743 2595 3010 2664 Propheta
3060 2596 3260 2650 missus
3289 2603 3372 2650 est
3419 2593 3490 2648 ad

1887 2687 2070 2744 Acltaz
2124 2687 2263 2760 (Isa.
2303 2689 2433 2760 vn),
2479 2699 2534 2744 ut
2577 2690 2625 2753 ei
2670 2688 2990 2758 prmdiceret
3029 2703 3151 2758 quae
3209 2687 3490 2756 Scriptura

1883 2793 2281 2838 commemorat
2305 2801 2317 2836 :
2345 2799 2452 2854 quo
2478 2781 2667 2837 audire
2695 2783 2936 2848 nolente,
2964 2781 3080 2852 ipse
3112 2782 3371 2836 Dominus
3403 2781 3486 2835 lo-

1886 2875 2071 2945 quitur
2096 2876 2161 2928 ad
2190 2874 2372 2930 Achaz
2392 2917 2408 2941 ,
2437 2887 2489 2930 et
2521 2874 2778 2945 praecepit
2801 2876 2873 2940 ei,
2895 2883 2952 2929 ut
2985 2883 3129 2943 petat
3150 2873 3251 2928 sibi
3266 2873 3482 2945 signum

1888 2967 1940 3022 in
1985 2965 2308 3037 profundum
2329 3009 2344 3032 ,
2396 2966 2509 3022 sive
2541 2968 2591 3020 itt
2625 2967 2920 3022 excelsum.
2952 2967 3070 3034 Quo
3099 2966 3488 3039 respondente,

1890 3059 2012 3114 Non
2040 3069 2227 3133 petam,
2285 3072 2333 3114 et
2360 3076 2461 3112 non
2483 3059 2687 3116 tentobo
2738 3059 3012 3113 Dominum
3043 3076 3061 3113 :
3093 3059 3320 3114 dimisso
3360 3073 3492 3129 rege

1889 3154 2075 3224 impio,
2106 3153 2173 3208 ad
2198 3152 2416 3206 domum
2444 3151 2605 3207 David
2627 3151 2720 3207 Dei
2753 3153 2917 3206 verba
2947 3162 3252 3218 vertuntur,
3287 3159 3342 3207 et
3365 3163 3494 3220 pro-

194 3250 423 3306 locmum
445 3251 766 3307 difﬁcultate
792 3252 1006 3317 muniti,
1028 3253 1114 3306 vix
1133 3265 1358 3321 asperos
1375 3259 1592 3306 montes
1619 3266 1782 3304 manu
1812 3239 1857 3302 C
1891 3247 2125 3302 mittitur
2159 3246 2208 3301 ei
2253 3246 2419 3317 Virgo
2472 3245 2711 3315 paritura
2767 3244 2958 3310 ﬁlium,
2995 3245 3149 3315 cujus
3179 3257 3376 3298 nomen
3423 3243 3496 3297 sit

200 3341 390 3398 fodiant
425 3360 443 3399 :
475 3344 600 3415 quia
634 3345 822 3408 boves,
856 3355 1064 3410 aratra,
1095 3356 1150 3399 et
1179 3358 1430 3399 vomeres
1480 3357 1586 3398 non
1619 3341 1788 3398 habe-

197 3437 336 3496 bunt.
367 3439 558 3497 Sicubi
581 3454 712 3511 ergo
740 3455 896 3495 rarus
926 3442 1101 3495 cultor
1130 3440 1182 3495 in
1216 3440 1489 3495 montibus
1518 3439 1679 3494 fuerit
1706 3439 1785 3492 in-

197 3543 396 3601 ventus,
435 3533 562 3591 inde
590 3535 755 3590 vitam
808 3535 1177 3591 miserabilem
1223 3535 1628 3591 sustentabnnt.
1664 3531 1786 3588 Cte-

199 3637 297 3683 tera
324 3637 510 3683 autem
545 3629 808 3698 patebunt
838 3630 1074 3700 pascuis,
1109 3638 1166 3684 et
1191 3629 1399 3699 absque
1422 3629 1530 3683 ullo
1556 3627 1790 3682 custode

196 3734 221 3773 a
248 3722 412 3776 brutis
444 3722 812 3777 animantibus
843 3722 1326 3779 conculcabnntur.
1359 3722 1486 3776 lltcc
1517 3728 1641 3791 post
1660 3733 1788 3788 cap-

199 3815 451 3872 tivitatem
480 3817 656 3874 solere
688 3817 838 3882 ﬁeri,
871 3819 1074 3872 utinam
1114 3817 1482 3872 nesciremus!
1533 3817 1603 3872 At
1646 3830 1790 3870 nunc

199 3924 377 3981 magna
414 3925 542 3980 pars
565 3919 591 3948 ει
623 3910 852 3966 Romani
881 3911 1029 3965 orbis
1056 3909 1332 3981 quondam
1358 3908 1561 3964 Indica:
1591 3907 1791 3962 similis

197 4013 306 4058 est:
338 4003 489 4074 quod
529 4003 740 4074 absque
769 4002 846 4060 ira
881 4002 978 4058 Dei
1024 4001 1223 4057 factum
1254 4017 1362 4056 non
1393 4011 1666 4069 putamus,
1699 3999 1792 4069 qui

198 4114 529 4171 nequaquam
557 4109 928 4170 contemptum
962 4099 1044 4154 sui
1078 4114 1173 4168 per
1203 4100 1455 4169 Assyrios
1481 4096 1785 4164 ulciscitur,

199 4203 244 4247 et
267 4190 585 4256 Chaldaeos;
616 4193 713 4248 sed
749 4208 844 4262 per
872 4193 1018 4247 feras
1046 4202 1260 4262 gentes,
1295 4202 1350 4246 et
1389 4190 1658 4261 quondam
1691 4205 1790 4242 n0—

199 4285 274 4341 bis
295 4289 636 4358 incognitas,
667 4302 895 4358 quarum
927 4295 978 4341 et
1028 4286 1209 4341 vultus
1239 4294 1293 4340 et
1319 4301 1501 4340 sermo
1529 4283 1794 4339 terribilis

201 4394 297 4449 cst,
325 4392 381 4438 et
429 4382 698 4438 femineas
739 4374 1050 4452 incisas’que
1091 4380 1258 4435 facies
1288 4379 1638 4450 praeferentes
1665 4377 1793 4450 (Go-

202 4478 304 4533 thos
331 4479 579 4550 intelligit
608 4479 699 4550 qui
729 4476 978 4530 radebant
1008 4474 1273 4540 barbam),
1319 4473 1478 4546 116
1523 4473 1791 4539 virorum,

202 4580 251 4626 et
276 4573 410 4628 bene
445 4571 796 4626 barbatorum
827 4568 1086 4640 fugientia
1123 4577 1270 4637 terga
1311 4565 1654 4621 confodiunt.
1691 4563 1796 4619 Le-

1892 3338 2222 3405 Emmanuel,
2258 3340 2358 3395 hoc
2413 3348 2514 3406 est,
2571 3339 2834 3392 nobiscum
2871 3338 3026 3410 117
3086 3336 3248 3393 Deus.
3294 3337 3396 3406 Qui
3445 3338 3494 3391 si

1892 3432 2091 3494 crebro
2150 3430 2311 3486 fuerit
2367 3431 2682 3497 invocatus,
2739 3430 2988 3487 Samaria
3035 3430 3384 3485 subvertalur
3438 3440 3497 3484 et

1893 3525 2050 3597 Syria
2084 3525 2472 3580 :suhvertatur
2510 3533 2690 3580 autem
2745 3540 2773 3576 a
2817 3540 2945 3594 rege
2986 3522 3368 3596 Assyriorum,
3403 3523 3500 3592 qui

1893 3627 1947 3674 ct
1974 3619 2148 3689 ipsum
2178 3617 2370 3672 Judam
2415 3627 2602 3687 postea
2643 3626 2898 3684 capturus
2946 3616 3056 3683 sit;
3105 3618 3176 3670 ita
3209 3625 3266 3670 ut
3309 3614 3490 3671 omnis

1894 3722 2039 3767 terra
2071 3711 2271 3767 .Ittdmze
2313 3721 2560 3766 vertatur
2589 3710 2642 3765 in
2673 3710 3044 3765 solitudinem.
3079 3708 3312 3764 Rursum
3359 3724 3493 3779 ergo

1893 3805 1995 3861 sub
2019 3807 2121 3859 alia
2150 3805 2317 3876 figura
2350 3813 2538 3874 partus
2562 3804 2890 3859 deseribitur
2931 3803 3231 3874 virginalis.
3265 3803 3330 3858 Et
3356 3803 3497 3858 dixit

1896 3898 2162 3953 Dominus
2199 3897 2267 3952 ad
2297 3897 2650 3966 Prophetam,
2681 3909 2739 3951 ut
2781 3911 3122 3966 nequaquam
3175 3896 3228 3950 in
3264 3895 3496 3966 p0pulos

1895 3992 2137 4063 proferat
2167 4007 2320 4046 novae
2347 3990 2649 4045 nativitatis
2677 4004 2959 4057 arcanum,
2993 3987 3088 4044 sed
3134 3988 3341 4043 scribat
3371 4003 3495 4042 eam

1897 4087 1950 4142 in
1987 4086 2092 4140 isto
2123 4085 2312 4156 grandi
2343 4085 2645 4152 volumine,
2673 4084 2816 4154 quod
2842 4099 2984 4138 nunc
3013 4083 3263 4154 legimus.
3301 4083 3500 4154 thuo

1895 4179 1968 4235 sit
1995 4179 2320 4245 mirabilius,
2355 4177 2609 4232 humanis
2641 4178 2841 4242 verbis,
2875 4188 2932 4233 et
2971 4177 3140 4248 stylo,
3171 4193 3278 4248 quo
3317 4176 3497 4234 homi-

1897 4287 1992 4328 nes
2044 4273 2287 4327 scribere
2328 4279 2754 4336 consueverunt,
2802 4269 2895 4324 Dei
2958 4279 3296 4325 sacramenta
3343 4286 3498 4326 com-

1899 4364 2223 4436 prehendat.
2251 4364 2391 4430 Quid
2427 4372 2513 4419 est
2542 4374 2727 4418 autem
2761 4363 2894 4417 illud
2932 4363 3075 4433 quod
3104 4363 3363 4419 scribitur
3393 4363 3497 4418 bu-

1897 4474 2057 4514 mano
2086 4458 2274 4530 stylo?
2325 4456 2391 4514 Ut
2443 4473 2576 4528 puer
2618 4466 2775 4511 natus
2823 4457 3086 4512 velociter
3115 4457 3288 4528 spolia
3317 4457 3504 4513 detra-

1899 4550 2013 4618 hat,
2047 4561 2107 4622 et
2130 4552 2241 4606 cito
2272 4550 2566 4622 praedetur,
2599 4551 2705 4605 hoc
2735 4556 2842 4614 est,
2875 4565 2944 4604 ne
2969 4550 3112 4605 ultra
3154 4551 3392 4622 patiatur
3417 4564 3504 4606 re-

200 4665 335 4734 gissc
357 4681 446 4721 me
477 4665 601 4720 novi
652 4665 704 4718 in
735 4663 819 4718 his
850 4634 984 4717 locis
1015 4634 1334 4717 latissimam
1363 4665 1420 4713 et
1447 4656 1796 4712 inextricabi-
1821 4634 1875 4695 D
1899 4645 2372 4728 gnaregdiabolum
2407 4661 2419 4697 ε
2466 4659 2568 4699 "cc
2599 4645 2779 4698 Ιηίιίθῑ
2805 4642 3046 4714 Αηεειοε
3066 4685 3082 4708 ο
3119 4659 3220 4699 nec
3261 4643 3504 4714 PWPhe'

201 4755 297 4810 lem
329 4756 694 4827 tropologiam
729 4773 741 4809 :
774 4754 918 4827 quod
947 4755 1233 4818 universa,
1274 4765 1395 4821 quae
1421 4750 1576 4820 juxta
1626 4747 1799 4804 histo-

202 4848 329 4903 riam
357 4847 748 4910 disseruimus,
807 4845 1170 4916 spiritualiter
1217 4841 1422 4897 Judteis
1475 4839 1798 4907 acciderint,

202 4939 283 4996 vix
312 4954 477 4994 unam
509 4937 841 4994 habentibus
866 4952 1084 4992 vaccam
1124 4943 1180 4989 et
1233 4933 1368 4987 duas
1396 4946 1560 4997 oves,
1597 4931 1799 4986 munda

204 5033 454 5091 videlicet
478 5033 734 5088 animalia
765 5049 778 5086 :
813 5039 874 5086 ut
916 5043 1255 5102 nequaquam
1303 5026 1477 5082 solido
1516 5023 1662 5085 cibo,
1702 5021 1800 5079 sed

203 5130 336 5185 lacte
367 5129 681 5184 nutriantur
706 5125 974 5190 infantiae,
1007 5135 1059 5180 et
1088 5122 1382 5180 comedant
1411 5120 1572 5177 mella
1606 5119 1803 5174 verbo-

204 5239 341 5291 rum,
374 5239 496 5294 qua
523 5221 791 5278 distillant
814 5220 883 5276 de
912 5220 1070 5276 labiis
1101 5219 1348 5275 mulieris
1384 5215 1718 5280 meretricis;
1749 5226 1803 5273 et

206 5315 385 5372 vinum
419 5333 523 5372 non
553 5315 807 5379 habeant,
844 5313 986 5385 quod
1012 5311 1252 5368 laetificat
1277 5326 1374 5367 cor
1400 5310 1638 5365 borninis
1665 5327 1676 5364 :
1706 5309 1803 5365 sed

205 5411 384 5464 omnia
414 5425 601 5466 eorum
632 5423 797 5480 opera
824 5405 1142 5476 redigantur
1169 5406 1226 5460 in
1253 5404 1459 5475 spinas,
1516 5411 1576 5457 tit
1616 5402 1806 5458 vulne-

209 5510 398 5557 rentur
425 5501 492 5557 ab
518 5500 867 5563 adversariis,
899 5499 990 5570 qui
1021 5498 1337 5568 percutiunt
1365 5495 1417 5550 in
1451 5495 1686 5552 obscuro
1716 5511 1805 5551 re-

281 5652 306 5679 ·
348 5642 434 5697 Ex
467 5641 640 5698 Vatie.
676 5639 898 5712 partim,
922 5650 978 5695 et
1001 5638 1198 5710 partim
1230 5652 1294 5712 ett
1321 5634 1538 5706 ingenio
1563 5634 1815 5712 restitui-

220 5729 346 5771 mus
379 5712 605 5768 Romani
631 5706 791 5778 orbis,
825 5727 924 5783 pro
953 5706 1061 5783 quo
1087 5719 1246 5765 antea
1278 5706 1625 5763 incommodo
1653 5719 1816 5761 sensu

214 5786 494 5842 obtinebat
521 5785 771 5840 Romamn
799 5784 965 5839 urbis.

284 5856 312 5895 δ
351 5856 400 5913 U
406 5859 534 5914 riam
573 5857 913 5912 sacerdotem.
947 5853 1127 5910 Editio
1150 5851 1472 5909 Erasmiana
1499 5850 1697 5907 retinet
1728 5848 1831 5904 Za-

1903 4749 2021 4801 tas;
2053 4725 2148 4793 sed
2179 4739 2245 4792 ad
2277 4736 2567 4792 salvandas
2590 4743 2870 4790 creaturas
2895 4750 3024 4791 suas
3049 4737 3163 4806 ipse
3184 4736 3503 4792 descendat.

1902 4832 2055 4887 Facit
2079 4847 2209 4902 ergo
2235 4831 2507 4900 Propheta
2537 4831 2679 4896 quod
2712 4829 2922 4897 jussqu
2949 4836 3052 4895 est,
3078 4838 3132 4883 et
3155 4828 3374 4884 adhibet
3399 4827 3508 4886 sibi

1903 4926 2045 4982 duos
2075 4935 2240 4981 testes
2264 4923 2474 4990 ﬁdeles,
2508 4921 2688 4978 Uriam
2713 4920 3078 4986 sacerdotem,
3111 4923 3200 4991 qui
3231 4922 3364 4993 legis
3378 4921 3510 4977 doc-

1905 5027 1991 5074 tor
2035 5025 2140 5082 est,
2174 5016 2390 5071 dicente
2434 5013 2698 5070 Malachia
2727 5032 2745 5069 z
2798 5013 2961 5068 Labia
2999 5013 3284 5069 sacerdotis
3329 5023 3508 5070 custo-

1908 5114 2049 5168 dient
2073 5112 2366 5176 scientiam,
2398 5119 2445 5166 et
2493 5108 2655 5179 legem
2683 5109 2955 5180 requirent
2999 5125 3060 5164 ea:
3086 5125 3176 5164 ore
3217 5113 3361 5183 ejus,
3389 5109 3513 5180 quia

1912 5208 2139 5280 Angelus
2181 5205 2392 5259 Domini
2417 5205 2736 5259 exercituum
2766 5214 2840 5259 est
2896 5203 2917 5276 (
2942 5201 3176 5259 Malach.
3206 5220 3281 5272 tt,
3315 5203 3372 5276 7)
3400 5221 3414 5259 :
3456 5210 3515 5259 et

1911 5301 2226 5356 Zachariam
2253 5299 2418 5354 ﬁlium
2452 5298 2752 5362 Baracbite,
2785 5312 2945 5366 quem
2966 5297 3295 5367 PrOphetam
3319 5296 3512 5362 fuisse,

1913 5397 2138 5452 dubium
2171 5410 2278 5449 non
2310 5403 2413 5449 est.
2449 5393 2740 5464 Legimus,
2776 5393 2922 5464 quod
2980 5402 3244 5464 regnante
3306 5389 3513 5460 Achaz,

1914 5503 1936 5532 ο
1962 5491 2122 5549 Urias
2154 5486 2413 5545 sacerdos
2430 5487 2593 5542 fuerit
2618 5485 2833 5558 Templi
2863 5485 3078 5540 Domini
3106 5485 3173 5556 (4
3202 5483 3334 5557 Reg.
3371 5482 3464 5554 1V)
3498 5501 3514 5540 :

1923 5631 2156 5687 chariam
2177 5643 2275 5698 pro
2290 5626 2493 5683 Uriam.
2510 5625 2568 5680 In
2591 5619 3533 5698 aliquotantiquissimiscodicilius

1938 5717 2073 5759 mss.
2103 5693 2391 5770 legebatur
2419 5693 2707 5753 Zacharias
2740 5697 2910 5770 prima
2943 5708 3107 5748 manu
3137 5693 3402 5770 scriptus;
3433 5693 3533 5749 sed

1944 5764 2330 5833 emendatores
2361 5773 2714 5826 restituerunt
2744 5764 2901 5821 Uria:
2930 5779 3153 5820 nomen.
3224 5764 3496 5820 Manna.

2014 5857 2036 5885 ε
2076 5844 2134 5900 1η
2169 5843 2337 5901 Vatic.
2371 5839 2831 5913 quemadmodum
2869 5847 2925 5892 et
2955 5837 3010 5892 in
3043 5836 3169 5893 aliis
3205 5838 3531 5906 quibusdam
