  <div class='ocr_page' id='page_1' title='image "/cluster/home/n/w/nwhite01/storage/ocr_20150623/24/hvd.32044015471386/063.png"; bbox 0 0 4052 6504; ppageno 0'>
   <div class='ocr_carea' id='block_1_1' title="bbox 480 339 627 445">
    <p class='ocr_par' dir='ltr' id='par_1_1' title="bbox 480 339 627 445">
     <span class='ocr_line' id='line_1_1' title="bbox 480 339 627 445; baseline 0.007 -1"><span class='ocrx_word' id='word_1_1' title='bbox 480 339 627 445; x_wconf 34' lang='grc'><strong>,115</strong></span> 
     </span>
    </p>
   </div>
   <div class='ocr_carea' id='block_1_2' title="bbox 1805 376 2598 444">
    <p class='ocr_par' dir='ltr' id='par_1_2' title="bbox 1805 376 2598 444">
     <span class='ocr_line' id='line_1_2' title="bbox 1805 376 2598 444; baseline -0.001 0"><span class='ocrx_word' id='word_1_2' title='bbox 1805 384 1866 444; x_wconf 90' lang='lat' dir='ltr'><strong>S.</strong></span> <span class='ocrx_word' id='word_1_3' title='bbox 1910 376 2181 444; x_wconf 29' lang='lat' dir='ltr'><strong>EUSEBII‘</strong></span> <span class='ocrx_word' id='word_1_4' title='bbox 2216 378 2598 444; x_wconf 70' lang='lat' dir='ltr'><strong>lliEilONYMl</strong></span> 
     </span>
    </p>
   </div>
   <div class='ocr_carea' id='block_1_3' title="bbox 3729 386 3833 445">
    <p class='ocr_par' dir='ltr' id='par_1_3' title="bbox 3729 386 3833 445">
     <span class='ocr_line' id='line_1_3' title="bbox 3729 386 3833 445; baseline 0.01 -1"><span class='ocrx_word' id='word_1_5' title='bbox 3729 386 3833 445; x_wconf 78' lang='grc' dir='ltr'><strong>Ηϐ</strong></span> 
     </span>
    </p>
   </div>
   <div class='ocr_carea' id='block_1_4' title="bbox 520 498 3839 582">
    <p class='ocr_par' dir='ltr' id='par_1_4' title="bbox 520 498 3839 582">
     <span class='ocr_line' id='line_1_4' title="bbox 520 498 3839 582; baseline 0 -21"><span class='ocrx_word' id='word_1_6' title='bbox 520 506 607 561; x_wconf 89' lang='lat' dir='ltr'><strong>cui</strong></span> <span class='ocrx_word' id='word_1_7' title='bbox 642 498 900 578; x_wconf 71' lang='lat' dir='ltr'><strong>prccCepit</strong></span> <span class='ocrx_word' id='word_1_8' title='bbox 932 505 1136 572; x_wconf 78' lang='lat' dir='ltr'><strong>Aehaz,</strong></span> <span class='ocrx_word' id='word_1_9' title='bbox 1167 511 1224 560; x_wconf 93' lang='lat' dir='ltr'><strong>ut</strong></span> <span class='ocrx_word' id='word_1_10' title='bbox 1248 502 1419 561; x_wconf 80' lang='lat' dir='ltr'><strong>altare</strong></span> <span class='ocrx_word' id='word_1_11' title='bbox 1442 500 1622 563; x_wconf 77' lang='lat' dir='ltr'><strong>simile</strong></span> <span class='ocrx_word' id='word_1_12' title='bbox 1649 502 1837 562; x_wconf 87' lang='lat' dir='ltr'><strong>altaris</strong></span> <span class='ocrx_word' id='word_1_13' title='bbox 1867 500 2117 563; x_wconf 82' lang='lat' dir='ltr'><strong>Damasci</strong></span> <span class='ocrx_word' id='word_1_14' title='bbox 2144 508 2199 572; x_wconf 77' lang='grc' dir='ltr'>Α</span> <span class='ocrx_word' id='word_1_15' title='bbox 2222 507 2414 575; x_wconf 80' lang='lat' dir='ltr'><strong>adhuc,</strong></span> <span class='ocrx_word' id='word_1_16' title='bbox 2446 509 2660 562; x_wconf 72' lang='lat' dir='ltr'><strong>dicens:</strong></span> <span class='ocrx_word' id='word_1_17' title='bbox 2694 500 2803 561; x_wconf 85' lang='lat' dir='ltr'><strong>Pro</strong></span> <span class='ocrx_word' id='word_1_18' title='bbox 2828 522 2889 563; x_wconf 88' lang='lat' dir='ltr'><strong>eo</strong></span> <span class='ocrx_word' id='word_1_19' title='bbox 2916 507 3053 576; x_wconf 86' lang='lat' dir='ltr'><strong>quod</strong></span> <span class='ocrx_word' id='word_1_20' title='bbox 3079 506 3266 582; x_wconf 86' lang='lat' dir='ltr'><strong>abjecit</strong></span> <span class='ocrx_word' id='word_1_21' title='bbox 3290 504 3516 580; x_wconf 79' lang='lat' dir='ltr'><strong>populus</strong></span> <span class='ocrx_word' id='word_1_22' title='bbox 3546 507 3642 563; x_wconf 85' lang='lat' dir='ltr'><strong>iste</strong></span> <span class='ocrx_word' id='word_1_23' title='bbox 3668 516 3839 578; x_wconf 83' lang='lat' dir='ltr'><strong>aquas</strong></span> 
     </span>
    </p>
   </div>
   <div class='ocr_carea' id='block_1_5' title="bbox 518 592 2125 674">
    <p class='ocr_par' dir='ltr' id='par_1_5' title="bbox 518 592 2125 674">
     <span class='ocr_line' id='line_1_5' title="bbox 518 592 2125 674; baseline 0.002 -21"><span class='ocrx_word' id='word_1_24' title='bbox 518 597 747 654; x_wconf 78' lang='lat' dir='ltr'><strong>faceret.</strong></span> <span class='ocrx_word' id='word_1_25' title='bbox 785 592 847 654; x_wconf 83' lang='lat' dir='ltr'><strong>Et</strong></span> <span class='ocrx_word' id='word_1_26' title='bbox 881 592 1100 655; x_wconf 86' lang='lat' dir='ltr'><strong>Dierum</strong></span> <span class='ocrx_word' id='word_1_27' title='bbox 1134 608 1318 655; x_wconf 87' lang='lat' dir='ltr'><strong>narrat</strong></span> <span class='ocrx_word' id='word_1_28' title='bbox 1342 594 1482 655; x_wconf 78' lang='lat' dir='ltr'><strong>liber</strong></span> <span class='ocrx_word' id='word_1_29' title='bbox 1511 592 1579 674; x_wconf 89' lang='lat' dir='ltr'><strong>(il</strong></span> <span class='ocrx_word' id='word_1_30' title='bbox 1602 599 1732 655; x_wconf 87' lang='lat' dir='ltr'><strong>Par.</strong></span> <span class='ocrx_word' id='word_1_31' title='bbox 1767 600 1942 674; x_wconf 76' lang='lat' dir='ltr'><strong>xxix),</strong></span> <span class='ocrx_word' id='word_1_32' title='bbox 1973 598 2125 671; x_wconf 85' lang='lat' dir='ltr'><strong>quod</strong></span> 
     </span>
    </p>
   </div>
   <div class='ocr_carea' id='block_1_6' title="bbox 520 686 2117 764">
    <p class='ocr_par' dir='ltr' id='par_1_6' title="bbox 520 686 2117 764">
     <span class='ocr_line' id='line_1_6' title="bbox 520 686 2117 764; baseline 0.002 -16"><span class='ocrx_word' id='word_1_33' title='bbox 520 686 785 749; x_wconf 77' lang='lat' dir='ltr'><strong>Ezechias</strong></span> <span class='ocrx_word' id='word_1_34' title='bbox 814 692 954 747; x_wconf 82' lang='lat' dir='ltr'><strong>ﬁlius</strong></span> <span class='ocrx_word' id='word_1_35' title='bbox 984 690 1164 749; x_wconf 83' lang='lat' dir='ltr'><strong>Achaz</strong></span> <span class='ocrx_word' id='word_1_36' title='bbox 1192 690 1471 764; x_wconf 65' lang='lat' dir='ltr'><strong>quaesierit</strong></span> <span class='ocrx_word' id='word_1_37' title='bbox 1511 693 1795 750; x_wconf 90' lang='lat' dir='ltr'><strong>Dominum</strong></span> <span class='ocrx_word' id='word_1_38' title='bbox 1841 695 1895 750; x_wconf 91' lang='lat' dir='ltr'><strong>in</strong></span> <span class='ocrx_word' id='word_1_39' title='bbox 1925 690 2117 752; x_wconf 90' lang='lat' dir='ltr'><strong>diebus</strong></span> 
     </span>
    </p>
   </div>
   <div class='ocr_carea' id='block_1_7' title="bbox 520 784 2117 851">
    <p class='ocr_par' dir='ltr' id='par_1_7' title="bbox 520 784 2117 851">
     <span class='ocr_line' id='line_1_7' title="bbox 520 784 2117 851; baseline 0.003 -9"><span class='ocrx_word' id='word_1_40' title='bbox 520 788 801 846; x_wconf 72' lang='lat' dir='ltr'><strong>Zacharim&#39;</strong></span> <span class='ocrx_word' id='word_1_41' title='bbox 829 788 1026 844; x_wconf 89' lang='lat' dir='ltr'><strong>eruditi</strong></span> <span class='ocrx_word' id='word_1_42' title='bbox 1058 784 1110 844; x_wconf 90' lang='lat' dir='ltr'><strong>in</strong></span> <span class='ocrx_word' id='word_1_43' title='bbox 1151 789 1348 844; x_wconf 78' lang='lat' dir='ltr'><strong>timore</strong></span> <span class='ocrx_word' id='word_1_44' title='bbox 1380 789 1494 845; x_wconf 76' lang='lat' dir='ltr'><strong>Dei.</strong></span> <span class='ocrx_word' id='word_1_45' title='bbox 1529 788 1789 851; x_wconf 72' lang='lat' dir='ltr'><strong>Exhibuit</strong></span> <span class='ocrx_word' id='word_1_46' title='bbox 1826 794 2005 846; x_wconf 90' lang='lat' dir='ltr'><strong>autem</strong></span> <span class='ocrx_word' id='word_1_47' title='bbox 2056 796 2117 847; x_wconf 88' lang='lat' dir='ltr'><strong>se</strong></span> 
     </span>
    </p>
   </div>
   <div class='ocr_carea' id='block_1_8' title="bbox 516 878 2114 957">
    <p class='ocr_par' dir='ltr' id='par_1_8' title="bbox 516 878 2114 957">
     <span class='ocr_line' id='line_1_8' title="bbox 516 878 2114 957; baseline 0 -18"><span class='ocrx_word' id='word_1_48' title='bbox 516 880 685 939; x_wconf 83' lang='lat' dir='ltr'><strong>Isaias</strong></span> <span class='ocrx_word' id='word_1_49' title='bbox 712 880 933 954; x_wconf 84' lang='lat' dir='ltr'><strong>dignum</strong></span> <span class='ocrx_word' id='word_1_50' title='bbox 962 883 1151 953; x_wconf 75' lang='lat' dir='ltr'><strong>Spit‘iltl</strong></span> <span class='ocrx_word' id='word_1_51' title='bbox 1182 878 1510 956; x_wconf 76' lang='lat' dir='ltr'><strong>prophetali,</strong></span> <span class='ocrx_word' id='word_1_52' title='bbox 1538 891 1593 939; x_wconf 83' lang='lat' dir='ltr'><strong>ct</strong></span> <span class='ocrx_word' id='word_1_53' title='bbox 1621 884 1849 957; x_wconf 71' lang='lat' dir='ltr'><strong>prmbuit</strong></span> <span class='ocrx_word' id='word_1_54' title='bbox 1878 883 2114 956; x_wconf 84' lang='lat' dir='ltr'><strong>prophe-</strong></span> 
     </span>
    </p>
   </div>
   <div class='ocr_carea' id='block_1_9' title="bbox 515 970 2117 1048">
    <p class='ocr_par' dir='ltr' id='par_1_9' title="bbox 515 970 2117 1048">
     <span class='ocr_line' id='line_1_9' title="bbox 515 970 2117 1048; baseline 0.001 -17"><span class='ocrx_word' id='word_1_55' title='bbox 515 976 687 1040; x_wconf 67' lang='lat' dir='ltr'><strong>tissm,</strong></span> <span class='ocrx_word' id='word_1_56' title='bbox 722 975 775 1031; x_wconf 91' lang='lat' dir='ltr'><strong>id</strong></span> <span class='ocrx_word' id='word_1_57' title='bbox 803 984 909 1042; x_wconf 85' lang='lat' dir='ltr'><strong>est,</strong></span> <span class='ocrx_word' id='word_1_58' title='bbox 940 970 1170 1047; x_wconf 78' lang='lat' dir='ltr'><strong>Spiritui</strong></span> <span class='ocrx_word' id='word_1_59' title='bbox 1204 982 1418 1043; x_wconf 81' lang='lat' dir='ltr'><strong>saneto,</strong></span> <span class='ocrx_word' id='word_1_60' title='bbox 1442 978 1533 1048; x_wconf 90' lang='lat' dir='ltr'><strong>qui</strong></span> <span class='ocrx_word' id='word_1_61' title='bbox 1562 988 1818 1032; x_wconf 85' lang='lat' dir='ltr'><strong>sermone</strong></span> <span class='ocrx_word' id='word_1_62' title='bbox 1851 976 2117 1033; x_wconf 81' lang='lat' dir='ltr'><strong>Hebraico</strong></span> 
     </span>
    </p>
   </div>
   <div class='ocr_carea' id='block_1_10' title="bbox 519 1064 2115 1144">
    <p class='ocr_par' dir='ltr' id='par_1_10' title="bbox 519 1064 2115 1144">
     <span class='ocr_line' id='line_1_10' title="bbox 519 1064 2115 1144; baseline 0.003 -21"><span class='ocrx_word' id='word_1_63' title='bbox 519 1078 748 1125; x_wconf 80' lang='lat' dir='ltr'><strong>vocatur</strong></span> <span class='ocrx_word' id='word_1_64' title='bbox 773 1080 975 1141; x_wconf 79' lang='lat' dir='ltr'><strong>genere</strong></span> <span class='ocrx_word' id='word_1_65' title='bbox 1001 1064 1262 1127; x_wconf 86' lang='lat' dir='ltr'><strong>feminino</strong></span> <span class='ocrx_word' id='word_1_66' title='bbox 1295 1086 1399 1127; x_wconf 70' lang='lat' dir='ltr'><strong>nua</strong></span> <span class='ocrx_word' id='word_1_67' title='bbox 1429 1069 1562 1144; x_wconf 75' lang='lat' dir='ltr'><strong>(rm)</strong></span> <span class='ocrx_word' id='word_1_68' title='bbox 1587 1113 1600 1136; x_wconf 93' lang='lat'><strong>,</strong></span> <span class='ocrx_word' id='word_1_69' title='bbox 1632 1070 1783 1141; x_wconf 80' lang='lat' dir='ltr'><strong>juxta</strong></span> <span class='ocrx_word' id='word_1_70' title='bbox 1813 1071 1942 1126; x_wconf 89' lang='lat' dir='ltr'><strong>illud</strong></span> <span class='ocrx_word' id='word_1_71' title='bbox 1972 1068 2115 1142; x_wconf 87' lang='lat' dir='ltr'><strong>quod</strong></span> 
     </span>
    </p>
   </div>
   <div class='ocr_carea' id='block_1_11' title="bbox 513 1156 2118 1241">
    <p class='ocr_par' dir='ltr' id='par_1_11' title="bbox 513 1156 2118 1241">
     <span class='ocr_line' id='line_1_11' title="bbox 513 1156 2118 1241; baseline 0.001 -22"><span class='ocrx_word' id='word_1_72' title='bbox 513 1164 779 1236; x_wconf 86' lang='lat' dir='ltr'><strong>scriptum</strong></span> <span class='ocrx_word' id='word_1_73' title='bbox 809 1170 899 1241; x_wconf 24' lang='lat' dir='ltr'><strong>est;</strong></span> <span class='ocrx_word' id='word_1_74' title='bbox 929 1184 942 1221; x_wconf 91' lang='lat'><strong>:</strong></span> <span class='ocrx_word' id='word_1_75' title='bbox 976 1166 1218 1221; x_wconf 81' lang='lat' dir='ltr'><strong>Accedite</strong></span> <span class='ocrx_word' id='word_1_76' title='bbox 1247 1165 1315 1221; x_wconf 90' lang='lat' dir='ltr'><strong>ad</strong></span> <span class='ocrx_word' id='word_1_77' title='bbox 1351 1156 1650 1233; x_wconf 84' lang='lat' dir='ltr'><strong>Dominum,</strong></span> <span class='ocrx_word' id='word_1_78' title='bbox 1677 1176 1723 1221; x_wconf 88' lang='lat' dir='ltr'><strong>et</strong></span> <span class='ocrx_word' id='word_1_79' title='bbox 1746 1162 2118 1221; x_wconf 87' lang='lat' dir='ltr'><strong>illuminantinl</strong></span> 
     </span>
    </p>
   </div>
   <div class='ocr_carea' id='block_1_12' title="bbox 513 1255 2117 1330">
    <p class='ocr_par' dir='ltr' id='par_1_12' title="bbox 513 1255 2117 1330">
     <span class='ocr_line' id='line_1_12' title="bbox 513 1255 2117 1330; baseline 0.003 -20"><span class='ocrx_word' id='word_1_80' title='bbox 513 1255 631 1329; x_wconf 84' lang='lat' dir='ltr'><strong>(Ps.</strong></span> <span class='ocrx_word' id='word_1_81' title='bbox 669 1274 861 1325; x_wconf 64' lang='grc' dir='ltr'>χχχιιι,</span> <span class='ocrx_word' id='word_1_82' title='bbox 902 1257 980 1328; x_wconf 79' lang='grc'><strong>6).</strong></span> <span class='ocrx_word' id='word_1_83' title='bbox 1016 1258 1223 1329; x_wconf 90' lang='lat' dir='ltr'><strong>Spiritu</strong></span> <span class='ocrx_word' id='word_1_84' title='bbox 1264 1259 1445 1330; x_wconf 94' lang='lat' dir='ltr'><strong>itaque</strong></span> <span class='ocrx_word' id='word_1_85' title='bbox 1476 1267 1667 1314; x_wconf 89' lang='lat' dir='ltr'><strong>sancto</strong></span> <span class='ocrx_word' id='word_1_86' title='bbox 1707 1268 2002 1329; x_wconf 88' lang='lat' dir='ltr'><strong>conceptus</strong></span> <span class='ocrx_word' id='word_1_87' title='bbox 2033 1264 2117 1315; x_wconf 91' lang='lat' dir='ltr'><strong>est</strong></span> 
     </span>
    </p>
   </div>
   <div class='ocr_carea' id='block_1_13' title="bbox 510 1340 2116 1423">
    <p class='ocr_par' dir='ltr' id='par_1_13' title="bbox 510 1340 2116 1423">
     <span class='ocr_line' id='line_1_13' title="bbox 510 1340 2116 1423; baseline 0.003 -21"><span class='ocrx_word' id='word_1_88' title='bbox 510 1346 799 1404; x_wconf 83' lang='lat' dir='ltr'><strong>Dominus.</strong></span> <span class='ocrx_word' id='word_1_89' title='bbox 838 1340 906 1405; x_wconf 79' lang='lat' dir='ltr'><strong>Et</strong></span> <span class='ocrx_word' id='word_1_90' title='bbox 947 1350 1073 1405; x_wconf 88' lang='lat' dir='ltr'><strong>licet</strong></span> <span class='ocrx_word' id='word_1_91' title='bbox 1104 1351 1370 1406; x_wconf 81' lang='lat' dir='ltr'><strong>humanus</strong></span> <span class='ocrx_word' id='word_1_92' title='bbox 1419 1365 1601 1407; x_wconf 80' lang='lat' dir='ltr'><strong>sermo</strong></span> <span class='ocrx_word' id='word_1_93' title='bbox 1649 1344 1952 1407; x_wconf 83' lang='lat' dir='ltr'><strong>nativitatis</strong></span> <span class='ocrx_word' id='word_1_94' title='bbox 1998 1350 2116 1423; x_wconf 84' lang='lat' dir='ltr'><strong>ejus</strong></span> 
     </span>
    </p>
   </div>
   <div class='ocr_carea' id='block_1_14' title="bbox 513 1436 2118 1517">
    <p class='ocr_par' dir='ltr' id='par_1_14' title="bbox 513 1436 2118 1517">
     <span class='ocr_line' id='line_1_14' title="bbox 513 1436 2118 1517; baseline 0.002 -20"><span class='ocrx_word' id='word_1_95' title='bbox 513 1446 751 1512; x_wconf 86' lang='lat' dir='ltr'><strong>nequeat</strong></span> <span class='ocrx_word' id='word_1_96' title='bbox 777 1436 1053 1515; x_wconf 79' lang='lat' dir='ltr'><strong>ettplicare</strong></span> <span class='ocrx_word' id='word_1_97' title='bbox 1082 1440 1340 1517; x_wconf 84' lang='lat' dir='ltr'><strong>mysteria</strong></span> <span class='ocrx_word' id='word_1_98' title='bbox 1370 1461 1383 1498; x_wconf 90' lang='lat'><strong>:</strong></span> <span class='ocrx_word' id='word_1_99' title='bbox 1418 1444 1595 1501; x_wconf 88' lang='lat' dir='ltr'><strong>tamen</strong></span> <span class='ocrx_word' id='word_1_100' title='bbox 1619 1440 1837 1501; x_wconf 88' lang='lat' dir='ltr'><strong>Gabriel</strong></span> <span class='ocrx_word' id='word_1_101' title='bbox 1869 1442 1973 1515; x_wconf 87' lang='lat' dir='ltr'><strong>ipsi</strong></span> <span class='ocrx_word' id='word_1_102' title='bbox 2002 1444 2118 1502; x_wconf 82' lang='lat' dir='ltr'><strong>Vir-</strong></span> 
     </span>
    </p>
   </div>
   <div class='ocr_carea' id='block_1_15' title="bbox 511 1532 2115 1611">
    <p class='ocr_par' dir='ltr' id='par_1_15' title="bbox 511 1532 2115 1611">
     <span class='ocr_line' id='line_1_15' title="bbox 511 1532 2115 1611; baseline 0.003 -21"><span class='ocrx_word' id='word_1_103' title='bbox 511 1532 625 1606; x_wconf 80' lang='lat' dir='ltr'><strong>gini</strong></span> <span class='ocrx_word' id='word_1_104' title='bbox 659 1536 918 1609; x_wconf 73' lang='lat' dir='ltr'><strong>inquitur,</strong></span> <span class='ocrx_word' id='word_1_105' title='bbox 954 1548 1074 1610; x_wconf 71' lang='lat' dir='ltr'><strong>qua!</strong></span> <span class='ocrx_word' id='word_1_106' title='bbox 1112 1538 1362 1609; x_wconf 89' lang='lat' dir='ltr'><strong>concepit</strong></span> <span class='ocrx_word' id='word_1_107' title='bbox 1390 1557 1404 1596; x_wconf 90' lang='lat'><strong>:</strong></span> <span class='ocrx_word' id='word_1_108' title='bbox 1435 1538 1669 1611; x_wconf 77' lang='lat' dir='ltr'><strong>Spiritus</strong></span> <span class='ocrx_word' id='word_1_109' title='bbox 1701 1548 1914 1595; x_wconf 85' lang='lat' dir='ltr'><strong>sanctus</strong></span> <span class='ocrx_word' id='word_1_110' title='bbox 1949 1540 2115 1595; x_wconf 78' lang='lat' dir='ltr'><strong>veniet</strong></span> 
     </span>
    </p>
   </div>
   <div class='ocr_carea' id='block_1_16' title="bbox 512 1628 2116 1706">
    <p class='ocr_par' dir='ltr' id='par_1_16' title="bbox 512 1628 2116 1706">
     <span class='ocr_line' id='line_1_16' title="bbox 512 1628 2116 1706; baseline 0.002 -22"><span class='ocrx_word' id='word_1_111' title='bbox 512 1642 671 1701; x_wconf 87' lang='lat' dir='ltr'><strong>super</strong></span> <span class='ocrx_word' id='word_1_112' title='bbox 700 1638 768 1699; x_wconf 64' lang='lat' dir='ltr'><strong>te1</strong></span> <span class='ocrx_word' id='word_1_113' title='bbox 795 1638 843 1685; x_wconf 91' lang='lat' dir='ltr'><strong>et</strong></span> <span class='ocrx_word' id='word_1_114' title='bbox 866 1628 1029 1686; x_wconf 81' lang='lat' dir='ltr'><strong>virtus</strong></span> <span class='ocrx_word' id='word_1_115' title='bbox 1056 1630 1307 1687; x_wconf 83' lang='lat' dir='ltr'><strong>Altissimi</strong></span> <span class='ocrx_word' id='word_1_116' title='bbox 1336 1630 1657 1687; x_wconf 83' lang='lat' dir='ltr'><strong>obumbrabit</strong></span> <span class='ocrx_word' id='word_1_117' title='bbox 1685 1628 1776 1687; x_wconf 88' lang='lat' dir='ltr'><strong>tibi</strong></span> <span class='ocrx_word' id='word_1_118' title='bbox 1796 1650 1813 1687; x_wconf 91' lang='lat'><em>:</em></span> <span class='ocrx_word' id='word_1_119' title='bbox 1844 1643 2116 1706; x_wconf 80' lang='lat' dir='ltr'><strong>prapterea</strong></span> 
     </span>
    </p>
   </div>
   <div class='ocr_carea' id='block_1_17' title="bbox 512 1720 2115 1798">
    <p class='ocr_par' dir='ltr' id='par_1_17' title="bbox 512 1720 2115 1798">
     <span class='ocr_line' id='line_1_17' title="bbox 512 1720 2115 1798; baseline 0.003 -20"><span class='ocrx_word' id='word_1_120' title='bbox 512 1724 654 1798; x_wconf 82' lang='lat' dir='ltr'><strong>quod</strong></span> <span class='ocrx_word' id='word_1_121' title='bbox 698 1734 938 1781; x_wconf 88' lang='lat' dir='ltr'><strong>nascetur</strong></span> <span class='ocrx_word' id='word_1_122' title='bbox 986 1743 1051 1782; x_wconf 82' lang='lat' dir='ltr'><strong>ea:</strong></span> <span class='ocrx_word' id='word_1_123' title='bbox 1098 1732 1146 1782; x_wconf 87' lang='lat' dir='ltr'><strong>te</strong></span> <span class='ocrx_word' id='word_1_124' title='bbox 1175 1734 1433 1794; x_wconf 86' lang='lat' dir='ltr'><strong>sanctum,</strong></span> <span class='ocrx_word' id='word_1_125' title='bbox 1480 1728 1743 1783; x_wconf 80' lang='lat' dir='ltr'><strong>vocabitur</strong></span> <span class='ocrx_word' id='word_1_126' title='bbox 1798 1720 1969 1783; x_wconf 76' lang='lat' dir='ltr'><strong>Filius</strong></span> <span class='ocrx_word' id='word_1_127' title='bbox 2021 1722 2115 1783; x_wconf 89' lang='lat' dir='ltr'><strong>Dei</strong></span> 
     </span>
    </p>
   </div>
   <div class='ocr_carea' id='block_1_18' title="bbox 512 1818 2111 1894">
    <p class='ocr_par' dir='ltr' id='par_1_18' title="bbox 512 1818 2111 1894">
     <span class='ocr_line' id='line_1_18' title="bbox 512 1818 2111 1894; baseline 0.003 -21"><span class='ocrx_word' id='word_1_128' title='bbox 512 1819 665 1889; x_wconf 83' lang='lat' dir='ltr'><strong>(Luc.</strong></span> <span class='ocrx_word' id='word_1_129' title='bbox 701 1837 741 1889; x_wconf 89' lang='grc' dir='ltr'><strong>ι,</strong></span> <span class='ocrx_word' id='word_1_130' title='bbox 772 1818 888 1893; x_wconf 77' lang='lat'><strong>55).</strong></span> <span class='ocrx_word' id='word_1_131' title='bbox 924 1820 1154 1891; x_wconf 82' lang='lat' dir='ltr'><strong>Quidam</strong></span> <span class='ocrx_word' id='word_1_132' title='bbox 1190 1823 1587 1894; x_wconf 72' lang='lat' dir='ltr'><strong>prophetiSsdm</strong></span> <span class='ocrx_word' id='word_1_133' title='bbox 1617 1828 1862 1879; x_wconf 90' lang='lat' dir='ltr'><strong>sanctam</strong></span> <span class='ocrx_word' id='word_1_134' title='bbox 1887 1820 2111 1878; x_wconf 75' lang='lat' dir='ltr'><strong>Mariam</strong></span> 
     </span>
    </p>
   </div>
   <div class='ocr_carea' id='block_1_19' title="bbox 2222 595 3839 673">
    <p class='ocr_par' dir='ltr' id='par_1_19' title="bbox 2222 595 3839 673">
     <span class='ocr_line' id='line_1_19' title="bbox 2222 595 3839 673; baseline -0.002 -16"><span class='ocrx_word' id='word_1_135' title='bbox 2222 598 2388 668; x_wconf 90' lang='lat' dir='ltr'><strong>Siloe,</strong></span> <span class='ocrx_word' id='word_1_136' title='bbox 2405 617 2517 673; x_wconf 72' lang='lat' dir='ltr'><strong>qua:</strong></span> <span class='ocrx_word' id='word_1_137' title='bbox 2542 602 2736 655; x_wconf 86' lang='lat' dir='ltr'><strong>vadunt</strong></span> <span class='ocrx_word' id='word_1_138' title='bbox 2755 612 2870 655; x_wconf 79' lang='lat' dir='ltr'><strong>cum</strong></span> <span class='ocrx_word' id='word_1_139' title='bbox 2899 600 3138 656; x_wconf 85' lang='lat' dir='ltr'><strong>silentio:</strong></span> <span class='ocrx_word' id='word_1_140' title='bbox 3156 608 3206 656; x_wconf 87' lang='lat' dir='ltr'><strong>et</strong></span> <span class='ocrx_word' id='word_1_141' title='bbox 3234 604 3514 672; x_wconf 86' lang='lat' dir='ltr'><strong>assumpsit</strong></span> <span class='ocrx_word' id='word_1_142' title='bbox 3536 598 3701 669; x_wconf 86' lang='lat' dir='ltr'><strong>magis</strong></span> <span class='ocrx_word' id='word_1_143' title='bbox 3727 595 3839 653; x_wconf 83' lang='lat' dir='ltr'><strong>Ra—</strong></span> 
     </span>
    </p>
   </div>
   <div class='ocr_carea' id='block_1_20' title="bbox 2219 688 3841 767">
    <p class='ocr_par' dir='ltr' id='par_1_20' title="bbox 2219 688 3841 767">
     <span class='ocr_line' id='line_1_20' title="bbox 2219 688 3841 767; baseline -0.002 -15"><span class='ocrx_word' id='word_1_144' title='bbox 2219 698 2322 765; x_wconf 84' lang='lat' dir='ltr'><strong>sin,</strong></span> <span class='ocrx_word' id='word_1_145' title='bbox 2349 702 2397 751; x_wconf 82' lang='lat' dir='ltr'><strong>et</strong></span> <span class='ocrx_word' id='word_1_146' title='bbox 2433 694 2605 767; x_wconf 78' lang='lat' dir='ltr'><strong>ﬁlium</strong></span> <span class='ocrx_word' id='word_1_147' title='bbox 2641 690 2921 751; x_wconf 73' lang='lat' dir='ltr'><strong>Romeliw:</strong></span> <span class='ocrx_word' id='word_1_148' title='bbox 2955 706 3164 767; x_wconf 77' lang='lat' dir='ltr'><strong>propter</strong></span> <span class='ocrx_word' id='word_1_149' title='bbox 3186 694 3282 751; x_wconf 85' lang='lat' dir='ltr'><strong>Iioc</strong></span> <span class='ocrx_word' id='word_1_150' title='bbox 3312 711 3426 751; x_wconf 81' lang='lat' dir='ltr'><strong>ecce</strong></span> <span class='ocrx_word' id='word_1_151' title='bbox 3457 688 3710 750; x_wconf 82' lang='lat' dir='ltr'><strong>Dominus</strong></span> <span class='ocrx_word' id='word_1_152' title='bbox 3736 690 3809 749; x_wconf 87' lang='lat' dir='ltr'><strong>ad</strong></span> <span class='ocrx_word' id='word_1_153' title='bbox 3819 724 3841 738; x_wconf 84' lang='lat'><em>-</em></span> 
     </span>
    </p>
   </div>
   <div class='ocr_carea' id='block_1_21' title="bbox 2218 782 3837 864">
    <p class='ocr_par' dir='ltr' id='par_1_21' title="bbox 2218 782 3837 864">
     <span class='ocr_line' id='line_1_21' title="bbox 2218 782 3837 864; baseline -0.001 -19"><span class='ocrx_word' id='word_1_154' title='bbox 2218 791 2371 847; x_wconf 87' lang='lat' dir='ltr'><strong>ducet</strong></span> <span class='ocrx_word' id='word_1_155' title='bbox 2395 806 2549 863; x_wconf 90' lang='lat' dir='ltr'><strong>super</strong></span> <span class='ocrx_word' id='word_1_156' title='bbox 2577 802 2662 846; x_wconf 87' lang='lat' dir='ltr'><strong>eos</strong></span> <span class='ocrx_word' id='word_1_157' title='bbox 2696 807 2857 863; x_wconf 86' lang='lat' dir='ltr'><strong>aquas</strong></span> <span class='ocrx_word' id='word_1_158' title='bbox 2895 782 3127 860; x_wconf 67' lang='lat' dir='ltr'><strong>[luminis</strong></span> <span class='ocrx_word' id='word_1_159' title='bbox 3158 788 3315 864; x_wconf 78' lang='lat' dir='ltr'><strong>fortes</strong></span> <span class='ocrx_word' id='word_1_160' title='bbox 3342 800 3387 847; x_wconf 87' lang='lat' dir='ltr'><strong>et</strong></span> <span class='ocrx_word' id='word_1_161' title='bbox 3420 786 3625 853; x_wconf 87' lang='lat' dir='ltr'><strong>multas,</strong></span> <span class='ocrx_word' id='word_1_162' title='bbox 3659 798 3837 861; x_wconf 77' lang='lat' dir='ltr'><strong>regent</strong></span> 
     </span>
    </p>
   </div>
   <div class='ocr_carea' id='block_1_22' title="bbox 2217 880 3840 960">
    <p class='ocr_par' dir='ltr' id='par_1_22' title="bbox 2217 880 3840 960">
     <span class='ocr_line' id='line_1_22' title="bbox 2217 880 3840 960; baseline 0 -21"><span class='ocrx_word' id='word_1_163' title='bbox 2217 880 2545 957; x_wconf 78' lang='lat' dir='ltr'><strong>Assyriorum</strong></span> <span class='ocrx_word' id='word_1_164' title='bbox 2577 893 2623 939; x_wconf 88' lang='lat' dir='ltr'><strong>et</strong></span> <span class='ocrx_word' id='word_1_165' title='bbox 2644 901 2844 940; x_wconf 87' lang='lat' dir='ltr'><strong>omnem</strong></span> <span class='ocrx_word' id='word_1_166' title='bbox 2875 883 3097 958; x_wconf 82' lang='lat' dir='ltr'><strong>gloriam</strong></span> <span class='ocrx_word' id='word_1_167' title='bbox 3130 887 3243 960; x_wconf 81' lang='lat' dir='ltr'><strong>ejus</strong></span> <span class='ocrx_word' id='word_1_168' title='bbox 3271 903 3289 942; x_wconf 90' lang='lat'><strong><em>:</em></strong></span> <span class='ocrx_word' id='word_1_169' title='bbox 3322 894 3371 940; x_wconf 81' lang='lat' dir='ltr'><strong>et</strong></span> <span class='ocrx_word' id='word_1_170' title='bbox 3406 884 3648 939; x_wconf 83' lang='lat' dir='ltr'><strong>ascendet</strong></span> <span class='ocrx_word' id='word_1_171' title='bbox 3676 894 3840 957; x_wconf 72' lang='lat' dir='ltr'><strong>super</strong></span> 
     </span>
    </p>
   </div>
   <div class='ocr_carea' id='block_1_23' title="bbox 2219 976 3827 1052">
    <p class='ocr_par' dir='ltr' id='par_1_23' title="bbox 2219 976 3827 1052">
     <span class='ocr_line' id='line_1_23' title="bbox 2219 976 3827 1052; baseline 0.001 -20"><span class='ocrx_word' id='word_1_172' title='bbox 2219 990 2394 1032; x_wconf 85' lang='lat' dir='ltr'><strong>omnes</strong></span> <span class='ocrx_word' id='word_1_173' title='bbox 2428 978 2563 1032; x_wconf 77' lang='lat' dir='ltr'><strong>rivos</strong></span> <span class='ocrx_word' id='word_1_174' title='bbox 2594 979 2728 1052; x_wconf 86' lang='lat' dir='ltr'><strong>ejus,</strong></span> <span class='ocrx_word' id='word_1_175' title='bbox 2759 988 2805 1032; x_wconf 89' lang='lat' dir='ltr'><strong>et</strong></span> <span class='ocrx_word' id='word_1_176' title='bbox 2837 978 2963 1048; x_wconf 83' lang='lat' dir='ltr'><strong>ﬂuet</strong></span> <span class='ocrx_word' id='word_1_177' title='bbox 3014 994 3170 1049; x_wconf 84' lang='lat' dir='ltr'><strong>super</strong></span> <span class='ocrx_word' id='word_1_178' title='bbox 3219 976 3484 1033; x_wconf 79' lang='lat' dir='ltr'><strong>universas</strong></span> <span class='ocrx_word' id='word_1_179' title='bbox 3512 978 3655 1051; x_wconf 83' lang='lat' dir='ltr'><strong>ripas</strong></span> <span class='ocrx_word' id='word_1_180' title='bbox 3688 977 3827 1047; x_wconf 86' lang='lat' dir='ltr'><strong>ejus.</strong></span> 
     </span>
    </p>
   </div>
   <div class='ocr_carea' id='block_1_24' title="bbox 2222 1066 3837 1144">
    <p class='ocr_par' dir='ltr' id='par_1_24' title="bbox 2222 1066 3837 1144">
     <span class='ocr_line' id='line_1_24' title="bbox 2222 1066 3837 1144; baseline -0.001 -19"><span class='ocrx_word' id='word_1_181' title='bbox 2222 1068 2288 1126; x_wconf 88' lang='lat' dir='ltr'><strong>Et</strong></span> <span class='ocrx_word' id='word_1_182' title='bbox 2321 1071 2411 1125; x_wconf 80' lang='lat' dir='ltr'><strong>ibit</strong></span> <span class='ocrx_word' id='word_1_183' title='bbox 2437 1088 2527 1141; x_wconf 80' lang='lat' dir='ltr'><strong>per</strong></span> <span class='ocrx_word' id='word_1_184' title='bbox 2549 1068 2743 1126; x_wconf 77' lang='lat' dir='ltr'><strong>ludam</strong></span> <span class='ocrx_word' id='word_1_185' title='bbox 2771 1070 3054 1139; x_wconf 85' lang='lat' dir='ltr'><strong>inundans,</strong></span> <span class='ocrx_word' id='word_1_186' title='bbox 3084 1080 3132 1128; x_wconf 86' lang='lat' dir='ltr'><strong>et</strong></span> <span class='ocrx_word' id='word_1_187' title='bbox 3162 1071 3416 1127; x_wconf 86' lang='lat' dir='ltr'><strong>transiens</strong></span> <span class='ocrx_word' id='word_1_188' title='bbox 3442 1082 3604 1144; x_wconf 82' lang='lat' dir='ltr'><strong>usque</strong></span> <span class='ocrx_word' id='word_1_189' title='bbox 3630 1070 3698 1126; x_wconf 89' lang='lat' dir='ltr'><strong>ad</strong></span> <span class='ocrx_word' id='word_1_190' title='bbox 3721 1066 3837 1125; x_wconf 87' lang='lat' dir='ltr'><strong>col-</strong></span> 
     </span>
    </p>
   </div>
   <div class='ocr_carea' id='block_1_25' title="bbox 2218 1158 3836 1237">
    <p class='ocr_par' dir='ltr' id='par_1_25' title="bbox 2218 1158 3836 1237">
     <span class='ocr_line' id='line_1_25' title="bbox 2218 1158 3836 1237; baseline 0 -20"><span class='ocrx_word' id='word_1_191' title='bbox 2218 1162 2327 1218; x_wconf 84' lang='lat' dir='ltr'><strong>lum</strong></span> <span class='ocrx_word' id='word_1_192' title='bbox 2358 1162 2545 1230; x_wconf 75' lang='lat' dir='ltr'><strong>veniet,</strong></span> <span class='ocrx_word' id='word_1_193' title='bbox 2579 1174 2627 1219; x_wconf 84' lang='lat' dir='ltr'><strong>et</strong></span> <span class='ocrx_word' id='word_1_194' title='bbox 2656 1164 2751 1220; x_wconf 88' lang='lat' dir='ltr'><strong>erit</strong></span> <span class='ocrx_word' id='word_1_195' title='bbox 2777 1165 3011 1220; x_wconf 71' lang='lat' dir='ltr'><strong>extensio</strong></span> <span class='ocrx_word' id='word_1_196' title='bbox 3042 1158 3245 1219; x_wconf 79' lang='lat' dir='ltr'><strong>alarum</strong></span> <span class='ocrx_word' id='word_1_197' title='bbox 3270 1164 3383 1237; x_wconf 72' lang='lat' dir='ltr'><strong>ejus</strong></span> <span class='ocrx_word' id='word_1_198' title='bbox 3404 1162 3622 1237; x_wconf 75' lang='lat' dir='ltr'><strong>implent</strong></span> <span class='ocrx_word' id='word_1_199' title='bbox 3649 1161 3836 1218; x_wconf 80' lang='lat' dir='ltr'><strong>latitu-</strong></span> 
     </span>
    </p>
   </div>
   <div class='ocr_carea' id='block_1_26' title="bbox 2218 1252 3832 1330">
    <p class='ocr_par' dir='ltr' id='par_1_26' title="bbox 2218 1252 3832 1330">
     <span class='ocr_line' id='line_1_26' title="bbox 2218 1252 3832 1330; baseline -0.001 -19"><span class='ocrx_word' id='word_1_200' title='bbox 2218 1252 2390 1312; x_wconf 83' lang='lat' dir='ltr'><strong>dinem</strong></span> <span class='ocrx_word' id='word_1_201' title='bbox 2427 1266 2577 1312; x_wconf 71' lang='lat' dir='ltr'><strong>terrm</strong></span> <span class='ocrx_word' id='word_1_202' title='bbox 2607 1264 2727 1324; x_wconf 54' lang='lat' dir='ltr'><strong>tuae,</strong></span> <span class='ocrx_word' id='word_1_203' title='bbox 2767 1256 2927 1330; x_wconf 79' lang='lat'><strong>119</strong></span> <span class='ocrx_word' id='word_1_204' title='bbox 2956 1273 2985 1312; x_wconf 85' lang='grc' dir='ltr'><strong><em>ο</em></strong></span> <span class='ocrx_word' id='word_1_205' title='bbox 3030 1253 3363 1311; x_wconf 80' lang='lat' dir='ltr'><strong>Emmanuel.</strong></span> <span class='ocrx_word' id='word_1_206' title='bbox 3402 1254 3623 1311; x_wconf 83' lang='lat' dir='ltr'><strong>Dixerat</strong></span> <span class='ocrx_word' id='word_1_207' title='bbox 3662 1266 3832 1325; x_wconf 80' lang='lat' dir='ltr'><strong>supra</strong></span> 
     </span>
    </p>
   </div>
   <div class='ocr_carea' id='block_1_27' title="bbox 2216 1346 3832 1423">
    <p class='ocr_par' dir='ltr' id='par_1_27' title="bbox 2216 1346 3832 1423">
     <span class='ocr_line' id='line_1_27' title="bbox 2216 1346 3832 1423; baseline 0 -14"><span class='ocrx_word' id='word_1_208' title='bbox 2216 1346 2569 1409; x_wconf 81' lang='lat' dir='ltr'><strong>auferendam</strong></span> <span class='ocrx_word' id='word_1_209' title='bbox 2588 1348 2832 1408; x_wconf 79' lang='lat' dir='ltr'><strong>Damasci</strong></span> <span class='ocrx_word' id='word_1_210' title='bbox 2859 1352 3260 1420; x_wconf 80' lang='lat' dir='ltr'><strong>fortitudinem,</strong></span> <span class='ocrx_word' id='word_1_211' title='bbox 3285 1362 3340 1408; x_wconf 89' lang='lat' dir='ltr'><strong>et</strong></span> <span class='ocrx_word' id='word_1_212' title='bbox 3364 1348 3538 1423; x_wconf 87' lang='lat' dir='ltr'><strong>spolia</strong></span> <span class='ocrx_word' id='word_1_213' title='bbox 3563 1348 3832 1409; x_wconf 66' lang='lat' dir='ltr'><strong>Samarite</strong></span> 
     </span>
    </p>
   </div>
   <div class='ocr_carea' id='block_1_28' title="bbox 2217 1442 3836 1518">
    <p class='ocr_par' dir='ltr' id='par_1_28' title="bbox 2217 1442 3836 1518">
     <span class='ocr_line' id='line_1_28' title="bbox 2217 1442 3836 1518; baseline -0.002 -16"><span class='ocrx_word' id='word_1_214' title='bbox 2217 1445 2271 1502; x_wconf 92' lang='lat' dir='ltr'><strong>in</strong></span> <span class='ocrx_word' id='word_1_215' title='bbox 2303 1452 2602 1516; x_wconf 78' lang='lat' dir='ltr'><strong>conSpcctu</strong></span> <span class='ocrx_word' id='word_1_216' title='bbox 2634 1447 2778 1517; x_wconf 81' lang='lat' dir='ltr'><strong>regis</strong></span> <span class='ocrx_word' id='word_1_217' title='bbox 2804 1447 3171 1518; x_wconf 77' lang='lat' dir='ltr'><strong>Assyriorum,</strong></span> <span class='ocrx_word' id='word_1_218' title='bbox 3204 1454 3259 1501; x_wconf 89' lang='lat' dir='ltr'><strong>et</strong></span> <span class='ocrx_word' id='word_1_219' title='bbox 3287 1442 3422 1501; x_wconf 90' lang='lat' dir='ltr'><strong>duos</strong></span> <span class='ocrx_word' id='word_1_220' title='bbox 3446 1454 3625 1517; x_wconf 81' lang='lat' dir='ltr'><strong>reges,</strong></span> <span class='ocrx_word' id='word_1_221' title='bbox 3659 1446 3836 1518; x_wconf 74' lang='lat' dir='ltr'><strong>Assy-</strong></span> 
     </span>
    </p>
   </div>
   <div class='ocr_carea' id='block_1_29' title="bbox 2218 1535 3836 1610">
    <p class='ocr_par' dir='ltr' id='par_1_29' title="bbox 2218 1535 3836 1610">
     <span class='ocr_line' id='line_1_29' title="bbox 2218 1535 3836 1610; baseline 0 -16"><span class='ocrx_word' id='word_1_222' title='bbox 2218 1539 2303 1594; x_wconf 85' lang='lat' dir='ltr'><strong>rio</strong></span> <span class='ocrx_word' id='word_1_223' title='bbox 2334 1549 2627 1610; x_wconf 82' lang='lat' dir='ltr'><strong>pugnante,</strong></span> <span class='ocrx_word' id='word_1_224' title='bbox 2652 1538 2985 1610; x_wconf 88' lang='lat' dir='ltr'><strong>capiendos:</strong></span> <span class='ocrx_word' id='word_1_225' title='bbox 3019 1544 3162 1595; x_wconf 85' lang='lat' dir='ltr'><strong>nunc</strong></span> <span class='ocrx_word' id='word_1_226' title='bbox 3186 1535 3329 1595; x_wconf 86' lang='lat' dir='ltr'><strong>Deus</strong></span> <span class='ocrx_word' id='word_1_227' title='bbox 3349 1536 3594 1610; x_wconf 86' lang='lat' dir='ltr'><strong>loquitur</strong></span> <span class='ocrx_word' id='word_1_228' title='bbox 3611 1535 3679 1593; x_wconf 86' lang='lat' dir='ltr'><strong>ad</strong></span> <span class='ocrx_word' id='word_1_229' title='bbox 3694 1536 3836 1594; x_wconf 62' lang='lat' dir='ltr'><strong>Pro.</strong></span> 
     </span>
    </p>
   </div>
   <div class='ocr_carea' id='block_1_30' title="bbox 2218 1631 3835 1704">
    <p class='ocr_par' dir='ltr' id='par_1_30' title="bbox 2218 1631 3835 1704">
     <span class='ocr_line' id='line_1_30' title="bbox 2218 1631 3835 1704; baseline -0.001 -18"><span class='ocrx_word' id='word_1_230' title='bbox 2218 1631 2435 1704; x_wconf 83' lang='lat' dir='ltr'><strong>pltetaut</strong></span> <span class='ocrx_word' id='word_1_231' title='bbox 2467 1632 2785 1689; x_wconf 81' lang='lat' dir='ltr'><strong>charactere</strong></span> <span class='ocrx_word' id='word_1_232' title='bbox 2813 1633 2978 1689; x_wconf 89' lang='lat' dir='ltr'><strong>solito</strong></span> <span class='ocrx_word' id='word_1_233' title='bbox 3000 1632 3432 1703; x_wconf 82' lang='lat' dir='ltr'><strong>Scripturarum,</strong></span> <span class='ocrx_word' id='word_1_234' title='bbox 3462 1644 3559 1701; x_wconf 83' lang='lat' dir='ltr'><strong>per</strong></span> <span class='ocrx_word' id='word_1_235' title='bbox 3590 1631 3835 1687; x_wconf 81' lang='lat' dir='ltr'><strong>transla-</strong></span> 
     </span>
    </p>
   </div>
   <div class='ocr_carea' id='block_1_31' title="bbox 2220 1718 3833 1798">
    <p class='ocr_par' dir='ltr' id='par_1_31' title="bbox 2220 1718 3833 1798">
     <span class='ocr_line' id='line_1_31' title="bbox 2220 1718 3833 1798; baseline 0.001 -16"><span class='ocrx_word' id='word_1_236' title='bbox 2220 1728 2419 1783; x_wconf 86' lang='lat' dir='ltr'><strong>tionem</strong></span> <span class='ocrx_word' id='word_1_237' title='bbox 2464 1724 2613 1783; x_wconf 87' lang='lat' dir='ltr'><strong>Siloe</strong></span> <span class='ocrx_word' id='word_1_238' title='bbox 2654 1726 2819 1782; x_wconf 88' lang='lat' dir='ltr'><strong>fontis</strong></span> <span class='ocrx_word' id='word_1_239' title='bbox 2869 1722 3204 1794; x_wconf 78' lang='lat' dir='ltr'><strong>Jerusalem,</strong></span> <span class='ocrx_word' id='word_1_240' title='bbox 3243 1734 3300 1783; x_wconf 93' lang='lat' dir='ltr'><strong>et</strong></span> <span class='ocrx_word' id='word_1_241' title='bbox 3336 1722 3548 1798; x_wconf 83' lang='lat' dir='ltr'><strong>Assyrii</strong></span> <span class='ocrx_word' id='word_1_242' title='bbox 3585 1718 3833 1783; x_wconf 75' lang='lat' dir='ltr'><strong>ﬂuminis</strong></span> 
     </span>
    </p>
   </div>
   <div class='ocr_carea' id='block_1_32' title="bbox 2216 1816 3832 1892">
    <p class='ocr_par' dir='ltr' id='par_1_32' title="bbox 2216 1816 3832 1892">
     <span class='ocr_line' id='line_1_32' title="bbox 2216 1816 3832 1892; baseline 0.001 -17"><span class='ocrx_word' id='word_1_243' title='bbox 2216 1818 2625 1888; x_wconf 86' lang='lat' dir='ltr'><strong>violentissimi,</strong></span> <span class='ocrx_word' id='word_1_244' title='bbox 2650 1819 2799 1892; x_wconf 89' lang='lat' dir='ltr'><strong>quod</strong></span> <span class='ocrx_word' id='word_1_245' title='bbox 2824 1830 3041 1876; x_wconf 87' lang='lat' dir='ltr'><strong>omnem</strong></span> <span class='ocrx_word' id='word_1_246' title='bbox 3070 1827 3273 1877; x_wconf 84' lang='lat' dir='ltr'><strong>terram</strong></span> <span class='ocrx_word' id='word_1_247' title='bbox 3316 1816 3486 1876; x_wconf 88' lang='lat' dir='ltr'><strong>israel</strong></span> <span class='ocrx_word' id='word_1_248' title='bbox 3516 1816 3631 1875; x_wconf 89' lang='lat' dir='ltr'><strong>suis</strong></span> <span class='ocrx_word' id='word_1_249' title='bbox 3661 1818 3832 1877; x_wconf 79' lang='lat' dir='ltr'><strong>inun-</strong></span> 
     </span>
    </p>
   </div>
   <div class='ocr_carea' id='block_1_33' title="bbox 509 1908 3832 1987">
    <p class='ocr_par' dir='ltr' id='par_1_33' title="bbox 509 1908 3832 1987">
     <span class='ocr_line' id='line_1_33' title="bbox 509 1908 3832 1987; baseline 0 -20"><span class='ocrx_word' id='word_1_250' title='bbox 509 1911 959 1982; x_wconf 85' lang='lat' dir='ltr'><strong>interpretantur,</strong></span> <span class='ocrx_word' id='word_1_251' title='bbox 985 1931 1145 1985; x_wconf 90' lang='lat' dir='ltr'><strong>quam</strong></span> <span class='ocrx_word' id='word_1_252' title='bbox 1171 1924 1197 1952; x_wconf 78' lang='grc' dir='ltr'>α</span> <span class='ocrx_word' id='word_1_253' title='bbox 1221 1916 1508 1987; x_wconf 88' lang='lat' dir='ltr'><strong>prophetin</strong></span> <span class='ocrx_word' id='word_1_254' title='bbox 1539 1912 1728 1982; x_wconf 82' lang='lat' dir='ltr'><strong>fuisse,</strong></span> <span class='ocrx_word' id='word_1_255' title='bbox 1753 1930 1859 1971; x_wconf 91' lang='lat' dir='ltr'><strong>non</strong></span> <span class='ocrx_word' id='word_1_256' title='bbox 1890 1908 2111 1972; x_wconf 81' lang='lat' dir='ltr'><strong>dubiant</strong></span> <span class='ocrx_word' id='word_1_257' title='bbox 2149 1910 2189 1977; x_wconf 84' lang='grc' dir='ltr'><strong><em>Β</em></strong></span> <span class='ocrx_word' id='word_1_258' title='bbox 2220 1912 2312 1969; x_wconf 92' lang='lat' dir='ltr'><strong>det</strong></span> <span class='ocrx_word' id='word_1_259' title='bbox 2343 1912 2523 1985; x_wconf 85' lang='lat' dir='ltr'><strong>aquis,</strong></span> <span class='ocrx_word' id='word_1_260' title='bbox 2545 1922 2597 1969; x_wconf 94' lang='lat' dir='ltr'><strong>et</strong></span> <span class='ocrx_word' id='word_1_261' title='bbox 2620 1910 2936 1984; x_wconf 79' lang='lat' dir='ltr'><strong>egrediatur</strong></span> <span class='ocrx_word' id='word_1_262' title='bbox 2958 1914 3105 1983; x_wconf 89' lang='lat' dir='ltr'><strong>ripas</strong></span> <span class='ocrx_word' id='word_1_263' title='bbox 3126 1911 3289 1981; x_wconf 84' lang='lat' dir='ltr'><strong>alvei,</strong></span> <span class='ocrx_word' id='word_1_264' title='bbox 3325 1918 3586 1983; x_wconf 88' lang='lat' dir='ltr'><strong>tantoque</strong></span> <span class='ocrx_word' id='word_1_265' title='bbox 3617 1910 3832 1970; x_wconf 81' lang='lat' dir='ltr'><strong>feratur</strong></span> 
     </span>
    </p>
   </div>
   <div class='ocr_carea' id='block_1_34' title="bbox 511 2002 2113 2080">
    <p class='ocr_par' dir='ltr' id='par_1_34' title="bbox 511 2002 2113 2080">
     <span class='ocr_line' id='line_1_34' title="bbox 511 2002 2113 2080; baseline 0.002 -20"><span class='ocrx_word' id='word_1_266' title='bbox 511 2015 638 2061; x_wconf 90' lang='lat' dir='ltr'><strong>est:</strong></span> <span class='ocrx_word' id='word_1_267' title='bbox 684 2002 799 2076; x_wconf 88' lang='lat' dir='ltr'><strong>ipsa</strong></span> <span class='ocrx_word' id='word_1_268' title='bbox 845 2006 987 2062; x_wconf 90' lang='lat' dir='ltr'><strong>enim</strong></span> <span class='ocrx_word' id='word_1_269' title='bbox 1020 2002 1260 2079; x_wconf 87' lang='lat' dir='ltr'><strong>loquitur</strong></span> <span class='ocrx_word' id='word_1_270' title='bbox 1309 2010 1361 2064; x_wconf 92' lang='lat' dir='ltr'><strong>in</strong></span> <span class='ocrx_word' id='word_1_271' title='bbox 1412 2008 1708 2080; x_wconf 82' lang='lat' dir='ltr'><strong>Evangelia</strong></span> <span class='ocrx_word' id='word_1_272' title='bbox 1751 2008 1934 2063; x_wconf 85' lang='lat' dir='ltr'><strong>:Ecce</strong></span> <span class='ocrx_word' id='word_1_273' title='bbox 1975 2010 2113 2063; x_wconf 88' lang='lat' dir='ltr'><strong>enim</strong></span> 
     </span>
    </p>
   </div>
   <div class='ocr_carea' id='block_1_35' title="bbox 510 2098 2113 2174">
    <p class='ocr_par' dir='ltr' id='par_1_35' title="bbox 510 2098 2113 2174">
     <span class='ocr_line' id='line_1_35' title="bbox 510 2098 2113 2174; baseline 0.001 -21"><span class='ocrx_word' id='word_1_274' title='bbox 510 2101 697 2155; x_wconf 85' lang='lat' dir='ltr'><strong>antodo</strong></span> <span class='ocrx_word' id='word_1_275' title='bbox 727 2098 926 2155; x_wconf 86' lang='lat' dir='ltr'><strong>beatam</strong></span> <span class='ocrx_word' id='word_1_276' title='bbox 945 2119 1023 2157; x_wconf 90' lang='lat' dir='ltr'><strong>me</strong></span> <span class='ocrx_word' id='word_1_277' title='bbox 1051 2101 1221 2157; x_wconf 83' lang='lat' dir='ltr'><strong>dicent</strong></span> <span class='ocrx_word' id='word_1_278' title='bbox 1242 2117 1417 2157; x_wconf 86' lang='lat' dir='ltr'><strong>omnes</strong></span> <span class='ocrx_word' id='word_1_279' title='bbox 1436 2102 1787 2174; x_wconf 84' lang='lat' dir='ltr'><strong>generationes</strong></span> <span class='ocrx_word' id='word_1_280' title='bbox 1818 2119 1837 2157; x_wconf 89' lang='lat'><strong><em>:</em></strong></span> <span class='ocrx_word' id='word_1_281' title='bbox 1866 2102 2113 2171; x_wconf 87' lang='lat' dir='ltr'><strong>quoniam</strong></span> 
     </span>
    </p>
   </div>
   <div class='ocr_carea' id='block_1_36' title="bbox 513 2188 2115 2267">
    <p class='ocr_par' dir='ltr' id='par_1_36' title="bbox 513 2188 2115 2267">
     <span class='ocr_line' id='line_1_36' title="bbox 513 2188 2115 2267; baseline 0.003 -21"><span class='ocrx_word' id='word_1_282' title='bbox 513 2190 638 2263; x_wconf 81' lang='lat' dir='ltr'><strong>fecit</strong></span> <span class='ocrx_word' id='word_1_283' title='bbox 669 2192 796 2247; x_wconf 76' lang='lat' dir='ltr'><strong>mihi</strong></span> <span class='ocrx_word' id='word_1_284' title='bbox 819 2211 1010 2265; x_wconf 76' lang='lat' dir='ltr'><strong>magna</strong></span> <span class='ocrx_word' id='word_1_285' title='bbox 1054 2195 1142 2264; x_wconf 81' lang='lat' dir='ltr'><strong>qui</strong></span> <span class='ocrx_word' id='word_1_286' title='bbox 1173 2204 1353 2266; x_wconf 85' lang='lat' dir='ltr'><strong>potens</strong></span> <span class='ocrx_word' id='word_1_287' title='bbox 1395 2203 1468 2250; x_wconf 90' lang='lat' dir='ltr'><strong>est</strong></span> <span class='ocrx_word' id='word_1_288' title='bbox 1499 2188 1650 2267; x_wconf 84' lang='lat' dir='ltr'><strong>(Luc.</strong></span> <span class='ocrx_word' id='word_1_289' title='bbox 1684 2202 1701 2250; x_wconf 87' lang='lat' dir='ltr'><strong>i</strong></span> <span class='ocrx_word' id='word_1_290' title='bbox 1728 2236 1743 2260; x_wconf 93' lang='lat'><strong>,</strong></span> <span class='ocrx_word' id='word_1_291' title='bbox 1777 2190 1869 2260; x_wconf 73' lang='grc'><strong>48,</strong></span> <span class='ocrx_word' id='word_1_292' title='bbox 1896 2194 1992 2266; x_wconf 65' lang='grc'><strong>49)</strong></span> <span class='ocrx_word' id='word_1_293' title='bbox 2014 2237 2029 2261; x_wconf 91' lang='grc'><strong>,</strong></span> <span class='ocrx_word' id='word_1_294' title='bbox 2059 2200 2115 2251; x_wconf 89' lang='lat' dir='ltr'><strong>et</strong></span> 
     </span>
    </p>
   </div>
   <div class='ocr_carea' id='block_1_37' title="bbox 513 2278 2113 2362">
    <p class='ocr_par' dir='ltr' id='par_1_37' title="bbox 513 2278 2113 2362">
     <span class='ocr_line' id='line_1_37' title="bbox 513 2278 2113 2362; baseline 0.003 -22"><span class='ocrx_word' id='word_1_295' title='bbox 513 2286 748 2356; x_wconf 86' lang='lat' dir='ltr'><strong>reliqua.</strong></span> <span class='ocrx_word' id='word_1_296' title='bbox 788 2278 1218 2358; x_wconf 72' lang='lat' dir='ltr'><strong>Prmcipiturque</strong></span> <span class='ocrx_word' id='word_1_297' title='bbox 1268 2286 1427 2362; x_wconf 75' lang='lat'><strong>118</strong></span> <span class='ocrx_word' id='word_1_298' title='bbox 1455 2287 1631 2356; x_wconf 70' lang='lat' dir='ltr'><strong>Isaiae,</strong></span> <span class='ocrx_word' id='word_1_299' title='bbox 1677 2296 1735 2343; x_wconf 92' lang='lat' dir='ltr'><strong>ut</strong></span> <span class='ocrx_word' id='word_1_300' title='bbox 1773 2289 1953 2361; x_wconf 63' lang='lat' dir='ltr'><strong>ipsum</strong></span> <span class='ocrx_word' id='word_1_301' title='bbox 1982 2303 2113 2359; x_wconf 87' lang='lat' dir='ltr'><strong>pue—</strong></span> 
     </span>
    </p>
   </div>
   <div class='ocr_carea' id='block_1_38' title="bbox 512 2378 2110 2454">
    <p class='ocr_par' dir='ltr' id='par_1_38' title="bbox 512 2378 2110 2454">
     <span class='ocr_line' id='line_1_38' title="bbox 512 2378 2110 2454; baseline 0.001 -19"><span class='ocrx_word' id='word_1_302' title='bbox 512 2397 656 2447; x_wconf 88' lang='lat' dir='ltr'><strong>rum,</strong></span> <span class='ocrx_word' id='word_1_303' title='bbox 690 2381 778 2451; x_wconf 88' lang='lat' dir='ltr'><strong>qui</strong></span> <span class='ocrx_word' id='word_1_304' title='bbox 808 2380 956 2454; x_wconf 90' lang='lat' dir='ltr'><strong>prius</strong></span> <span class='ocrx_word' id='word_1_305' title='bbox 981 2378 1274 2438; x_wconf 78' lang='lat' dir='ltr'><strong>vocabatur</strong></span> <span class='ocrx_word' id='word_1_306' title='bbox 1305 2382 1649 2448; x_wconf 84' lang='lat' dir='ltr'><strong>Emmanuel,</strong></span> <span class='ocrx_word' id='word_1_307' title='bbox 1678 2397 1823 2438; x_wconf 90' lang='lat' dir='ltr'><strong>nunc</strong></span> <span class='ocrx_word' id='word_1_308' title='bbox 1850 2381 2110 2453; x_wconf 88' lang='lat' dir='ltr'><strong>appellet,</strong></span> 
     </span>
    </p>
   </div>
   <div class='ocr_carea' id='block_1_39' title="bbox 511 2470 2111 2548">
    <p class='ocr_par' dir='ltr' id='par_1_39' title="bbox 511 2470 2111 2548">
     <span class='ocr_line' id='line_1_39' title="bbox 511 2470 2111 2548; baseline 0.003 -21"><span class='ocrx_word' id='word_1_309' title='bbox 511 2473 764 2541; x_wconf 80' lang='lat' dir='ltr'><strong>accelera,</strong></span> <span class='ocrx_word' id='word_1_310' title='bbox 796 2475 966 2544; x_wconf 88' lang='lat' dir='ltr'><strong>spolia</strong></span> <span class='ocrx_word' id='word_1_311' title='bbox 994 2475 1233 2544; x_wconf 81' lang='lat' dir='ltr'><strong>detrahe,</strong></span> <span class='ocrx_word' id='word_1_312' title='bbox 1280 2476 1469 2548; x_wconf 78' lang='lat' dir='ltr'><strong>festina</strong></span> <span class='ocrx_word' id='word_1_313' title='bbox 1500 2476 1742 2547; x_wconf 70' lang='lat' dir='ltr'><strong>pra’dari.</strong></span> <span class='ocrx_word' id='word_1_314' title='bbox 1792 2470 2111 2532; x_wconf 80' lang='lat' dir='ltr'><strong>Ascendens</strong></span> 
     </span>
    </p>
   </div>
   <div class='ocr_carea' id='block_1_40' title="bbox 510 2564 2114 2642">
    <p class='ocr_par' dir='ltr' id='par_1_40' title="bbox 510 2564 2114 2642">
     <span class='ocr_line' id='line_1_40' title="bbox 510 2564 2114 2642; baseline 0.001 -19"><span class='ocrx_word' id='word_1_315' title='bbox 510 2564 654 2623; x_wconf 90' lang='lat' dir='ltr'><strong>enim</strong></span> <span class='ocrx_word' id='word_1_316' title='bbox 687 2564 741 2624; x_wconf 92' lang='lat' dir='ltr'><strong>in</strong></span> <span class='ocrx_word' id='word_1_317' title='bbox 774 2569 969 2634; x_wconf 88' lang='lat' dir='ltr'><strong>altum,</strong></span> <span class='ocrx_word' id='word_1_318' title='bbox 1000 2570 1267 2641; x_wconf 87' lang='lat' dir='ltr'><strong>captivam</strong></span> <span class='ocrx_word' id='word_1_319' title='bbox 1295 2569 1450 2627; x_wconf 75' lang='lat' dir='ltr'><strong>duxit</strong></span> <span class='ocrx_word' id='word_1_320' title='bbox 1476 2570 1875 2642; x_wconf 85' lang='lat' dir='ltr'><strong>captivitatem;</strong></span> <span class='ocrx_word' id='word_1_321' title='bbox 1901 2566 2114 2642; x_wconf 87' lang='lat' dir='ltr'><strong>accepit</strong></span> 
     </span>
    </p>
   </div>
   <div class='ocr_carea' id='block_1_41' title="bbox 510 2656 2109 2738">
    <p class='ocr_par' dir='ltr' id='par_1_41' title="bbox 510 2656 2109 2738">
     <span class='ocr_line' id='line_1_41' title="bbox 510 2656 2109 2738; baseline 0.005 -24"><span class='ocrx_word' id='word_1_322' title='bbox 510 2660 651 2715; x_wconf 90' lang='lat' dir='ltr'><strong>dona</strong></span> <span class='ocrx_word' id='word_1_323' title='bbox 691 2656 1005 2719; x_wconf 83' lang='lat' dir='ltr'><strong>hominibus</strong></span> <span class='ocrx_word' id='word_1_324' title='bbox 1035 2658 1151 2734; x_wconf 87' lang='lat' dir='ltr'><strong>(Ps.</strong></span> <span class='ocrx_word' id='word_1_325' title='bbox 1186 2680 1359 2731; x_wconf 80' lang='lat' dir='ltr'><strong>uvn;</strong></span> <span class='ocrx_word' id='word_1_326' title='bbox 1391 2660 1586 2735; x_wconf 80' lang='lat' dir='ltr'><strong>Ephes.</strong></span> <span class='ocrx_word' id='word_1_327' title='bbox 1618 2676 1691 2733; x_wconf 84' lang='lat' dir='ltr'><strong>tv,</strong></span> <span class='ocrx_word' id='word_1_328' title='bbox 1734 2660 1813 2738; x_wconf 91' lang='lat'><strong>8).</strong></span> <span class='ocrx_word' id='word_1_329' title='bbox 1850 2660 1919 2720; x_wconf 85' lang='lat' dir='ltr'><strong>Et</strong></span> <span class='ocrx_word' id='word_1_330' title='bbox 1952 2670 2109 2721; x_wconf 89' lang='lat' dir='ltr'><strong>ante-</strong></span> 
     </span>
    </p>
   </div>
   <div class='ocr_carea' id='block_1_42' title="bbox 510 2755 2113 2838">
    <p class='ocr_par' dir='ltr' id='par_1_42' title="bbox 510 2755 2113 2838">
     <span class='ocr_line' id='line_1_42' title="bbox 510 2755 2113 2838; baseline 0.002 -28"><span class='ocrx_word' id='word_1_331' title='bbox 510 2772 673 2831; x_wconf 79' lang='lat' dir='ltr'><strong>quam</strong></span> <span class='ocrx_word' id='word_1_332' title='bbox 705 2756 997 2838; x_wconf 87' lang='lat' dir='ltr'><strong>humanum</strong></span> <span class='ocrx_word' id='word_1_333' title='bbox 1026 2770 1225 2827; x_wconf 89' lang='lat' dir='ltr'><strong>corpus</strong></span> <span class='ocrx_word' id='word_1_334' title='bbox 1252 2766 1558 2814; x_wconf 78' lang='lat' dir='ltr'><strong>assumeret</strong></span> <span class='ocrx_word' id='word_1_335' title='bbox 1587 2774 1600 2812; x_wconf 90' lang='lat'><strong>:</strong></span> <span class='ocrx_word' id='word_1_336' title='bbox 1636 2764 1693 2814; x_wconf 89' lang='lat' dir='ltr'><strong>et</strong></span> <span class='ocrx_word' id='word_1_337' title='bbox 1732 2758 1886 2830; x_wconf 80' lang='lat' dir='ltr'><strong>juxta</strong></span> <span class='ocrx_word' id='word_1_338' title='bbox 1936 2755 2113 2814; x_wconf 90' lang='lat' dir='ltr'><strong>infan-</strong></span> 
     </span>
    </p>
   </div>
   <div class='ocr_carea' id='block_1_43' title="bbox 509 2842 2112 2919">
    <p class='ocr_par' dir='ltr' id='par_1_43' title="bbox 509 2842 2112 2919">
     <span class='ocr_line' id='line_1_43' title="bbox 509 2842 2112 2919; baseline 0.002 -16"><span class='ocrx_word' id='word_1_339' title='bbox 509 2842 640 2903; x_wconf 83' lang='lat' dir='ltr'><strong>tiam</strong></span> <span class='ocrx_word' id='word_1_340' title='bbox 676 2858 881 2919; x_wconf 82' lang='lat' dir='ltr'><strong>patrem</strong></span> <span class='ocrx_word' id='word_1_341' title='bbox 921 2859 1141 2907; x_wconf 87' lang='lat' dir='ltr'><strong>vocaret</strong></span> <span class='ocrx_word' id='word_1_342' title='bbox 1169 2850 1338 2907; x_wconf 90' lang='lat' dir='ltr'><strong>Deum</strong></span> <span class='ocrx_word' id='word_1_343' title='bbox 1358 2893 1371 2916; x_wconf 89' lang='lat'><strong>,</strong></span> <span class='ocrx_word' id='word_1_344' title='bbox 1403 2858 1459 2907; x_wconf 87' lang='lat' dir='ltr'><strong>et</strong></span> <span class='ocrx_word' id='word_1_345' title='bbox 1486 2858 1714 2908; x_wconf 89' lang='lat' dir='ltr'><strong>matrem</strong></span> <span class='ocrx_word' id='word_1_346' title='bbox 1744 2851 1989 2919; x_wconf 79' lang='lat' dir='ltr'><strong>Mariam,</strong></span> <span class='ocrx_word' id='word_1_347' title='bbox 2016 2864 2112 2907; x_wconf 88' lang='lat' dir='ltr'><strong>au-</strong></span> 
     </span>
    </p>
   </div>
   <div class='ocr_carea' id='block_1_44' title="bbox 509 2941 2112 3017">
    <p class='ocr_par' dir='ltr' id='par_1_44' title="bbox 509 2941 2112 3017">
     <span class='ocr_line' id='line_1_44' title="bbox 509 2941 2112 3017; baseline 0.005 -22"><span class='ocrx_word' id='word_1_348' title='bbox 509 2941 716 2997; x_wconf 78' lang='lat' dir='ltr'><strong>feretur</strong></span> <span class='ocrx_word' id='word_1_349' title='bbox 749 2942 992 2999; x_wconf 75' lang='lat' dir='ltr'><strong>Damasci</strong></span> <span class='ocrx_word' id='word_1_350' title='bbox 1015 2943 1299 3014; x_wconf 81' lang='lat' dir='ltr'><strong>fortitudo,</strong></span> <span class='ocrx_word' id='word_1_351' title='bbox 1333 2953 1387 3002; x_wconf 92' lang='lat' dir='ltr'><strong>et</strong></span> <span class='ocrx_word' id='word_1_352' title='bbox 1416 2944 1583 3017; x_wconf 83' lang='lat' dir='ltr'><strong>spolia</strong></span> <span class='ocrx_word' id='word_1_353' title='bbox 1606 2946 1869 3001; x_wconf 61' lang='lat' dir='ltr'><strong>Samaria:</strong></span> <span class='ocrx_word' id='word_1_354' title='bbox 1897 2962 1995 3017; x_wconf 89' lang='lat' dir='ltr'><strong>per</strong></span> <span class='ocrx_word' id='word_1_355' title='bbox 2024 2958 2112 3003; x_wconf 87' lang='lat' dir='ltr'><strong>re-</strong></span> 
     </span>
    </p>
   </div>
   <div class='ocr_carea' id='block_1_45' title="bbox 507 3034 2109 3110">
    <p class='ocr_par' dir='ltr' id='par_1_45' title="bbox 507 3034 2109 3110">
     <span class='ocr_line' id='line_1_45' title="bbox 507 3034 2109 3110; baseline 0.006 -23"><span class='ocrx_word' id='word_1_356' title='bbox 507 3049 629 3103; x_wconf 75' lang='lat' dir='ltr'><strong>gem</strong></span> <span class='ocrx_word' id='word_1_357' title='bbox 661 3034 1010 3108; x_wconf 74' lang='lat' dir='ltr'><strong>Assyribrum</strong></span> <span class='ocrx_word' id='word_1_358' title='bbox 1049 3055 1060 3090; x_wconf 92' lang='lat'><strong>:</strong></span> <span class='ocrx_word' id='word_1_359' title='bbox 1094 3048 1152 3092; x_wconf 91' lang='lat' dir='ltr'><strong>ut</strong></span> <span class='ocrx_word' id='word_1_360' title='bbox 1185 3037 1414 3093; x_wconf 83' lang='lat' dir='ltr'><strong>necdum</strong></span> <span class='ocrx_word' id='word_1_361' title='bbox 1447 3047 1610 3094; x_wconf 90' lang='lat' dir='ltr'><strong>natus</strong></span> <span class='ocrx_word' id='word_1_362' title='bbox 1640 3038 1896 3110; x_wconf 90' lang='lat' dir='ltr'><strong>populum</strong></span> <span class='ocrx_word' id='word_1_363' title='bbox 1929 3055 2109 3104; x_wconf 86' lang='lat' dir='ltr'><strong>suum.</strong></span> 
     </span>
    </p>
   </div>
   <div class='ocr_carea' id='block_1_46' title="bbox 511 3124 2112 3193">
    <p class='ocr_par' dir='ltr' id='par_1_46' title="bbox 511 3124 2112 3193">
     <span class='ocr_line' id='line_1_46' title="bbox 511 3124 2112 3193; baseline 0.005 -14"><span class='ocrx_word' id='word_1_364' title='bbox 511 3126 732 3180; x_wconf 87' lang='lat' dir='ltr'><strong>domum</strong></span> <span class='ocrx_word' id='word_1_365' title='bbox 773 3126 966 3193; x_wconf 87' lang='lat' dir='ltr'><strong>David,</strong></span> <span class='ocrx_word' id='word_1_366' title='bbox 1000 3124 1111 3183; x_wconf 82' lang='lat' dir='ltr'><strong>sola</strong></span> <span class='ocrx_word' id='word_1_367' title='bbox 1164 3126 1507 3186; x_wconf 72' lang='lat' dir='ltr'><strong>invocatione</strong></span> <span class='ocrx_word' id='word_1_368' title='bbox 1539 3126 1791 3187; x_wconf 86' lang='lat' dir='ltr'><strong>salvaret.</strong></span> <span class='ocrx_word' id='word_1_369' title='bbox 1844 3128 1998 3188; x_wconf 86' lang='lat' dir='ltr'><strong>Urias</strong></span> <span class='ocrx_word' id='word_1_370' title='bbox 2030 3128 2112 3187; x_wconf 87' lang='lat' dir='ltr'><strong>itt-</strong></span> 
     </span>
    </p>
   </div>
   <div class='ocr_carea' id='block_1_47' title="bbox 507 3218 2111 3290">
    <p class='ocr_par' dir='ltr' id='par_1_47' title="bbox 507 3218 2111 3290">
     <span class='ocr_line' id='line_1_47' title="bbox 507 3218 2111 3290; baseline 0.005 -19"><span class='ocrx_word' id='word_1_371' title='bbox 507 3226 840 3287; x_wconf 77' lang='lat' dir='ltr'><strong>terprctatur</strong></span> <span class='ocrx_word' id='word_1_372' title='bbox 868 3220 960 3276; x_wconf 77' lang='lat' dir='ltr'><strong>tua:</strong></span> <span class='ocrx_word' id='word_1_373' title='bbox 981 3220 1187 3276; x_wconf 89' lang='lat' dir='ltr'><strong>Domini</strong></span> <span class='ocrx_word' id='word_1_374' title='bbox 1208 3238 1227 3287; x_wconf 89' lang='lat'><strong><em>;</em></strong></span> <span class='ocrx_word' id='word_1_375' title='bbox 1252 3218 1557 3286; x_wconf 80' lang='lat' dir='ltr'><strong>Zacharias,</strong></span> <span class='ocrx_word' id='word_1_376' title='bbox 1592 3226 1841 3278; x_wconf 82' lang='lat' dir='ltr'><strong>memoria</strong></span> <span class='ocrx_word' id='word_1_377' title='bbox 1865 3222 2111 3290; x_wconf 87' lang='lat' dir='ltr'><strong>Domini;</strong></span> 
     </span>
    </p>
   </div>
   <div class='ocr_carea' id='block_1_48' title="bbox 2220 2004 3831 2079">
    <p class='ocr_par' dir='ltr' id='par_1_48' title="bbox 2220 2004 3831 2079">
     <span class='ocr_line' id='line_1_48' title="bbox 2220 2004 3831 2079; baseline 0.001 -18"><span class='ocrx_word' id='word_1_378' title='bbox 2220 2005 2445 2076; x_wconf 90' lang='lat' dir='ltr'><strong>impetu,</strong></span> <span class='ocrx_word' id='word_1_379' title='bbox 2498 2016 2556 2060; x_wconf 91' lang='lat' dir='ltr'><strong>ut</strong></span> <span class='ocrx_word' id='word_1_380' title='bbox 2598 2015 2891 2079; x_wconf 86' lang='lat' dir='ltr'><strong>postquam</strong></span> <span class='ocrx_word' id='word_1_381' title='bbox 2939 2004 3128 2062; x_wconf 84' lang='lat' dir='ltr'><strong>decem</strong></span> <span class='ocrx_word' id='word_1_382' title='bbox 3180 2004 3420 2062; x_wconf 90' lang='lat' dir='ltr'><strong>tribuum</strong></span> <span class='ocrx_word' id='word_1_383' title='bbox 3472 2006 3831 2077; x_wconf 89' lang='lat' dir='ltr'><strong>occupaverit</strong></span> 
     </span>
    </p>
   </div>
   <div class='ocr_carea' id='block_1_49' title="bbox 2218 2098 3826 2173">
    <p class='ocr_par' dir='ltr' id='par_1_49' title="bbox 2218 2098 3826 2173">
     <span class='ocr_line' id='line_1_49' title="bbox 2218 2098 3826 2173; baseline 0.001 -16"><span class='ocrx_word' id='word_1_384' title='bbox 2218 2109 2440 2170; x_wconf 86' lang='lat' dir='ltr'><strong>terram,</strong></span> <span class='ocrx_word' id='word_1_385' title='bbox 2475 2101 2541 2157; x_wconf 91' lang='lat' dir='ltr'><strong>ad</strong></span> <span class='ocrx_word' id='word_1_386' title='bbox 2578 2098 2773 2158; x_wconf 88' lang='lat' dir='ltr'><strong>Judam</strong></span> <span class='ocrx_word' id='word_1_387' title='bbox 2807 2103 3109 2173; x_wconf 83' lang='lat' dir='ltr'><strong>perveniat,</strong></span> <span class='ocrx_word' id='word_1_388' title='bbox 3140 2110 3193 2158; x_wconf 91' lang='lat' dir='ltr'><strong>et</strong></span> <span class='ocrx_word' id='word_1_389' title='bbox 3228 2102 3503 2158; x_wconf 81' lang='lat' dir='ltr'><strong>transiens</strong></span> <span class='ocrx_word' id='word_1_390' title='bbox 3530 2101 3597 2158; x_wconf 85' lang='lat' dir='ltr'><strong>ad</strong></span> <span class='ocrx_word' id='word_1_391' title='bbox 3621 2102 3826 2159; x_wconf 88' lang='lat' dir='ltr'><strong>collum</strong></span> 
     </span>
    </p>
   </div>
   <div class='ocr_carea' id='block_1_50' title="bbox 2216 2192 3827 2267">
    <p class='ocr_par' dir='ltr' id='par_1_50' title="bbox 2216 2192 3827 2267">
     <span class='ocr_line' id='line_1_50' title="bbox 2216 2192 3827 2267; baseline 0.001 -18"><span class='ocrx_word' id='word_1_392' title='bbox 2216 2208 2387 2266; x_wconf 91' lang='lat' dir='ltr'><strong>usque</strong></span> <span class='ocrx_word' id='word_1_393' title='bbox 2417 2194 2691 2266; x_wconf 79' lang='lat' dir='ltr'><strong>pertingat</strong></span> <span class='ocrx_word' id='word_1_394' title='bbox 2717 2210 2731 2248; x_wconf 90' lang='lat'><strong>:</strong></span> <span class='ocrx_word' id='word_1_395' title='bbox 2764 2208 2860 2266; x_wconf 87' lang='lat' dir='ltr'><strong>per</strong></span> <span class='ocrx_word' id='word_1_396' title='bbox 2882 2209 3002 2267; x_wconf 71' lang='lat' dir='ltr'><strong>quae</strong></span> <span class='ocrx_word' id='word_1_397' title='bbox 3027 2192 3263 2250; x_wconf 86' lang='lat' dir='ltr'><strong>vicinam</strong></span> <span class='ocrx_word' id='word_1_398' title='bbox 3292 2193 3563 2266; x_wconf 84' lang='lat' dir='ltr'><strong>signiticat</strong></span> <span class='ocrx_word' id='word_1_399' title='bbox 3592 2194 3827 2265; x_wconf 86' lang='lat' dir='ltr'><strong>captivi-</strong></span> 
     </span>
    </p>
   </div>
   <div class='ocr_carea' id='block_1_51' title="bbox 2217 2284 3825 2361">
    <p class='ocr_par' dir='ltr' id='par_1_51' title="bbox 2217 2284 3825 2361">
     <span class='ocr_line' id='line_1_51' title="bbox 2217 2284 3825 2361; baseline 0.001 -17"><span class='ocrx_word' id='word_1_400' title='bbox 2217 2296 2403 2344; x_wconf 87' lang='lat' dir='ltr'><strong>tatem.</strong></span> <span class='ocrx_word' id='word_1_401' title='bbox 2436 2284 2552 2344; x_wconf 80' lang='lat' dir='ltr'><strong>Non</strong></span> <span class='ocrx_word' id='word_1_402' title='bbox 2583 2289 2731 2345; x_wconf 91' lang='lat' dir='ltr'><strong>enim</strong></span> <span class='ocrx_word' id='word_1_403' title='bbox 2762 2292 2890 2344; x_wconf 89' lang='lat' dir='ltr'><strong>tunc</strong></span> <span class='ocrx_word' id='word_1_404' title='bbox 2916 2300 3109 2361; x_wconf 81' lang='lat' dir='ltr'><strong>captus</strong></span> <span class='ocrx_word' id='word_1_405' title='bbox 3139 2294 3223 2343; x_wconf 87' lang='lat' dir='ltr'><strong>est</strong></span> <span class='ocrx_word' id='word_1_406' title='bbox 3251 2286 3439 2353; x_wconf 78' lang='lat' dir='ltr'><strong>ludas.</strong></span> <span class='ocrx_word' id='word_1_407' title='bbox 3472 2290 3567 2345; x_wconf 90' lang='lat' dir='ltr'><strong>sed</strong></span> <span class='ocrx_word' id='word_1_408' title='bbox 3609 2290 3825 2347; x_wconf 81' lang='lat' dir='ltr'><strong>cunctis</strong></span> 
     </span>
    </p>
   </div>
   <div class='ocr_carea' id='block_1_52' title="bbox 2214 2380 3827 2453">
    <p class='ocr_par' dir='ltr' id='par_1_52' title="bbox 2214 2380 3827 2453">
     <span class='ocr_line' id='line_1_52' title="bbox 2214 2380 3827 2453; baseline 0.002 -16"><span class='ocrx_word' id='word_1_409' title='bbox 2214 2380 2446 2438; x_wconf 90' lang='lat' dir='ltr'><strong>duarum</strong></span> <span class='ocrx_word' id='word_1_410' title='bbox 2482 2382 2724 2439; x_wconf 89' lang='lat' dir='ltr'><strong>tribuum</strong></span> <span class='ocrx_word' id='word_1_411' title='bbox 2771 2380 2998 2438; x_wconf 87' lang='lat' dir='ltr'><strong>urbibus</strong></span> <span class='ocrx_word' id='word_1_412' title='bbox 3027 2382 3354 2453; x_wconf 80' lang='lat' dir='ltr'><strong>subjugatis,</strong></span> <span class='ocrx_word' id='word_1_413' title='bbox 3399 2381 3513 2438; x_wconf 85' lang='lat' dir='ltr'><strong>sola</strong></span> <span class='ocrx_word' id='word_1_414' title='bbox 3558 2382 3827 2440; x_wconf 87' lang='lat' dir='ltr'><strong>remansit</strong></span> 
     </span>
    </p>
   </div>
   <div class='ocr_carea' id='block_1_53' title="bbox 2212 2470 3821 2548">
    <p class='ocr_par' dir='ltr' id='par_1_53' title="bbox 2212 2470 3821 2548">
     <span class='ocr_line' id='line_1_53' title="bbox 2212 2470 3821 2548; baseline -0.001 -14"><span class='ocrx_word' id='word_1_415' title='bbox 2212 2474 2541 2544; x_wconf 81' lang='lat' dir='ltr'><strong>Jerusalem,</strong></span> <span class='ocrx_word' id='word_1_416' title='bbox 2568 2492 2691 2548; x_wconf 72' lang='lat' dir='ltr'><strong>qua:</strong></span> <span class='ocrx_word' id='word_1_417' title='bbox 2720 2476 3029 2534; x_wconf 88' lang='lat' dir='ltr'><strong>incredibili</strong></span> <span class='ocrx_word' id='word_1_418' title='bbox 3057 2474 3152 2532; x_wconf 88' lang='lat' dir='ltr'><strong>Del</strong></span> <span class='ocrx_word' id='word_1_419' title='bbox 3185 2476 3564 2533; x_wconf 86' lang='lat' dir='ltr'><strong>misericordia</strong></span> <span class='ocrx_word' id='word_1_420' title='bbox 3592 2470 3821 2534; x_wconf 73' lang='lat' dir='ltr'><strong>liberata</strong></span> 
     </span>
    </p>
   </div>
   <div class='ocr_carea' id='block_1_54' title="bbox 2214 2570 3821 2645">
    <p class='ocr_par' dir='ltr' id='par_1_54' title="bbox 2214 2570 3821 2645">
     <span class='ocr_line' id='line_1_54' title="bbox 2214 2570 3821 2645; baseline -0.001 -16"><span class='ocrx_word' id='word_1_421' title='bbox 2214 2578 2318 2630; x_wconf 90' lang='lat' dir='ltr'><strong>est.</strong></span> <span class='ocrx_word' id='word_1_422' title='bbox 2366 2572 2671 2630; x_wconf 84' lang='lat' dir='ltr'><strong>Potentiam</strong></span> <span class='ocrx_word' id='word_1_423' title='bbox 2716 2586 2853 2644; x_wconf 76' lang='lat' dir='ltr'><strong>ergo</strong></span> <span class='ocrx_word' id='word_1_424' title='bbox 2896 2570 3107 2645; x_wconf 79' lang='lat' dir='ltr'><strong>Assyrii</strong></span> <span class='ocrx_word' id='word_1_425' title='bbox 3144 2581 3198 2628; x_wconf 89' lang='lat' dir='ltr'><strong>et</strong></span> <span class='ocrx_word' id='word_1_426' title='bbox 3243 2570 3660 2627; x_wconf 88' lang='lat' dir='ltr'><strong>innumerabilis</strong></span> <span class='ocrx_word' id='word_1_427' title='bbox 3701 2571 3821 2643; x_wconf 89' lang='lat' dir='ltr'><strong>ejus</strong></span> 
     </span>
    </p>
   </div>
   <div class='ocr_carea' id='block_1_55' title="bbox 2213 2662 3823 2737">
    <p class='ocr_par' dir='ltr' id='par_1_55' title="bbox 2213 2662 3823 2737">
     <span class='ocr_line' id='line_1_55' title="bbox 2213 2662 3823 2737; baseline -0.003 -13"><span class='ocrx_word' id='word_1_428' title='bbox 2213 2666 2513 2735; x_wconf 74' lang='lat' dir='ltr'><strong>exercitus,</strong></span> <span class='ocrx_word' id='word_1_429' title='bbox 2534 2678 2695 2737; x_wconf 84' lang='lat' dir='ltr'><strong>quam</strong></span> <span class='ocrx_word' id='word_1_430' title='bbox 2726 2664 2828 2721; x_wconf 86' lang='lat' dir='ltr'><strong>sub</strong></span> <span class='ocrx_word' id='word_1_431' title='bbox 2850 2663 3091 2721; x_wconf 81' lang='lat' dir='ltr'><strong>ﬂuminis</strong></span> <span class='ocrx_word' id='word_1_432' title='bbox 3122 2663 3479 2720; x_wconf 88' lang='lat' dir='ltr'><strong>inundatione</strong></span> <span class='ocrx_word' id='word_1_433' title='bbox 3506 2662 3823 2735; x_wconf 85' lang='lat' dir='ltr'><strong>descripse-</strong></span> 
     </span>
    </p>
   </div>
   <div class='ocr_carea' id='block_1_56' title="bbox 2214 2752 3816 2831">
    <p class='ocr_par' dir='ltr' id='par_1_56' title="bbox 2214 2752 3816 2831">
     <span class='ocr_line' id='line_1_56' title="bbox 2214 2752 3816 2831; baseline -0.002 -15"><span class='ocrx_word' id='word_1_434' title='bbox 2214 2766 2321 2829; x_wconf 86' lang='lat' dir='ltr'><strong>rat,</strong></span> <span class='ocrx_word' id='word_1_435' title='bbox 2366 2774 2511 2815; x_wconf 90' lang='lat' dir='ltr'><strong>nunc</strong></span> <span class='ocrx_word' id='word_1_436' title='bbox 2556 2770 2652 2831; x_wconf 76' lang='lat' dir='ltr'><strong>per</strong></span> <span class='ocrx_word' id='word_1_437' title='bbox 2688 2756 2848 2814; x_wconf 90' lang='lat' dir='ltr'><strong>aliam</strong></span> <span class='ocrx_word' id='word_1_438' title='bbox 2889 2754 3132 2814; x_wconf 86' lang='lat' dir='ltr'><strong>ostendit</strong></span> <span class='ocrx_word' id='word_1_439' title='bbox 3182 2752 3617 2825; x_wconf 82' lang='lat' dir='ltr'><strong>translationem,</strong></span> <span class='ocrx_word' id='word_1_440' title='bbox 3667 2756 3816 2829; x_wconf 88' lang='lat' dir='ltr'><strong>quod</strong></span> 
     </span>
    </p>
   </div>
   <div class='ocr_carea' id='block_1_57' title="bbox 2213 2846 3819 2922">
    <p class='ocr_par' dir='ltr' id='par_1_57' title="bbox 2213 2846 3819 2922">
     <span class='ocr_line' id='line_1_57' title="bbox 2213 2846 3819 2922; baseline -0.001 -13"><span class='ocrx_word' id='word_1_441' title='bbox 2213 2851 2316 2909; x_wconf 83' lang='lat' dir='ltr'><strong>alis</strong></span> <span class='ocrx_word' id='word_1_442' title='bbox 2346 2857 2480 2921; x_wconf 91' lang='lat' dir='ltr'><strong>suis,</strong></span> <span class='ocrx_word' id='word_1_443' title='bbox 2507 2850 2559 2909; x_wconf 89' lang='lat' dir='ltr'><strong>id</strong></span> <span class='ocrx_word' id='word_1_444' title='bbox 2584 2862 2689 2919; x_wconf 90' lang='lat' dir='ltr'><strong>est,</strong></span> <span class='ocrx_word' id='word_1_445' title='bbox 2712 2846 2964 2919; x_wconf 90' lang='lat' dir='ltr'><strong>ducibus,</strong></span> <span class='ocrx_word' id='word_1_446' title='bbox 2992 2862 3046 2908; x_wconf 89' lang='lat' dir='ltr'><strong>et</strong></span> <span class='ocrx_word' id='word_1_447' title='bbox 3069 2850 3277 2907; x_wconf 79' lang='lat' dir='ltr'><strong>infinita</strong></span> <span class='ocrx_word' id='word_1_448' title='bbox 3304 2850 3655 2907; x_wconf 87' lang='lat' dir='ltr'><strong>multitudine</strong></span> <span class='ocrx_word' id='word_1_449' title='bbox 3683 2862 3819 2922; x_wconf 85' lang='lat' dir='ltr'><strong>ope-</strong></span> 
     </span>
    </p>
   </div>
   <div class='ocr_carea' id='block_1_58' title="bbox 2213 2928 3816 3011">
    <p class='ocr_par' dir='ltr' id='par_1_58' title="bbox 2213 2928 3816 3011">
     <span class='ocr_line' id='line_1_58' title="bbox 2213 2928 3816 3011; baseline -0.004 -9"><span class='ocrx_word' id='word_1_450' title='bbox 2213 2947 2385 3002; x_wconf 87' lang='lat' dir='ltr'><strong>ruerit</strong></span> <span class='ocrx_word' id='word_1_451' title='bbox 2415 2957 2615 3003; x_wconf 87' lang='lat' dir='ltr'><strong>terram</strong></span> <span class='ocrx_word' id='word_1_452' title='bbox 2643 2946 3036 3011; x_wconf 77' lang='lat' dir='ltr'><strong>Emmanuelis,</strong></span> <span class='ocrx_word' id='word_1_453' title='bbox 3063 2944 3165 2999; x_wconf 88' lang='lat' dir='ltr'><strong>hoc</strong></span> <span class='ocrx_word' id='word_1_454' title='bbox 3188 2944 3289 3011; x_wconf 83' lang='lat' dir='ltr'><strong>est,</strong></span> <span class='ocrx_word' id='word_1_455' title='bbox 3318 2928 3667 2999; x_wconf 75' lang='lat' dir='ltr'><strong>defendentis</strong></span> <span class='ocrx_word' id='word_1_456' title='bbox 3697 2954 3816 2998; x_wconf 87' lang='lat' dir='ltr'><strong>eam</strong></span> 
     </span>
    </p>
   </div>
   <div class='ocr_carea' id='block_1_59' title="bbox 2213 3030 3817 3107">
    <p class='ocr_par' dir='ltr' id='par_1_59' title="bbox 2213 3030 3817 3107">
     <span class='ocr_line' id='line_1_59' title="bbox 2213 3030 3817 3107; baseline -0.006 -13"><span class='ocrx_word' id='word_1_457' title='bbox 2213 3036 2341 3105; x_wconf 87' lang='lat' dir='ltr'><strong>Dei;</strong></span> <span class='ocrx_word' id='word_1_458' title='bbox 2374 3037 2470 3093; x_wconf 90' lang='lat' dir='ltr'><strong>sed</strong></span> <span class='ocrx_word' id='word_1_459' title='bbox 2505 3045 2684 3093; x_wconf 87' lang='lat' dir='ltr'><strong>tamen</strong></span> <span class='ocrx_word' id='word_1_460' title='bbox 2717 3052 2821 3093; x_wconf 92' lang='lat' dir='ltr'><strong>non</strong></span> <span class='ocrx_word' id='word_1_461' title='bbox 2868 3034 3196 3107; x_wconf 82' lang='lat' dir='ltr'><strong>possederit,</strong></span> <span class='ocrx_word' id='word_1_462' title='bbox 3229 3044 3564 3106; x_wconf 87' lang='lat' dir='ltr'><strong>quamquam</strong></span> <span class='ocrx_word' id='word_1_463' title='bbox 3601 3030 3817 3086; x_wconf 85' lang='lat' dir='ltr'><strong>Emma-</strong></span> 
     </span>
    </p>
   </div>
   <div class='ocr_carea' id='block_1_60' title="bbox 2214 3121 3816 3201">
    <p class='ocr_par' dir='ltr' id='par_1_60' title="bbox 2214 3121 3816 3201">
     <span class='ocr_line' id='line_1_60' title="bbox 2214 3121 3816 3201; baseline -0.005 -14"><span class='ocrx_word' id='word_1_464' title='bbox 2214 3131 2333 3187; x_wconf 89' lang='lat' dir='ltr'><strong>nuel</strong></span> <span class='ocrx_word' id='word_1_465' title='bbox 2354 3144 2383 3187; x_wconf 86' lang='lat' dir='ltr'><strong>a</strong></span> <span class='ocrx_word' id='word_1_466' title='bbox 2410 3128 2556 3186; x_wconf 77' lang='lat' dir='ltr'><strong>LXX</strong></span> <span class='ocrx_word' id='word_1_467' title='bbox 2586 3130 2835 3201; x_wconf 82' lang='lat' dir='ltr'><strong>sequenti</strong></span> <span class='ocrx_word' id='word_1_468' title='bbox 2862 3127 3103 3199; x_wconf 76' lang='lat' dir='ltr'><strong>capitulo</strong></span> <span class='ocrx_word' id='word_1_469' title='bbox 3122 3128 3429 3197; x_wconf 68' lang='lat' dir='ltr'><strong>ccuptetur,</strong></span> <span class='ocrx_word' id='word_1_470' title='bbox 3458 3138 3565 3180; x_wconf 89' lang='lat' dir='ltr'><strong>non</strong></span> <span class='ocrx_word' id='word_1_471' title='bbox 3595 3121 3816 3195; x_wconf 59' lang='lat' dir='ltr'><strong>proprio</strong></span> 
     </span>
    </p>
   </div>
   <div class='ocr_carea' id='block_1_61' title="bbox 2214 3217 3813 3297">
    <p class='ocr_par' dir='ltr' id='par_1_61' title="bbox 2214 3217 3813 3297">
     <span class='ocr_line' id='line_1_61' title="bbox 2214 3217 3813 3297; baseline -0.009 -14"><span class='ocrx_word' id='word_1_472' title='bbox 2214 3227 2453 3291; x_wconf 90' lang='lat' dir='ltr'><strong>nomine,</strong></span> <span class='ocrx_word' id='word_1_473' title='bbox 2486 3232 2542 3280; x_wconf 90' lang='lat' dir='ltr'><strong>ut</strong></span> <span class='ocrx_word' id='word_1_474' title='bbox 2565 3220 2704 3297; x_wconf 88' lang='lat' dir='ltr'><strong>apud</strong></span> <span class='ocrx_word' id='word_1_475' title='bbox 2736 3218 2994 3280; x_wconf 67' lang='lat' dir='ltr'><strong>Hebraeos</strong></span> <span class='ocrx_word' id='word_1_476' title='bbox 3026 3232 3274 3288; x_wconf 82' lang='lat' dir='ltr'><strong>vocatur,</strong></span> <span class='ocrx_word' id='word_1_477' title='bbox 3308 3217 3404 3275; x_wconf 82' lang='lat' dir='ltr'><strong>sed</strong></span> <span class='ocrx_word' id='word_1_478' title='bbox 3430 3219 3813 3288; x_wconf 86' lang='lat' dir='ltr'><strong>interpretato,</strong></span> 
     </span>
    </p>
   </div>
   <div class='ocr_carea' id='block_1_62' title="bbox 507 3304 3814 3388">
    <p class='ocr_par' dir='ltr' id='par_1_62' title="bbox 507 3304 3814 3388">
     <span class='ocr_line' id='line_1_62' title="bbox 507 3304 3814 3388; baseline 0 -24"><span class='ocrx_word' id='word_1_479' title='bbox 507 3317 564 3364; x_wconf 73' lang='lat' dir='ltr'><strong>rt</strong></span> <span class='ocrx_word' id='word_1_480' title='bbox 618 3304 939 3378; x_wconf 79' lang='lat' dir='ltr'><strong>Barachias,</strong></span> <span class='ocrx_word' id='word_1_481' title='bbox 1000 3312 1281 3369; x_wconf 86' lang='lat' dir='ltr'><strong>benedictio</strong></span> <span class='ocrx_word' id='word_1_482' title='bbox 1337 3312 1551 3371; x_wconf 84' lang='lat' dir='ltr'><strong>Domini</strong></span> <span class='ocrx_word' id='word_1_483' title='bbox 1580 3333 1599 3370; x_wconf 81' lang='lat'><strong>.&#39;</strong></span> <span class='ocrx_word' id='word_1_484' title='bbox 1629 3312 1826 3388; x_wconf 81' lang='lat' dir='ltr'><strong>quibus</strong></span> <span class='ocrx_word' id='word_1_485' title='bbox 1882 3316 2109 3375; x_wconf 80' lang='lat' dir='ltr'><strong>testibus</strong></span> <span class='ocrx_word' id='word_1_486' title='bbox 2136 3317 2182 3381; x_wconf 88' lang='lat' dir='ltr'>C</span> <span class='ocrx_word' id='word_1_487' title='bbox 2215 3319 2267 3375; x_wconf 87' lang='lat' dir='ltr'><strong>id</strong></span> <span class='ocrx_word' id='word_1_488' title='bbox 2298 3327 2405 3386; x_wconf 87' lang='lat' dir='ltr'><strong>est,</strong></span> <span class='ocrx_word' id='word_1_489' title='bbox 2442 3317 2705 3373; x_wconf 85' lang='lat' dir='ltr'><strong>nobiscum</strong></span> <span class='ocrx_word' id='word_1_490' title='bbox 2742 3314 2896 3369; x_wconf 83' lang='lat' dir='ltr'><strong>Deus.</strong></span> <span class='ocrx_word' id='word_1_491' title='bbox 2938 3312 3086 3371; x_wconf 85' lang='lat' dir='ltr'><strong>Siloe</strong></span> <span class='ocrx_word' id='word_1_492' title='bbox 3121 3322 3301 3369; x_wconf 88' lang='lat' dir='ltr'><strong>autem</strong></span> <span class='ocrx_word' id='word_1_493' title='bbox 3333 3308 3540 3367; x_wconf 87' lang='lat' dir='ltr'><strong>iontem</strong></span> <span class='ocrx_word' id='word_1_494' title='bbox 3582 3324 3705 3365; x_wconf 88' lang='lat' dir='ltr'><strong>esse</strong></span> <span class='ocrx_word' id='word_1_495' title='bbox 3745 3307 3814 3365; x_wconf 82' lang='lat' dir='ltr'><strong>ad</strong></span> 
     </span>
    </p>
   </div>
   <div class='ocr_carea' id='block_1_63' title="bbox 506 3398 2105 3483">
    <p class='ocr_par' dir='ltr' id='par_1_63' title="bbox 506 3398 2105 3483">
     <span class='ocr_line' id='line_1_63' title="bbox 506 3398 2105 3483; baseline 0.009 -29"><span class='ocrx_word' id='word_1_496' title='bbox 506 3401 709 3457; x_wconf 73' lang='lat' dir='ltr'><strong>Christi</strong></span> <span class='ocrx_word' id='word_1_497' title='bbox 743 3406 994 3461; x_wconf 78' lang='lat' dir='ltr'><strong>nativitas</strong></span> <span class='ocrx_word' id='word_1_498' title='bbox 1023 3408 1433 3478; x_wconf 85' lang='lat' dir='ltr'><strong>comprobatur.</strong></span> <span class='ocrx_word' id='word_1_499' title='bbox 1465 3409 1587 3481; x_wconf 85' lang='lat' dir='ltr'><strong>Ipse</strong></span> <span class='ocrx_word' id='word_1_500' title='bbox 1615 3410 1758 3466; x_wconf 90' lang='lat' dir='ltr'><strong>enim</strong></span> <span class='ocrx_word' id='word_1_501' title='bbox 1784 3411 1836 3466; x_wconf 94' lang='lat' dir='ltr'><strong>iu</strong></span> <span class='ocrx_word' id='word_1_502' title='bbox 1864 3398 2105 3483; x_wconf 78' lang='lat' dir='ltr'><strong>Evange-</strong></span> 
     </span>
    </p>
   </div>
   <div class='ocr_carea' id='block_1_64' title="bbox 509 3494 2103 3578">
    <p class='ocr_par' dir='ltr' id='par_1_64' title="bbox 509 3494 2103 3578">
     <span class='ocr_line' id='line_1_64' title="bbox 509 3494 2103 3578; baseline 0.008 -27"><span class='ocrx_word' id='word_1_503' title='bbox 509 3498 583 3552; x_wconf 89' lang='lat' dir='ltr'><strong>lio</strong></span> <span class='ocrx_word' id='word_1_504' title='bbox 612 3494 825 3556; x_wconf 87' lang='lat' dir='ltr'><strong>duobus</strong></span> <span class='ocrx_word' id='word_1_505' title='bbox 855 3501 1109 3556; x_wconf 87' lang='lat' dir='ltr'><strong>euntibus</strong></span> <span class='ocrx_word' id='word_1_506' title='bbox 1154 3501 1208 3557; x_wconf 89' lang='lat' dir='ltr'><strong>in</strong></span> <span class='ocrx_word' id='word_1_507' title='bbox 1245 3502 1502 3566; x_wconf 80' lang='lat' dir='ltr'><strong>Emmaus</strong></span> <span class='ocrx_word' id='word_1_508' title='bbox 1550 3500 1702 3572; x_wconf 86' lang='lat' dir='ltr'><strong>(Luc.</strong></span> <span class='ocrx_word' id='word_1_509' title='bbox 1754 3505 1917 3578; x_wconf 74' lang='lat' dir='ltr'><strong>xstv).</strong></span> <span class='ocrx_word' id='word_1_510' title='bbox 1971 3502 2103 3563; x_wconf 89' lang='lat' dir='ltr'><strong>inci-</strong></span> 
     </span>
    </p>
   </div>
   <div class='ocr_carea' id='block_1_65' title="bbox 508 3580 2106 3669">
    <p class='ocr_par' dir='ltr' id='par_1_65' title="bbox 508 3580 2106 3669">
     <span class='ocr_line' id='line_1_65' title="bbox 508 3580 2106 3669; baseline 0.009 -27"><span class='ocrx_word' id='word_1_511' title='bbox 508 3591 664 3659; x_wconf 74' lang='lat' dir='ltr'><strong>piens</strong></span> <span class='ocrx_word' id='word_1_512' title='bbox 690 3605 719 3645; x_wconf 88' lang='lat' dir='ltr'><strong>a</strong></span> <span class='ocrx_word' id='word_1_513' title='bbox 750 3580 895 3648; x_wconf 74' lang='grc' dir='ltr'><strong>Μοεο</strong></span> <span class='ocrx_word' id='word_1_514' title='bbox 919 3598 970 3648; x_wconf 87' lang='lat' dir='ltr'><strong>et</strong></span> <span class='ocrx_word' id='word_1_515' title='bbox 994 3581 1297 3665; x_wconf 74' lang='lat' dir='ltr'><strong>Propltetis,</strong></span> <span class='ocrx_word' id='word_1_516' title='bbox 1323 3596 1610 3653; x_wconf 86' lang='lat' dir='ltr'><strong>cdissernit</strong></span> <span class='ocrx_word' id='word_1_517' title='bbox 1633 3596 1775 3669; x_wconf 90' lang='lat' dir='ltr'><strong>quod</strong></span> <span class='ocrx_word' id='word_1_518' title='bbox 1807 3596 1873 3655; x_wconf 85' lang='lat' dir='ltr'><strong>de</strong></span> <span class='ocrx_word' id='word_1_519' title='bbox 1905 3615 1964 3655; x_wconf 89' lang='lat' dir='ltr'><strong>se</strong></span> <span class='ocrx_word' id='word_1_520' title='bbox 1988 3614 2106 3655; x_wconf 89' lang='lat' dir='ltr'><strong>om-</strong></span> 
     </span>
    </p>
   </div>
   <div class='ocr_carea' id='block_1_66' title="bbox 509 3674 2107 3762">
    <p class='ocr_par' dir='ltr' id='par_1_66' title="bbox 509 3674 2107 3762">
     <span class='ocr_line' id='line_1_66' title="bbox 509 3674 2107 3762; baseline 0.009 -27"><span class='ocrx_word' id='word_1_521' title='bbox 509 3681 595 3737; x_wconf 84' lang='lat' dir='ltr'><strong>nia</strong></span> <span class='ocrx_word' id='word_1_522' title='bbox 628 3674 1065 3755; x_wconf 80' lang='lat' dir='ltr'><strong>propltetassent.</strong></span> <span class='ocrx_word' id='word_1_523' title='bbox 1102 3687 1259 3743; x_wconf 78' lang='lat' dir='ltr'><strong>Juxta</strong></span> <span class='ocrx_word' id='word_1_524' title='bbox 1291 3690 1674 3762; x_wconf 81' lang='lat' dir='ltr'><strong>trapologiam,</strong></span> <span class='ocrx_word' id='word_1_525' title='bbox 1710 3690 1760 3745; x_wconf 89' lang='lat' dir='ltr'><strong>in</strong></span> <span class='ocrx_word' id='word_1_526' title='bbox 1789 3692 1965 3747; x_wconf 85' lang='lat' dir='ltr'><strong>anima</strong></span> <span class='ocrx_word' id='word_1_527' title='bbox 1997 3694 2107 3749; x_wconf 80' lang='lat' dir='ltr'><strong>vir-</strong></span> 
     </span>
    </p>
   </div>
   <div class='ocr_carea' id='block_1_67' title="bbox 506 3770 2106 3858">
    <p class='ocr_par' dir='ltr' id='par_1_67' title="bbox 506 3770 2106 3858">
     <span class='ocr_line' id='line_1_67' title="bbox 506 3770 2106 3858; baseline 0.01 -28"><span class='ocrx_word' id='word_1_528' title='bbox 506 3770 706 3847; x_wconf 74' lang='lat' dir='ltr'><strong>ginali,</strong></span> <span class='ocrx_word' id='word_1_529' title='bbox 737 3782 791 3835; x_wconf 89' lang='lat' dir='ltr'><strong>et</strong></span> <span class='ocrx_word' id='word_1_530' title='bbox 835 3780 978 3835; x_wconf 88' lang='lat' dir='ltr'><strong>nulla</strong></span> <span class='ocrx_word' id='word_1_531' title='bbox 1009 3783 1170 3837; x_wconf 90' lang='lat' dir='ltr'><strong>sorde</strong></span> <span class='ocrx_word' id='word_1_532' title='bbox 1226 3784 1518 3852; x_wconf 86' lang='lat' dir='ltr'><strong>maculata,</strong></span> <span class='ocrx_word' id='word_1_533' title='bbox 1551 3784 1619 3841; x_wconf 91' lang='lat' dir='ltr'><strong>de</strong></span> <span class='ocrx_word' id='word_1_534' title='bbox 1671 3784 1875 3858; x_wconf 86' lang='lat' dir='ltr'><strong>Spiritu</strong></span> <span class='ocrx_word' id='word_1_535' title='bbox 1915 3798 2106 3846; x_wconf 85' lang='lat' dir='ltr'><strong>sancto</strong></span> 
     </span>
    </p>
   </div>
   <div class='ocr_carea' id='block_1_68' title="bbox 508 3864 2105 3954">
    <p class='ocr_par' dir='ltr' id='par_1_68' title="bbox 508 3864 2105 3954">
     <span class='ocr_line' id='line_1_68' title="bbox 508 3864 2105 3954; baseline 0.008 -27"><span class='ocrx_word' id='word_1_536' title='bbox 508 3864 605 3929; x_wconf 88' lang='lat' dir='ltr'><strong>Dei</strong></span> <span class='ocrx_word' id='word_1_537' title='bbox 639 3888 819 3929; x_wconf 87' lang='lat' dir='ltr'><strong>sermo</strong></span> <span class='ocrx_word' id='word_1_538' title='bbox 849 3888 1164 3947; x_wconf 74' lang='lat' dir='ltr'><strong>coucoptns,</strong></span> <span class='ocrx_word' id='word_1_539' title='bbox 1200 3878 1459 3935; x_wconf 74' lang='lat' dir='ltr'><strong>velociter</strong></span> <span class='ocrx_word' id='word_1_540' title='bbox 1489 3879 1556 3935; x_wconf 89' lang='lat' dir='ltr'><strong>de</strong></span> <span class='ocrx_word' id='word_1_541' title='bbox 1601 3880 1925 3937; x_wconf 83' lang='lat' dir='ltr'><strong>adversariis</strong></span> <span class='ocrx_word' id='word_1_542' title='bbox 1951 3892 2105 3954; x_wconf 91' lang='lat' dir='ltr'><strong>pote-</strong></span> 
     </span>
    </p>
   </div>
   <div class='ocr_carea' id='block_1_69' title="bbox 504 3962 2102 4038">
    <p class='ocr_par' dir='ltr' id='par_1_69' title="bbox 504 3962 2102 4038">
     <span class='ocr_line' id='line_1_69' title="bbox 504 3962 2102 4038; baseline 0.008 -20"><span class='ocrx_word' id='word_1_543' title='bbox 504 3962 738 4021; x_wconf 87' lang='lat' dir='ltr'><strong>statibus</strong></span> <span class='ocrx_word' id='word_1_544' title='bbox 778 3964 951 4038; x_wconf 87' lang='lat' dir='ltr'><strong>spolia</strong></span> <span class='ocrx_word' id='word_1_545' title='bbox 984 3967 1255 4036; x_wconf 82' lang='lat' dir='ltr'><strong>detrahit,</strong></span> <span class='ocrx_word' id='word_1_546' title='bbox 1300 3981 1354 4026; x_wconf 91' lang='lat' dir='ltr'><strong>et</strong></span> <span class='ocrx_word' id='word_1_547' title='bbox 1383 3970 1483 4029; x_wconf 86' lang='lat' dir='ltr'><strong>sibi</strong></span> <span class='ocrx_word' id='word_1_548' title='bbox 1528 3966 1657 4028; x_wconf 80' lang='lat' dir='ltr'><strong>facit</strong></span> <span class='ocrx_word' id='word_1_549' title='bbox 1700 3975 1953 4029; x_wconf 86' lang='lat' dir='ltr'><strong>universa</strong></span> <span class='ocrx_word' id='word_1_550' title='bbox 1986 3990 2102 4031; x_wconf 90' lang='lat' dir='ltr'><strong>ser-</strong></span> 
     </span>
    </p>
   </div>
   <div class='ocr_carea' id='block_1_70' title="bbox 503 4055 2102 4137">
    <p class='ocr_par' dir='ltr' id='par_1_70' title="bbox 503 4055 2102 4137">
     <span class='ocr_line' id='line_1_70' title="bbox 503 4055 2102 4137; baseline 0.008 -27"><span class='ocrx_word' id='word_1_551' title='bbox 503 4055 643 4112; x_wconf 85' lang='lat' dir='ltr'><strong>vire.</strong></span> <span class='ocrx_word' id='word_1_552' title='bbox 663 4055 907 4128; x_wconf 85' lang='lat' dir='ltr'><strong>Cumque</strong></span> <span class='ocrx_word' id='word_1_553' title='bbox 933 4076 1000 4115; x_wconf 79' lang='lat' dir='ltr'><strong>ex</strong></span> <span class='ocrx_word' id='word_1_554' title='bbox 1032 4068 1185 4132; x_wconf 89' lang='lat' dir='ltr'><strong>parte</strong></span> <span class='ocrx_word' id='word_1_555' title='bbox 1212 4078 1354 4118; x_wconf 90' lang='lat' dir='ltr'><strong>nunc</strong></span> <span class='ocrx_word' id='word_1_556' title='bbox 1388 4062 1595 4131; x_wconf 85' lang='lat' dir='ltr'><strong>videat,</strong></span> <span class='ocrx_word' id='word_1_557' title='bbox 1628 4073 1680 4119; x_wconf 93' lang='lat' dir='ltr'><strong>et</strong></span> <span class='ocrx_word' id='word_1_558' title='bbox 1705 4079 1770 4121; x_wconf 78' lang='lat' dir='ltr'><strong>es</strong></span> <span class='ocrx_word' id='word_1_559' title='bbox 1803 4074 1954 4137; x_wconf 87' lang='lat' dir='ltr'><strong>parte</strong></span> <span class='ocrx_word' id='word_1_560' title='bbox 1980 4082 2102 4137; x_wconf 80' lang='lat' dir='ltr'><strong>pro-</strong></span> 
     </span>
    </p>
   </div>
   <div class='ocr_carea' id='block_1_71' title="bbox 502 4145 2099 4228">
    <p class='ocr_par' dir='ltr' id='par_1_71' title="bbox 502 4145 2099 4228">
     <span class='ocr_line' id='line_1_71' title="bbox 502 4145 2099 4228; baseline 0.009 -29"><span class='ocrx_word' id='word_1_561' title='bbox 502 4145 692 4215; x_wconf 83' lang='lat' dir='ltr'><strong>plietet</strong></span> <span class='ocrx_word' id='word_1_562' title='bbox 724 4149 769 4215; x_wconf 84' lang='grc' dir='ltr'>(ι</span> <span class='ocrx_word' id='word_1_563' title='bbox 797 4148 918 4205; x_wconf 87' lang='lat' dir='ltr'><strong>Cor.</strong></span> <span class='ocrx_word' id='word_1_564' title='bbox 949 4155 1091 4220; x_wconf 83' lang='lat' dir='ltr'><strong>xm).</strong></span> <span class='ocrx_word' id='word_1_565' title='bbox 1126 4150 1438 4224; x_wconf 84' lang='lat' dir='ltr'><strong>priusquam</strong></span> <span class='ocrx_word' id='word_1_566' title='bbox 1470 4160 1640 4224; x_wconf 86' lang='lat' dir='ltr'><strong>possit</strong></span> <span class='ocrx_word' id='word_1_567' title='bbox 1662 4171 1786 4212; x_wconf 88' lang='lat' dir='ltr'><strong>esse</strong></span> <span class='ocrx_word' id='word_1_568' title='bbox 1806 4158 2099 4228; x_wconf 75' lang='lat' dir='ltr'><strong>perfectus,</strong></span> 
     </span>
    </p>
   </div>
   <div class='ocr_carea' id='block_1_72' title="bbox 504 4241 2101 4313">
    <p class='ocr_par' dir='ltr' id='par_1_72' title="bbox 504 4241 2101 4313">
     <span class='ocr_line' id='line_1_72' title="bbox 504 4241 2101 4313; baseline 0.007 -20"><span class='ocrx_word' id='word_1_569' title='bbox 504 4244 561 4293; x_wconf 91' lang='lat' dir='ltr'><strong>et</strong></span> <span class='ocrx_word' id='word_1_570' title='bbox 595 4241 790 4295; x_wconf 83' lang='lat' dir='ltr'><strong>merito</strong></span> <span class='ocrx_word' id='word_1_571' title='bbox 818 4254 1013 4297; x_wconf 87' lang='lat' dir='ltr'><strong>vocare</strong></span> <span class='ocrx_word' id='word_1_572' title='bbox 1065 4244 1232 4300; x_wconf 90' lang='lat' dir='ltr'><strong>Deum</strong></span> <span class='ocrx_word' id='word_1_573' title='bbox 1276 4245 1514 4313; x_wconf 82' lang='lat' dir='ltr'><strong>Patrem,</strong></span> <span class='ocrx_word' id='word_1_574' title='bbox 1570 4257 1625 4303; x_wconf 91' lang='lat' dir='ltr'><strong>et</strong></span> <span class='ocrx_word' id='word_1_575' title='bbox 1672 4259 1901 4305; x_wconf 85' lang='lat' dir='ltr'><strong>matrem</strong></span> <span class='ocrx_word' id='word_1_576' title='bbox 1950 4266 2101 4306; x_wconf 85' lang='lat' dir='ltr'><strong>suam</strong></span> 
     </span>
    </p>
   </div>
   <div class='ocr_carea' id='block_1_73' title="bbox 502 4326 2101 4409">
    <p class='ocr_par' dir='ltr' id='par_1_73' title="bbox 502 4326 2101 4409">
     <span class='ocr_line' id='line_1_73' title="bbox 502 4326 2101 4409; baseline 0.008 -23"><span class='ocrx_word' id='word_1_577' title='bbox 502 4331 783 4388; x_wconf 77' lang='lat' dir='ltr'><strong>cretestem</strong></span> <span class='ocrx_word' id='word_1_578' title='bbox 811 4326 1138 4400; x_wconf 78' lang='lat' dir='ltr'><strong>Jerusalem,</strong></span> <span class='ocrx_word' id='word_1_579' title='bbox 1158 4337 1336 4392; x_wconf 88' lang='lat' dir='ltr'><strong>adhuc</strong></span> <span class='ocrx_word' id='word_1_580' title='bbox 1362 4336 1416 4393; x_wconf 92' lang='lat' dir='ltr'><strong>in</strong></span> <span class='ocrx_word' id='word_1_581' title='bbox 1446 4334 1663 4396; x_wconf 85' lang='lat' dir='ltr'><strong>infantia</strong></span> <span class='ocrx_word' id='word_1_582' title='bbox 1688 4349 1743 4397; x_wconf 86' lang='lat' dir='ltr'><strong>et</strong></span> <span class='ocrx_word' id='word_1_583' title='bbox 1773 4343 1825 4396; x_wconf 92' lang='lat' dir='ltr'><strong>in</strong></span> <span class='ocrx_word' id='word_1_584' title='bbox 1856 4341 2101 4409; x_wconf 86' lang='lat' dir='ltr'><strong>profectu</strong></span> 
     </span>
    </p>
   </div>
   <div class='ocr_carea' id='block_1_74' title="bbox 502 4423 2096 4499">
    <p class='ocr_par' dir='ltr' id='par_1_74' title="bbox 502 4423 2096 4499">
     <span class='ocr_line' id='line_1_74' title="bbox 502 4423 2096 4499; baseline 0.009 -23"><span class='ocrx_word' id='word_1_585' title='bbox 502 4423 734 4494; x_wconf 82' lang='lat' dir='ltr'><strong>positus,</strong></span> <span class='ocrx_word' id='word_1_586' title='bbox 769 4424 945 4481; x_wconf 80' lang='lat' dir='ltr'><strong>vincet</strong></span> <span class='ocrx_word' id='word_1_587' title='bbox 977 4425 1352 4486; x_wconf 91' lang='lat' dir='ltr'><strong>fortitudinem</strong></span> <span class='ocrx_word' id='word_1_588' title='bbox 1388 4426 1655 4499; x_wconf 81' lang='lat' dir='ltr'><strong>Damasci,</strong></span> <span class='ocrx_word' id='word_1_589' title='bbox 1684 4433 1986 4490; x_wconf 90' lang='lat' dir='ltr'><strong>doctrinam</strong></span> <span class='ocrx_word' id='word_1_590' title='bbox 2019 4434 2096 4491; x_wconf 86' lang='lat' dir='ltr'><strong>vi-</strong></span> 
     </span>
    </p>
   </div>
   <div class='ocr_carea' id='block_1_75' title="bbox 502 4510 2100 4598">
    <p class='ocr_par' dir='ltr' id='par_1_75' title="bbox 502 4510 2100 4598">
     <span class='ocr_line' id='line_1_75' title="bbox 502 4510 2100 4598; baseline 0.008 -26"><span class='ocrx_word' id='word_1_591' title='bbox 502 4510 701 4575; x_wconf 88' lang='lat' dir='ltr'><strong>delicet</strong></span> <span class='ocrx_word' id='word_1_592' title='bbox 730 4516 1013 4590; x_wconf 60' lang='lat' dir='ltr'><strong>sapientiae</strong></span> <span class='ocrx_word' id='word_1_593' title='bbox 1043 4524 1320 4579; x_wconf 69' lang='lat' dir='ltr'><strong>smcularis</strong></span> <span class='ocrx_word' id='word_1_594' title='bbox 1349 4541 1364 4579; x_wconf 88' lang='lat'><strong>:</strong></span> <span class='ocrx_word' id='word_1_595' title='bbox 1396 4535 1450 4581; x_wconf 89' lang='lat' dir='ltr'><strong>et</strong></span> <span class='ocrx_word' id='word_1_596' title='bbox 1480 4526 1686 4583; x_wconf 87' lang='lat' dir='ltr'><strong>auferet</strong></span> <span class='ocrx_word' id='word_1_597' title='bbox 1713 4526 1882 4598; x_wconf 89' lang='lat' dir='ltr'><strong>spolia</strong></span> <span class='ocrx_word' id='word_1_598' title='bbox 1907 4530 2100 4585; x_wconf 91' lang='lat' dir='ltr'><strong>Sama-</strong></span> 
     </span>
    </p>
   </div>
   <div class='ocr_carea' id='block_1_76' title="bbox 499 4606 2100 4690">
    <p class='ocr_par' dir='ltr' id='par_1_76' title="bbox 499 4606 2100 4690">
     <span class='ocr_line' id='line_1_76' title="bbox 499 4606 2100 4690; baseline 0.007 -25"><span class='ocrx_word' id='word_1_599' title='bbox 499 4609 621 4677; x_wconf 66' lang='lat' dir='ltr'><strong>riaa,</strong></span> <span class='ocrx_word' id='word_1_600' title='bbox 654 4606 851 4683; x_wconf 84' lang='lat' dir='ltr'><strong>quibtts</strong></span> <span class='ocrx_word' id='word_1_601' title='bbox 877 4608 1173 4670; x_wconf 87' lang='lat' dir='ltr'><strong>Ecciesiam</strong></span> <span class='ocrx_word' id='word_1_602' title='bbox 1205 4616 1444 4674; x_wconf 71' lang='lat' dir='ltr'><strong>itmretici</strong></span> <span class='ocrx_word' id='word_1_603' title='bbox 1487 4618 1876 4690; x_wconf 74' lang='lat' dir='ltr'><strong>spoliaverunt;</strong></span> <span class='ocrx_word' id='word_1_604' title='bbox 1910 4618 2100 4678; x_wconf 84' lang='lat' dir='ltr'><strong>dicen-</strong></span> 
     </span>
    </p>
   </div>
   <div class='ocr_carea' id='block_1_77' title="bbox 2211 3402 3813 3481">
    <p class='ocr_par' dir='ltr' id='par_1_77' title="bbox 2211 3402 3813 3481">
     <span class='ocr_line' id='line_1_77' title="bbox 2211 3402 3813 3481; baseline -0.006 -11"><span class='ocrx_word' id='word_1_605' title='bbox 2211 3412 2425 3470; x_wconf 86' lang='lat' dir='ltr'><strong>radices</strong></span> <span class='ocrx_word' id='word_1_606' title='bbox 2466 3412 2671 3468; x_wconf 87' lang='lat' dir='ltr'><strong>montis</strong></span> <span class='ocrx_word' id='word_1_607' title='bbox 2700 3408 2854 3475; x_wconf 91' lang='lat' dir='ltr'><strong>Sion,</strong></span> <span class='ocrx_word' id='word_1_608' title='bbox 2894 3408 2988 3481; x_wconf 90' lang='lat' dir='ltr'><strong>qui</strong></span> <span class='ocrx_word' id='word_1_609' title='bbox 3021 3420 3129 3464; x_wconf 91' lang='lat' dir='ltr'><strong>non</strong></span> <span class='ocrx_word' id='word_1_610' title='bbox 3163 3402 3386 3478; x_wconf 78' lang='lat' dir='ltr'><strong>iugibus</strong></span> <span class='ocrx_word' id='word_1_611' title='bbox 3417 3405 3596 3476; x_wconf 81' lang='lat' dir='ltr'><strong>aquis,</strong></span> <span class='ocrx_word' id='word_1_612' title='bbox 3630 3403 3730 3461; x_wconf 86' lang='lat' dir='ltr'><strong>sed</strong></span> <span class='ocrx_word' id='word_1_613' title='bbox 3760 3404 3813 3461; x_wconf 90' lang='lat' dir='ltr'><strong>iu</strong></span> 
     </span>
    </p>
   </div>
   <div class='ocr_carea' id='block_1_78' title="bbox 2209 3487 3816 3574">
    <p class='ocr_par' dir='ltr' id='par_1_78' title="bbox 2209 3487 3816 3574">
     <span class='ocr_line' id='line_1_78' title="bbox 2209 3487 3816 3574; baseline -0.008 -8"><span class='ocrx_word' id='word_1_614' title='bbox 2209 3509 2375 3567; x_wconf 90' lang='lat' dir='ltr'><strong>certis</strong></span> <span class='ocrx_word' id='word_1_615' title='bbox 2406 3508 2554 3564; x_wconf 89' lang='lat' dir='ltr'><strong>horis</strong></span> <span class='ocrx_word' id='word_1_616' title='bbox 2572 3505 2869 3574; x_wconf 83' lang='lat' dir='ltr'><strong>diebusque</strong></span> <span class='ocrx_word' id='word_1_617' title='bbox 2900 3502 3147 3569; x_wconf 87' lang='lat' dir='ltr'><strong>ebulliat,</strong></span> <span class='ocrx_word' id='word_1_618' title='bbox 3180 3508 3236 3557; x_wconf 91' lang='lat' dir='ltr'><strong>et</strong></span> <span class='ocrx_word' id='word_1_619' title='bbox 3265 3487 3661 3572; x_wconf 50' lang='lat' dir='ltr'><strong>per&#39;terrarum</strong></span> <span class='ocrx_word' id='word_1_620' title='bbox 3684 3512 3816 3554; x_wconf 79' lang='lat' dir='ltr'><strong>cun-</strong></span> 
     </span>
    </p>
   </div>
   <div class='ocr_carea' id='block_1_79' title="bbox 2208 3592 3814 3664">
    <p class='ocr_par' dir='ltr' id='par_1_79' title="bbox 2208 3592 3814 3664">
     <span class='ocr_line' id='line_1_79' title="bbox 2208 3592 3814 3664; baseline -0.007 -5"><span class='ocrx_word' id='word_1_621' title='bbox 2208 3616 2343 3660; x_wconf 87' lang='lat' dir='ltr'><strong>cava</strong></span> <span class='ocrx_word' id='word_1_622' title='bbox 2378 3612 2435 3658; x_wconf 91' lang='lat' dir='ltr'><strong>et</strong></span> <span class='ocrx_word' id='word_1_623' title='bbox 2464 3608 2615 3656; x_wconf 88' lang='lat' dir='ltr'><strong>antra</strong></span> <span class='ocrx_word' id='word_1_624' title='bbox 2646 3599 2761 3655; x_wconf 74' lang='lat' dir='ltr'><strong>saxi</strong></span> <span class='ocrx_word' id='word_1_625' title='bbox 2810 3592 3085 3653; x_wconf 88' lang='lat' dir='ltr'><strong>durissimi</strong></span> <span class='ocrx_word' id='word_1_626' title='bbox 3115 3608 3237 3650; x_wconf 90' lang='lat' dir='ltr'><strong>cum</strong></span> <span class='ocrx_word' id='word_1_627' title='bbox 3271 3606 3469 3664; x_wconf 75' lang='lat' dir='ltr'><strong>magno</strong></span> <span class='ocrx_word' id='word_1_628' title='bbox 3498 3593 3682 3648; x_wconf 90' lang='lat' dir='ltr'><strong>sonitu</strong></span> <span class='ocrx_word' id='word_1_629' title='bbox 3718 3604 3814 3647; x_wconf 78' lang='lat' dir='ltr'><strong>ve-</strong></span> 
     </span>
    </p>
   </div>
   <div class='ocr_carea' id='block_1_80' title="bbox 2210 3683 3810 3766">
    <p class='ocr_par' dir='ltr' id='par_1_80' title="bbox 2210 3683 3810 3766">
     <span class='ocr_line' id='line_1_80' title="bbox 2210 3683 3810 3766; baseline -0.008 -13"><span class='ocrx_word' id='word_1_630' title='bbox 2210 3698 2347 3766; x_wconf 90' lang='lat' dir='ltr'><strong>niat,</strong></span> <span class='ocrx_word' id='word_1_631' title='bbox 2381 3694 2633 3751; x_wconf 80' lang='lat' dir='ltr'><strong>dubitare</strong></span> <span class='ocrx_word' id='word_1_632' title='bbox 2661 3706 2766 3748; x_wconf 93' lang='lat' dir='ltr'><strong>non</strong></span> <span class='ocrx_word' id='word_1_633' title='bbox 2806 3700 3122 3762; x_wconf 81' lang='lat' dir='ltr'><strong>possumus,</strong></span> <span class='ocrx_word' id='word_1_634' title='bbox 3160 3700 3257 3743; x_wconf 90' lang='lat' dir='ltr'><strong>nos</strong></span> <span class='ocrx_word' id='word_1_635' title='bbox 3294 3683 3598 3757; x_wconf 61' lang='lat' dir='ltr'><strong>praesertim</strong></span> <span class='ocrx_word' id='word_1_636' title='bbox 3629 3686 3724 3756; x_wconf 87' lang='lat' dir='ltr'><strong>qui</strong></span> <span class='ocrx_word' id='word_1_637' title='bbox 3756 3684 3810 3741; x_wconf 88' lang='lat' dir='ltr'><strong>in</strong></span> 
     </span>
    </p>
   </div>
   <div class='ocr_carea' id='block_1_81' title="bbox 2211 3778 3809 3857">
    <p class='ocr_par' dir='ltr' id='par_1_81' title="bbox 2211 3778 3809 3857">
     <span class='ocr_line' id='line_1_81' title="bbox 2211 3778 3809 3857; baseline -0.009 -10"><span class='ocrx_word' id='word_1_638' title='bbox 2211 3790 2314 3847; x_wconf 90' lang='lat' dir='ltr'><strong>hac</strong></span> <span class='ocrx_word' id='word_1_639' title='bbox 2361 3788 2672 3844; x_wconf 81' lang='lat' dir='ltr'><strong>habitamus</strong></span> <span class='ocrx_word' id='word_1_640' title='bbox 2711 3782 3012 3857; x_wconf 86' lang='lat' dir='ltr'><strong>provincia.</strong></span> <span class='ocrx_word' id='word_1_641' title='bbox 3063 3778 3157 3838; x_wconf 68' lang='lat' dir='ltr'><strong>Est</strong></span> <span class='ocrx_word' id='word_1_642' title='bbox 3200 3789 3380 3837; x_wconf 88' lang='lat' dir='ltr'><strong>autem</strong></span> <span class='ocrx_word' id='word_1_643' title='bbox 3425 3790 3645 3848; x_wconf 84' lang='lat' dir='ltr'><strong>sensus,</strong></span> <span class='ocrx_word' id='word_1_644' title='bbox 3685 3780 3809 3850; x_wconf 82' lang='lat' dir='ltr'><strong>quis</strong></span> 
     </span>
    </p>
   </div>
   <div class='ocr_carea' id='block_1_82' title="bbox 2210 3870 3810 3956">
    <p class='ocr_par' dir='ltr' id='par_1_82' title="bbox 2210 3870 3810 3956">
     <span class='ocr_line' id='line_1_82' title="bbox 2210 3870 3810 3956; baseline -0.006 -17"><span class='ocrx_word' id='word_1_645' title='bbox 2210 3883 2441 3956; x_wconf 89' lang='lat' dir='ltr'><strong>populus</strong></span> <span class='ocrx_word' id='word_1_646' title='bbox 2480 3882 2668 3938; x_wconf 87' lang='lat' dir='ltr'><strong>decem</strong></span> <span class='ocrx_word' id='word_1_647' title='bbox 2716 3877 2956 3935; x_wconf 90' lang='lat' dir='ltr'><strong>tribuum</strong></span> <span class='ocrx_word' id='word_1_648' title='bbox 2991 3875 3164 3948; x_wconf 74' lang='lat' dir='ltr'><strong>magis</strong></span> <span class='ocrx_word' id='word_1_649' title='bbox 3201 3875 3372 3929; x_wconf 87' lang='lat' dir='ltr'><strong>voluit</strong></span> <span class='ocrx_word' id='word_1_650' title='bbox 3415 3871 3579 3929; x_wconf 76' lang='lat' dir='ltr'><strong>Itasiu</strong></span> <span class='ocrx_word' id='word_1_651' title='bbox 3618 3878 3674 3927; x_wconf 82' lang='lat' dir='ltr'><strong>et</strong></span> <span class='ocrx_word' id='word_1_652' title='bbox 3702 3870 3810 3929; x_wconf 81' lang='lat' dir='ltr'><strong>lilio</strong></span> 
     </span>
    </p>
   </div>
   <div class='ocr_carea' id='block_1_83' title="bbox 2209 3965 3810 4042">
    <p class='ocr_par' dir='ltr' id='par_1_83' title="bbox 2209 3965 3810 4042">
     <span class='ocr_line' id='line_1_83' title="bbox 2209 3965 3810 4042; baseline -0.006 -11"><span class='ocrx_word' id='word_1_653' title='bbox 2209 3972 2494 4042; x_wconf 67' lang='lat' dir='ltr'><strong>Rome-lite,</strong></span> <span class='ocrx_word' id='word_1_654' title='bbox 2530 3971 2581 4028; x_wconf 91' lang='lat' dir='ltr'><strong>id</strong></span> <span class='ocrx_word' id='word_1_655' title='bbox 2615 3978 2716 4039; x_wconf 91' lang='lat' dir='ltr'><strong>est,</strong></span> <span class='ocrx_word' id='word_1_656' title='bbox 2752 3968 3001 4026; x_wconf 86' lang='lat' dir='ltr'><strong>Damasci</strong></span> <span class='ocrx_word' id='word_1_657' title='bbox 3034 3976 3089 4025; x_wconf 90' lang='lat' dir='ltr'><strong>et</strong></span> <span class='ocrx_word' id='word_1_658' title='bbox 3129 3967 3389 4025; x_wconf 77' lang='lat' dir='ltr'><strong>Samaria:</strong></span> <span class='ocrx_word' id='word_1_659' title='bbox 3434 3965 3658 4037; x_wconf 72' lang='lat' dir='ltr'><strong>regibus</strong></span> <span class='ocrx_word' id='word_1_660' title='bbox 3689 3979 3810 4022; x_wconf 74' lang='lat' dir='ltr'><strong>esse</strong></span> 
     </span>
    </p>
   </div>
   <div class='ocr_carea' id='block_1_84' title="bbox 2206 4058 3809 4138">
    <p class='ocr_par' dir='ltr' id='par_1_84' title="bbox 2206 4058 3809 4138">
     <span class='ocr_line' id='line_1_84' title="bbox 2206 4058 3809 4138; baseline -0.004 -14"><span class='ocrx_word' id='word_1_661' title='bbox 2206 4068 2506 4138; x_wconf 88' lang='lat' dir='ltr'><strong>subjectus,</strong></span> <span class='ocrx_word' id='word_1_662' title='bbox 2530 4078 2695 4137; x_wconf 86' lang='lat' dir='ltr'><strong>quam</strong></span> <span class='ocrx_word' id='word_1_663' title='bbox 2713 4064 2867 4134; x_wconf 88' lang='lat' dir='ltr'><strong>stirpi</strong></span> <span class='ocrx_word' id='word_1_664' title='bbox 2900 4062 3090 4131; x_wconf 84' lang='lat' dir='ltr'><strong>David,</strong></span> <span class='ocrx_word' id='word_1_665' title='bbox 3114 4066 3237 4133; x_wconf 70' lang='lat' dir='ltr'><strong>qua!</strong></span> <span class='ocrx_word' id='word_1_666' title='bbox 3249 4072 3375 4117; x_wconf 87' lang='lat' dir='ltr'><strong>meo</strong></span> <span class='ocrx_word' id='word_1_667' title='bbox 3394 4058 3563 4129; x_wconf 70' lang='lat' dir='ltr'><strong>erepit</strong></span> <span class='ocrx_word' id='word_1_668' title='bbox 3583 4068 3809 4131; x_wconf 75' lang='lat' dir='ltr'><strong>regnare</strong></span> 
     </span>
    </p>
   </div>
   <div class='ocr_carea' id='block_1_85' title="bbox 2202 4154 3807 4234">
    <p class='ocr_par' dir='ltr' id='par_1_85' title="bbox 2202 4154 3807 4234">
     <span class='ocr_line' id='line_1_85' title="bbox 2202 4154 3807 4234; baseline -0.005 -16"><span class='ocrx_word' id='word_1_669' title='bbox 2202 4160 2427 4234; x_wconf 90' lang='lat' dir='ltr'><strong>judicio,</strong></span> <span class='ocrx_word' id='word_1_670' title='bbox 2475 4158 2669 4216; x_wconf 90' lang='lat' dir='ltr'><strong>faciam</strong></span> <span class='ocrx_word' id='word_1_671' title='bbox 2708 4174 2833 4215; x_wconf 92' lang='lat' dir='ltr'><strong>eum</strong></span> <span class='ocrx_word' id='word_1_672' title='bbox 2881 4170 3225 4229; x_wconf 88' lang='lat' dir='ltr'><strong>nequaquam</strong></span> <span class='ocrx_word' id='word_1_673' title='bbox 3268 4154 3354 4212; x_wconf 86' lang='lat' dir='ltr'><strong>his</strong></span> <span class='ocrx_word' id='word_1_674' title='bbox 3393 4154 3633 4226; x_wconf 81' lang='lat' dir='ltr'><strong>regibus,</strong></span> <span class='ocrx_word' id='word_1_675' title='bbox 3672 4166 3807 4228; x_wconf 76' lang='lat' dir='ltr'><strong>quos</strong></span> 
     </span>
    </p>
   </div>
   <div class='ocr_carea' id='block_1_86' title="bbox 2207 4249 3803 4326">
    <p class='ocr_par' dir='ltr' id='par_1_86' title="bbox 2207 4249 3803 4326">
     <span class='ocr_line' id='line_1_86' title="bbox 2207 4249 3803 4326; baseline -0.004 -16"><span class='ocrx_word' id='word_1_676' title='bbox 2207 4253 2523 4326; x_wconf 84' lang='lat' dir='ltr'><strong>assumpsit,</strong></span> <span class='ocrx_word' id='word_1_677' title='bbox 2560 4254 2656 4310; x_wconf 91' lang='lat' dir='ltr'><strong>sed</strong></span> <span class='ocrx_word' id='word_1_678' title='bbox 2681 4253 2832 4323; x_wconf 73' lang='lat' dir='ltr'><strong>regio</strong></span> <span class='ocrx_word' id='word_1_679' title='bbox 2859 4251 3069 4307; x_wconf 82' lang='lat' dir='ltr'><strong>servire</strong></span> <span class='ocrx_word' id='word_1_680' title='bbox 3092 4250 3335 4322; x_wconf 55' lang='lat' dir='ltr'><strong>Assyrio,</strong></span> <span class='ocrx_word' id='word_1_681' title='bbox 3370 4250 3528 4318; x_wconf 88' lang='lat' dir='ltr'><strong>cujus</strong></span> <span class='ocrx_word' id='word_1_682' title='bbox 3564 4249 3803 4319; x_wconf 77' lang='lat' dir='ltr'><strong>potentia</strong></span> 
     </span>
    </p>
   </div>
   <div class='ocr_carea' id='block_1_87' title="bbox 2207 4341 3806 4417">
    <p class='ocr_par' dir='ltr' id='par_1_87' title="bbox 2207 4341 3806 4417">
     <span class='ocr_line' id='line_1_87' title="bbox 2207 4341 3806 4417; baseline -0.004 -14"><span class='ocrx_word' id='word_1_683' title='bbox 2207 4347 2528 4417; x_wconf 84' lang='lat' dir='ltr'><strong>occupantis</strong></span> <span class='ocrx_word' id='word_1_684' title='bbox 2580 4354 2782 4401; x_wconf 89' lang='lat' dir='ltr'><strong>terram</strong></span> <span class='ocrx_word' id='word_1_685' title='bbox 2832 4342 3129 4409; x_wconf 70' lang='lat' dir='ltr'><strong>Samarize,</strong></span> <span class='ocrx_word' id='word_1_686' title='bbox 3174 4341 3515 4398; x_wconf 87' lang='lat' dir='ltr'><strong>inundatloni</strong></span> <span class='ocrx_word' id='word_1_687' title='bbox 3565 4341 3806 4397; x_wconf 80' lang='lat' dir='ltr'><strong>numinis</strong></span> 
     </span>
    </p>
   </div>
   <div class='ocr_carea' id='block_1_88' title="bbox 2207 4434 3803 4510">
    <p class='ocr_par' dir='ltr' id='par_1_88' title="bbox 2207 4434 3803 4510">
     <span class='ocr_line' id='line_1_88' title="bbox 2207 4434 3803 4510; baseline -0.003 -16"><span class='ocrx_word' id='word_1_688' title='bbox 2207 4447 2574 4510; x_wconf 85' lang='lat' dir='ltr'><strong>comparatur.</strong></span> <span class='ocrx_word' id='word_1_689' title='bbox 2628 4436 2692 4493; x_wconf 85' lang='lat' dir='ltr'><strong>Et</strong></span> <span class='ocrx_word' id='word_1_690' title='bbox 2726 4436 2784 4492; x_wconf 89' lang='lat' dir='ltr'><strong>iit</strong></span> <span class='ocrx_word' id='word_1_691' title='bbox 2822 4436 3159 4508; x_wconf 84' lang='lat' dir='ltr'><strong>apostropha</strong></span> <span class='ocrx_word' id='word_1_692' title='bbox 3200 4434 3269 4490; x_wconf 84' lang='lat' dir='ltr'><strong>ad</strong></span> <span class='ocrx_word' id='word_1_693' title='bbox 3310 4434 3657 4501; x_wconf 80' lang='lat' dir='ltr'><strong>Emmanuel,</strong></span> <span class='ocrx_word' id='word_1_694' title='bbox 3701 4434 3803 4491; x_wconf 89' lang='lat' dir='ltr'><strong>hoe</strong></span> 
     </span>
    </p>
   </div>
   <div class='ocr_carea' id='block_1_89' title="bbox 2207 4526 3802 4603">
    <p class='ocr_par' dir='ltr' id='par_1_89' title="bbox 2207 4526 3802 4603">
     <span class='ocr_line' id='line_1_89' title="bbox 2207 4526 3802 4603; baseline -0.001 -15"><span class='ocrx_word' id='word_1_695' title='bbox 2207 4541 2313 4601; x_wconf 87' lang='lat' dir='ltr'><strong>est,</strong></span> <span class='ocrx_word' id='word_1_696' title='bbox 2339 4531 2402 4588; x_wconf 91' lang='lat' dir='ltr'><strong>ad</strong></span> <span class='ocrx_word' id='word_1_697' title='bbox 2432 4538 2758 4603; x_wconf 70' lang='lat' dir='ltr'><strong>prwsentetn</strong></span> <span class='ocrx_word' id='word_1_698' title='bbox 2783 4529 2979 4600; x_wconf 81' lang='lat' dir='ltr'><strong>Deum,</strong></span> <span class='ocrx_word' id='word_1_699' title='bbox 3004 4526 3145 4602; x_wconf 89' lang='lat' dir='ltr'><strong>quod</strong></span> <span class='ocrx_word' id='word_1_700' title='bbox 3173 4529 3224 4585; x_wconf 92' lang='lat' dir='ltr'><strong>in</strong></span> <span class='ocrx_word' id='word_1_701' title='bbox 3250 4535 3454 4584; x_wconf 87' lang='lat' dir='ltr'><strong>tantum</strong></span> <span class='ocrx_word' id='word_1_702' title='bbox 3478 4543 3542 4586; x_wconf 88' lang='lat' dir='ltr'><strong>se</strong></span> <span class='ocrx_word' id='word_1_703' title='bbox 3561 4531 3802 4586; x_wconf 74' lang='lat' dir='ltr'><strong>erexerit</strong></span> 
     </span>
    </p>
   </div>
   <div class='ocr_carea' id='block_1_90' title="bbox 2206 4618 3805 4698">
    <p class='ocr_par' dir='ltr' id='par_1_90' title="bbox 2206 4618 3805 4698">
     <span class='ocr_line' id='line_1_90' title="bbox 2206 4618 3805 4698; baseline -0.003 -17"><span class='ocrx_word' id='word_1_704' title='bbox 2206 4625 2483 4698; x_wconf 84' lang='lat' dir='ltr'><strong>Assyrius,</strong></span> <span class='ocrx_word' id='word_1_705' title='bbox 2519 4635 2578 4680; x_wconf 93' lang='lat' dir='ltr'><strong>ut</strong></span> <span class='ocrx_word' id='word_1_706' title='bbox 2604 4625 2767 4680; x_wconf 87' lang='lat' dir='ltr'><strong>etiam</strong></span> <span class='ocrx_word' id='word_1_707' title='bbox 2799 4634 2998 4679; x_wconf 83' lang='lat' dir='ltr'><strong>terram</strong></span> <span class='ocrx_word' id='word_1_708' title='bbox 3044 4621 3215 4694; x_wconf 87' lang='lat' dir='ltr'><strong>ipsius</strong></span> <span class='ocrx_word' id='word_1_709' title='bbox 3242 4622 3436 4678; x_wconf 89' lang='lat' dir='ltr'><strong>Judam</strong></span> <span class='ocrx_word' id='word_1_710' title='bbox 3467 4631 3695 4679; x_wconf 85' lang='lat' dir='ltr'><strong>conatus</strong></span> <span class='ocrx_word' id='word_1_711' title='bbox 3729 4618 3805 4677; x_wconf 84' lang='lat' dir='ltr'><strong>sit</strong></span> 
     </span>
    </p>
   </div>
   <div class='ocr_carea' id='block_1_91' title="bbox 498 4704 3802 4796">
    <p class='ocr_par' dir='ltr' id='par_1_91' title="bbox 498 4704 3802 4796">
     <span class='ocr_line' id='line_1_91' title="bbox 498 4704 3802 4796; baseline 0.003 -35"><span class='ocrx_word' id='word_1_712' title='bbox 498 4713 586 4761; x_wconf 88' lang='lat' dir='ltr'><strong>tes</strong></span> <span class='ocrx_word' id='word_1_713' title='bbox 619 4718 632 4758; x_wconf 88' lang='lat'><strong>:</strong></span> <span class='ocrx_word' id='word_1_714' title='bbox 670 4704 793 4761; x_wconf 84' lang='lat' dir='ltr'><strong>Non</strong></span> <span class='ocrx_word' id='word_1_715' title='bbox 826 4706 1072 4796; x_wconf 81' lang='lat' dir='ltr'><strong>estnobis</strong></span> <span class='ocrx_word' id='word_1_716' title='bbox 1102 4711 1271 4781; x_wconf 87' lang='lat' dir='ltr'><strong>portio</strong></span> <span class='ocrx_word' id='word_1_717' title='bbox 1302 4712 1355 4767; x_wconf 84' lang='lat' dir='ltr'><strong>in</strong></span> <span class='ocrx_word' id='word_1_718' title='bbox 1399 4711 1596 4780; x_wconf 84' lang='lat' dir='ltr'><strong>David,</strong></span> <span class='ocrx_word' id='word_1_719' title='bbox 1629 4730 1795 4787; x_wconf 84' lang='lat' dir='ltr'><strong>neque</strong></span> <span class='ocrx_word' id='word_1_720' title='bbox 1822 4713 2099 4773; x_wconf 67' lang='lat' dir='ltr'><strong>Imreditas</strong></span> <span class='ocrx_word' id='word_1_721' title='bbox 2125 4726 2175 4790; x_wconf 79' lang='grc' dir='ltr'>ι)</span> <span class='ocrx_word' id='word_1_722' title='bbox 2202 4720 2507 4796; x_wconf 86' lang='lat' dir='ltr'><strong>possidere.</strong></span> <span class='ocrx_word' id='word_1_723' title='bbox 2552 4719 2713 4776; x_wconf 72' lang='lat' dir='ltr'><strong>Juxta</strong></span> <span class='ocrx_word' id='word_1_724' title='bbox 2771 4732 3084 4791; x_wconf 75' lang='lat' dir='ltr'><strong>anagogen,</strong></span> <span class='ocrx_word' id='word_1_725' title='bbox 3145 4715 3326 4772; x_wconf 84' lang='lat' dir='ltr'><strong>omnis</strong></span> <span class='ocrx_word' id='word_1_726' title='bbox 3372 4715 3663 4772; x_wconf 62' lang='lat' dir='ltr'><strong>hereticus</strong></span> <span class='ocrx_word' id='word_1_727' title='bbox 3707 4714 3802 4785; x_wconf 88' lang='lat' dir='ltr'><strong>qui</strong></span> 
     </span>
    </p>
   </div>
   <div class='ocr_carea' id='block_1_92' title="bbox 500 4794 2097 4882">
    <p class='ocr_par' dir='ltr' id='par_1_92' title="bbox 500 4794 2097 4882">
     <span class='ocr_line' id='line_1_92' title="bbox 500 4794 2097 4882; baseline 0.011 -31"><span class='ocrx_word' id='word_1_728' title='bbox 500 4798 555 4851; x_wconf 87' lang='lat' dir='ltr'><strong>tn</strong></span> <span class='ocrx_word' id='word_1_729' title='bbox 581 4795 690 4867; x_wconf 84' lang='lat' dir='ltr'><strong>ﬁlio</strong></span> <span class='ocrx_word' id='word_1_730' title='bbox 710 4797 857 4856; x_wconf 87' lang='lat' dir='ltr'><strong>Jesse</strong></span> <span class='ocrx_word' id='word_1_731' title='bbox 878 4794 968 4875; x_wconf 88' lang='lat' dir='ltr'><strong>(Ill</strong></span> <span class='ocrx_word' id='word_1_732' title='bbox 986 4796 1110 4875; x_wconf 80' lang='lat' dir='ltr'><strong>Reg.</strong></span> <span class='ocrx_word' id='word_1_733' title='bbox 1140 4818 1233 4870; x_wconf 75' lang='grc' dir='ltr'>χιι,</span> <span class='ocrx_word' id='word_1_734' title='bbox 1257 4800 1367 4877; x_wconf 75' lang='grc'><strong>16),</strong></span> <span class='ocrx_word' id='word_1_735' title='bbox 1397 4814 1667 4877; x_wconf 83' lang='lat' dir='ltr'><strong>praesente</strong></span> <span class='ocrx_word' id='word_1_736' title='bbox 1693 4826 1819 4882; x_wconf 80' lang='lat' dir='ltr'><strong>rege</strong></span> <span class='ocrx_word' id='word_1_737' title='bbox 1849 4810 1968 4882; x_wconf 91' lang='lat' dir='ltr'><strong>ipso</strong></span> <span class='ocrx_word' id='word_1_738' title='bbox 1994 4813 2097 4869; x_wconf 84' lang='lat' dir='ltr'><strong>As-</strong></span> 
     </span>
    </p>
   </div>
   <div class='ocr_carea' id='block_1_93' title="bbox 497 4888 2099 4970">
    <p class='ocr_par' dir='ltr' id='par_1_93' title="bbox 497 4888 2099 4970">
     <span class='ocr_line' id='line_1_93' title="bbox 497 4888 2099 4970; baseline 0.011 -26"><span class='ocrx_word' id='word_1_739' title='bbox 497 4892 795 4962; x_wconf 84' lang='lat' dir='ltr'><strong>syriorum,</strong></span> <span class='ocrx_word' id='word_1_740' title='bbox 826 4888 1063 4959; x_wconf 85' lang='lat' dir='ltr'><strong>diabolo,</strong></span> <span class='ocrx_word' id='word_1_741' title='bbox 1086 4897 1176 4967; x_wconf 88' lang='lat' dir='ltr'><strong>qui</strong></span> <span class='ocrx_word' id='word_1_742' title='bbox 1208 4897 1287 4953; x_wconf 88' lang='lat' dir='ltr'><strong>eis</strong></span> <span class='ocrx_word' id='word_1_743' title='bbox 1320 4913 1426 4954; x_wconf 91' lang='lat' dir='ltr'><strong>non</strong></span> <span class='ocrx_word' id='word_1_744' title='bbox 1461 4900 1659 4970; x_wconf 87' lang='lat' dir='ltr'><strong>poterit</strong></span> <span class='ocrx_word' id='word_1_745' title='bbox 1689 4902 1961 4959; x_wconf 80' lang='lat' dir='ltr'><strong>auxiliari.</strong></span> <span class='ocrx_word' id='word_1_746' title='bbox 1990 4900 2099 4961; x_wconf 84' lang='lat' dir='ltr'><strong>Ta-</strong></span> 
     </span>
    </p>
   </div>
   <div class='ocr_carea' id='block_1_94' title="bbox 497 4978 2096 5069">
    <p class='ocr_par' dir='ltr' id='par_1_94' title="bbox 497 4978 2096 5069">
     <span class='ocr_line' id='line_1_94' title="bbox 497 4978 2096 5069; baseline 0.01 -30"><span class='ocrx_word' id='word_1_747' title='bbox 497 4982 581 5039; x_wconf 92' lang='lat' dir='ltr'><strong>les</strong></span> <span class='ocrx_word' id='word_1_748' title='bbox 613 4992 790 5039; x_wconf 88' lang='lat' dir='ltr'><strong>autem</strong></span> <span class='ocrx_word' id='word_1_749' title='bbox 824 4978 962 5042; x_wconf 85' lang='lat' dir='ltr'><strong>illius</strong></span> <span class='ocrx_word' id='word_1_750' title='bbox 996 5002 1101 5043; x_wconf 91' lang='lat' dir='ltr'><strong>non</strong></span> <span class='ocrx_word' id='word_1_751' title='bbox 1130 4989 1304 5045; x_wconf 88' lang='lat' dir='ltr'><strong>solum</strong></span> <span class='ocrx_word' id='word_1_752' title='bbox 1352 4988 1513 5047; x_wconf 83' lang='lat' dir='ltr'><strong>Maria</strong></span> <span class='ocrx_word' id='word_1_753' title='bbox 1560 4986 1846 5065; x_wconf 85' lang='lat' dir='ltr'><strong>Prophctis</strong></span> <span class='ocrx_word' id='word_1_754' title='bbox 1870 5039 1886 5065; x_wconf 93' lang='lat'><strong>,</strong></span> <span class='ocrx_word' id='word_1_755' title='bbox 1932 4996 2096 5069; x_wconf 76' lang='lat' dir='ltr'><strong>Virgo</strong></span> 
     </span>
    </p>
   </div>
   <div class='ocr_carea' id='block_1_95' title="bbox 495 5070 2092 5162">
    <p class='ocr_par' dir='ltr' id='par_1_95' title="bbox 495 5070 2092 5162">
     <span class='ocr_line' id='line_1_95' title="bbox 495 5070 2092 5162; baseline 0.013 -32"><span class='ocrx_word' id='word_1_756' title='bbox 495 5083 782 5149; x_wconf 84' lang='lat' dir='ltr'><strong>perpetua,</strong></span> <span class='ocrx_word' id='word_1_757' title='bbox 798 5070 891 5135; x_wconf 77' lang='lat' dir='ltr'><strong>Sed</strong></span> <span class='ocrx_word' id='word_1_758' title='bbox 908 5084 963 5137; x_wconf 91' lang='lat' dir='ltr'><strong>et</strong></span> <span class='ocrx_word' id='word_1_759' title='bbox 980 5088 1183 5139; x_wconf 70' lang='lat' dir='ltr'><strong>sancire</strong></span> <span class='ocrx_word' id='word_1_760' title='bbox 1202 5080 1458 5141; x_wconf 85' lang='lat' dir='ltr'><strong>mulieres</strong></span> <span class='ocrx_word' id='word_1_761' title='bbox 1472 5084 1794 5156; x_wconf 82' lang='lat' dir='ltr'><strong>patriarcliis</strong></span> <span class='ocrx_word' id='word_1_762' title='bbox 1809 5102 2092 5162; x_wconf 80' lang='lat' dir='ltr'><strong>generant.</strong></span> 
     </span>
    </p>
   </div>
   <div class='ocr_carea' id='block_1_96' title="bbox 494 5162 2095 5261">
    <p class='ocr_par' dir='ltr' id='par_1_96' title="bbox 494 5162 2095 5261">
     <span class='ocr_line' id='line_1_96' title="bbox 494 5162 2095 5261; baseline 0.011 -34"><span class='ocrx_word' id='word_1_763' title='bbox 494 5170 671 5261; x_wconf 65' lang='lat' dir='ltr'><strong>Sara,</strong></span> <span class='ocrx_word' id='word_1_764' title='bbox 690 5176 810 5243; x_wconf 71' lang='lat' dir='ltr'><strong>qlia:</strong></span> <span class='ocrx_word' id='word_1_765' title='bbox 841 5162 1234 5246; x_wconf 80' lang='lat' dir='ltr'><strong>interpretatur</strong></span> <span class='ocrx_word' id='word_1_766' title='bbox 1262 5172 1536 5253; x_wconf 75' lang='grc' dir='ltr'><strong>ἄρχουσα,</strong></span> <span class='ocrx_word' id='word_1_767' title='bbox 1578 5172 1630 5236; x_wconf 90' lang='lat' dir='ltr'><strong>id</strong></span> <span class='ocrx_word' id='word_1_768' title='bbox 1659 5186 1765 5249; x_wconf 89' lang='lat' dir='ltr'><strong>est,</strong></span> <span class='ocrx_word' id='word_1_769' title='bbox 1807 5184 2047 5261; x_wconf 87' lang='lat' dir='ltr'><strong>princeps</strong></span> <span class='ocrx_word' id='word_1_770' title='bbox 2073 5206 2095 5245; x_wconf 92' lang='lat'><strong><em>:</em></strong></span> 
     </span>
    </p>
   </div>
   <div class='ocr_carea' id='block_1_97' title="bbox 491 5254 2090 5343">
    <p class='ocr_par' dir='ltr' id='par_1_97' title="bbox 491 5254 2090 5343">
     <span class='ocr_line' id='line_1_97' title="bbox 491 5254 2090 5343; baseline 0.012 -25"><span class='ocrx_word' id='word_1_771' title='bbox 491 5264 549 5318; x_wconf 89' lang='lat' dir='ltr'><strong>ei.</strong></span> <span class='ocrx_word' id='word_1_772' title='bbox 577 5254 846 5333; x_wconf 69' lang='lat' dir='ltr'><strong>llebectm,</strong></span> <span class='ocrx_word' id='word_1_773' title='bbox 874 5272 995 5338; x_wconf 70' lang='lat' dir='ltr'><strong>qua!</strong></span> <span class='ocrx_word' id='word_1_774' title='bbox 1045 5262 1097 5323; x_wconf 91' lang='lat' dir='ltr'><strong>lu</strong></span> <span class='ocrx_word' id='word_1_775' title='bbox 1127 5270 1305 5341; x_wconf 72' lang='lat' dir='ltr'><strong>lingua</strong></span> <span class='ocrx_word' id='word_1_776' title='bbox 1349 5278 1533 5329; x_wconf 81' lang='lat' dir='ltr'><strong>noSlra</strong></span> <span class='ocrx_word' id='word_1_777' title='bbox 1583 5272 1881 5343; x_wconf 86' lang='lat' dir='ltr'><strong>patientiam</strong></span> <span class='ocrx_word' id='word_1_778' title='bbox 1914 5254 2090 5337; x_wconf 77' lang='lat' dir='ltr'><strong>sonat.</strong></span> 
     </span>
    </p>
   </div>
   <div class='ocr_carea' id='block_1_98' title="bbox 570 5348 2096 5441">
    <p class='ocr_par' dir='ltr' id='par_1_98' title="bbox 570 5348 2096 5441">
     <span class='ocr_line' id='line_1_98' title="bbox 570 5348 2096 5441; baseline 0.01 -29"><span class='ocrx_word' id='word_1_779' title='bbox 570 5352 750 5428; x_wconf 85' lang='lat' dir='ltr'><strong>(Vers.</strong></span> <span class='ocrx_word' id='word_1_780' title='bbox 780 5348 836 5426; x_wconf 74' lang='lat'><strong>3,</strong></span> <span class='ocrx_word' id='word_1_781' title='bbox 866 5362 1074 5434; x_wconf 76' lang='lat' dir='ltr'><strong>Seqq.).</strong></span> <span class='ocrx_word' id='word_1_782' title='bbox 1116 5352 1187 5416; x_wconf 82' lang='lat' dir='ltr'><strong>Et</strong></span> <span class='ocrx_word' id='word_1_783' title='bbox 1230 5358 1422 5436; x_wconf 87' lang='lat' dir='ltr'><strong>adjecit</strong></span> <span class='ocrx_word' id='word_1_784' title='bbox 1448 5354 1703 5422; x_wconf 88' lang='lat' dir='ltr'><strong>Dominus</strong></span> <span class='ocrx_word' id='word_1_785' title='bbox 1732 5362 1875 5441; x_wconf 87' lang='lat' dir='ltr'><strong>loqui</strong></span> <span class='ocrx_word' id='word_1_786' title='bbox 1904 5371 1971 5426; x_wconf 89' lang='lat' dir='ltr'><strong>ad</strong></span> <span class='ocrx_word' id='word_1_787' title='bbox 2014 5388 2096 5428; x_wconf 84' lang='lat' dir='ltr'><strong>me</strong></span> 
     </span>
    </p>
   </div>
   <div class='ocr_carea' id='block_1_99' title="bbox 489 5493 2090 5573">
    <p class='ocr_par' dir='ltr' id='par_1_99' title="bbox 489 5493 2090 5573">
     <span class='ocr_line' id='line_1_99' title="bbox 489 5493 2090 5573; baseline 0.006 -24"><span class='ocrx_word' id='word_1_788' title='bbox 489 5493 974 5573; x_wconf 45' lang='lat' dir='ltr'><strong>mss.ﬂliiprtian;e_o</strong></span> <span class='ocrx_word' id='word_1_789' title='bbox 1005 5503 1167 5565; x_wconf 80' lang='lat' dir='ltr'><strong>testo,</strong></span> <span class='ocrx_word' id='word_1_790' title='bbox 1198 5505 1254 5553; x_wconf 83' lang='lat' dir='ltr'><strong>et</strong></span> <span class='ocrx_word' id='word_1_791' title='bbox 1285 5511 1453 5567; x_wconf 84' lang='lat' dir='ltr'><strong>penes</strong></span> <span class='ocrx_word' id='word_1_792' title='bbox 1481 5497 1765 5556; x_wconf 76' lang='lat' dir='ltr'><strong>Erasmum</strong></span> <span class='ocrx_word' id='word_1_793' title='bbox 1784 5500 2090 5573; x_wconf 77' lang='lat' dir='ltr'><strong>Zacharias,</strong></span> 
     </span>
    </p>
   </div>
   <div class='ocr_carea' id='block_1_100' title="bbox 487 5556 1075 5635">
    <p class='ocr_par' dir='ltr' id='par_1_100' title="bbox 487 5556 1075 5635">
     <span class='ocr_line' id='line_1_100' title="bbox 487 5556 1075 5635; baseline 0.003 -16"><span class='ocrx_word' id='word_1_794' title='bbox 487 5580 590 5635; x_wconf 89' lang='lat' dir='ltr'><strong>pro</strong></span> <span class='ocrx_word' id='word_1_795' title='bbox 625 5556 754 5620; x_wconf 77' lang='lat' dir='ltr'><strong>Uria</strong></span> <span class='ocrx_word' id='word_1_796' title='bbox 779 5566 1075 5631; x_wconf 26' lang='lat' dir='ltr'><strong>scribitur”</strong></span> 
     </span>
    </p>
   </div>
   <div class='ocr_carea' id='block_1_101' title="bbox 566 5636 2089 5717">
    <p class='ocr_par' dir='ltr' id='par_1_101' title="bbox 566 5636 2089 5717">
     <span class='ocr_line' id='line_1_101' title="bbox 566 5636 2089 5717; baseline 0.011 -31"><span class='ocrx_word' id='word_1_797' title='bbox 566 5645 592 5717; x_wconf 62' lang='grc' dir='ltr'>ξι</span> <span class='ocrx_word' id='word_1_798' title='bbox 632 5636 1138 5717; x_wconf 57' lang='lat' dir='ltr'><strong>agamProphetin.</strong></span> <span class='ocrx_word' id='word_1_799' title='bbox 1188 5638 1448 5696; x_wconf 85' lang='lat' dir='ltr'><strong>Erasmus</strong></span> <span class='ocrx_word' id='word_1_800' title='bbox 1497 5642 1626 5717; x_wconf 56' lang='lat' dir='ltr'><strong>legit</strong></span> <span class='ocrx_word' id='word_1_801' title='bbox 1672 5642 1988 5717; x_wconf 66' lang='lat' dir='ltr'><strong>Prophgten,</strong></span> <span class='ocrx_word' id='word_1_802' title='bbox 2031 5658 2089 5704; x_wconf 83' lang='lat' dir='ltr'><strong>et</strong></span> 
     </span>
    </p>
   </div>
   <div class='ocr_carea' id='block_1_102' title="bbox 488 5702 1492 5779">
    <p class='ocr_par' dir='ltr' id='par_1_102' title="bbox 488 5702 1492 5779">
     <span class='ocr_line' id='line_1_102' title="bbox 488 5702 1492 5779; baseline 0.007 -18"><span class='ocrx_word' id='word_1_803' title='bbox 488 5705 629 5761; x_wconf 88' lang='lat' dir='ltr'><strong>infra</strong></span> <span class='ocrx_word' id='word_1_804' title='bbox 668 5702 973 5779; x_wconf 66' lang='lat' dir='ltr'><strong>Prophetas.</strong></span> <span class='ocrx_word' id='word_1_805' title='bbox 1007 5702 1283 5765; x_wconf 78' lang='lat' dir='ltr'><strong>Marianus</strong></span> <span class='ocrx_word' id='word_1_806' title='bbox 1313 5721 1492 5768; x_wconf 88' lang='lat' dir='ltr'><strong>autem</strong></span> 
     </span>
    </p>
   </div>
   <div class='ocr_carea' id='block_1_103' title="bbox 488 5777 2083 5861">
    <p class='ocr_par' dir='ltr' id='par_1_103' title="bbox 488 5777 2083 5861">
     <span class='ocr_line' id='line_1_103' title="bbox 488 5777 2083 5861; baseline 0.009 -30"><span class='ocrx_word' id='word_1_807' title='bbox 488 5778 566 5861; x_wconf 78' lang='lat' dir='ltr'><strong>tiu</strong></span> <span class='ocrx_word' id='word_1_808' title='bbox 588 5786 641 5861; x_wconf 52' lang='lat' dir='ltr'><strong>Et</strong></span> <span class='ocrx_word' id='word_1_809' title='bbox 670 5777 965 5861; x_wconf 55' lang='lat' dir='ltr'><strong>Propheta.</strong></span> <span class='ocrx_word' id='word_1_810' title='bbox 995 5781 1128 5861; x_wconf 58' lang='lat' dir='ltr'><strong>mss.</strong></span> <span class='ocrx_word' id='word_1_811' title='bbox 1152 5782 1372 5861; x_wconf 67' lang='lat' dir='ltr'><strong>codices</strong></span> <span class='ocrx_word' id='word_1_812' title='bbox 1401 5788 1580 5861; x_wconf 82' lang='lat' dir='ltr'><strong>primo</strong></span> <span class='ocrx_word' id='word_1_813' title='bbox 1609 5786 1729 5861; x_wconf 81' lang='lat' dir='ltr'><strong>loco</strong></span> <span class='ocrx_word' id='word_1_814' title='bbox 1772 5777 2083 5861; x_wconf 73' lang='lat' dir='ltr'><strong>l’roplietem</strong></span> 
     </span>
    </p>
   </div>
   <div class='ocr_carea' id='block_1_104' title="bbox 487 5848 2079 5926">
    <p class='ocr_par' dir='ltr' id='par_1_104' title="bbox 487 5848 2079 5926">
     <span class='ocr_line' id='line_1_104' title="bbox 487 5848 2079 5926; baseline 0.011 -24"><span class='ocrx_word' id='word_1_815' title='bbox 487 5860 544 5903; x_wconf 89' lang='lat' dir='ltr'><strong>et</strong></span> <span class='ocrx_word' id='word_1_816' title='bbox 577 5848 973 5926; x_wconf 77' lang='lat' dir='ltr'><strong>Prophetissam</strong></span> <span class='ocrx_word' id='word_1_817' title='bbox 994 5869 1015 5919; x_wconf 68' lang='grc' dir='ltr'><em>δ</em></span> <span class='ocrx_word' id='word_1_818' title='bbox 1040 5853 1243 5926; x_wconf 79' lang='lat' dir='ltr'><strong>deinde</strong></span> <span class='ocrx_word' id='word_1_819' title='bbox 1274 5848 1571 5926; x_wconf 73' lang='lat' dir='ltr'><strong>Prop/retis.</strong></span> <span class='ocrx_word' id='word_1_820' title='bbox 1608 5858 1757 5916; x_wconf 80' lang='lat' dir='ltr'><strong>lianc</strong></span> <span class='ocrx_word' id='word_1_821' title='bbox 1788 5848 2079 5919; x_wconf 74' lang='lat' dir='ltr'><strong>leciiunem</strong></span> 
     </span>
    </p>
   </div>
   <div class='ocr_carea' id='block_1_105' title="bbox 486 5922 2074 6007">
    <p class='ocr_par' dir='ltr' id='par_1_105' title="bbox 486 5922 2074 6007">
     <span class='ocr_line' id='line_1_105' title="bbox 486 5922 2074 6007; baseline 0.01 -32"><span class='ocrx_word' id='word_1_822' title='bbox 486 5922 658 5978; x_wconf 85' lang='lat' dir='ltr'><strong>secuti</strong></span> <span class='ocrx_word' id='word_1_823' title='bbox 725 5936 954 5993; x_wconf 89' lang='lat' dir='ltr'><strong>sumus,</strong></span> <span class='ocrx_word' id='word_1_824' title='bbox 1014 5926 1142 5996; x_wconf 87' lang='lat' dir='ltr'><strong>quia</strong></span> <span class='ocrx_word' id='word_1_825' title='bbox 1200 5922 1450 5985; x_wconf 67' lang='lat' dir='ltr'><strong>Grtccum</strong></span> <span class='ocrx_word' id='word_1_826' title='bbox 1494 5927 1780 6005; x_wconf 78' lang='lat' dir='ltr'><strong>PrOphetes</strong></span> <span class='ocrx_word' id='word_1_827' title='bbox 1829 5938 1917 5989; x_wconf 87' lang='lat' dir='ltr'><strong>est</strong></span> <span class='ocrx_word' id='word_1_828' title='bbox 1949 5948 2074 6007; x_wconf 75' lang='lat' dir='ltr'><strong>gen.</strong></span> 
     </span>
    </p>
   </div>
   <div class='ocr_carea' id='block_1_106' title="bbox 2199 4806 3805 4889">
    <p class='ocr_par' dir='ltr' id='par_1_106' title="bbox 2199 4806 3805 4889">
     <span class='ocr_line' id='line_1_106' title="bbox 2199 4806 3805 4889; baseline -0.004 -17"><span class='ocrx_word' id='word_1_829' title='bbox 2199 4816 2441 4889; x_wconf 80' lang='lat' dir='ltr'><strong>junxerit</strong></span> <span class='ocrx_word' id='word_1_830' title='bbox 2473 4813 2675 4871; x_wconf 75' lang='lat' dir='ltr'><strong>auxilio</strong></span> <span class='ocrx_word' id='word_1_831' title='bbox 2703 4828 2804 4870; x_wconf 90' lang='lat' dir='ltr'><strong>suo</strong></span> <span class='ocrx_word' id='word_1_832' title='bbox 2833 4813 3158 4885; x_wconf 86' lang='lat' dir='ltr'><strong>sapientiam</strong></span> <span class='ocrx_word' id='word_1_833' title='bbox 3190 4810 3532 4880; x_wconf 64' lang='lat' dir='ltr'><strong>saecularem,</strong></span> <span class='ocrx_word' id='word_1_834' title='bbox 3563 4821 3617 4868; x_wconf 89' lang='lat' dir='ltr'><strong>et</strong></span> <span class='ocrx_word' id='word_1_835' title='bbox 3645 4806 3805 4867; x_wconf 78' lang='lat' dir='ltr'><strong>Jeru-</strong></span> 
     </span>
    </p>
   </div>
   <div class='ocr_carea' id='block_1_107' title="bbox 2201 4903 3801 4977">
    <p class='ocr_par' dir='ltr' id='par_1_107' title="bbox 2201 4903 3801 4977">
     <span class='ocr_line' id='line_1_107' title="bbox 2201 4903 3801 4977; baseline -0.003 -13"><span class='ocrx_word' id='word_1_836' title='bbox 2201 4906 2394 4977; x_wconf 88' lang='lat' dir='ltr'><strong>salem,</strong></span> <span class='ocrx_word' id='word_1_837' title='bbox 2446 4904 2496 4964; x_wconf 90' lang='lat' dir='ltr'><strong>id</strong></span> <span class='ocrx_word' id='word_1_838' title='bbox 2529 4917 2634 4973; x_wconf 91' lang='lat' dir='ltr'><strong>est,</strong></span> <span class='ocrx_word' id='word_1_839' title='bbox 2667 4906 2969 4963; x_wconf 87' lang='lat' dir='ltr'><strong>Ecclesiam</strong></span> <span class='ocrx_word' id='word_1_840' title='bbox 2999 4903 3232 4963; x_wconf 87' lang='lat' dir='ltr'><strong>voluerit</strong></span> <span class='ocrx_word' id='word_1_841' title='bbox 3263 4918 3601 4977; x_wconf 81' lang='lat' dir='ltr'><strong>oppugnare,</strong></span> <span class='ocrx_word' id='word_1_842' title='bbox 3646 4904 3801 4960; x_wconf 58' lang='lat' dir='ltr'><strong>dere.</strong></span> 
     </span>
    </p>
   </div>
   <div class='ocr_carea' id='block_1_108' title="bbox 2152 4995 3799 5074">
    <p class='ocr_par' dir='ltr' id='par_1_108' title="bbox 2152 4995 3799 5074">
     <span class='ocr_line' id='line_1_108' title="bbox 2152 4995 3799 5074; baseline -0.004 -16"><span class='ocrx_word' id='word_1_843' title='bbox 2152 5028 2155 5029; x_wconf 52' lang='grc' dir='ltr'><em>ν</em></span> <span class='ocrx_word' id='word_1_844' title='bbox 2202 5002 2459 5074; x_wconf 86' lang='lat' dir='ltr'><strong>linquens</strong></span> <span class='ocrx_word' id='word_1_845' title='bbox 2489 5012 2657 5071; x_wconf 88' lang='lat' dir='ltr'><strong>aquas</strong></span> <span class='ocrx_word' id='word_1_846' title='bbox 2686 4996 2831 5056; x_wconf 89' lang='lat' dir='ltr'><strong>Siloe</strong></span> <span class='ocrx_word' id='word_1_847' title='bbox 2862 4999 3027 5055; x_wconf 90' lang='lat' dir='ltr'><strong>fontis</strong></span> <span class='ocrx_word' id='word_1_848' title='bbox 3066 4996 3245 5072; x_wconf 85' lang='lat' dir='ltr'><strong>(Joan.</strong></span> <span class='ocrx_word' id='word_1_849' title='bbox 3279 4998 3380 5069; x_wconf 76' lang='lat' dir='ltr'><strong>ix),</strong></span> <span class='ocrx_word' id='word_1_850' title='bbox 3413 4995 3506 5069; x_wconf 89' lang='lat' dir='ltr'><strong>qni</strong></span> <span class='ocrx_word' id='word_1_851' title='bbox 3536 4999 3799 5067; x_wconf 86' lang='lat' dir='ltr'><strong>interpre-</strong></span> 
     </span>
    </p>
   </div>
   <div class='ocr_carea' id='block_1_109' title="bbox 2202 5092 3796 5165">
    <p class='ocr_par' dir='ltr' id='par_1_109' title="bbox 2202 5092 3796 5165">
     <span class='ocr_line' id='line_1_109' title="bbox 2202 5092 3796 5165; baseline -0.003 -14"><span class='ocrx_word' id='word_1_852' title='bbox 2202 5102 2348 5151; x_wconf 88' lang='lat' dir='ltr'><strong>tatur</strong></span> <span class='ocrx_word' id='word_1_853' title='bbox 2368 5103 2575 5162; x_wconf 82' lang='lat' dir='ltr'><strong>mtssus,</strong></span> <span class='ocrx_word' id='word_1_854' title='bbox 2610 5101 2667 5149; x_wconf 93' lang='lat' dir='ltr'><strong>et</strong></span> <span class='ocrx_word' id='word_1_855' title='bbox 2690 5092 2780 5165; x_wconf 90' lang='lat' dir='ltr'><strong>qui</strong></span> <span class='ocrx_word' id='word_1_856' title='bbox 2813 5093 2937 5148; x_wconf 86' lang='lat' dir='ltr'><strong>salit</strong></span> <span class='ocrx_word' id='word_1_857' title='bbox 2960 5093 3015 5149; x_wconf 90' lang='lat' dir='ltr'><strong>in</strong></span> <span class='ocrx_word' id='word_1_858' title='bbox 3039 5094 3205 5149; x_wconf 86' lang='lat' dir='ltr'><strong>vitam</strong></span> <span class='ocrx_word' id='word_1_859' title='bbox 3234 5100 3522 5160; x_wconf 78' lang='lat' dir='ltr'><strong>:eternam,</strong></span> <span class='ocrx_word' id='word_1_860' title='bbox 3556 5092 3796 5148; x_wconf 88' lang='lat' dir='ltr'><strong>tradetur</strong></span> 
     </span>
    </p>
   </div>
   <div class='ocr_carea' id='block_1_110' title="bbox 2202 5182 3792 5261">
    <p class='ocr_par' dir='ltr' id='par_1_110' title="bbox 2202 5182 3792 5261">
     <span class='ocr_line' id='line_1_110' title="bbox 2202 5182 3792 5261; baseline -0.003 -17"><span class='ocrx_word' id='word_1_861' title='bbox 2202 5182 2549 5259; x_wconf 81' lang='lat' dir='ltr'><strong>Assyriorum</strong></span> <span class='ocrx_word' id='word_1_862' title='bbox 2580 5182 3190 5261; x_wconf 72' lang='lat' dir='ltr'><strong>prittcipi120(quem</strong></span> <span class='ocrx_word' id='word_1_863' title='bbox 3210 5198 3429 5243; x_wconf 86' lang='lat' dir='ltr'><strong>sensum</strong></span> <span class='ocrx_word' id='word_1_864' title='bbox 3462 5198 3713 5258; x_wconf 77' lang='lat' dir='ltr'><strong>magnum</strong></span> <span class='ocrx_word' id='word_1_865' title='bbox 3738 5184 3792 5239; x_wconf 90' lang='lat' dir='ltr'><strong>in</strong></span> 
     </span>
    </p>
   </div>
   <div class='ocr_carea' id='block_1_111' title="bbox 2203 5275 3789 5352">
    <p class='ocr_par' dir='ltr' id='par_1_111' title="bbox 2203 5275 3789 5352">
     <span class='ocr_line' id='line_1_111' title="bbox 2203 5275 3789 5352; baseline -0.001 -20"><span class='ocrx_word' id='word_1_866' title='bbox 2203 5278 2599 5352; x_wconf 83' lang='lat' dir='ltr'><strong>posterioribus</strong></span> <span class='ocrx_word' id='word_1_867' title='bbox 2623 5276 2815 5335; x_wconf 87' lang='lat' dir='ltr'><strong>lecturi</strong></span> <span class='ocrx_word' id='word_1_868' title='bbox 2840 5278 3052 5352; x_wconf 90' lang='lat' dir='ltr'><strong>sumus)</strong></span> <span class='ocrx_word' id='word_1_869' title='bbox 3084 5279 3239 5351; x_wconf 87' lang='lat' dir='ltr'><strong>cujus</strong></span> <span class='ocrx_word' id='word_1_870' title='bbox 3262 5278 3493 5336; x_wconf 88' lang='lat' dir='ltr'><strong>traditus</strong></span> <span class='ocrx_word' id='word_1_871' title='bbox 3523 5275 3789 5348; x_wconf 78' lang='lat' dir='ltr'><strong>pctcststi,</strong></span> 
     </span>
    </p>
   </div>
   <div class='ocr_carea' id='block_1_112' title="bbox 2204 5369 3792 5446">
    <p class='ocr_par' dir='ltr' id='par_1_112' title="bbox 2204 5369 3792 5446">
     <span class='ocr_line' id='line_1_112' title="bbox 2204 5369 3792 5446; baseline -0.001 -18"><span class='ocrx_word' id='word_1_872' title='bbox 2204 5370 2259 5429; x_wconf 89' lang='lat' dir='ltr'><strong>in</strong></span> <span class='ocrx_word' id='word_1_873' title='bbox 2299 5369 2629 5446; x_wconf 89' lang='lat' dir='ltr'><strong>profundum</strong></span> <span class='ocrx_word' id='word_1_874' title='bbox 2665 5373 2847 5430; x_wconf 85' lang='lat' dir='ltr'><strong>veniet</strong></span> <span class='ocrx_word' id='word_1_875' title='bbox 2891 5383 3265 5441; x_wconf 80' lang='lat' dir='ltr'><strong>peccatorum.</strong></span> <span class='ocrx_word' id='word_1_876' title='bbox 3312 5372 3498 5430; x_wconf 65' lang='lat' dir='ltr'><strong>Tanta!</strong></span> <span class='ocrx_word' id='word_1_877' title='bbox 3532 5383 3619 5429; x_wconf 87' lang='lat' dir='ltr'><strong>est</strong></span> <span class='ocrx_word' id='word_1_878' title='bbox 3653 5371 3792 5430; x_wconf 86' lang='lat' dir='ltr'><strong>enim</strong></span> 
     </span>
    </p>
   </div>
   <div class='ocr_carea' id='block_1_113' title="bbox 2201 5505 3790 5586">
    <p class='ocr_par' dir='ltr' id='par_1_113' title="bbox 2201 5505 3790 5586">
     <span class='ocr_line' id='line_1_113' title="bbox 2201 5505 3790 5586; baseline 0.001 -25"><span class='ocrx_word' id='word_1_879' title='bbox 2201 5505 2520 5586; x_wconf 78' lang='lat' dir='ltr'><strong>masculini,</strong></span> <span class='ocrx_word' id='word_1_880' title='bbox 2552 5516 2801 5586; x_wconf 59' lang='grc' dir='ltr'><strong>ῖιξροφῆτις</strong></span> <span class='ocrx_word' id='word_1_881' title='bbox 2842 5505 3331 5586; x_wconf 68' lang='lat' dir='ltr'><strong>feminini;_quod</strong></span> <span class='ocrx_word' id='word_1_882' title='bbox 3378 5510 3436 5586; x_wconf 72' lang='lat' dir='ltr'><strong>in</strong></span> <span class='ocrx_word' id='word_1_883' title='bbox 3481 5509 3790 5586; x_wconf 72' lang='lat' dir='ltr'><strong>accusativo</strong></span> 
     </span>
    </p>
   </div>
   <div class='ocr_carea' id='block_1_114' title="bbox 2196 5574 3785 5651">
    <p class='ocr_par' dir='ltr' id='par_1_114' title="bbox 2196 5574 3785 5651">
     <span class='ocr_line' id='line_1_114' title="bbox 2196 5574 3785 5651; baseline 0.001 -19"><span class='ocrx_word' id='word_1_884' title='bbox 2196 5592 2326 5632; x_wconf 85' lang='lat' dir='ltr'><strong>casu</strong></span> <span class='ocrx_word' id='word_1_885' title='bbox 2356 5576 2519 5651; x_wconf 81' lang='lat' dir='ltr'><strong>habet</strong></span> <span class='ocrx_word' id='word_1_886' title='bbox 2548 5574 2858 5651; x_wconf 64' lang='lat' dir='ltr'><strong>Prophetin,</strong></span> <span class='ocrx_word' id='word_1_887' title='bbox 2881 5574 2967 5635; x_wconf 90' lang='lat' dir='ltr'><strong>vel</strong></span> <span class='ocrx_word' id='word_1_888' title='bbox 2995 5574 3337 5649; x_wconf 78' lang='lat' dir='ltr'><strong>Prophetida.</strong></span> <span class='ocrx_word' id='word_1_889' title='bbox 3378 5583 3548 5637; x_wconf 81' lang='lat' dir='ltr'><strong>Porro</strong></span> <span class='ocrx_word' id='word_1_890' title='bbox 3575 5579 3631 5636; x_wconf 90' lang='lat' dir='ltr'><strong>in</strong></span> <span class='ocrx_word' id='word_1_891' title='bbox 3661 5595 3785 5636; x_wconf 83' lang='lat' dir='ltr'><strong>mss.</strong></span> 
     </span>
    </p>
   </div>
   <div class='ocr_carea' id='block_1_115' title="bbox 2195 5650 3787 5722">
    <p class='ocr_par' dir='ltr' id='par_1_115' title="bbox 2195 5650 3787 5722">
     <span class='ocr_line' id='line_1_115' title="bbox 2195 5650 3787 5722; baseline 0.001 -18"><span class='ocrx_word' id='word_1_892' title='bbox 2195 5650 2605 5720; x_wconf 81' lang='lat' dir='ltr'><strong>exemplaribus</strong></span> <span class='ocrx_word' id='word_1_893' title='bbox 2641 5650 2750 5706; x_wconf 86' lang='lat' dir='ltr'><strong>eet</strong></span> <span class='ocrx_word' id='word_1_894' title='bbox 2796 5652 2813 5705; x_wconf 85' lang='lat' dir='ltr'><strong>i</strong></span> <span class='ocrx_word' id='word_1_895' title='bbox 2861 5653 3175 5722; x_wconf 81' lang='lat' dir='ltr'><strong>promiscue</strong></span> <span class='ocrx_word' id='word_1_896' title='bbox 3226 5655 3544 5709; x_wconf 84' lang='lat' dir='ltr'><strong>scribuntur</strong></span> <span class='ocrx_word' id='word_1_897' title='bbox 3577 5694 3591 5716; x_wconf 87' lang='lat'><strong>,</strong></span> <span class='ocrx_word' id='word_1_898' title='bbox 3652 5654 3787 5708; x_wconf 80' lang='lat' dir='ltr'><strong>sicut</strong></span> 
     </span>
    </p>
   </div>
   <div class='ocr_carea' id='block_1_116' title="bbox 1584 5714 3780 5799">
    <p class='ocr_par' dir='ltr' id='par_1_116' title="bbox 1584 5714 3780 5799">
     <span class='ocr_line' id='line_1_116' title="bbox 1584 5714 3780 5799; baseline 0.004 -30"><span class='ocrx_word' id='word_1_899' title='bbox 1584 5714 1818 5799; x_wconf 51' lang='lat' dir='ltr'><strong>ictorius</strong></span> <span class='ocrx_word' id='word_1_900' title='bbox 1852 5714 2089 5799; x_wconf 79' lang='lat' dir='ltr'><strong>Prophe-</strong></span> <span class='ocrx_word' id='word_1_901' title='bbox 2191 5714 2555 5778; x_wconf 77' lang='lat' dir='ltr'><strong>consonantes</strong></span> <span class='ocrx_word' id='word_1_902' title='bbox 2572 5737 2624 5775; x_wconf 89' lang='lat' dir='ltr'><strong>m</strong></span> <span class='ocrx_word' id='word_1_903' title='bbox 2643 5729 2701 5778; x_wconf 84' lang='lat' dir='ltr'><strong>et</strong></span> <span class='ocrx_word' id='word_1_904' title='bbox 2722 5738 2793 5790; x_wconf 82' lang='lat' dir='ltr'><strong>n;</strong></span> <span class='ocrx_word' id='word_1_905' title='bbox 2817 5714 2963 5779; x_wconf 77' lang='lat' dir='ltr'><strong>unde</strong></span> <span class='ocrx_word' id='word_1_906' title='bbox 2981 5720 3294 5797; x_wconf 78' lang='lat' dir='ltr'><strong>Prophetem</strong></span> <span class='ocrx_word' id='word_1_907' title='bbox 3322 5723 3448 5799; x_wconf 70' lang='lat' dir='ltr'><strong>loco</strong></span> <span class='ocrx_word' id='word_1_908' title='bbox 3477 5714 3780 5799; x_wconf 73' lang='lat' dir='ltr'><strong>Prop/retia.</strong></span> 
     </span>
    </p>
   </div>
   <div class='ocr_carea' id='block_1_117' title="bbox 2260 5794 3777 5931">
    <p class='ocr_par' dir='ltr' id='par_1_117' title="bbox 2260 5794 3777 5931">
     <span class='ocr_line' id='line_1_117' title="bbox 2260 5794 3777 5931; baseline 0.003 -14"><span class='ocrx_word' id='word_1_909' title='bbox 2260 5890 2330 5905; x_wconf 87' lang='lat'><strong>--</strong></span> <span class='ocrx_word' id='word_1_910' title='bbox 2371 5862 2592 5931; x_wconf 86' lang='lat' dir='ltr'><strong>Notum,</strong></span> <span class='ocrx_word' id='word_1_911' title='bbox 2623 5864 2704 5920; x_wconf 89' lang='lat' dir='ltr'><strong>sic</strong></span> <span class='ocrx_word' id='word_1_912' title='bbox 2745 5864 2937 5926; x_wconf 67' lang='lat' dir='ltr'><strong>Graece</strong></span> <span class='ocrx_word' id='word_1_913' title='bbox 2979 5867 3166 5928; x_wconf 78' lang='lat' dir='ltr'><strong>oﬂ‘erri</strong></span> <span class='ocrx_word' id='word_1_914' title='bbox 3218 5870 3275 5927; x_wconf 85' lang='lat' dir='ltr'><strong>in</strong></span> <span class='ocrx_word' id='word_1_915' title='bbox 3314 5794 3777 5929; x_wconf 43' lang='lat' dir='ltr'><strong>saetignrdiucasu</strong></span> 
     </span>
    </p>
   </div>
   <div class='ocr_carea' id='block_1_118' title="bbox 2188 5934 2878 6014">
    <p class='ocr_par' dir='ltr' id='par_1_118' title="bbox 2188 5934 2878 6014">
     <span class='ocr_line' id='line_1_118' title="bbox 2188 5934 2878 6014; baseline -0.001 -20"><span class='ocrx_word' id='word_1_916' title='bbox 2188 5945 2455 6014; x_wconf 75' lang='grc' dir='ltr'><strong>προφῆτιν,</strong></span> <span class='ocrx_word' id='word_1_917' title='bbox 2480 5934 2878 6008; x_wconf 74' lang='lat' dir='ltr'><strong>prophetissam.</strong></span> 
     </span>
    </p>
   </div>
  </div>
