4052 6442
207 345 300 401 ll‘l

741 339 1399 399 COMMENTARIORUM
1439 338 1508 399 IN
1542 334 1783 399 ΙΒΑΙΑΜ

1905 337 2248 398 ίοΡιιιςτΑΜ
2287 340 2415 399 LIB.
2460 341 2547 398 Ill.
2589 340 2745 399 CAP.
2786 340 2925 399 Vill.

3393 342 3496 404 ti8

201 461 542 533 arrogantia,
561 468 624 516 ut
647 471 811 516 ausus
831 457 1217 516 sitostcudene
1243 457 1516 517 Salvatori
1536 459 1789 515 universa
1819 462 1866 521 Α
1899 470 2017 513 rum
2057 466 2247 515 contra
2278 457 2690 517 Einmanuelem
2720 456 2947 516 consilia
2976 458 3339 532 dissipentur,
3371 466 3499 536 quia

200 571 357 628 regna
392 566 577 619 terra,
609 561 667 610 et
691 553 913 609 dicere:
947 552 1077 609 litec
1102 552 1276 609 notitia
1304 551 1429 608 mini
1459 554 1650 608 tradita
1671 564 1790 610 sunt

199 649 411 724 (Matth.
436 657 488 702 et
514 644 646 702 Luc.
668 646 768 717 iv).
788 644 1093 704 Conabitur
1111 661 1328 717 quoque
1354 645 1572 715 ludam,
1606 647 1659 702 id
1682 657 1788 715 est,

198 743 413 799 domum
442 740 782 810 confessionis
815 740 1044 806 intrare,
1074 745 1130 795 et
1154 738 1354 795 crebro
1372 753 1471 810 per
1494 754 1590 795 eos
1612 740 1702 810 qui
1732 739 1788 797 in

199 834 441 891 Ecclesia
474 834 817 906 negligentes
844 842 995 900 sunt,
1029 849 1204 905 usque
1239 833 1307 889 ad
1337 834 1539 890 collum
1582 834 1787 904 veniet,

196 930 484 988 credentes
522 930 575 984 in
603 928 825 985 Christo
842 928 1082 1000 cupiens
1109 929 1400 996 sudocare,
1447 937 1503 985 et
1532 929 1793 986 extendet

196 1024 305 1081 alas
323 1038 473 1091 suas,
492 1023 1055 1093 iniplensuniversam
1077 1026 1355 1095 regionem
1382 1025 1788 1093 Emmanuelis;

194 1116 281 1173 sed
325 1133 434 1173 non
468 1117 668 1187 poterit
695 1116 964 1182 obtinere,
1000 1116 1123 1187 quia
1157 1116 1320 1171 habet
1349 1116 1518 1173 ludas
1548 1129 1791 1188 pricsen-

196 1219 293 1267 tem
336 1212 526 1266 beam.
558 1209 812 1279 Legimus
842 1211 897 1265 in
937 1209 1235 1281 Evangelia
1281 1210 1579 1266 secundum
1621 1211 1786 1268 Joan-

195 1320 311 1361 nem
341 1303 523 1375 (Joan.
556 1304 822 1373 ix),quod
851 1319 1055 1361 cacant
1088 1320 1117 1359 a
1151 1305 1457 1373 nativitate,
1481 1306 1641 1377 cujus
1662 1321 1790 1362 ocu-

193 1399 288 1466 los,
330 1400 445 1455 tuto
468 1414 540 1456 ex
567 1400 737 1454 saliva
760 1413 858 1454 sua
896 1401 1035 1456 iacto
1062 1400 1327 1456 Dominus
1360 1401 1598 1464 liulerat,
1626 1402 1793 1459 mise.

192 1496 256 1552 rit
279 1495 356 1550 ad
384 1510 556 1565 aquas
580 1493 748 1560 Siloe,
778 1494 1117 1565 quibuscum
1146 1509 1323 1551 circus
1345 1494 1571 1551 lavisset
1592 1495 1788 1563 intum,

191 1589 436 1645 eiecitate
463 1588 700 1656 detersa,
734 1588 943 1643 ciarum
990 1588 1272 1643 oculorum
1318 1589 1500 1644 tamen
1534 1591 1789 1661 accepit:

1892 552 2176 608 nobiscum
2207 553 2278 608 sit
2327 553 2490 609 Deus.
2520 552 2980 611 Contradicentes
3023 568 3241 628 quoque
3282 558 3502 617 veritati

1891 646 2096 702 utiliter
2138 646 2383 715 audient,
2419 656 2475 701 ut
2520 647 2741 701 tandem
2784 648 3000 704 ratione
3048 661 3398 727 superentur,
3442 663 3498 709 et

1890 752 2230 812 nequaquam
2270 740 2446 797 velint
2478 741 2531 795 in
2562 740 2849 796 mendacio
2878 744 3117 809 vincere,
3152 744 3274 813 quia
3316 742 3491 816 quod.

1891 848 2125 908 cumque
2152 837 2417 904 dixerint,
2444 850 2741 908 numquam
2773 837 3104 908 perversitas
3134 838 3305 909 possit
3335 850 3501 911 supe-

1892 942 2015 987 rare
2032 931 2178 1002 quod
2204 939 2411 987 rectum
2444 939 2552 988 est.
3538 996 3541 999 _

1963 1023 2152 1092 (Vers.
2189 1026 2246 1079 li
2282 1024 2464 1096 seqq.)
2506 1022 2635 1079 Htrc
2661 1023 2796 1078 enim
2845 1025 2919 1079 ait
2970 1023 3223 1080 Dominus
3279 1023 3350 1079 ad
3380 1042 3498 1083 me:

1893 1117 2046 1173 Sicut
2073 1119 2127 1172 in
2160 1119 2284 1191 {orti
2308 1134 2467 1172 manu
2494 1118 2719 1172 erudivit
2747 1130 2849 1183 nte,
2882 1134 2947 1172 ne
2967 1118 3095 1172 irent
3124 1119 3179 1173 in
3205 1118 3288 1172 via
3317 1118 3500 1191 papuli

1891 1211 2049 1284 hujus
2077 1214 2287 1268 dicens:
2322 1208 2444 1268 Non
2498 1213 2703 1277 dicatis,
2760 1212 3102 1287 conjuratio;
3143 1214 3316 1267 omnia
3363 1213 3498 1268 enim

1892 1321 2007 1377 qua:
2048 1304 2277 1377 loquitur
2314 1304 2539 1378 populus
2567 1305 2684 1371 iste,
2714 1306 3009 1376 coniuratio
3048 1314 3165 1359 est:
3192 1313 3239 1359 et
3260 1304 3495 1360 timorem

1893 1400 2008 1471 ejus
2036 1412 2098 1451 ne
2126 1398 2369 1462 timcatis,
2400 1410 2563 1470 neque
2586 1398 2835 1467 pauculis.
2865 1395 3147 1452 Dominum
3173 1401 3496 1454 exercituum

1892 1494 2064 1566 ipsum
2113 1492 2472 1564 sanctiﬁcote:
2522 1494 2634 1567 ipse
2681 1507 2841 1564 pavor
2867 1503 3051 1557 vester,
3103 1502 3154 1549 et
3192 1494 3302 1565 ipse
3327 1505 3496 1549 terror

1896 1596 2078 1643 vester.
2105 1585 2174 1642 Et
2200 1587 2299 1642 erit
2349 1586 2493 1641 vobis
2543 1588 2599 1641 in
2652 1587 3119 1657 sanctiﬁcatiomm
3146 1628 3158 1649 ,
3192 1587 3245 1640 in
3278 1585 3505 1658 lapidem

192 1680 331 1751 quod
376 1688 501 1751 post
528 1679 673 1751 signi
713 1679 1164 1752 magnitudinem,
1208 1680 1436 1749 indicat,
1482 1698 1592 1737 non
1632 1682 1795 1740 aliter
1896 1689 2069 1735 autem
2095 1678 2417 1746 offensionis,
2472 1685 2521 1733 et
2558 1679 2611 1732 in
2632 1686 2830 1750 petram
2872 1677 3111 1732 scandali
3170 1675 3372 1732 duabus
3400 1676 3497 1731 do-

191 1772 490 1828 crcitatetn
540 1771 853 1829 Iudaeorum
892 1782 947 1829 et
985 1773 1165 1829 omnis
1196 1772 1462 1830 increduli
1509 1786 1673 1846 posse
1702 1788 1789 1831 sa-
1896 1773 2064 1829 milies
2120 1772 2291 1828 Israel
2316 1789 2336 1827 :
2387 1773 2444 1827 in
2474 1773 2711 1844 laqueum
2739 1773 2866 1827 etin
2894 1772 3103 1827 ruinam
3151 1758 3503 1828 habitantibus

191 1866 328 1932 uari,
383 1863 488 1920 nisi
536 1864 788 1920 doctrina
832 1878 1098 1935 aquarum
1152 1864 1377 1932 Christi,
1423 1878 1545 1937 quae
1586 1868 1794 1938 absque
1824 1866 1869 1930 B
1895 1863 2264 1921 Jerusalem“
2319 1863 2581 1933 olendent
2612 1880 2676 1920 ex
2704 1864 2778 1920 eis
2821 1863 3063 1934 plurimi,
3116 1872 3163 1919 et
3194 1862 3401 1928 cadent,
3450 1872 3501 1920 et

189 1956 418 2028 strepitu
462 1964 523 2013 et
546 1957 791 2014 clamore
823 1957 1114 2014 verborum
1146 1959 1347 2016 leniter
1374 1959 1515 2027 ﬂuit,
1549 1961 1795 2019 tenebrat
1893 1971 2245 2028 conterentur,
2281 1969 2329 2014 et
2363 1960 2684 2027 irretientur,
2717 1967 2771 2015 et
2804 1960 3094 2031 capientur.
3139 1957 3502 2030 Septuaginta
3564 1999 3569 2005 .

191 2050 393 2123 prioris
418 2048 669 2121 fugentur
687 2050 914 2105 erroris.
940 2050 1054 2108 Hoc
1080 2052 1228 2122 quod
1258 2052 1312 2107 iu
1341 2052 1795 2125 Scptuagiutale-
1896 2056 2043 2112 hunc
2075 2057 2252 2112 locum
2286 2057 2360 2112 ita
2409 2055 2757 2126 interpretati
2787 2064 2949 2110 sunt:
3000 2048 3132 2109 Hac
3156 2055 3280 2108 dicit
3318 2050 3502 2109 Domi-

188 2143 327 2213 gitur
361 2159 376 2195 :
411 2140 477 2195 Et
505 2138 789 2196 ambulabit
817 2157 973 2211 super
1002 2159 1202 2198 omnem
1232 2158 1439 2198 murum
1470 2157 1714 2213 oestrum,
1746 2155 1795 2202 et
1894 2165 2024 2205 nus:
2072 2150 2201 2219 forti
2225 2128 2733 2205 nsanurece'sserant
2764 2147 2828 2201 ab
2857 2148 3042 2202 itinere
3067 2147 3163 2202 uia:
3191 2148 3372 2221 populi
3404 2144 3503 2203 hu-

190 2237 386 2308 auferet
428 2236 494 2290 de
528 2235 723 2291 Judata
762 2237 1038 2305 hominem,
1071 2240 1161 2309 qui
1208 2241 1368 2309 possit
1396 2251 1554 2312 caput
1598 2241 1789 2309 levare,
1885 2249 1980 2320 jus
2007 2244 2383 2318 loquentesme
2406 2249 2539 2316 forte
2560 2244 2759 2309 dicunt,
2784 2242 2993 2298 Durum
3021 2253 3114 2299 est.
3146 2240 3338 2297 Oinnia
3366 2245 3501 2298 enim

191 2340 271 2385 aut
303 2333 450 2404 forte
473 2329 674 2401 aliquid
703 2335 879 2404 facere
900 2348 920 2388 :
955 2331 1010 2386 in
1034 2331 1304 2389 Hebraico
1328 2349 1436 2389 non
1461 2334 1713 2404 habetur,
1740 2345 1796 2393 et

192 2426 241 2480 iu
284 2423 496 2481 Gracis
541 2423 824 2481 codicibus
879 2430 933 2490 σε·
972 2441 1109 2482 veru
1151 2427 1434 2499 iugulante
1476 2428 1792 2487 confossum

193 2529 292 2575 est.

257 2612 449 2686 (Vers.
483 2611 537 2681 9,
573 2611 687 2686 {0.)
718 2609 1118 2687 Congregamini
1148 2614 1328 2685 populi
1359 2625 1407 2671 et
1434 2616 1717 2684 eineimini,
1748 2626 1798 2674 et

194 2709 370 2763 audite
390 2708 644 2762 uniuersa:
660 2706 843 2777 procul
865 2720 1017 2762 terrai
1030 2722 1049 2763 :
1063 2709 1432 2780 confortamini
1446 2718 1495 2765 et
1510 2711 1794 2765 rinoimini.

196 2802 460 2873 Acciugite
488 2816 599 2868 res,
628 2809 676 2855 et
708 2801 972 2855 oincintini
1015 2816 1035 2855 :
1072 2801 1198 2857 inite
1235 2802 1533 2869 consilium,
1564 2813 1614 2857 et
1640 2804 1799 2857 dissi~

196 2894 403 2965 pabitur
425 2909 445 2948 :
476 2893 747 2964 loquimini
774 2893 1004 2961 uerbum,
1034 2903 1084 2948 et
1110 2910 1216 2949 non
1245 2895 1356 2965 ﬁet,
1385 2895 1507 2963 quia
1528 2896 1796 2950 nobiscum

196 2984 358 3041 Deus.
388 2985 495 3042 Pro
516 2985 1056 3057 congregantini,sive
1077 2985 1444 3056 inﬁrmamini,
1477 2997 1534 3043 et
1562 2988 1797 3058 confrin-

197 3080 412 3153 gimini,
458 3089 515 3135 ut
558 3080 902 3149 interpretati
945 3090 1072 3135 sunt
1115 3079 1238 3148 alii,
1285 3079 1429 3136 LXX
1473 3092 1795 3151 posuerunt,

194 3175 396 3229 scitote.
428 3171 667 3229 Verbum
695 3173 840 3230 enim
873 3173 1224 3243 llebraicum,
1255 3176 1545 3249 noot'm'i),
1571 3188 1798 3248 propter

1894 2354 2009 2412 qua!
2037 2340 2267 2412 loquitur
2292 2340 2515 2412 populus
2542 2339 2640 2393 iste
2663 2380 2677 2406 ,
2710 2338 2844 2392 dura
2867 2344 3025 2404 sunt;
3057 2338 3293 2393 timorem
3325 2346 3499 2391 autem

1895 2437 2010 2508 ejus
2038 2446 2104 2487 ne
2139 2432 2435 2499 timum-itis,
2461 2444 2623 2503 neque
2642 2432 3043 2487 eonturbemini.
3093 2429 3372 2485 Dominum
3399 2430 3503 2485 rir—

1897 2535 2066 2580 tutunt
2099 2526 2267 2597 ipsum
2310 2524 2655 2593 sunctiﬁcole,
2698 2533 2747 2578 et
2770 2524 2881 2595 ipse
2907 2523 3005 2578 erit
3040 2522 3193 2577 timor
3215 2533 3352 2588 tuus,
3386 2531 3432 2577 et
3463 2525 3508 2577 si

1897 2620 1951 2673 in
1978 2621 2093 2690 ipso
2120 2618 2352 2687 conﬁsus
2382 2619 2565 2696 fueris,
2593 2618 2692 2672 erit
2723 2617 2812 2672 tibi
2836 2619 2891 2671 in
2932 2617 3419 2688 sanctiﬁcationem,
3455 2626 3504 2671 et

1896 2726 2000 2768 non
2030 2723 2086 2767 ut
2110 2712 2271 2784 lapidi
2299 2710 2602 2779 oﬁ'ensionis
2628 2706 2785 2785 122
2813 2712 3122 2787 oratr-retis,
3153 2728 3316 2784 neque
3334 2721 3390 2766 ut
3417 2724 3505 2782 pe-

1898 2814 1992 2860 tra:
2012 2805 2202 2860 ruina.
2225 2803 2426 2859 Domus
2457 2808 2627 2859 autent
2648 2802 2814 2859 Iacob
2835 2804 2888 2858 in
2913 2804 3097 2876 laqueo
3120 2810 3168 2860 ei
3189 2805 3242 2858 in
3272 2802 3509 2860 convalle

1900 2899 1994 2953 erit
2018 2896 2313 2952 sedentibus
2349 2896 2405 2951 in
2429 2888 2763 2951 Ierusalem:
2811 2896 2929 2951 ideo
2955 2896 3153 2968 inﬁrmi
3172 2900 3320 2951 erunl
3352 2897 3401 2951 in
3428 2897 3508 2965 ip-

1899 2991 1970 3048 sis
1996 2992 2236 3063 plurimi,
2275 2998 2323 3045 et
2360 2996 2511 3045 ruent
2560 2996 2606 3044 et
2633 2999 2990 3058 conterentur,
3038 3000 3086 3045 et
3120 2989 3507 3064 appropinqua-

1901 3086 2053 3165 bunt,
2086 3096 2131 3141 et
2152 3087 2444 3155 capientur.
2476 3084 2747 3157 Quodque
2769 3085 3039 3156 sequitur,
3068 3084 3300 3140 homines
3326 3085 3382 3139 in
3404 3086 3509 3140 tui-

1902 3180 2058 3245 tione,
2084 3178 2250 3237 ohelo
2278 3179 2691 3251 praenotandum
2715 3188 2823 3235 est.
2847 3179 2985 3246 Quis
3015 3178 3243 3236 multum
3274 3179 3417 3235 inter
3440 3188 3503 3235 se

197 3284 293 3325 uss
324 3269 404 3341 (Ἴ)
437 3267 664 3336 litteris,
698 3277 753 3324 et
778 3284 992 3324 nsteru
1034 3268 1112 3342 (τ)
1155 3269 1598 3336 similitudinem,
1639 3270 1799 3326 intel-
1827 3270 1872 3334 C
1904 3273 2229 3329 llebraicum
2277 3272 2447 3328 distat
2502 3276 2561 3328 et
2589 3271 2817 3341 Vulgata
2860 3270 3080 3327 Editio:
3126 3270 3248 3327 ideo
3295 3281 3507 3326 utrum-

200 3364 451 3417 lexeruut
478 3376 582 3417 eoo
624 3358 783 3433 (ἉΠ).
814 3363 861 3417 Ο
892 3362 1056 3434 igitur
1091 3362 1276 3433 populi
1316 3361 1578 3417 Samaria}
1609 3372 1661 3418 et
1690 3362 1796 3435 Sy-

200 3455 312 3525 rize,
345 3457 593 3512 inﬁmos
638 3466 694 3512 et
721 3456 933 3513 debiles
959 3470 1081 3512 esse
1121 3457 1458 3529 cognoscite,
1493 3469 1549 3513 et
1581 3459 1802 3514 Emma-

198 3551 357 3607 nuele
384 3560 677 3621 praesente,
710 3548 843 3606 nihil
870 3564 1033 3622 posse
1060 3563 1248 3607 contra
1271 3549 1581 3607 Jerusalem
1607 3552 1797 3609 urbem

199 3647 291 3704 Dei
328 3664 343 3701 :
390 3654 448 3703 et
487 3647 591 3703 hoc
639 3663 749 3703 non
797 3647 976 3702 solum
1013 3663 1131 3714 vos,
1172 3647 1268 3719 qui
1306 3648 1468 3704 vicini
1505 3651 1658 3715 estis,
1701 3649 1798 3705 sed

199 3750 393 3797 cuncta
427 3740 615 3811 procul
656 3749 799 3796 terra
829 3751 1144 3813 cognoscat.
1179 3742 1442 3811 Quamvis
1469 3743 1611 3798 enim
1644 3758 1801 3799 exer-

201 3834 367 3889 citum
410 3836 774 3905 congregetis,
804 3840 860 3890 et
888 3835 1187 3907 accingatis
1219 3851 1315 3890 vos
1348 3834 1416 3890 ad
1446 3837 1715 3906 praelium,
1743 3846 1801 3894 et

202 3928 377 3998 major
412 3929 487 3982 sit
513 3943 779 3984 numerus
815 3928 1188 3984 obsidentium
1218 3942 1380 3999 quam
1423 3928 1795 4001 obsessorum,

203 4029 382 4076 tamen
422 4036 532 4076 non
561 4021 755 4084 semel,
794 4022 890 4076 sed
925 4020 1123 4076 iterum
1165 4020 1367 4091 dicam,
1402 4020 1690 4075 oincimini.
1737 4022 1801 4078 Et

201 4112 579 4186 quodcumque
623 4125 810 4170 contra
853 4112 1152 4171 Jerusalem
1202 4114 1439 4170 iuicritis
1486 4107 1796 4185 consilium,

201 4208 579 4280 dissipabitur.
598 4209 665 4265 Et
690 4210 813 4266 licet
830 4226 990 4281 supra
1013 4210 1261 4266 dixeritis
1296 4208 1453 4283 (lsai.
1473 4224 1545 4266 vn
1561 4212 1650 4283 ,6)
1667 4229 1680 4265 :
1697 4211 1799 4267 As-

199 4301 479 4358 cendumus
507 4301 578 4355 ad
607 4300 824 4369 ludam,
867 4312 914 4357 et
950 4303 1256 4358 suscitemus
1286 4318 1402 4358 eum
1439 4306 1796 4375 quiescentem,

209 4399 359 4471 121
397 4408 447 4453 et
499 4413 751 4468 ponamus
776 4410 945 4471 regem
980 4407 1003 4435 ιι
1037 4414 1191 4469 super
1219 4414 1336 4453 eum
1366 4399 1533 4471 ﬁlium
1581 4398 1766 4456 Tabeel
1785 4416 1804 4456 :

202 4491 484 4562 loquimini
520 4490 738 4558 quidem
770 4492 1018 4560 vei-bum,
1050 4492 1144 4549 sed
1183 4509 1289 4549 non
1330 4492 1440 4561 ﬁet,
1474 4495 1597 4567 quia
1623 4495 1805 4551 nobis-

203 4601 325 4642 cum
345 4599 429 4644 εει
456 4586 625 4653 Deus,
654 4585 705 4642 id
734 4597 839 4652 est,
873 4584 1204 4643 Emmanuel.
1242 4590 1541 4645 Possumus
1569 4589 1676 4645 hoc
1698 4600 1804 4645 tes-

1899 3380 2005 3437 que
2036 3366 2337 3437 posuimus.
2364 3362 2431 3419 Et
2454 3362 2692 3436 primum
2724 3364 2793 3419 de
2825 3358 3089 3419 llrbt‘aico
3118 3360 3505 3435 disputandum

1895 3471 2000 3515 est.
2038 3455 2160 3513 licet:
2188 3458 2258 3512 ad
2290 3475 2369 3514 me
2412 3455 2616 3513 locutus
2652 3465 2729 3512 est
2757 3454 3035 3511 Dominus.
3071 3453 3099 3494 ι)
3122 3455 3226 3525 Qui
3274 3468 3499 3527 μωρίας

1900 3554 2038 3611 bona
2092 3569 2257 3626 opera
2286 3594 2301 3620 ,
2355 3562 2413 3609 et
2437 3553 2674 3624 gratiam
2702 3566 2823 3623 quae
2854 3560 3082 3623 propter
3110 3549 3252 3605 bona
3292 3560 3501 3622 opera,

1900 3657 2229 3704 consecutus
2255 3663 2409 3715 sum;
2433 3648 2551 3703 sive.
2587 3645 2713 3702 forti
2742 3660 2905 3702 manu
2934 3658 3031 3700 sua
3061 3642 3301 3702 erudivit
3325 3662 3412 3703 me
3448 3654 3505 3703 et

1902 3742 2158 3810 instituit,
2185 3759 2251 3797 ne
2280 3740 2622 3797 ambularem
2649 3736 2705 3795 in
2736 3739 2823 3794 vis
2850 3736 3038 3811 populi
3073 3734 3262 3809 huius,
3294 3750 3349 3795 et
3384 3740 3504 3809 pari

1902 3845 2123 3894 teut-rer
2150 3851 2371 3893 errore:
2421 3835 2507 3890 vel
2538 3844 2689 3889 certe
2738 3832 2870 3888 fecit
2920 3847 3010 3888 me
3061 3832 3324 3888 recedere
3367 3832 3509 3889 avia

1906 3931 2091 4003 populi
2124 3929 2285 4000 hujus
2318 3928 2576 3999 pessima,
2627 3934 2685 3982 et
2733 3924 2873 3980 dixit
2903 3923 3067 3979 mihi:
3134 3924 3502 3981 noliduorum

1906 4038 2092 4094 regum
2126 4021 2320 4076 timere
2347 4014 2828 4089 conjurationem;
2866 4010 2961 4072 sed
2994 4015 3102 4072 hoc
3131 4014 3509 4088 inagistousi-

1905 4116 2035 4172 dera
2056 4152 2073 4180 ,
2116 4112 2260 4186 quod
2291 4127 2455 4169 omne
2485 4110 2627 4182 quod
2656 4110 2905 4179 loquitur
2934 4109 3025 4165 hic
3055 4110 3286 4181 populus
3308 4111 3507 4167 adver-

1905 4224 2024 4265 sum
2055 4223 2165 4275 me,
2189 4202 2498 4277 coniuratio
2523 4205 2632 4270 sit;
2670 4212 2729 4259 et
2755 4200 3061 4258 secundum
3090 4202 3510 4275 Symmachum,

1907 4308 1995 4377 qui
2027 4306 2419 4375 interpretatus
2450 4311 2555 4369 est,
2588 4297 2938 4378 atumo-tn
2972 4314 3063 4355 me
3085 4299 3356 4353 exstiterit
3383 4312 3510 4368 per-

1907 4403 2124 4460 duellis.
2158 4400 2240 4458 Tu
2274 4411 2455 4456 autem
2488 4397 2760 4469 Proiiheta
2782 4439 2796 4464 ,
2826 4407 2881 4453 et
2922 4395 2978 4451 hi
3007 4394 3101 4466 qui
3126 4403 3304 4450 tecum
3356 4401 3510 4461 sunt,

1908 4514 1977 4555 ne
2009 4496 2250 4554 timentis
2298 4493 2524 4550 insidias
2558 4492 2740 4563 populi
2768 4532 2783 4557 ,
2839 4484 2936 4545 sed
2968 4486 3262 4543 Dominutn
3295 4487 3508 4549 timete,

1907 4603 1963 4649 et
1992 4594 2107 4665 ipse
2135 4591 2205 4646 sit
2229 4591 2393 4645 timor
2423 4597 2634 4645 voster.
2661 4585 2993 4655 Principium
3021 4581 3167 4665 enim
3197 4580 3506 4652 sapientiae,

204 4679 429 4737 timouio
456 4691 514 4738 et
532 4690 725 4737 contra
755 4692 948 4753 gentes
976 4678 1122 4737 abuti
1155 4681 1208 4737 in
1238 4683 1638 4753 persecutionis
1666 4695 1803 4739 tcm-
1830 4666 1885 4729 D
1912 4690 2074 4745 timor
2108 4680 2321 4740 Domini
2354 4676 2539 4755 (Prov.
2582 4695 2621 4748 ι,
2651 4679 2712 4745 7;
2747 4674 2841 4734 Ps.
2872 4692 2977 4746 cx,
3008 4673 3088 4747 9).
3123 4664 3229 4743 Qui
3256 4675 3365 4730 erit
3391 4687 3511 4729 creo

204 4784 361 4842 pore,
401 4772 547 4845 quod
584 4772 834 4845 quamvis
884 4770 1048 4829 fortes
1091 4788 1215 4829 esse
1258 4772 1563 4845 videantur,
1606 4784 1661 4831 et
1702 4791 1802 4832 nos

204 4880 466 4937 superare
496 4869 552 4922 iu
604 4867 688 4922 liis
715 4868 806 4937 qui
838 4864 977 4938 lapsi
1021 4878 1168 4935 sunt,
1205 4876 1389 4923 tamen
1421 4866 1714 4924 vincantur
1749 4871 1803 4925 in

207 4959 297 5015 bis
330 4963 417 5032 qui
460 4975 560 5031 pro
590 4958 814 5016 Christo
867 4959 1123 5015 fuderunt
1159 4960 1507 5032 sanguinem,
1558 4969 1613 5016 et
1658 4962 1805 5034 quod

207 5068 333 5126 posit
372 5056 515 5113 bella
550 5069 655 5127 pax
693 5054 955 5112 reddatur
986 5051 1248 5111 Ecclesiis
1278 5075 1290 5113 :
1322 5065 1379 5113 et
1410 5054 1665 5114 universa
1713 5071 1807 5114 eo-

287 5284 313 5313 λ
337 5273 573 5331 Voculas
602 5287 758 5343 super
783 5284 899 5324 eum
930 5268 1103 5343 Yatic.
1136 5268 1373 5343 ignorat.

285 5346 317 5386 ι)
355 5341 733 5418 augmina,
777 5354 886 5418 etc.
938 5342 1116 5418 [iocus
1152 5341 1714 5418 _o_m__niuo__iutricatus
1756 5350 1811 5398 et

207 5412 505 5483 obscurus,
532 5412 698 5486 quem
728 5414 899 5469 editio
941 5414 1164 5468 Mariani
1198 5412 1424 5467 Victorii
1464 5413 1537 5467 ita
1568 5427 1812 5468 commu-

210 5502 350 5546 tavit
365 5510 378 5544 ;
394 5490 496 5557 Qui
512 5485 724 5558 propter
751 5487 888 5541 bona
910 5500 1069 5558 opera
1085 5498 1130 5539 et
1146 5485 1369 5556 gratiam
1389 5500 1543 5556 quam
1568 5501 1659 5557 per
1673 5486 1809 5558 bona

208 5579 371 5636 opera
397 5556 706 5636 consecutus
734 5575 848 5614 sum
868 5575 886 5625 ;
908 5556 1010 5636 sire
1039 5558 1095 5612 in
1121 5572 1279 5611 manu
1319 5558 1444 5636 forti
1466 5556 1809 5636 sua’erudiril

208 5628 303 5694 me
338 5644 383 5689 et
410 5633 664 5694 instituit,
714 5647 779 5685 ne
820 5630 1162 5694 ambularem,
1213 5639 1319 5683 etc.
1372 5628 1483 5699 Ego
1510 5644 1641 5683 vero
1670 5630 1808 5684 hanc

210 5708 510 5762 lectionem
537 5706 787 5774 reperire
812 5715 921 5757 non
953 5704 1107 5773 potui
1137 5702 1188 5754 in
1219 5699 1402 5771 aliquo
1428 5714 1561 5774 mss.
1596 5701 1811 5774 codice,

211 5777 321 5834 sed
348 5792 532 5832 omnes
556 5771 699 5845 quos
745 5771 980 5844 inspexi,
1017 5782 1336 5827 consmuter
1375 5773 1614 5845 retinent
1658 5771 1811 5841 juxta

215 5850 516 5906 editionem
570 5846 789 5901 Erasmi
845 5855 893 5900 et
931 5848 1154 5917 gratiam
1202 5860 1317 5913 qua:
1363 5862 1453 5908 per
1494 5844 1630 5898 bona
1658 5860 1816 5917 opera

223 5930 528 5977 consecutus
573 5935 709 5985 sum,
751 5933 857 5974 uno
889 5914 1070 5973 tamen
1094 5926 1329 5990 excepto
1351 5917 1655 5988 exemplari
1685 5914 1816 5972 Clu-

1909 4780 2163 4837 dentibus
2204 4778 2258 4833 iu
2308 4773 2829 4838 sanctilicationem,
2890 4766 3193 4823 incredulis
3236 4758 3420 4820 autem
3454 4764 3509 4819 in

1910 4873 2146 4946 lapidem
2177 4867 2497 4927 oﬂensiouis
2522 4907 2538 4933 ,
2571 4874 2624 4921 et
2652 4862 2705 4920 iu
2740 4874 2950 4935 petram
2981 4857 3262 4925 scandali,
3297 4855 3515 4914 duabus

1910 4968 2129 5026 scilicet
2156 4961 2415 5021 domibus
2443 4956 2598 5017 ludio
2623 4968 2680 5014 et
2701 4955 2896 5013 Israel.
2929 4953 3211 5025 Prmcipue
3239 4960 3425 5008 autem
3458 4951 3512 5007 in

1913 5063 2166 5134 laqueum
2214 5066 2272 5114 et
2326 5057 2381 5112 in
2414 5056 2630 5110 ruinam
2663 5048 3036 5108 habitantibus
3093 5048 3149 5104 in
3180 5043 3511 5103 Jerusalem.

1922 5268 2170 5325 niacensi
2208 5262 2357 5337 quod
2402 5261 2581 5337 secuti
2629 5273 2860 5337 sumus,
2916 5258 3044 5337 quia
3095 5266 3297 5337 sensus
3342 5255 3399 5337 in
3447 5258 3516 5308 ob

1921 5349 2011 5397 est
2040 5325 2407 5395 manifestior.
2440 5334 2625 5404 Elignt
2658 5325 2898 5405 prudens
2931 5325 3102 5385 lector
3131 5325 3392 5405 quidquid
3426 5341 3521 5405 vo-

1919 5412 2107 5475 luerit,
2141 5410 2304 5466 modo
2337 5425 2444 5463 non
2481 5397 2703 5461 inducat
2732 5418 2954 5459 sensum
2978 5409 3043 5475 et
3071 5397 3315 5475 errorem
3350 5397 3521 5475 Pela-

1916 5469 2238 5553 gianorum;
2272 5482 2620 5553 lngioaturque
2646 5479 2880 5553 gratiam
2913 5490 2940 5553 ξ
2974 5473 3086 5528 Deo
3116 5471 3235 5524 dari
3280 5469 3517 5553 hominis

1916 5540 2018 5611 bus
2048 5540 2273 5627 propter
2298 5552 2466 5627 bona
2508 5540 2683 5627 operi
2716 5545 3005 5612 facienda,
3039 5556 3235 5598 nones
3256 5540 3518 5611 operibus

1915 5622 2121 5684 nostris
2145 5627 2257 5695 jam
2289 5625 2464 5678 iactis.
2507 5622 2786 5678 Maurum.

1986 5728 2059 5740 —
2084 5685 2236 5761 Ilii-c,
2273 5711 2397 5766 qua:
2427 5695 2634 5766 negotii
2660 5688 2902 5746 uormibil
2932 5688 3245 5766 lacessunt,
3282 5685 3443 5739 vetha
3475 5694 3523 5738 et

1918 5772 2143 5844 gratiam
2167 5810 2183 5834 ,
2224 5757 2351 5844 qua
2376 5757 2587 5844 propter
2619 5764 2751 5818 bona
2782 5777 2978 5844 opera)
3028 5758 3082 5812 in
3111 5757 3517 5844 Vaticauons.

1920 5829 2027 5898 iu...
2060 5829 2209 5897 sum.
2240 5829 2517 5915 Victorius
2549 5837 2777 5915 legerat,
2819 5829 3052 5914 gratiam
3078 5842 3235 5902 quam
3265 5844 3357 5901 per
3385 5829 3521 5883 bona

1921 5931 2100 5988 opera,
2125 5926 2259 5981 etc.,
2290 5927 2413 5968 mox
2446 5910 2575 5966 sicut
2616 5909 2743 5979 legit
2772 5921 2867 5978 pro
2891 5909 3013 5959 sive.
