4052 6460
522 321 623 382 H9

1761 322 1818 378 S.
1864 321 2139 380 EUSEBII
2180 319 2562 378 HIERONYMI

3714 314 3817 372 1ἳο

516 443 573 499 in
605 456 712 513 quo
743 442 1050 515 impingent
1070 441 1315 514 plurimi,
1335 449 1394 497 et
1408 439 1626 505 cadent,
1649 448 1705 496 et
1731 447 2108 505 conterentur,
2141 445 2188 505 Α
2221 441 2272 496 in
2299 439 2652 496 scandalum:
2687 439 2940 511 gentibus
2969 450 3150 497 autem
3170 441 3223 496 in
3248 438 3533 496 stultitiam
3558 435 3602 512 (l
3630 435 3748 493 Cor.
3776 451 3814 505 ι,

517 547 984 613 peccatorumque
1036 552 1260 594 suorum
1294 536 1532 592 vinculis
1583 535 1818 602 irretiti,
1853 535 2126 592 ducentur

518 633 577 688 in
608 633 1010 703 captivitatem.
1031 631 1175 686 Duas
1206 629 1421 698 domus,
1442 628 1685 685 Nazartei
1707 629 1826 700 (qui
1847 630 1919 684 ita
1939 626 2127 685 Chris-

524 715 962 796 tum'recipiunt,
1021 735 1080 780 ut
1126 724 1544 782 observationes
1574 723 1738 796 Legis
1768 724 1969 779 veteris
2017 737 2126 779 non

525 825 782 879 omittant
816 822 925 894 (Αι.
956 822 1232 892 amittant)
1255 820 1390 876 duas
1412 819 1648 876 familias
1673 819 2121 889 interpretantur,

522 916 766 973 Sammai
796 927 851 972 et
874 925 900 952 ιι
929 915 1126 985 llellel,
1161 931 1227 971 ex
1257 917 1456 987 quibus
1485 916 1588 970 orti
1621 924 1748 970 sunt
1776 913 2042 972 bScribat:
2072 920 2129 970 et

525 1010 812 1077 Pharisaei,
847 1024 1079 1080 quorum
1113 1009 1355 1081 suscepit
1383 1008 1625 1064 scholam
1659 1007 1879 1072 Akibas,
1914 1017 1935 1046 ο
1965 1021 2125 1078 quem

527 1105 848 1174 magistrum
884 1104 1095 1176 Aquila:
1122 1104 1278 1177 123
1308 1104 1570 1176 prosclyti
1603 1111 1880 1170 autumat,
1920 1110 1975 1158 et
2009 1110 2130 1174 post

527 1215 652 1254 eum
687 1200 855 1266 Meir,
911 1199 998 1254 cui
1028 1199 1298 1256 successit
1342 1198 1590 1254 Joannan
1645 1199 1787 1253 (ilius
1817 1197 2039 1265 Zachai,
2074 1207 2129 1254 et

526 1302 649 1362 post
679 1307 802 1348 eum
856 1291 1096 1348 Eliezier
1121 1337 1134 1358 ,
1195 1301 1251 1347 et
1279 1306 1379 1362 per
1422 1291 1680 1348 ordinem
1711 1288 1736 1329 ἀ
1770 1291 2045 1362 Telphon,
2074 1301 2131 1348 ct

528 1398 746 1438 rursum
777 1382 984 1453 Joseph
1015 1383 1276 1440 Galilaaus
1301 1429 1315 1450 ,
1366 1392 1423 1440 et
1453 1399 1624 1456 usque
1654 1385 1722 1440 ad
1751 1385 2128 1456 captivitatem

530 1477 836 1535 Jerusalem
868 1477 1058 1535 Josue.
1085 1478 1327 1534 Sammai
1361 1479 1526 1549 igitur
1555 1488 1610 1535 et
1639 1478 1813 1535 llellel
1845 1494 1953 1535 non
1991 1480 2131 1535 mul-

529 1584 586 1629 to
617 1583 640 1610 ε
676 1575 991 1645 priusquam
1035 1575 1297 1629 Dominus
1342 1583 1696 1639 nasceretur,
1729 1576 1834 1630 orti
1876 1583 2004 1630 sunt
2031 1573 2130 1630 Ju-

531 1666 670 1732 drca,
698 1682 932 1739 quorum
966 1666 1117 1738 prior
1134 1668 1420 1738 dissipator
1451 1667 1868 1737 interpretatur,
1894 1681 2133 1736 sequens

532 1764 784 1832 profanus
831 1778 848 1815 :
896 1774 962 1816 eo
996 1759 1142 1831 quod
1190 1775 1286 1830 per
1330 1759 1649 1815 traditiones
1693 1768 1750 1816 et
1793 1759 2133 1835 δευτερὼσεις

2224 535 2339 606 ‘25).
2369 534 2436 589 Et
2467 549 2718 590 rursum:
2752 533 2924 590 Israel
2941 535 3186 592 sectanda
3213 533 3378 606 legem
3400 531 3637 602 iustitiae,
3669 532 3726 585 in
3743 531 3824 586 le-

2225 645 2337 701 gem
2361 629 2584 699 justitia:
2608 646 2710 684 non
2736 631 2967 700 pervenit
2995 629 3173 701 (Rom.
3203 645 3282 696 rx,
3307 627 3420 697 51).
3441 625 3658 695 Quare?
3685 625 3823 694 Quia

2227 736 2334 777 non
2365 737 2430 776 ex
2462 721 2586 788 tide,
2621 722 2716 777 sed
2749 723 2904 792 quasi
2933 739 3000 779 ex
3029 723 3289 794 operibus
3317 723 3454 793 legis
3476 719 3826 777 oﬂ‘cnderunt

2228 815 2284 870 in
2315 815 2548 886 lapidem
2589 815 2933 883 oﬂ'ensionis,
2965 818 3110 873 sicut
3137 818 3402 888 scriptum
3424 827 3542 873 est:
3573 814 3708 870 Ecce
3734 833 3829 889 po-

2229 926 2348 964 nam
2379 910 2432 963 in
2481 909 2611 964 Sion
2644 910 2870 979 lapidem
2907 909 3213 975 offensionis
3243 919 3291 964 et
3318 920 3515 980 petram
3557 907 3830 963 scandali:

2229 1005 2395 1057 omnis
2435 1005 2521 1074 qui
2548 1003 2711 1058 credit
2751 1005 2803 1058 in
2841 1021 2920 1070 eo,
2970 1021 3075 1059 non
3099 1004 3452 1076 confundetur
3483 1003 3682 1075 (lbid.,
3707 1003 3821 1075 35).

2234 1093 2378 1166 Ergo
2407 1095 2500 1165 qui
2539 1110 2645 1151 non
2677 1105 3010 1166 receperunt
3034 1097 3448 1152 Emmanuelcm
3475 1138 3490 1163 ,
3535 1097 3632 1152 sed
3663 1095 3834 1151 lactus

2229 1198 2313 1244 est
2341 1189 2419 1244 eis
2447 1190 2499 1245 in
2533 1189 2764 1260 lapidem
2795 1189 3116 1247 offensionis
3145 1199 3199 1247 et
3229 1192 3281 1246 in
3317 1201 3527 1260 petram
3554 1188 3825 1255 scandali,

2230 1291 2603 1350 conterentur,
2626 1284 2932 1354 captivique
2961 1284 3249 1341 ducentur.
3282 1283 3548 1355 Quodque
3573 1283 3682 1338 ait:
3722 1281 3833 1337 Do-

2232 1392 2344 1430 mus
2366 1385 2539 1431 autem
2563 1373 2727 1431 Iacob
2758 1377 2811 1431 in
2843 1376 3027 1448 laqueo
3055 1387 3102 1432 et
3132 1379 3187 1432 in
3215 1375 3451 1432 convalle
3480 1376 3576 1430 erit
3601 1375 3829 1430 sedenti-

2235 1469 2325 1524 bus
2353 1469 2404 1524 in
2427 1467 2719 1524 Jerusalem
2739 1512 2756 1537 ,
2787 1471 2892 1527 hoc
2923 1471 3226 1542 signiﬁcat,
3276 1469 3422 1542 quod
3447 1484 3556 1524 non
3585 1466 3834 1524 habitent

2236 1566 2288 1620 in
2319 1565 2613 1630 montibus,
2649 1581 2751 1622 nec
2799 1566 2851 1621 in
2887 1567 3123 1622 excelsis
3177 1565 3586 1636 Scripturarum
3615 1579 3842 1618 versen-

2232 1671 2320 1716 tur
2342 1660 2510 1727 locis;
2557 1660 2650 1716 sed
2680 1675 2899 1732 semper
2931 1660 3157 1716 humilia
3195 1660 3505 1731 intelligant
3529 1700 3544 1726 ,
3595 1657 3842 1729 peccatis

2238 1763 2458 1826 peccata
2499 1755 2793 1821 sociantes,
2827 1765 2882 1812 et
2907 1757 3076 1813 vincti
3109 1757 3320 1828 laqueis
3348 1756 3698 1814 delictorum.

529 1869 657 1910 suas
683 1854 844 1926 Legis
873 1865 1138 1927 prarcepta
1170 1855 1520 1926 dissipaverit
1539 1864 1699 1926 atque
1750 1857 2128 1913 maculaverit.
2164 1839 2212 1900 B
2315 1850 2668 1926 125(Vers.
2698 1851 2907 1926 46,17.)
2931 1851 3063 1926 Liga
3090 1853 3406 1918 testimonia,
3432 1853 3582 1922 signa
3603 1849 3769 1924 legem
3790 1850 3842 1904 in

535 1946 600 2003 Et
633 1947 730 2002 bas
759 1962 881 2004 esse
911 1948 1046 2003 duas
1077 1947 1274 2004 domus
1295 1990 1310 2016 ,
1368 1964 1491 2020 quae
1533 1947 1872 2005 Salvatorem
1907 1964 2014 2004 non
2046 1965 2136 2006 re-

537 2041 817 2110 ceperint,
862 2041 955 2111 qui
985 2040 1162 2096 l'actus
1215 2042 1290 2096 sit
1330 2041 1411 2097 eis
1452 2042 1504 2096 in
1536 2042 1749 2097 ruinam
1807 2051 1862 2097 et
1906 2041 2135 2098 scanda-

536 2133 674 2189 lum.
732 2132 894 2190 Juxta
927 2133 1103 2202 LXX,
1157 2150 1322 2190 manu
1353 2135 1481 2191 forti
1521 2135 1724 2192 restitit
1755 2134 1862 2207 (Al.
1895 2136 2140 2207 resistet)

538 2227 774 2299 populus
799 2227 896 2284 Dei
927 2229 1219 2297 voluntati,
1261 2238 1316 2284 ct
1342 2228 1474 2284 dicit
1503 2231 1685 2286 omnia
1716 2230 1850 2286 dura
1875 2245 1998 2287 esse
2020 2245 2141 2302 qua:

527 2321 805 2378 Dominus
837 2322 1444 2395 prmcepit,secundunt
1478 2323 1612 2380 illud
1637 2324 1782 2397 quod
1805 2326 1859 2381 in
1892 2325 2140 2397 Evange-

538 2415 612 2471 lio
644 2415 876 2487 legimus
906 2435 918 2472 :
949 2413 1126 2473 Durus
1147 2428 1220 2474 est
1257 2417 1342 2472 hic
1366 2435 1557 2486 sermo,
1587 2420 1700 2492 quis
1745 2420 1931 2490 poterit
1963 2421 2146 2477 audire

541 2526 659 2564 eum
707 2508 893 2580 (Joan.
923 2526 998 2578 vi,
1033 2510 1170 2583 6i)?
1218 2511 1374 2568 Unde
1403 2513 1720 2584 praecipitur
1751 2511 1832 2568 eis
1864 2522 1923 2568 ut
1968 2512 2151 2568 Domi-

542 2618 672 2657 num
717 2601 966 2673 audiant,
1000 2611 1058 2659 et
1094 2603 1272 2672 ipsum
1304 2603 1483 2659 solum
1535 2603 1784 2660 timeant.
1832 2602 1890 2660 Si
1916 2606 2061 2660 enim
2094 2605 2148 2660 in

542 2696 662 2767 ipso
692 2696 887 2753 conﬁsi
917 2695 1155 2764 fuerint,
1216 2696 1496 2753 habebunt
1523 2711 1647 2753 eum
1681 2697 1734 2752 in
1767 2698 2153 2754 sanctiﬁcatio-

545 2802 697 2854 nem,
731 2796 913 2843 etnon
938 2787 1245 2859 impingent
1275 2788 1434 2859 quasi
1466 2787 1518 2842 in
1539 2788 1776 2858 lapidem
1802 2788 2066 2858 scandali,
2097 2799 2155 2846 et

547 2880 705 2953 quasi
733 2881 786 2936 in
821 2889 1030 2952 petram
1085 2883 1280 2938 ruinaa.
1336 2883 1410 2938 De
1460 2882 1564 2938 hoc
1596 2883 1716 2938 loco
1768 2894 1824 2938 et
1854 2884 2149 2954 Apostolus

553 2979 721 3035 sumit
753 2979 1149 3048 testimonium,
1183 2979 1330 3052 quod
1362 2979 1614 3037 Christus
1636 2979 1839 3036 Judazis
1869 2979 2048 3036 tactus
2078 2980 2150 3036 sit

2239 1945 2514 2018 discipulis
2525 1947 2673 2014 meis,
2688 1957 2734 2002 et
2756 1949 3059 2016 exspectabo
3074 1946 3373 2013 Dominum,
3386 1947 3475 2017 qui
3487 1945 3758 1999 abscondit
3767 1944 3845 2016 [a-

2241 2043 2369 2096 ciem
2383 2058 2527 2096 suam
2538 2058 2570 2094 a
2581 2040 2734 2096 domo
2746 2040 2929 2109 Jacob,
2946 2053 2993 2097 et
3007 2039 3342 2112 prwstolabor
3355 2055 3487 2093 eam.
3499 2037 3614 2094 Vox
3634 2036 3846 2093 Domini

2244 2136 2517 2209 loquentis
2535 2137 2601 2193 ad
2616 2137 2947 2208 Proplictam
2965 2153 2979 2193 :
2997 2137 3120 2208 quia
3133 2179 3146 2204 ,
3162 2135 3360 2204 inquit,
3384 2134 3556 2190 factus
3571 2146 3651 2190 εει
3672 2133 3851 2188 Domi-

2243 2245 2344 2286 nus
2363 2231 2414 2286 in
2432 2230 2667 2302 lapidem
2681 2229 2999 2286 oﬂensionis
3017 2241 3070 2286 et
3089 2231 3140 2284 in
3160 2238 3368 2299 petram
3387 2226 3629 2283 scandali
3645 2225 3852 2281 duabus

2253 2323 2506 2380 domibus
2529 2323 2727 2388 Israel,
2759 2333 2816 2378 et
2853 2325 3079 2378 missum
3113 2321 3180 2377 ad
3229 2337 3289 2378 se
3322 2321 3640 2377 Emmanuel
3676 2319 3851 2376 susci-

2252 2432 2383 2488 pere
2415 2417 2740 2472 noluerunt:
2766 2416 2896 2488 Liga
2917 2415 3230 2471 testimonia
3253 2416 3454 2471 veteris
3475 2413 3850 2480 lnstrumenti,

2251 2520 2308 2568 et
2335 2512 2488 2568 trade
2511 2512 2602 2568 illa
2627 2510 2914 2580 discipulis
2942 2511 3103 2578 meis,
3147 2510 3240 2582 qui
3273 2509 3626 2582 Evangelium
3663 2524 3852 2565 susce-

2254 2615 2478 2678 perunt,
2532 2607 2814 2678 Apostolis
2846 2606 3124 2673 videlicet,
3189 2607 3305 2662 sive
3336 2605 3658 2676 apostolicis
3703 2605 3853 2661 viris.

2259 2700 2357 2756 Vel
2385 2710 2536 2757 certe
2569 2701 2656 2757 lex
2685 2711 2738 2756 et
2763 2699 3053 2772 prophetia
3082 2714 3256 2770 usque
3303 2697 3372 2753 ad
3415 2697 3690 2754 Joannem
3722 2697 3854 2770 lige-

2255 2802 2344 2849 tur
2363 2792 2506 2864 apud
2540 2808 2635 2849 eos
2666 2790 2886 2865 (Matth.
2911 2792 3009 2865 xi),
3037 2803 3090 2848 et
3121 2792 3308 2849 clausa
3338 2790 3410 2848 sit
3431 2801 3594 2863 atque
3615 2791 3853 2861 signata,

2253 2897 2314 2944 nt
2341 2887 2486 2960 quod
2517 2887 2728 2960 legunt,
2753 2903 2859 2944 non
2892 2887 3350 2959 intelligant.Pro
3374 2888 3660 2958 discipulis
3688 2887 3856 2953 enim,

2248 2981 2402 3053 juxta
2432 2981 2682 3038 Hebraici
2716 2983 2988 3038 sermonis
3015 2981 3428 3053 ambiguitatem
3447 3023 3462 3049 ,
3489 2994 3786 3053 possumus
3809 2989 3860 3036 et

621 3133 649 3160 ἰ
669 3122 927 3178 Mendose
955 3123 1222 3196 scriptum
1253 3122 1522 3196 hactenus
1547 3123 1638 3180 hic
1662 3131 1825 3196 atque
1854 3123 1997 3179 inl'ra
2030 3122 2154 3178 Hil-
2180 3123 2227 3186 C
2260 3123 2636 3196 RabbiAAlciba
2683 3123 3013 3196 nominatur.
3069 3122 3161 3196 De
3187 3121 3322 3176 Meir
3353 3136 3482 3176 vero
3503 3161 3526 3196 ,Α
3570 3118 3716 3196 quod
3765 3134 3855 3196 no-

550 3193 642 3261 lel,
673 3205 864 3251 contra
901 3210 1034 3251 mss.
1067 3195 1252 3260 tidem,
1281 3210 1345 3250 ac
1375 3194 1633 3251 Veterum
1662 3193 1879 3266 ngemn
1921 3211 2154 3260 morem,

549 3282 687 3338 quos
713 3276 928 3322 constat
973 3267 1250 3322 sexcentis
1302 3267 1569 3338 exemplis
1596 3272 1732 3337 proi
1767 3267 1943 3335 brevi,
1977 3284 2004 3320 e
2028 3267 2155 3323 sub-

551 3338 824 3403 stituisse,
878 3339 1114 3410 quodin
1165 3339 1480 3410 nominibus
1527 3339 1839 3394 Emmanuel
1886 3353 1986 3410 pro
2013 3338 2162 3393 Ima-

557 3355 824 3403 sutuisse,
866 3355 1028 3463 [quod
1064 3356 1114 3393 in
1165 3355 1480 3394 nominibus
1527 3355 1838 3394 nmmanuet
1886 3355 1986 3410 pro
2013 3355 2156 3393 Ima-

557 3411 698 3477 nuel,
753 3420 810 3465 et
923 3426 1110 3464 ennom
1156 3426 1254 3479 pro
1305 3409 1562 3472 Hinnom,
1609 3411 1837 3466 Drusius
1867 3412 2156 3478 observat,

553 3496 716 3552 quem
748 3481 973 3553 videsis,
1021 3482 1112 3536 lib.
1146 3497 1182 3535 ιι
1214 3483 1282 3535 de
1315 3484 1488 3536 tribus
1535 3481 1737 3546 Sectis,
1771 3498 1890 3553 cap.
1919 3484 2006 3538 11.
2035 3481 2160 3537 Fuit

554 3551 718 3623 porro
767 3551 971 3619 llellel,
1017 3553 1132 3607 sive
1168 3552 1310 3609 Ellel
1356 3553 1570 3610 Scholat
1615 3551 1856 3610 Judaicaé
1905 3556 2160 3624 princeps

552 3626 695 3679 circa
727 3639 929 3680 annum
957 3625 1143 3680 mundi
1171 3641 1235 3680 ex
1268 3625 1582 3681 Judzeorum
1613 3627 1930 3681 narratione
1973 3634 2028 3682 et
2049 3628 2161 3680 cal-

554 3697 681 3751 culo
708 3697 872 3760 5730.
898 3697 1239 3768 octogesimo
1260 3699 1441 3768 tetatis
1463 3713 1596 3763 sure,
1625 3706 1751 3752 ante
1773 3697 2047 3752 Christum
2072 3698 2162 3752 tri-

555 3771 782 3838 gesimo.
822 3767 1138 3824 Auditorein
1183 3767 1368 3823 habuit
1396 3770 1598 3840 ipsum
1640 3769 1846 3830 Samai,
1879 3785 2039 3839 quem
2068 3781 2160 3824 Σα·

597 3841 679 3894 ἕαν
720 3851 880 3895 vocat
909 3840 1198 3908 Josephus,
1245 3839 1449 3895 deinde
1474 3842 1527 3896 in
1562 3843 1872 3912 principatu
1894 3841 2160 3896 doctrina:

597 3861 679 3894 σαν
720 3861 880 3895 vocat
909 3861 1198 3908 JOSCIHIUS,
1245 3861 1442 3895 uelnue
1474 3861 1527 3896 ΙΙΙ
1562 3861 1872 3912 ντιιιεψδιιι
1894 3861 2158 3896 αοειτιηω

552 3861 760 3984 inlatis
784 3912 1065 3968 tradenda:
1082 3914 1380 3981 collegam,
1411 3926 1474 3967 ac
1503 3913 1740 3984 denique
1760 3915 2158 3968 adversarium.

560 3980 855 4052 UtriuSqne
885 3985 1125 4039 doctoris
1171 3980 1375 4039 mentio
1405 3980 1664 4053 frequens
1696 3995 1780 4040 est
1819 3985 1872 4040 in
1910 3985 2163 4039 Hebraeo-

555 4070 677 4108 rum
708 4056 862 4110 libris
882 4097 898 4118 .
930 4057 981 4110 in
1016 4055 1320 4111 Thalmnde
1346 4096 1364 4123 ,
1395 4059 1536 4123 apud
1567 4055 1854 4120 Zarutum,
1890 4057 1942 4111 in
1969 4053 2163 4110 Jucha-

559 4125 664 4190 sin,
689 4125 1003 4182 Abrahamo
1032 4127 1140 4181 Ben
1183 4129 1334 4192 Dior,
1388 4138 1553 4198 atque
1598 4128 1741 4186 aliis.
1797 4129 2162 4200 Hieronymus

560 4211 776 4268 quoque
832 4213 1020 4253 eorum
1066 4199 1339 4253 interdum
1380 4200 1682 4256 sententias
1736 4201 1958 4264 laudat,
2009 4199 2160 4264 utin

563 4266 737 4342 Epist:
775 4269 900 4342 121,
929 4271 996 4324 ad
1025 4271 1320 4342 algasiam,
1345 4281 1536 4338 quaest.
1563 4273 1650 4331 10.
1679 4283 1841 4342 atque
1870 4273 2018 4327 alibi.

633 4336 661 4377 ¹³
695 4338 897 4395 Scriba:
925 4350 974 4394 et
1016 4336 1312 4395 Pharisaei.
1353 4336 1428 4395 De
1478 4343 1564 4397 his
1617 4336 1800 4400 Sectis
1844 4344 2162 4400 Judseorum

563 4413 791 4486 consule
815 4410 1429 4486 Josephum,_lib._xvm
1458 4413 1679 4486 Antiqq.
1712 4415 1925 4470 Judaic.
1949 4429 2072 4484 cap.
2104 4417 2161 4483 2,

563 4491 618 4537 et
650 4483 744 4556 lib.
778 4499 816 4556 ιι
845 4485 917 4538 de
947 4482 1376 4556 BelloJudaico,
1410 4499 1532 4554 cap.
1567 4482 1657 4542 122
1695 4487 1824 4543 Vide
1858 4482 2030 4542 etiam
2049 4482 2166 4556 cpi;

564 4554 766 4627 stolam
801 4554 1117 4627 Hieronymi
1141 4557 1207 4610 ad
1235 4553 1534 4626 Algasiam,
1559 4559 1764 4627 Qumst.
1800 4558 1888 4626 10,
1924 4557 2012 4612 ubi
2061 4553 2158 4614 Ju-

565 4625 811 4704 datorum
843 4625 1180 4704 δευτερὠσεις
1212 4625 1529 4704 ἰηδεὲοιειειινζ
1564 4625 1833 4686 Maurus.

639 4727 712 4737 —
733 4697 1014 4770 immerito
1043 4708 1373 4754 succensent
1413 4699 1472 4755 S.
1502 4701 1741 4769 Doctori,
1775 4702 1956 4770 magni
1988 4702 2163 4757 nomi-

567 4769 652 4824 nis
673 4769 868 4837 critici,
887 4771 1032 4843 qnod
1061 4770 1302 4839 Scribas,
1326 4787 1559 4843 quorum
1583 4789 1729 4843 sirpe
1761 4776 1810 4828 in
1836 4773 2166 4829 Veteri'l‘es-

565 4849 806 4896 tamento
847 4842 1054 4897 mentio
1100 4853 1180 4898 est
1203 4883 1219 4908 ,
1277 4859 1305 4897 a
1339 4842 1522 4898 Samai
1554 4842 1704 4901 ortos
1735 4847 1899 4901 dicat.
1952 4846 2021 4901 At
2056 4861 2162 4899 non

568 4926 636 4967 eo
667 4927 828 4967 sensu
871 4913 1088 4986 Scribas
1120 4913 1206 4968 hic
1227 4927 1385 4969 vocat
1415 4915 1667 4983 Hieron.,
1695 4919 1788 4973 sed
1821 4933 1917 4972 eos
1947 4918 2166 4986 proprie

566 4993 738 5057 notat,
792 4984 885 5057 qui
911 4987 1082 5039 solam
1124 4987 1502 5057 Scripturam,
1545 4988 1762 5055 rejectis
1794 4984 2164 5043 Rabbinorum

570 5056 974 5120 traditionibus,
1001 5056 1350 5126 recipientes,
1381 5059 1540 5112 aliam
1574 5074 1604 5112 a
1636 5058 1926 5115 Phariswis
1942 5060 2164 5114 domum

569 5136 627 5182 et
673 5139 879 5199 sectam
909 5129 1355 5193 constituebant,
1388 5131 1478 5199 qui
1512 5138 1566 5185 et
1596 5128 1790 5197 Karei,
1817 5132 1899 5186 vel
1933 5130 2169 5184 Karaitm

568 5201 639 5278 ab
666 5198 940 5278 ﬂebraico
988 5201 1155 5256 verbo
1181 5204 1296 5278 δέἾὲ
1342 5198 1739 5278 nuncupantur.
1771 5204 1840 5278 _E
1887 5203 2167 5278 contrario

572 5268 894 5343 Rabbanitas
945 5282 1142 5343 vocant
1189 5268 1501 5327 Pliarisaaos
1530 5268 1614 5327 ’ab
1648 5274 1820 5329 Ellele
1847 5283 2024 5338 ortos,
2073 5275 2163 5343 qui

546 5351 836 5416 pra-terea
870 5342 1244 5416 Rabbinorum
1287 5357 1352 5396 ac
1385 5343 1607 5416 Patrum
1639 5348 1856 5416 scriptis
1889 5344 2048 5416 tidem
2071 5342 2165 5398 ad-

615 5414 847 5469 iberent.
901 5414 1418 5485 anulentissilnum
1465 5415 1519 5485 in
1563 5415 1702 5485 hanc
1754 5413 1871 5471 rem
1917 5413 2167 5485 Origenis

566 5485 941 5540 testimonium
965 5497 1050 5541 est
1071 5495 1230 5539 tract.
1253 5483 1328 5537 24
1350 5487 1401 5538 in
1427 5484 1758 5540 Mattltaeum.
1779 5487 1882 5553 Qui
1909 5503 2009 5539 non
2024 5483 2168 5539 rece-

569 5554 699 5609 dunt
729 5571 762 5610 α
780 5559 953 5612 littera
983 5557 1138 5629 Legis
1161 5596 1178 5623 ,
1233 5568 1432 5629 εςιιιβε
1455 5557 1730 5611 dicuntur:
1749 5559 1840 5628 qui
1867 5567 2036 5629 autem
2057 5573 2169 5610 ma-

567 5629 651 5693 ius
671 5629 874 5690 aliquid
901 5625 1223 5700 proﬁtEntes,
1253 5625 1488 5679 dividant
1517 5629 1729 5700 seipsos,
1760 5625 1908 5700 quasi
1929 5625 2167 5684 meliores

569 5714 603 5750 α
628 5699 824 5761 multis,
853 5696 1134 5753 secundum
1157 5696 1259 5752 hoc
1286 5711 1546 5753 ruanism
1578 5696 1842 5755 dicuntur.

644 5779 666 5806 ο
692 5768 769 5824 De
807 5768 980 5824 Akiba
1032 5770 1156 5826 vide
1209 5781 1332 5832 quae
1360 5771 1594 5824 diximus
1627 5771 1680 5826 in
1719 5787 1839 5832 cap.
1886 5769 1922 5825 4
1948 5769 2162 5828 Comm.

563 5839 621 5895 in
677 5838 1051 5898 Ecclesiasten
1083 5857 1140 5912 p.
1173 5837 1311 5909 424,
1345 5851 1480 5907 ηοι.,
1517 5841 1607 5898 ubi
1659 5853 1715 5900 et
1763 5837 2022 5897 Baralo'ba
2049 5885 2064 5911 ,
2111 5855 2166 5901 et

2265 3212 2385 3250 men
2415 3193 2592 3251 Vatic.
2621 3195 2825 3259 aspirat
2851 3194 3043 3260 Mehir,
3075 3193 3200 3249 vide
3221 3209 3343 3248 cum
3369 3192 3558 3263 primis
3581 3189 3859 3246 Jachasin.

2262 3268 2529 3333 Corrupte
2561 3267 2652 3322 alii
2681 3265 2908 3331 Machir,
2939 3276 3031 3320 aut
3054 3267 3211 3320 Achir
3239 3267 3446 3332 legunt.
3480 3263 3636 3318 Circa
3657 3279 3859 3318 annum

2261 3338 2460 3395 Christi
2491 3339 2596 3396 150
2628 3337 2862 3392 traditur
2893 3337 3115 3392 abiisse.
3145 3337 3246 3406 Qui
3287 3337 3636 3405 subsequitur
3659 3333 3863 3406 Johan-

2261 3427 2380 3464 nam
2416 3412 2532 3465 sive
2575 3406 2884 3478 Jochanan,
2916 3410 3058 3479 ﬁlius
3087 3405 3276 3465 Saccai
3318 3409 3396 3478 (in
3431 3407 3604 3462 Vatic.
3642 3405 3862 3478 Zachei)

2262 3483 2461 3537 cbarus
2487 3481 2614 3537 Tito
2641 3478 2955 3550 imperatori
2981 3483 3110 3547 fuit,
3137 3490 3275 3537 teste
3297 3481 3364 3535 Β.
3388 3479 3663 3536 Abraham
3691 3481 3745 3534 in
3771 3478 3862 3536 lib.

2261 3551 2539 3609 Cabbalaa.
2587 3555 2875 3608 Proximus
2905 3551 3108 3609 Eliezer
3141 3555 3391 3608 fortassis
3418 3552 3506 3608 ille
3528 3562 3652 3616 est,
3705 3567 3862 3617 quem

2262 3626 2572 3689 disputasse
2593 3627 2662 3680 de
2690 3625 2840 3681 Orali
2870 3625 3014 3695 Lege
3039 3640 3162 3681 cum
3196 3627 3259 3679 Β.
3295 3624 3577 3680 .Incbanan
3603 3622 3865 3679 discimus

2263 3711 2330 3752 ex
2359 3696 2577 3753 Jalkutb
2608 3697 2675 3753 ad
2707 3696 2883 3753 Exod.
2917 3713 3102 3759 xxxiv,
3124 3697 3216 3752 27.

2336 3765 2360 3805 δ
2394 3769 2668 3825 Hactenus
2697 3770 2961 3838 scriptum
3015 3781 3099 3824 est
3128 3766 3403 3838 Delphon,
3436 3766 3864 3825 contradicenti-

2263 3839 2365 3896 bus
2395 3857 2526 3895 lllSS.
2561 3849 2674 3896 tum
2703 3843 2908 3896 nostris
2932 3883 2946 3906 ,
2983 3850 3094 3896 tum
3150 3843 3348 3910 quibus
3375 3839 3491 3908 ipse
3524 3839 3864 3895 Martiaiiznus

2265 3927 2398 3983 usus
2425 3921 2547 3966 est:
2598 3915 2686 3981 qui
2739 3911 2974 3978 Telphon
3026 3921 3348 3968 constanter
3380 3914 3588 3983 legunt.
3642 3912 3727 3967 Ad
3757 3913 3866 3966 hinc

2265 3981 2508 4056 Delplton
2533 3985 2721 4039 nullus
2753 3985 2897 4053 apud
2929 3983 3147 4040 Jndmos
3171 3981 3472 4053 scriptores
3493 3984 3789 4056 reperitur,
3818 3992 3868 4036 et

2266 4055 2533 4124 siquidem
2561 4057 2720 4111 liceat
2750 4057 2854 4111 levi
2882 4058 3041 4110 unius
3067 4057 3346 4115 litterulae.
3372 4072 3492 4126 qua:
3520 4055 3772 4125 ejusdem
3792 4065 3868 4110 est

2266 4128 2477 4197 organi.
2512 4131 2815 4183 mutatione
2841 4126 3118 4198 Tlierphon
3152 4128 3489 4190 rescribere.
3517 4129 3867 4195 quemadmo-

2267 4198 2394 4252 dum
2439 4209 2488 4253 et
2535 4200 2762 4255 Drnsius
2802 4199 3141 4269 coniecerat,
3190 4199 3302 4268 jam
3349 4199 3610 4270 expedita
3645 4215 3738 4255 res
3762 4200 3864 4253 sit:

2266 4274 2431 4355 ῙῈἾῸ
2459 4270 2748 4340 Tharphon
2774 4273 2994 4343 quippe,
3032 4281 3091 4326 ut
3123 4271 3296 4327 Judaei
3331 4274 3714 4341 pronuntiant,
3751 4287 3867 4326 ver-

2269 4363 2522 4418 naculum
2551 4377 2747 4418 nomen
2773 4363 3098 4419 Hebraicum
3123 4361 3226 4428 e'st,
3259 4364 3515 4434 idemque
3538 4372 3760 4434 putatur
3788 4373 3864 4418 at-

2271 4450 2376 4518 que
2407 4434 2561 4518 illud,
2591 4435 2735 4518 quod
2765 4437 3022 4518 scribitur
3048 4435 3242 4518 _Gr:ece_
3264 4439 3497 4512 Τρύφων.
3527 4435 3868 4518 Αιίιριοβάεο

2191 4521 2240 4581 ι)
2270 4507 2641 4581 opinati_snnt
2665 4507 2809 4561 docti
2853 4507 2994 4570 viri,
3047 4508 3192 4564 hunc
3231 4507 3406 4577 ipsum
3445 4523 3577 4581 esse
3620 4507 3868 4581 Juda'nm

2267 4578 2420 4632 illum
2479 4578 2872 4650 Tryphonem,
2941 4595 3104 4649 quem
3164 4590 3356 4635 c0ntra
3424 4580 3652 4635 disserit
3703 4579 3862 4635 Justi-

2267 4665 2372 4704 nus
2403 4661 2608 4719 martyr
2639 4652 2692 4721 in
2749 4651 2992 4721 Dialogo.
3041 4651 3158 4719 Qua
3198 4652 3267 4706 de
3295 4667 3353 4707 re
3385 4661 3441 4706 ut
3475 4652 3610 4706 nihil
3643 4653 3871 4707 delinire

2267 4723 2468 4795 ausim,
2487 4722 2567 4776 sic
2586 4720 2830 4795 pr'olecto
2855 4720 3079 4795 minimc
3100 4732 3369 4794 repugnat
3388 4733 3692 4795 temporum
3713 4734 3869 4795 nnt_a:

2271 4807 2396 4866 nam
2430 4793 2779 4866 Tryptmnem
2806 4793 2997 4848 Akibte
3026 4792 3196 4850 fuisse
3225 4792 3514 4866 collegam,
3547 4796 3762 4851 Auctor
3779 4792 3872 4849 Ju-

2268 4864 2545 4929 cliasin,et
2569 4865 2926 4920 Maimonides
2957 4867 3214 4922 tradunt:
3245 4864 3472 4922 Akibam
3503 4883 3636 4923 vero
3659 4869 3714 4922 in
3751 4869 3873 4921 Bar-

2269 4937 2490 4990 cocebze
2521 4936 2796 4991 seditione
2818 4938 3022 4992 obiisse
3053 4939 3188 4992 circ.
3225 4954 3316 4992 an.
3349 4939 3557 4993 Christi
3591 4941 3716 5003 120,
3741 4949 3794 4994 et
3815 4936 3869 4994 S.

2270 5004 2544 5080 Justinnm
2564 5023 2653 5061 an.
2678 5008 2781 5062 156
2801 5011 3121 5080 martyrium
3145 5011 3382 5064 subiisse
3401 5021 3742 5080 compertum
3770 5021 3870 5066 est.

2271 5077 2486 5147 Suppar
2511 5094 2724 5149 quoque
2759 5080 2821 5133 ll.
2845 5077 3057 5147 Akibze,
3091 5089 3149 5134 ut
3174 5093 3394 5136 conSIat
3430 5099 3496 5135 ex
3530 5077 3682 5137 ’Bava
3716 5080 3874 5137 Kom-

2271 5165 2376 5213 ma,
2409 5164 2530 5218 cap.
2563 5151 2625 5218 8,
2695 5151 2786 5220 qui
2815 5151 3171 5225 subsequitur
3209 5151 3688 5225 Jasetholilazus
3735 5154 3870 5208 fuit:

2270 5234 2600 5290 quamquam
2657 5238 2755 5292 pro
2800 5220 3012 5295 Iosephi
3043 5220 3350 5296 legendutn'
3380 5224 3508 5280 lose
3528 5266 3545 5288 ,
3571 5227 3708 5282 satis
3750 5241 3872 5282 eru-

2271 5311 2381 5367 dite
2402 5313 2496 5368 alii
2518 5315 2715 5370 velint:
2733 5315 2997 5372 Hebraice
3019 5318 3187 5373 etiam
3213 5329 3300 5373 est
3322 5296 3496 5378 ἡῦλη
3514 5323 3634 5376 Ὃν.
3657 5319 3875 5375 Postre-

2272 5399 2392 5465 mus
2418 5401 2628 5465 ,‘qnem
2679 5389 2766 5465 hic
2796 5389 3048 5465 absolute
3089 5389 3252 5465 εἴρεαι
3302 5391 3674 5465 Hieronymus
3695 5402 3872 5456 vocat,

2272 5455 2324 5532 in
2350 5455 2659 5532 Jndaéorum
2701 5459 2854 5514 libris
2892 5461 3094 5516 dicitur
3122 5460 3290 5518 Josua
3318 5463 3413 5518 ben
3440 5455 3737 5532 Chunuuia,
3769 5455 3874 5519 dis?

2271 5523 2481 5596 cipulus
2511 5528 2789 5585 Jochanan
2814 5531 2917 5586 ben
2941 5532 3148 5588 Saccai.

2345 5610 2367 5681 ξ’
2400 5602 2572 5681 Annis
2599 5603 2810 5657 scilicet
2827 5603 2959 5681 _plu_s
2992 5605 3173 5659 minus
3217 5605 3489 5681 triginta,
3521 5617 3586 5663 ut
3612 5607 3870 5664 diximus.

2273 5667 2478 5752 Prioris
2507 5688 2672 5752 porro
2700 5667 2943 5752 magistri
2981 5681 3184 5733 nomen
3217 5667 3874 5752 Hiaronfinterpretatur

2271 5744 2423 5811 quasi
2456 5759 2484 5798 a
2515 5749 2696 5813 DDW,
2737 5747 2880 5815 quod
2909 5758 2991 5802 est
3013 5760 3249 5818 vastare,
3299 5744 3872 5820 ducereturfalterius

2271 5845 2436 5916 paulo
2462 5845 2774 5918 violentius,
2807 5849 2960 5920 quasi
2989 5866 3019 5907 a
3044 5833 3157 5924 ὅτι,
3185 5853 3482 5925 profanum.
