4052 6494
256 318 370 377 121

808 320 1469 382 COMMENTARIORUM
1510 322 1578 381 IN
1617 323 1853 385 ISAIAM
1894 326 2316 388 PROPIIETAM
2357 331 2491 389 LIB.
2532 332 2822 392 III.-CAP.
2866 334 3003 395 VIII.

3461 340 3567 398 I22

258 436 549 494 doctrinas
589 436 965 510 interpretari.
1031 438 1186 497 Unde
1213 438 1485 512 Pr0pheta
1529 443 1811 515 respondit
1837 464 1852 502 :
1884 449 1939 514 Α
1961 444 2445 518 deponitveterem
2475 448 2782 519 hominem,
2816 452 2908 522 qui
2939 452 3313 527 corrumpitur
3337 456 3391 513 in
3423 455 3571 515 desi-

256 533 391 605 quia
416 531 708 604 Evangelio
736 532 1093 607 succedente.
1117 534 1229 592 Lex
1256 534 1397 607 apud
1419 534 1643 593 Judaeos
1675 537 1858 594 clausa

253 636 346 683 est
367 636 530 697 atque
560 629 772 699 signata
796 671 813 695 ,
844 636 899 684 et
917 628 1082 698 jubes
1109 643 1228 684 eam
1253 643 1595 700 nequaquam
1629 629 1857 698 Judaeis,

247 718 353 774 sed
380 719 631 791 gentibus
659 718 925 791 assignari
955 738 968 774 :
1000 718 1206 777 idcirco
1225 735 1326 793 ego
1356 722 1691 793 exspectabo
1727 722 1858 779 Em-

247 812 571 868 manuelem
598 852 614 878 ,
657 827 818 884 quem
848 813 1120 884 promittis
1146 829 1271 870 esse
1300 823 1609 883 venturum,
1658 816 1726 872 de
1752 833 1861 888 quo

242 918 419 977 supra
442 903 652 973 dixisti,
676 905 823 977 quod
854 906 971 976 ipse
997 905 1068 961 sit
1094 922 1261 976 pavor
1290 917 1500 974 noster,
1525 918 1579 964 et
1610 908 1726 980 ipse
1755 921 1862 965 ter-

244 1015 347 1056 ror
370 1012 582 1069 noster,
612 1010 667 1058 et
691 1001 848 1057 nobis
883 1003 953 1057 sit
983 1004 1035 1057 in
1065 1002 1592 1072 sanctiﬁcationem;
1628 1013 1683 1061 et
1713 1019 1858 1076 pra:-

243 1094 500 1151 stolnbor
518 1096 807 1152 Dominum
822 1096 1425 1168 quiabseonditl'aeiem
1457 1113 1610 1154 suam
1640 1114 1671 1155 a
1695 1098 1860 1156 domo

242 1188 444 1259 Jacob,
471 1191 576 1247 hoc
603 1199 712 1259 est,
737 1206 767 1246 a
798 1190 1028 1259 Iudaeis,
1085 1192 1213 1264 quia
1237 1208 1360 1250 eum
1389 1193 1637 1265 recipere
1664 1195 1858 1250 nolue-

248 1290 407 1340 runt.
456 1281 605 1339 LXX
636 1282 781 1340 hunc
808 1283 988 1340 locum
1038 1284 1111 1340 ita
1137 1285 1477 1357 interpretati
1505 1294 1673 1342 sunt:
1717 1284 1859 1341 Tunc

246 1376 523 1439 manifesti
568 1385 718 1431 erunt
748 1377 837 1448 qui
867 1378 1159 1452 signantur,
1218 1386 1273 1434 ut
1306 1394 1407 1433 non
1434 1377 1635 1434 discant
1672 1378 1855 1447 legem.

246 1468 414 1539 Quod
438 1469 584 1526 hunc
604 1486 824 1527 sensum
845 1470 1030 1541 habet,
1049 1472 1267 1544 quando
1288 1473 1588 1531 ceciderint
1615 1474 1857 1545 plurimi,

245 1571 303 1620 et
330 1564 561 1620 contriti
592 1563 829 1629 fuerint,
887 1572 944 1622 et
973 1565 1299 1639 impegerint
1328 1567 1384 1623 in
1416 1566 1649 1639 lapidem
1687 1566 1859 1624 offen-

242 1657 455 1724 sionis,
508 1667 564 1714 et
602 1658 656 1713 in
684 1671 891 1730 petram
920 1660 1195 1730 scandali,
1227 1668 1357 1717 tunc
1390 1662 1661 1718 manifesti
1697 1670 1859 1719 erunt

245 1752 341 1824 qui
380 1752 664 1823 signantur
694 1754 748 1809 in
775 1754 997 1826 populo,
1043 1766 1101 1811 ut
1147 1771 1487 1829 nequaquam
1538 1758 1751 1814 discant
1780 1758 1860 1814 lc-

243 1858 380 1915 gem
409 1843 609 1911 Mosis;
652 1845 747 1903 sed
779 1846 1039 1903 obediant
1080 1851 1369 1921 praeceptis
1397 1852 1746 1922 evangelicis.

317 1936 511 2006 (Vers.
545 1938 661 2011 I8.)
693 1938 825 1995 Ecce
843 1958 935 2013 ego
960 1951 1009 1996 et
1048 1945 1197 2011 pueri
1227 1944 1327 1998 mei
1349 1985 1366 2012 ,
1407 1961 1535 2016 quos
1562 1944 1701 1999 dedit
1729 1944 1857 2000 mihi

245 2030 512 2085 Dominus
559 2032 613 2087 in
640 2032 789 2106 signa
819 2041 973 2100 atque
1029 2043 1268 2105 portenta
1317 2033 1553 2103 Isi-uelis,
1577 2054 1608 2092 a
1630 2035 1856 2092 Domino

243 2127 575 2180 exercituum
600 2126 689 2198 qui
717 2126 914 2182 habitat
936 2129 990 2183 in
1019 2138 1191 2184 monte
1220 2129 1372 2185 Sion.
1403 2129 1668 2202 Prmcepit
1698 2129 1854 2196 mihi,

246 2218 324 2274 ait
352 2203 654 2287 Domiiius,
689 2232 747 2277 ut
789 2221 1014 2293 ligarem
1063 2225 1435 2282 teStimonium
1464 2225 1518 2281 in
1546 2225 1770 2292 Iudaeis,
1802 2235 1859 2284 et

245 2315 430 2387 legem
462 2314 751 2387 discipulis
782 2317 901 2388 ejus
934 2317 1209 2375 traderem
1232 2329 1392 2390 atque
1420 2321 1857 2391 signarem,quia

241 2410 635 2467 abscondisset
659 2410 855 2468 faciem
884 2428 1039 2469 suam
1067 2428 1096 2467 a
1117 2413 1282 2469 domo
1303 2412 1473 2470 Jacob
1499 2433 1512 2470 :
1543 2412 1669 2471 ideo
1700 2415 1857 2488 125

247 2503 622 2575 prscstolabor
644 2521 792 2575 eum,
823 2516 876 2563 et
900 2508 1234 2576 exspectabo
1259 2508 1549 2564 Dominum
1571 2524 1775 2574 meum,
1803 2517 1858 2564 et

246 2613 359 2654 non
395 2600 569 2655 solum
598 2614 723 2672 ego,
752 2600 845 2656 sed
875 2609 930 2656 et
959 2601 1137 2672 pueri,
1171 2617 1308 2674 quos
1337 2601 1467 2657 mihi
1495 2601 1645 2657 dedit
1673 2601 1859 2658 Domi-

245 2709 385 2762 nus,
407 2694 500 2751 alii
518 2694 775 2752 videlicet
796 2698 1078 2768 prOpIietae
1102 2707 1158 2754 et
1188 2697 1284 2751 filii
1311 2697 1730 2768 prophetarum,
1762 2696 1854 2767 qui

246 2804 361 2844 non
415 2803 483 2845 ex
515 2790 797 2845 voluntate
839 2790 1022 2845 carnis
1048 2799 1105 2847 et
1152 2790 1474 2862 sanguinis,
1526 2789 1620 2845 sed
1649 2805 1721 2846 ex
1744 2790 1856 2846 Deo

248 2883 366 2939 nati
418 2893 546 2939 sunt
574 2882 759 2956 (Joan.
784 2899 824 2948 ι,
868 2883 979 2955 15).
1013 2884 1089 2941 De
1117 2883 1316 2956 quibus
1359 2893 1416 2942 et
1448 2883 1744 2954 Apostolus
1776 2882 1856 2938 lo—

246 2977 564 3048 quebatur:
596 2976 783 3034 Filioli
822 2981 953 3048 mei,
990 2995 1118 3051 quos
1167 2981 1353 3034 iterant
1392 2981 1649 3050 parturio,
1693 2979 1855 3034 donec

244 3070 494 3127 Christus
521 3073 773 3142 formetur
797 3074 853 3128 in
876 3074 1018 3128 vobis
1066 3072 1267 3144 (Galat.
1296 3089 1370 3139 tv,
1402 3073 1513 3145 I9).
1548 3073 1641 3131 Isti
1668 3084 1853 3130 autem

246 3164 431 3234 pueri,
461 3164 641 3232 idest,
675 3164 954 3238 pr0pbeta:
982 3209 997 3233 ,
1031 3166 1082 3221 in
1112 3167 1264 3239 signa
1281 3167 1392 3222 dati
1417 3175 1543 3221 sunt
1570 3175 1628 3223 et
1649 3168 1701 3224 in
1731 3183 1851 3238 por.

1965 538 2137 596 deriis
2160 539 2495 598 seductionis
2515 586 2529 611 ,
2590 552 2644 599 et
2674 542 2916 601 induitur
2948 561 3112 614 novo,
3138 548 3230 620 qui
3264 560 3564 609 renovatur

1965 630 2020 687 in
2053 632 2419 705 cognitionem
2441 634 2595 706 juxta
2623 635 2918 708 imaginem
2950 636 3249 697 Creatoris.
3305 642 3563 701 llabitare

1963 736 2143 780 autem
2193 725 2481 782 Dominum
2512 724 2851 785 chrcituum
2884 731 2938 786 in
2971 741 3159 788 munte
3184 732 3316 790 Sion
3343 776 3359 803 ,
3412 734 3558 792 idem

1964 819 2257 889 Apostolus
2286 821 2508 876 scribit:
2535 824 2838 879 Accessistis
2863 826 2934 881 ad
2956 837 3179 883 montem
3207 827 3339 884 Sion
3363 838 3411 884 et
3439 830 3567 885 civi-

1965 921 2119 967 tatem
2149 910 2245 967 Dei
2272 914 2507 981 viventis,
2536 912 2831 972 Jerusalem
2852 919 3105 974 caelestem
3125 919 3311 994 (Hebr.
3329 920 3561 995 xuﬂﬁ).

1964 1006 2119 1064 Unde
2150 1007 2319 1063 miror
2340 1009 2635 1080 quemdam
2666 1023 2977 1068 nosuorum
2996 1055 3010 1079 ,
3045 1028 3244 1085 pueros
3268 1015 3400 1071 istos
3426 1016 3565 1071 duos

1963 1100 2112 1157 Isaize
2137 1101 2278 1158 ﬁlios
2307 1103 2634 1175 intelligere,
2664 1121 2802 1177 quos
2830 1106 2899 1162 de
2930 1107 3293 1178 prophetissae
3314 1108 3563 1164 mulieris

1962 1199 2324 1270 conceptione
2377 1199 2673 1270 getierarit,
2732 1199 2900 1257 Jasub
2940 1202 3209 1272 videlicet,
3266 1204 3565 1259 etEmma-

1963 1293 2133 1348 nuel:
2182 1307 2415 1364 quorum
2465 1296 2616 1366 prior
2661 1293 2716 1349 in
2748 1294 3057 1366 abjectione
3102 1296 3301 1367 prioris
3349 1296 3563 1369 populi,

1968 1384 2127 1458 126
2148 1401 2390 1458 sequens
2418 1386 2471 1442 iu
2500 1388 2873 1458 assumptione
2910 1390 3155 1461 gentium
3190 1374 3558 1462 prcecesserit.

1960 1480 2116 1549 Quod
2146 1481 2237 1553 qui
2271 1482 2482 1552 recipit,
2534 1492 2937 1554 consequenter
2962 1494 3017 1539 et
3064 1483 3205 1541 Osee
3238 1482 3557 1557 prephetam

1960 1591 2090 1633 vere
2118 1576 2460 1633 meretricem
2487 1592 2713 1634 uxorem
2742 1578 2994 1635 habuisse
3019 1578 3276 1635 firmabit.

2034 1669 2212 1743 (Vers.
2246 1668 2313 1725 I9
2340 1669 2523 1743 seqq.)
2556 1670 2626 1727 Et
2653 1688 2769 1727 cum
2795 1672 3020 1728 dixerint
3049 1672 3117 1729 ad
3147 1689 3254 1738 vos,
3276 1673 3494 1746 quaerite
3518 1690 3553 1729 a

1962 1763 2287 1836 Pgthonibus
2313 1775 2361 1820 et
2385 1782 2419 1819 a
2446 1764 2657 1832 divinis,
2680 1767 2767 1837 qui
2792 1767 3012 1822 strident
3038 1768 3096 1822 in
3126 1767 3563 1825 incantationibus

1887 1867 1934 1929 Β
1960 1860 2085 1925 suis,
2116 1861 2366 1933 numquid
2386 1878 2491 1916 non
2516 1860 2740 1934 papulas
2771 1879 2801 1916 a
2831 1861 2942 1917 Deo
2970 1879 3067 1917 suo
3086 1864 3304 1934 requirit
3325 1878 3421 1937 pro
3440 1863 3564 1919 vivis

1959 1971 1990 2008 a
2020 1957 2282 2011 mortuis?
2310 1954 2393 2009 Ad
2420 1956 2583 2027 legem
2627 1956 2793 2027 magis
2833 1965 2883 2009 et
2918 1956 2988 2011 ad
3016 1956 3387 2011 testimonium.
3416 1957 3569 2024 Quod

1957 2048 2003 2104 si
2032 2063 2137 2101 non
2164 2047 2392 2103 dixerint
2414 2050 2574 2118 juxta
2603 2047 2810 2102 verbum
2845 2046 2973 2116 hoc,
3013 2064 3117 2102 non
3150 2047 3225 2103 eis
3257 2048 3354 2102 erit
3394 2058 3565 2104 matu-

1959 2140 2069 2194 tina
2091 2140 2202 2194 lux.
2226 2137 2293 2193 Et
2322 2139 2563 2194 transibit
2591 2156 2683 2211 per
2702 2155 2817 2194 eam
2841 2155 2860 2194 :
2880 2149 3121 2208 corruet,
3160 2148 3208 2194 et
3243 2140 3430 2196 esuriat
3463 2157 3482 2195 :
3514 2150 3564 2198 et

1958 2248 2077 2287 cum
2103 2232 2366 2300 esurierit,
2397 2232 2672 2297 irascetur,
2697 2242 2746 2287 et
2774 2230 3045 2288 maledicet
3074 2233 3183 2305 regi
3210 2248 3337 2299 suo,
3368 2240 3418 2287 et
3449 2230 3566 2287 Deo

1957 2342 2074 2380 suo.
2099 2324 2163 2380 Et
2185 2325 2430 2391 suspiciet
2460 2342 2705 2393 sursum,
2734 2334 2781 2381 et
2824 2328 2893 2381 ad
2934 2336 3125 2382 terram
3162 2326 3474 2395 intuebitur,
3515 2335 3565 2383 et

1958 2436 2074 2476 ecce
2095 2420 2359 2475 tribulatio
2384 2431 2429 2476 et
2460 2420 2700 2487 tenebrae,
2722 2419 3017 2486 dissolutio,
3042 2422 3301 2495 angustia,
3323 2429 3373 2475 et
3392 2420 3564 2494 caligo

1957 2528 2264 2584 persequens
2283 2528 2303 2567 :
2323 2522 2370 2566 et
2408 2528 2511 2566 non
2551 2513 2738 2581 poterit
2769 2513 2975 2567 avolare
3005 2511 3071 2567 de
3091 2512 3333 2584 angustia
3352 2527 3470 2566 sua.
3501 2509 3563 2567 Si

1959 2606 2112 2664 Isaia:
2144 2606 2426 2678 prophetae
2466 2622 2572 2662 vox
2617 2616 2734 2671 est,
2766 2616 2825 2662 ut
2854 2606 3028 2661 Judaei
3072 2607 3346 2661 aestimant
3377 2623 3391 2659 :
3425 2602 3563 2661 Ecce

1958 2717 2051 2775 ego
2081 2711 2126 2755 et
2145 2702 2294 2772 pueri
2326 2701 2447 2766 mei,
2480 2717 2606 2769 quos
2642 2699 2769 2754 mihi
2796 2699 2938 2753 dedit
2966 2698 3225 2753 Dominus
3263 2698 3317 2752 in
3353 2697 3561 2771 signum

1958 2804 2006 2848 et
2035 2794 2087 2847 in
2115 2802 2405 2864 portentum
2428 2790 2676 2857 Israelis;
2708 2801 2764 2847 et
2790 2792 2906 2846 haec
2935 2806 3056 2863 quae
3087 2798 3412 2862 sequuntur,
3445 2792 3562 2862 ipse

1957 2885 2026 2941 ad
2068 2883 2371 2953 discipulos
2400 2898 2529 2940 suos
2557 2882 2871 2939 credendus
2900 2892 2983 2939 est
3010 2884 3221 2939 dicere.
3244 2878 3377 2936 Cum
3408 2881 3566 2935 dixe-

1957 2979 2090 3047 rint,
2123 2978 2320 3048 inquit,
2343 2976 2410 3033 ad
2438 2992 2534 3033 vos
2567 2988 2763 3048 gentes
2792 2988 2847 3032 ct
2876 2976 3090 3047 populi,
3131 2974 3201 3031 de
3231 2974 3434 3045 quibus
3464 2986 3561 3029 su-

1956 3090 2053 3145 pra
2094 3075 2298 3131 lectum
2333 3082 2419 3130 est
2459 3092 2473 3130 :
2510 3072 2897 3145 Inﬁrmamini,
2930 3072 3141 3146 populi,
3172 3081 3222 3126 et
3260 3070 3562 3137 vincimini;

1955 3168 2085 3240 quid
2117 3166 2412 3239 prophetas
2437 3166 2602 3222 vultis
2631 3166 2841 3232 audire,
2877 3165 3007 3237 quid
3047 3164 3202 3221 Isaia:
3232 3162 3416 3219 verbis
3456 3162 3559 3219 de-

247 3266 403 3313 tenta
432 3257 636 3323 lsraeli,
662 3258 815 3327 juxta
847 3258 980 3315 illud
1008 3259 1154 3331 quod
1188 3261 1241 3315 in
1275 3259 1558 3316 Ezechiele
1588 3260 1851 3331 legimus:
1882 3268 1928 3330 ε
1960 3259 2227 3330 cipimini,
2260 3269 2315 3316 et
2359 3260 2511 3315 illum
2545 3262 2750 3331 putatis
2783 3274 2903 3331 qua:
2937 3269 3164 3314 ventura
3201 3267 3330 3313 sunt
3362 3255 3562 3311 nosse?

246 3350 316 3406 Et
349 3352 452 3407 erit
484 3352 724 3408 Ezechiel
748 3353 890 3410 vobis
921 3354 974 3409 in
1003 3355 1208 3426 signum
1231 3355 1447 3428 (Ezeelt.
1479 3373 1626 3424 xxrv,
1651 3357 1763 3431 2i).
1796 3357 1853 3414 In

250 3444 519 3519 Zacharia
546 3462 763 3520 quoque
790 3449 961 3504 sancti
994 3447 1129 3516 viri,
1163 3448 1658 3522 proplietarumque
1688 3449 1857 3507 disci-

247 3541 360 3614 puli
394 3544 789 3620 τερατοσκόποι.
814 3543 868 3599 id
897 3552 1004 3611 est,
1032 3553 1413 3615 portentorum
1468 3543 1855 3617 signorumque

249 3647 274 3674 η
303 3649 651 3709 spectatores
667 3640 1035 3710 appellantur,
1057 3654 1125 3696 eo
1152 3640 1299 3710 quod
1318 3653 1537 3710 semper
1566 3639 1855 3710 PrOpbette

248 3732 303 3786 in
357 3732 576 3803 signum
623 3733 1005 3804 praecesserint
1058 3733 1357 3789 futurorum
1400 3733 1587 3808 (Zach.
1622 3750 1702 3799 nt,
1738 3734 1849 3807 I6).

249 3824 369 3881 Hoc
416 3826 634 3882 interim
662 3826 817 3897 juxta
860 3826 1123 3882 litteram.
1163 3825 1437 3883 Cancrum
1475 3828 1669 3884 beatus
1710 3831 1855 3899 Apo-

243 3918 434 3976 stolus
462 3919 516 3974 in
549 3918 817 3989 Epistula,
847 3935 970 3991 quae
990 3919 1056 3975 ad
1085 3919 1350 3977 Hebraeos
1371 3921 1664 3989 scribitur,
1694 3922 1857 3980 docet

246 4011 407 4084 (licet
434 4027 557 4070 eam
579 4012 772 4069 Latina
803 4014 1147 4070 consuetudo
1173 4014 1316 4071 inter
1342 4015 1645 4071 Canonicas
1673 4014 1856 4088 Scrip-

246 4113 403 4161 turas
427 4121 536 4161 non
570 4106 819 4178 recipiat)
855 4105 958 4163 boc
991 4108 1364 4163 testimonium
1396 4123 1462 4164 ex
1493 4123 1724 4179 persona
1761 4108 1854 4166 de-

206 4197 385 4256 Obere
430 4199 658 4273 inteiligi
714 4200 924 4256 Domini
975 4199 1294 4258 Salvatoris.
1354 4200 1697 4269 Quamobrem
1752 4218 1853 4258 non

243 4290 501 4347 erubescit
531 4295 721 4366 fratres
750 4309 838 4348 eos
869 4310 1084 4362 vocare,
1117 4294 1292 4350 dicens
1320 4312 1338 4349 :
1374 4295 1712 4351 Annuntiabo
1760 4314 1854 4352 no-

242 4400 362 4440 men
394 4395 538 4441 tuum
566 4388 818 4458 fratribus
849 4387 973 4441 meis
1000 4428 1014 4453 ,
1062 4388 1116 4442 in
1146 4386 1315 4442 medio
1344 4385 1599 4443 Ecclesia:
1626 4386 1854 4445 laudabo

247 4485 299 4532 te
318 4475 516 4549 (Hebr.
550 4492 610 4543 ll,
647 4475 772 4550 I2);
826 4477 890 4533 Et
940 4478 1179 4534 iterum:
1234 4477 1350 4551 Ego
1377 4495 1464 4534 ero
1507 4481 1772 4551 conﬁdens
1798 4480 1853 4534 in

241 4586 363 4625 eum
401 4569 592 4642 (lbid.,
627 4570 715 4642 I5)
742 4587 758 4638 ;
798 4580 857 4627 et
900 4586 1117 4628 rursum
1151 4589 1163 4625 :
1194 4569 1330 4627 Ecce
1355 4587 1448 4644 ego
1476 4582 1525 4627 et
1556 4572 1704 4643 pueri
1731 4571 1851 4639 mei,

1956 3357 2199 3425 Quaerite
2222 3356 2397 3428 magis
2426 3371 2458 3412 a
2484 3354 2825 3428 Pythonibus
2847 3396 2861 3420 ,
2895 3362 2953 3409 et
2981 3369 3011 3408 a
3051 3352 3279 3417 divinis,
3314 3349 3405 3418 qui
3430 3348 3560 3421 stri-

1955 3448 2087 3505 dent
2116 3451 2167 3504 in
2209 3447 2667 3504 incantationibus
2697 3448 2828 3502 suis.
2857 3446 2964 3502 Pio
2989 3446 3188 3517 quibus
3210 3441 3357 3500 LXX
3388 3443 3559 3499 inter-

1956 3544 2155 3616 pretati
2184 3554 2341 3600 sunt:
2367 3544 2470 3613 Qui
2492 3543 2556 3598 de
2582 3551 2718 3597 terra
2738 3541 3046 3615 loquuntur,
3069 3540 3160 3610 qui
3188 3539 3250 3594 de
3268 3548 3441 3593 ventre
3461 3536 3570 3592 cla-

1956 3640 2160 3695 mitant.
2209 3636 2402 3694 Ontnis
2451 3636 2618 3704 enim,
2671 3636 2763 3707 qui
2813 3635 2884 3691 de
2937 3645 3081 3691 terra
3136 3640 3246 3699 est,
3293 3630 3360 3687 de
3411 3638 3562 3686 terra

1955 3734 2197 3806 loquitur
2223 3731 2407 3806 (Joan.
2433 3747 2516 3798 tu,
2546 3731 2659 3801 51).
2684 3730 2755 3785 Et
2780 3730 2937 3800 cujus
2968 3728 3113 3784 Deus
3142 3734 3339 3783 venter
3369 3734 3475 3794 cst,
3507 3733 3564 3781 et

1955 3828 2123 3897 gloria
2156 3827 2210 3881 in
2239 3826 2568 3882 confusione
2596 3827 2716 3896 ejus
2747 3824 2765 3896 (
2791 3822 2936 3877 Phil.
2972 3838 3028 3877 tu
3050 3865 3064 3887 ,
3102 3821 3201 3889 l9)
3230 3862 3244 3887 ,
3269 3820 3339 3876 de
3366 3830 3560 3875 ventre
3590 3856 3597 3863 κ

1956 3921 2193 3976 clamare
2236 3918 2546 3975 credendus
2583 3928 2687 3974 est.
2723 3917 2832 3972 Vos
2876 3914 3209 3986 respondete
3241 3915 3321 3969 eis
3343 3955 3360 3980 ,
3392 3925 3449 3970 et
3477 3913 3562 3968 di-

1956 4016 2064 4071 cite
2096 4032 2113 4071 :
2147 4013 2422 4086 Numquid
2461 4030 2563 4069 non
2606 4012 2830 4086 populus
2866 4028 2897 4064 a
2934 4008 3044 4064 Deo
3078 4024 3174 4064 suo
3204 4007 3422 4080 requirit
3464 4023 3560 4079 pro

1956 4108 2081 4162 vivis
2108 4124 2140 4161 a
2170 4107 2386 4161 mortuis
2411 4105 2436 4159 .9
2464 4104 2521 4161 Si
2554 4119 2683 4171 vos,
2711 4104 2913 4173 inquit,
2956 4115 3056 4172 pro
3087 4100 3349 4156 varietate
3380 4097 3557 4153 itlolo-

1958 4218 2077 4257 rum
2112 4208 2413 4256 vestrorum
2439 4198 2567 4273 (non
2599 4198 2745 4253 enim
2780 4212 2971 4264 unum,
3007 4194 3101 4251 scd
3125 4193 3311 4264 plures
3339 4191 3560 4248 habetis
3654 4192 3664 4201 ’

1956 4292 2120 4363 deos)
2152 4307 2248 4349 eos
2290 4293 2609 4357 consulitis,
2657 4306 2794 4361 quos
2845 4289 2979 4345 deos
3019 4285 3405 4353 arbitramini;
3437 4293 3494 4341 et
3525 4302 3556 4342 a

1957 4388 2187 4444 mortuis
2230 4387 2344 4442 sive
2385 4374 2722 4441 mortuorum
2767 4384 3051 4442 hominum
3095 4379 3444 4447 simulacris,
3488 4378 3559 4435 de

1956 4479 2267 4535 viventibus
2296 4479 2579 4547 quaeritis:
2614 4488 2819 4550 quanto
2857 4477 3025 4547 magis
3069 4488 3170 4528 nos
3214 4474 3381 4528 Deum
3425 4485 3556 4526 nos-

1959 4569 2099 4630 trqu
2153 4591 2249 4647 per
2304 4575 2604 4647 prophetas
2646 4573 2839 4629 audire
2889 4568 3197 4628 debemus?
3228 4567 3398 4625 Docet
3430 4585 3563 4641 ergo

240 4678 375 4733 quos
400 4663 531 4717 mihi
547 4662 692 4719 dedit
712 4663 873 4718 Deus.
899 4663 1166 4733 Quiaergo
1192 4666 1336 4736 pueri
1352 4664 1852 4719 communicaverunt
1882 4661 1933 4722 D
1958 4668 2286 4740 discipulos;
2317 4678 2372 4724 et
2399 4666 2565 4724 infert
2596 4665 2662 4721 ad
2707 4666 2879 4735 legem
2927 4662 3097 4733 magis
3126 4670 3177 4716 et
3211 4661 3279 4716 ad
3313 4662 3560 4718 teSIimo-

238 4756 391 4813 carni
414 4765 461 4810 et
487 4757 755 4829 sanguini,
792 4766 842 4812 et
872 4757 985 4825 ipse
1017 4757 1262 4812 similiter
1285 4754 1545 4829 particeps
1587 4759 1754 4827 factus
1776 4765 1850 4810 est

239 4850 539 4905 earumdem
568 4850 872 4922 passionum
894 4849 1050 4923 (lsai.
1072 4865 1184 4913 vni.
1214 4850 1325 4920 I8).
1355 4849 1642 4918 Quomodo
1668 4858 1847 4903 autem

238 4942 332 4999 isti
366 4945 520 5015 pueri
549 4944 602 4999 iu
632 4944 847 5015 signum
879 4940 1080 4999 fuerint
1099 4950 1265 5012 atque
1289 4951 1606 5014 portentum
1635 4942 1851 5012 sapien-

241 5038 331 5092 tiae
374 5038 567 5093 saeculi
607 5046 665 5094 et
692 5037 964 5106 superbia:
995 5035 1330 5103 Iudaeorum,
1377 5034 1521 5091 idem
1550 5034 1850 5105 Apostolus

239 5131 448 5189 docet:
509 5133 604 5204 qui
658 5131 892 5202 elegisse
946 5130 1082 5187 dicit
1131 5130 1417 5187 Dominum
1478 5130 1841 5195 Salvatorem,

241 5226 406 5281 stulta
434 5226 622 5281 mundi
665 5235 722 5281 et
776 5223 1017 5289 infirma,
1078 5233 1137 5278 ut
1164 5222 1528 5279 confunderet
1572 5222 1848 5293 sapientes

242 5328 299 5373 et
348 5319 507 5375 lortia
558 5318 604 5392 (ι
644 5316 764 5375 Cor.
797 5319 858 5390 ι).
899 5316 1055 5375 Unde
1083 5325 1140 5373 et
1166 5317 1232 5374 ad
1276 5318 1572 5389 Apostolos
1601 5316 1850 5373 Salvator

242 5412 464 5468 aiebat:
525 5411 648 5468 Nisi
676 5413 910 5468 com'ersi
938 5412 1144 5484 fueritis
1193 5412 1342 5482 quasi
1374 5428 1507 5466 unus
1551 5409 1615 5464 de
1651 5412 1847 5483 pueris,

243 5520 348 5560 non
373 5505 635 5561 intrabitis
678 5507 732 5561 in
790 5522 1007 5579 regnum
1035 5505 1282 5562 caelorum
1321 5502 1544 5579 (Matth.
1576 5519 1732 5571 xvttt,
1765 5505 1848 5577 3).

242 5596 390 5655 Puer
417 5611 599 5656 autem
632 5600 874 5657 efficitur
912 5601 1036 5657 novi
1071 5598 1352 5673 Evangelii
1378 5598 1726 5672 praedicator,
1761 5600 1852 5671 qui

316 5746 342 5775 ι
371 5736 668 5810 Perperam
715 5737 918 5810 Vatia,
970 5740 1342 5813 signorumque
1382 5740 1606 5810 factores
1650 5737 1834 5809 appel-

244 5810 476 5940 “ﬂio
502 5884 706 5944 somnia
735 5856 1023 5957 legehtluti't
1053 5884 1227 5946 omnia
1254 5867 1538 5942 contendit
1566 5880 1843 5939 Victorius

1956 4763 2134 4818 nium.
2167 4760 2222 4818 Si
2253 4761 2324 4818 de
2353 4763 2542 4833 aliquo
2564 4803 2577 4824 ,
2614 4758 2821 4829 inquit,
2862 4754 3125 4811 dubitatis
3146 4796 3160 4820 ,
3197 4752 3395 4809 scitote
3423 4755 3561 4811 scri-

1955 4864 2105 4927 ptum
2140 4874 2153 4910 :
2186 4854 2415 4922 Gentes,
2449 4868 2583 4924 quas
2610 4851 2898 4917 Dominus,
2935 4849 3078 4905 Deus
3108 4857 3232 4905 tuus
3267 4846 3557 4920 disperdet

1953 4966 1980 5003 a
2009 4950 2145 5005 facie
2173 4958 2283 5016 tua,
2309 4947 2337 4987 ι’
2368 4947 2580 5003 somnia
2613 4945 2838 5000 audiunt
2871 4953 2925 4998 et
2954 4942 3170 4999 divinos
3201 4959 3214 4997 :
3245 4941 3342 4997 tibi
3372 4952 3556 4997 autem

1954 5058 2061 5098 non
2102 5042 2179 5097 ita
2219 5039 2445 5096 tradidit
2486 5038 2756 5095 Dominus
2814 5038 2957 5093 Deus
3012 5046 3137 5091 tuus
3180 5053 3194 5090 :
3240 5034 3557 5109 PrOphetam
3648 5100 3656 5111 Δ

1963 5146 1983 5175 ε
2014 5134 2153 5191 vobis
2173 5133 2438 5190 suscitabit
2464 5132 2717 5187 Dominus
2745 5131 2884 5186 Deus
2907 5139 3070 5186 vester
3096 5129 3160 5185 de
3193 5129 3445 5201 fratribus
3469 5146 3554 5183 ve-

1951 5229 2094 5296 stris,
2124 5228 2253 5283 sicut
2280 5244 2383 5291 me,
2405 5225 2557 5282 illum
2580 5226 2801 5280 audietis
2830 5223 3024 5295 (Dent.
3057 5239 3210 5290 xvttt,
3244 5218 3367 5294 15).
3401 5221 3550 5278 Unde

1954 5322 1999 5377 si
2030 5320 2195 5376 vultis
2222 5334 2382 5376 nosse
2412 5318 2570 5392 127
2593 5335 2716 5387 qua:
2741 5317 2906 5372 dubia
2929 5324 3080 5383 sunt,
3108 5316 3283 5387 magis
3308 5328 3404 5370 vos
3426 5313 3554 5386 legi.

1953 5422 2007 5469 et
2036 5410 2364 5469 testimoniis
2393 5411 2589 5466 tradite
2613 5409 3041 5480 Seripturarum.
3078 5405 3235 5476 Quod
3275 5404 3322 5459 si
3366 5404 3558 5461 nolue-

1954 5505 2028 5561 rit
2046 5513 2225 5562 vestra
2252 5506 2608 5575 coogrcgatio
2637 5502 2866 5558 verbum
2899 5500 3114 5557 Domini
3146 5512 3422 5570 quaerere,
3447 5512 3554 5554 non

1960 5598 2182 5656 habebit
2211 5598 2389 5655 lucem
2423 5597 2674 5655 veritatis
2698 5612 2711 5650 :
2733 5596 2831 5653 sed
2856 5594 3161 5652 versabitur
3183 5591 3239 5649 in
3262 5606 3453 5650 errore
3474 5600 3557 5651 te-

1946 5751 2018 5794 ex
2044 5736 2452 5794 Deuteronomii
2485 5745 2655 5793 textu.

2030 5820 2052 5847 ε
2081 5808 2286 5876 Vatia,
2315 5808 2629 5880 Prophetam
2653 5810 2719 5864 de
2745 5808 2910 5878 vobis,
2933 5816 3043 5866 etc.
