4052 6480
512 336 618 394 1ἒὸ

736 384 769 418 δ
1765 340 1821 399 S.
1868 338 2136 400 EUSEBH
2175 340 2557 401 HIERONYMI

3714 346 3820 404 124

514 455 829 526 uchi-isque.
858 455 974 513 Lux
1008 457 1361 528 pertransibit
1393 471 1545 527 eam,
1578 458 1682 514 hoc
1733 467 1847 524 est,
1879 474 2107 529 congre-
2136 456 2182 520 Α
2213 458 2325 515 lum
2364 469 2677 532 terramque
2711 460 3044 534 respiciant,
3075 476 3199 519 cum
3228 476 3447 534 semper
3488 463 3539 519 in
3576 465 3822 523 tenebris

514 552 790 622 gationem
817 558 1079 619 vestram,
1114 551 1230 607 sive
1246 559 1469 619 terram,
1499 563 1554 610 et
1585 550 1887 619 corruetis,
1912 562 1967 607 et
1993 565 2118 608 esu-

519 645 704 712 rietis,
730 655 781 700 et
812 660 938 701 cum
971 644 1307 715 esurieritis,
1343 647 1655 702 irasccmini
1678 691 1692 715 ,
1730 646 2028 703 secundum
2051 646 2116 704 il-

520 739 611 794 lud
645 738 789 809 quod
841 738 1100 809 scriptum
1143 747 1276 796 est:
1324 737 1394 795 Et
1421 757 1537 796 cum
1587 758 1688 796 non
1735 742 1929 812 fuerint
1975 751 2119 799 satu-

519 833 655 900 rati,
686 832 1084 887 murmurabnnt
1122 826 1254 907 (Ps.
1286 849 1447 898 Lvttt,
1490 832 1592 905 l6)
1629 849 1643 888 :
1685 842 1741 889 et
1780 832 2118 892 maledicetis

521 924 638 981 Deo
667 926 778 996 regi
812 934 1015 995 vestro,
1041 937 1095 983 et
1123 927 1176 982 in
1200 926 1618 984 necessitatibus
1645 940 1859 991 sursum
1887 927 2121 999 aspiciet

522 1020 593 1076 tis
615 1020 667 1075 in
695 1020 918 1089 cmlum,
942 1030 992 1077 et
1037 1022 1089 1077 in
1124 1032 1323 1078 terratn
1355 1021 1613 1079 deorsum
1646 1039 1661 1078 :
1693 1033 1748 1079 et
1778 1037 1911 1080 ecce
1950 1023 2120 1080 tribu-

522 1114 654 1171 latio
682 1124 736 1171 et
764 1120 1031 1182 tenebrae,
1065 1116 1354 1174 dissolutio
1392 1133 1653 1190 genuum,
1698 1125 1754 1173 et
1784 1120 1986 1174 mentis
2022 1132 2121 1174 an-

522 1208 724 1277 gustia,
755 1216 812 1264 et
840 1210 1015 1278 caligo
1050 1208 1362 1277 oculorum,
1393 1220 1450 1266 et
1481 1224 1585 1266 non
1623 1211 1872 1283 poteritis
1903 1212 2018 1268 erui
2052 1213 2119 1270 de

520 1302 790 1370 angu~tia.
837 1297 962 1369 limo
1002 1301 1157 1372 juxta
1210 1301 1490 1359 Hebraeos.
1521 1303 1790 1360 Caeterum
1842 1315 1901 1361 ut
1951 1321 2118 1379 supra

524 1391 762 1448 diximus
783 1434 799 1460 ,
832 1393 876 1448 si
912 1408 1143 1464 persona
1171 1391 1373 1452 Christi
1413 1405 1497 1452 est
1522 1396 1757 1452 dicentis
1790 1415 1802 1452 :
1836 1395 1971 1453 Ecce
1998 1414 2117 1471 ego,

529 1495 581 1543 et
610 1487 757 1557 pueri
785 1488 920 1555 mei,
954 1504 1082 1559 quos
1108 1489 1235 1543 mihi
1260 1488 1402 1545 dedit
1427 1487 1569 1545 Deus
1596 1504 1617 1546 :
1645 1489 1807 1546 etiam
1849 1488 1965 1547 haec
2002 1492 2121 1562 ipse

526 1580 767 1651 loquitur
790 1579 856 1636 ad
888 1582 1176 1651 Apostolos
1217 1592 1272 1639 et
1300 1582 1365 1639 ad
1397 1583 1684 1639 credentes
1728 1600 1792 1641 es
1836 1584 2118 1654 gentibus,

529 1673 621 1745 qui
672 1673 795 1744 ejus
827 1672 1184 1747 Evangelium
1219 1685 1598 1746 susceperunt.
1626 1676 1684 1734 Si
1717 1677 1953 1734 dixerint
1978 1721 1991 1744 ,
2036 1678 2122 1735 in-

528 1766 669 1837 quit,
701 1774 885 1836 patres
914 1768 1082 1822 vestri
1106 1782 1243 1840 quos
1276 1768 1580 1840 reliquiStis
1613 1787 1626 1823 :
1660 1768 1888 1841 quatrite
1916 1771 2121 1827 ventri-

2219 554 2352 619 sint,
2378 563 2433 610 et
2463 572 2568 610 non
2597 555 2805 626 possint
2833 550 2900 612 de
2927 555 3124 612 vestris
3152 557 3370 612 avolar-s
3401 556 3643 614 insidiis.

2293 646 2449 721 (Cap.
2481 647 2574 706 IX.
2607 681 2677 692 —
2706 649 2869 707 Vers.
2903 651 2928 706 l
2965 649 3147 723 seqq.)
3182 650 3360 705 Primo
3405 660 3635 723 tempore
3682 650 3830 709 ulle-

2220 740 2354 795 viata
2382 751 2456 797 est
2487 751 2622 797 terra
2647 738 2915 811 Zabulon,
2945 752 2994 797 et
3020 752 3157 798 terra
3201 742 3253 797 Ν
3260 742 3492 816 ephthali
3524 762 3542 799 :
3573 755 3622 800 et
3649 748 3831 800 nouis-

2219 832 2350 887 simo
2384 843 2663 907 aggravata
2692 844 2766 890 est
2791 835 2874 889 via
2902 834 3060 891 maris
3089 842 3233 889 trans
3270 834 3556 891 Iordanem
3587 834 3831 893 Galilwte

2219 928 2467 1001 gentium.
2498 926 2732 1003 Populus
2753 930 2843 1003 qui
2864 928 3160 985 ambulabat
3189 931 3243 986 in
3284 931 3503 986 tenebris
3526 974 3541 997 ,
3579 932 3713 986 vidit
3741 933 3825 988 lu-

2220 1037 2330 1076 cem
2355 1038 2595 1096 magnam
2624 1021 3013 1078 :habitantibus
3054 1025 3108 1079 in
3153 1024 3358 1097 regione
3385 1024 3581 1080 umbra:
3615 1027 3827 1093 mortis,

2223 1111 2316 1169 lux
2334 1124 2448 1168 orta
2474 1124 2550 1170 est
2578 1117 2674 1171 eis.
2697 1114 2840 1172 LXX
2865 1133 2879 1173 :
2912 1114 3028 1171 Hoc
3059 1117 3284 1189 primum
3302 1115 3419 1173 bibe
3441 1159 3456 1184 ,
3481 1116 3726 1173 velociter
3747 1122 3833 1190 fac

2222 1206 2361 1279 regio
2380 1205 2649 1273 Zabulon,
2678 1217 2815 1263 terra
2844 1206 3172 1279 Nephthalin
3191 1252 3205 1277 ,
3231 1219 3277 1265 et
3303 1210 3493 1283 reliqui
3519 1253 3532 1274 ,
3564 1211 3656 1277 qui
3667 1214 3834 1283 juxta

2222 1311 2364 1352 mare
2393 1298 2512 1353 estis
2540 1309 2683 1355 trans
2702 1297 2989 1356 Iordanem
3014 1299 3251 1357 Galilara:
3273 1302 3522 1373 gentium.
3564 1300 3831 1375 Papulas,

2222 1390 2310 1460 qui
2341 1387 2636 1446 ambulabat
2667 1392 2719 1446 in
2762 1393 3016 1459 tenebris,
3042 1393 3170 1448 vidit
3214 1392 3378 1449 lucem
3419 1408 3662 1468 magnam
3695 1410 3715 1448 :
3744 1396 3836 1465 qui

2223 1482 2466 1540 habitatis
2486 1486 2540 1540 in
2569 1488 2780 1562 regione
2804 1498 2851 1542 et
2879 1487 3063 1543 umbra
3091 1490 3297 1555 mortis,
3325 1489 3417 1543 lus:
3445 1490 3645 1544 orietur
3666 1490 3832 1549 vobis.

2226 1574 2506 1646 Duplicem
2542 1579 2824 1650 posuimus
2853 1579 3149 1636 editionem
3180 1622 3193 1646 ,
3239 1580 3363 1652 quia
3415 1582 3696 1652 vulgatum
3751 1589 3839 1636 cst

2225 1670 2627 1739 testimonium,
2647 1683 2704 1731 et
2726 1683 3045 1746 usurpatum
3069 1674 3137 1731 ab
3169 1674 3515 1745 Evangelista
3538 1672 3798 1730 Matthaeo
3822 1694 3836 1733 :

2228 1775 2286 1820 ut
2313 1765 2402 1821 vel
2432 1766 2727 1823 diversitas
2753 1767 3247 1839 interpretationis,
3277 1767 3361 1824 vel
3393 1766 3702 1823 similitudo
3740 1780 3839 1822 no-

530 1857 722 1927 loquos
746 1899 762 1924 ,
795 1873 933 1929 quos
978 1859 1249 1931 pythonas
1296 1860 1651 1933 intelligimus
1682 1861 1943 1935 (qualem
1972 1873 2029 1919 et
2066 1864 2119 1920 in
2154 1862 2200 1927 Β
2227 1870 2432 1915 scatur.
2465 1860 2544 1914 Ac
2573 1859 2807 1930 primum
2835 1859 3130 1915 notandum
3149 1859 3294 1931 quod
3328 1860 3703 1915 testimonium
3730 1858 3838 1916 hoc

525 1949 749 2005 Actibus
793 1952 1180 2022 Apostolorum
1220 1953 1475 2009 ancillam
1518 1954 1753 2026 legimus
1807 1953 1959 2026 (Cap.
1983 1954 2121 2030 xw),

526 2057 645 2113 qum
676 2046 906 2114 quaestui
936 2055 1053 2100 erat
1086 2045 1324 2103 dominis
1353 2046 1504 2119 suis)
1537 2059 1592 2103 et
1620 2048 1708 2119 qui
1749 2048 1818 2105 de
1862 2057 2006 2106 terra
2048 2051 2129 2107 lo-

529 2147 791 2205 quuntur,
824 2138 969 2207 quod
1001 2138 1053 2193 in
1085 2139 1408 2195 evocatione
1439 2140 1745 2197 animarum
1791 2142 1928 2213 magi
1961 2158 2020 2199 se
2048 2144 2125 2198 fa-

532 2241 661 2284 cere
690 2228 1035 2299 polliceantur,
1068 2241 1122 2287 et
1153 2241 1351 2288 cmtera
1385 2232 1759 2290 malellcarurn
1799 2235 1995 2291 artium
2032 2251 2127 2308 ge—

530 2334 697 2388 nera;
724 2319 827 2377 hoc
858 2322 1005 2379 scire
1034 2322 1267 2391 debetis,
1301 2327 1450 2396 quod
1483 2341 1819 2397 ttnaqua‘que
1847 2342 1982 2399 gens
2006 2344 2131 2399 pro-

534 2414 684 2484 prios
712 2415 959 2471 consulat
991 2416 1142 2483 deos,
1182 2425 1240 2475 et
1267 2417 1337 2475 de
1365 2418 1612 2475 vivorum
1660 2422 1836 2477 salute
1885 2434 2130 2480 mortuus

533 2507 861 2565 sciscitetur.
900 2504 1067 2566 Vobis
1112 2519 1292 2567 autem
1339 2512 1393 2567 in
1432 2512 1700 2569 auxilium
1755 2513 1930 2586 legem
1978 2514 2133 2572 dedit

532 2598 697 2670 Deus,
731 2612 789 2658 ut
817 2603 1037 2675 possitis
1077 2605 1261 2662 dicere
1295 2624 1308 2661 :
1344 2623 1449 2663 non
1494 2616 1581 2664 est
1624 2609 1747 2665 talis
1777 2610 2128 2666 ethnicorum

532 2694 818 2766 divinatio,
849 2699 942 2770 qui
972 2699 1216 2757 cultores
1264 2716 1394 2758 suos
1436 2718 1584 2773 smpe
1623 2703 1942 2775 decipiunt,
1988 2704 2131 2761 sicut

537 2799 746 2859 nostra,
788 2807 908 2863 quae
937 2793 1142 2864 absque
1186 2794 1296 2850 ullo
1327 2812 1553 2854 munere
1582 2797 1858 2869 profertur
1890 2813 1956 2855 ex
1985 2799 2127 2873 lege.

534 2879 689 2936 Unde
720 2883 1059 2956 interpretati
1088 2894 1218 2944 sunt
1244 2887 1391 2945 LXX
1416 2908 1430 2947 :
1469 2886 1593 2947 Non
1620 2893 1751 2948 sicut
1776 2892 1986 2949 verbum
2006 2893 2125 2965 hoc,

535 2990 630 3046 pro
658 2991 757 3046 quo
785 2993 887 3032 non
917 2989 991 3034 est
1021 2979 1149 3036 dare
1175 2998 1410 3038 munera.
1440 2980 1613 3040 Gratis
1639 2986 1796 3050 enim,
1821 2986 2016 3057 inquit,
2044 3004 2133 3042 ac-

533 3067 760 3135 cepistis,
792 3071 959 3142 gratis
974 3071 1096 3128 date
1121 3073 1341 3146 (Matth.
1377 3090 1432 3141 x,
1464 3075 1543 3149 8).
1573 3077 1771 3134 Veniet
1816 3090 1999 3136 autem
2040 3096 2131 3136 su-

537 3172 636 3229 per
676 3159 989 3219 incredulos
1033 3165 1206 3220 fames
1233 3164 1557 3232 durissima,
1588 3185 1694 3224 non
1733 3168 1907 3227 fames
1950 3172 2127 3241 panis,

2231 1950 2575 2023 Evangelista
2608 1952 2897 2009 Matthmus
2930 1967 3036 2008 non
3051 1951 3202 2024 juxta
3231 1950 3395 2018 LXX,
3423 1951 3519 2007 sed
3546 1953 3703 2021 juxta
3728 1951 3839 2007 lle-

2227 2044 2410 2102 braeos
2435 2046 2701 2116 posuerit.
2734 2046 2876 2102 Dicit
2913 2046 3061 2119 enim
3089 2058 3273 2101 sermo
3300 2044 3659 2116 Evangelicus
3687 2061 3700 2099 :
3731 2043 3843 2097 Au-

2229 2140 2377 2197 diens
2407 2151 2576 2197 autem
2595 2140 2928 2215 Iesns,qnod
2952 2138 3184 2196 Joannes
3211 2150 3342 2196 esset
3369 2138 3839 2209 traditps,secessit

2229 2234 2283 2289 in
2310 2231 2607 2303 Galilmam,
2631 2244 2677 2290 et
2704 2233 3064 2306 derelinquens
3095 2229 3385 2298 Nazareth,
3403 2231 3539 2286 venit
3561 2240 3608 2286 et
3634 2229 3841 2285 habita-

2232 2328 2303 2383 uit
2332 2329 2385 2382 in
2408 2327 2802 2399 Capharnaum,
2834 2343 2948 2399 quae
2977 2335 3053 2381 est
3075 2329 3235 2399 juxta
3264 2340 3408 2380 mare
3432 2326 3487 2379 in
3511 2323 3704 2393 ﬁnibus
3733 2321 3841 2380 la-

2230 2421 2394 2477 bulan
2422 2432 2469 2478 et
2492 2420 2838 2493 Nephthnlim
2863 2438 2881 2475 :
2904 2431 2961 2476 ut
2996 2418 3300 2494 impleretur
3340 2417 3480 2489 quod
3520 2417 3717 2472 dictum
3761 2425 3838 2473 est

2233 2531 2327 2588 per
2360 2512 2558 2570 Isaiam
2601 2515 2905 2589 prophetam
2926 2557 2940 2581 ,
2963 2513 3219 2567 dicentem
3257 2528 3276 2566 :
3307 2508 3474 2566 Terra
3510 2508 3750 2564 Zabulon
3789 2520 3837 2564 et

2233 2619 2371 2664 terra
2403 2606 2773 2677 Nephthalim,
2806 2609 2886 2662 via
2914 2606 3072 2661 maris
3104 2616 3247 2659 trans
3277 2601 3571 2658 Iordanem
3597 2599 3839 2657 Galilaue

2232 2704 2460 2777 gentium
2496 2717 2514 2757 :
2544 2700 2788 2775 populus,
2815 2702 2905 2775 qui
2931 2699 3136 2756 sedebat
3166 2699 3220 2753 in
3247 2696 3486 2764 tenebris,
3510 2695 3641 2750 vidit
3666 2696 3837 2751 lucem

2232 2811 2511 2870 magnum;
2551 2794 2843 2851 sedentibus
2887 2794 2941 2849 in
2986 2793 3195 2868 regione
3245 2790 3440 2846 umbrm
3476 2789 3684 2858 mortis,
3744 2788 3838 2845 lus

2233 2901 2347 2945 orta
2383 2898 2454 2946 est
2484 2890 2581 2945 eis.
2617 2886 2703 2943 Ea:
2732 2904 2790 2943 eo
2820 2898 3051 2958 tempore
3101 2886 3249 2957 carpit
3278 2883 3432 2939 Iesus
3462 2882 3752 2954 pmdicare
3786 2891 3837 2937 et

2234 2987 2407 3041 dicere
2431 2999 2451 3040 :
2472 2983 2916 3058 Appmpinquuvit
2957 2996 3176 3054 regnum
3207 2979 3455 3035 cm'ornm
3484 2975 3717 3050 (Matth.
3747 2988 3833 3045 tv,

2238 3080 2304 3137 l5
2341 3091 2391 3136 et
2434 3078 2625 3152 seqq).
2672 3078 2740 3134 Et
2787 3078 3028 3134 Ioannes
3076 3074 3421 3145 Evangelista
3473 3071 3641 3128 refert
3690 3070 3833 3141 quod

2240 3174 2399 3250 129
2423 3176 2582 3232 Iesus
2612 3189 2736 3231 cum
2775 3171 3061 3242 discipulis
3084 3171 3201 3225 suis
3226 3169 3281 3224 in
3312 3166 3458 3223 Cana
3482 3165 3725 3223 Galilmse
3752 3164 3835 3221 iu-

536 3264 627 3307 aut
660 3254 781 3309 sitis
808 3271 991 3327 aqum,
1024 3258 1121 3314 sed
1154 3257 1327 3315 fames
1368 3260 1626 3318 audiendi
1670 3278 1985 3321 sermonem
2036 3264 2128 3322 Dei
2157 3266 2203 3330 C
2236 3272 2434 3326 vitatus
2493 3268 2559 3323 ad
2615 3266 2869 3338 nuptias,
2929 3266 3163 3334 primum
3215 3262 3287 3318 ibi
3347 3260 3561 3332 signum
3621 3258 3830 3325 fecerit,

534 3345 715 3417 (Amos
743 3349 886 3422 vut).
933 3352 1000 3408 Et
1045 3368 1168 3409 cum
1199 3356 1528 3424 csurieritis,
1561 3358 2044 3429 contristabimini,
2073 3371 2133 3418 et

535 3439 871 3498 maledicetis
904 3446 1133 3517 principi
1160 3457 1343 3504 testro
1373 3457 1428 3504 et
1458 3451 1701 3519 paternis
1723 3450 2129 3521 traditionibus,

535 3531 643 3588 hoc
668 3542 751 3589 est
781 3535 1023 3605 diabolo,
1044 3549 1098 3595 ct
1130 3542 1368 3610 antiquis
1392 3544 1691 3599 erroribus.
1721 3543 1834 3600 Hoc
1861 3552 2042 3602 autem
2063 3546 2130 3603 ad

536 3640 631 3682 ens
661 3627 900 3699 loquitur
929 3632 1019 3702 qui
1053 3631 1251 3689 famem
1276 3636 1419 3705 passi
1446 3635 1645 3692 fuerint
1664 3639 1933 3705 veritatis,
1958 3648 2013 3694 et
2041 3654 2134 3695 su-

536 3718 771 3789 Spiciettl
802 3722 854 3777 in
882 3723 1079 3779 caelum
1109 3742 1349 3795 sursum,
1374 3739 1428 3783 et
1452 3728 1506 3784 in
1541 3739 1740 3786 terram
1769 3728 2050 3797 deorsum.
2076 3746 2131 3791 et

537 3822 701 3869 erunt
728 3815 781 3870 in
814 3819 1061 3887 angustia
1083 3860 1099 3887 ,
1135 3819 1187 3875 in
1220 3820 1463 3879 tenebris
1485 3867 1501 3894 ,
1532 3831 1590 3880 et
1636 3828 1688 3879 in
1732 3824 2080 3883 tribulatione
2113 3845 2127 3881 :

538 3915 593 3961 ut
625 3922 733 3964 non
776 3910 995 3967 videant
1022 3927 1196 3985 usque
1224 3914 1292 3970 ad
1330 3922 1546 3987 tempus
1569 3959 1585 3986 ,
1617 3917 1793 3975 donec
1831 3922 1887 3974 et
1929 3920 2031 3990 ipsi
2062 3919 2129 3976 ad

537 4002 825 4060 Dominum
874 4018 1282 4066 convertantur.
1318 4010 1505 4067 Latam
1544 4013 1980 4084 explanationem
2010 4015 2128 4075 loca

533 4098 633 4152 ista
681 4098 1001 4159 desiderant
1042 4121 1055 4159 :
1098 4104 1194 4161 sed
1229 4109 1501 4177 parcimus
1542 4107 1804 4167 librorum
1854 4114 2129 4184 magnitu-

532 4191 741 4259 dini,ut
769 4195 1026 4253 tollamus
1058 4198 1332 4256 fastidium
1365 4202 1782 4259 lectionilemc
1806 4204 1960 4274 juxta
1981 4205 2126 4264 LXX

534 4285 949 4344 translationem
978 4306 1047 4345 ex
1083 4299 1235 4362 parte
1262 4295 1701 4363 perstrinximus,
1740 4299 1900 4371 128
1925 4314 2044 4368 qtta-
2071 4300 2126 4355 in

533 4377 813 4449 plerlsque
830 4379 1074 4438 dissonat
1098 4382 1167 4439 ab
1187 4384 1436 4442 llcbrtco.
1457 4387 1727 4445 Caeterum
1752 4391 1993 4446 Nazarmi
2015 4390 2124 4465 [ΑΙ.

532 4471 819 4547 Nazareni]
836 4473 1015 4531 locum
1040 4476 1201 4533 istum
1226 4480 1294 4535 ita
1310 4479 1785 4539 edisserunt.Cum
1806 4483 2042 4541 dixerint
2059 4484 2127 4542 ad

531 4580 627 4621 vos
640 4564 847 4622 Scriba:
861 4567 1280 4637 etPttar'rsaci,ut
1298 4586 1393 4628 eos
1409 4572 1664 4640 audiatis,
1679 4571 1970 4647 quiumnia
1995 4592 2126 4635 ven-

2235 3379 2403 3435 aqnas
2434 3364 2488 3418 in
2521 3362 2707 3416 viuum
2750 3358 3126 3415 convertenda
3158 3374 3171 3411 :
3203 3353 3322 3410 Hoc
3361 3354 3481 3427 fecit
3519 3352 3832 3424 principium

2233 3458 2504 3530 signorum
2538 3452 2693 3510 Iesus
2716 3454 2768 3507 in
2791 3451 2937 3508 Cana
2968 3449 3205 3507 (inlitam
3230 3465 3243 3503 :
3273 3458 3316 3503 et
3341 3446 3697 3518 manifestavit
3723 3445 3835 3519 glo-

2232 3549 2367 3603 riam
2422 3558 2571 3603 suam
2611 3562 2630 3601 :
2669 3554 2717 3599 et
2771 3542 3104 3599 aediderunt
3144 3541 3199 3595 in
3257 3550 3372 3594 eam
3422 3536 3668 3608 discipuli
3720 3540 3834 3611 ejus

2234 3641 2423 3716 (Ioan.
2452 3656 2511 3708 tt,
2541 3637 2829 3711 ll).Unde
2860 3649 2911 3694 et
2943 3637 2997 3691 in
3032 3634 3176 3691 LXX
3204 3633 3404 3688 dicitur
3427 3648 3441 3685 :
3467 3630 3585 3686 Hoc
3608 3629 3831 3701 primum

2234 3736 2364 3802 bibe,
2395 3735 2634 3790 velociter
2657 3737 2742 3805 fac
2766 3749 2785 3788 :
2814 3731 2935 3802 quia
2960 3739 3102 3785 terra
3128 3728 3373 3784 Zabulon
3396 3734 3444 3781 et
3475 3735 3618 3780 terra
3648 3721 3830 3795 Neph-

2234 3827 2367 3884 thali
2401 3825 2571 3896 prima
2602 3826 2803 3882 Christi
2833 3824 3025 3879 videre
3057 3821 3319 3878 miracula
3348 3828 3448 3875 :ut
3468 3819 3641 3891 prima
3674 3817 3828 3873 bibe.

2233 3932 2319 3979 ret
2348 3920 2472 3977 fidei
2520 3919 2837 3991 potionem,
2884 3930 3009 3987 qum
3050 3915 3223 3987 prima
3272 3914 3484 3969 viderat
3540 3910 3827 3966 Dominum

2232 4015 2384 4086 signa
2415 4012 2729 4068 iacientem.
2759 4008 2856 4077 Et,
2887 4009 3039 4081 juxta
3070 4007 3399 4063 chraicum
3425 4045 3440 4072 ,
3472 4002 3652 4074 primo
3689 4012 3828 4057 tem-

2234 4123 2365 4181 pore
2409 4106 2644 4163 relevata
2688 4119 2813 4161 esse
2842 4103 3045 4159 dicitur
3081 4115 3251 4156 onere
3275 4109 3630 4172 peccatorum
3660 4114 3674 4150 :
3705 4094 3826 4167 quia

2231 4203 2284 4257 in
2336 4199 2654 4272 regionibus
2711 4197 2945 4253 duarum
2998 4192 3237 4250 tribuum
3291 4191 3525 4262 primum
3575 4188 3849 4244 Salvator

2233 4294 2585 4365 Evnngelinm
2628 4288 2966 4364 praedicavit.
2997 4287 3154 4345 Unde
3201 4296 3257 4340 et
3289 4286 3343 4340 in
3369 4283 3713 4355 sexagesimo
3736 4294 3826 4336 se-

2229 4388 2403 4460 ptimo
2433 4387 2654 4442 Psalmo
2680 4385 2885 4441 dicitur
2906 4401 2920 4443 :
2941 4381 3239 4439 Benedicite
3265 4379 3546 4434 Dominum
3572 4377 3639 4431 de
3667 4375 3825 4448 fonti-

2229 4483 2321 4538 bus
2355 4480 2542 4539 Israel.
2564 4479 2649 4535 Ibi
2676 4480 2955 4554 Benjamin
2986 4476 3361 4533 adolescentior
3382 4470 3499 4548 (Ps.
3526 4485 3701 4538 um,
3732 4469 3823 4535 27,

2227 4574 2329 4642 25;
2364 4574 2477 4630 Act.
2512 4574 2625 4644 tx);
2656 4572 2860 4628 Paulus
2894 4569 3207 4642 apostolus,
3242 4569 3297 4622 in
3334 4566 3520 4622 mentis
3562 4577 3773 4619 excessu
3803 4577 3824 4616 :

531 4657 633 4713 tris
660 4672 820 4714 causa
854 4659 1083 4729 faciunt;
1127 4672 1182 4719 et
1221 4664 1271 4719 in
1304 4680 1511 4722 morem
1548 4682 1828 4740 ttiagurum
1884 4672 2127 4731 stridunt
2152 4664 2205 4729 D
2232 4670 2321 4742 qui
2365 4679 2420 4725 ct
2465 4667 2595 4725 alibi
2626 4667 2955 4740 loquebatur
2989 4684 3002 4720 :
3034 4666 3136 4721 sive
3176 4673 3346 4719 mente
3387 4663 3680 4718 caedimus
3720 4658 3825 4713 Deo

530 4753 586 4807 in
632 4753 1090 4815 incantationibus
1120 4761 1260 4827 suis,
1307 4774 1362 4816 ut
1396 4778 1496 4818 vos
1533 4764 1842 4836 decipiant,
1894 4766 2001 4825 hoc
2044 4771 2126 4826 eis

532 4858 865 4928 respondere
887 4860 1102 4919 debetis
1131 4881 1144 4917 :
1172 4879 1278 4920 non
1308 4866 1506 4922 mirum
1532 4868 1578 4923 si
1607 4880 1704 4924 vos
1728 4877 1938 4925 vestras
1963 4870 2128 4927 tradi-

533 4961 711 5018 tiones
740 4965 1068 5037 sequamini,
1104 4983 1229 5024 cum
1264 4984 1601 5041 unaquaeque
1630 4985 1766 5042 gens
1794 4987 1888 5027 sua
1924 4987 2126 5030 consu-

531 5061 607 5118 lat
646 5062 813 5121 idola.
845 5067 985 5139 Ergo
1007 5078 1062 5125 et
1089 5084 1187 5126 nos
1228 5086 1256 5125 a
1284 5070 1437 5127 vobis
1463 5073 1692 5130 mortuis
1722 5073 1790 5129 de
1817 5074 2123 5134 viventibus

528 5168 820 5226 consulere
869 5184 976 5226 non
1015 5171 1315 5228 debemus:
1345 5173 1513 5245 magis
1556 5173 1716 5231 nobis
1756 5172 1902 5232 Deus
1948 5177 2121 5249 legem

527 5269 700 5339 dedit,
730 5280 786 5327 et
816 5272 1125 5329 testimonia
1156 5275 1579 5346 Scripturarum,
1611 5293 1732 5348 quae
1763 5278 1807 5334 si
1838 5280 1989 5350 sequi
2018 5295 2119 5336 no-

524 5375 756 5440 lueritis,
784 5391 889 5432 non
915 5376 1179 5435 habebitis
1210 5383 1385 5439 lucem
1412 5401 1426 5438 :
1450 5385 1547 5441 sed
1573 5401 1796 5457 semper
1820 5386 1998 5455 caligo
2024 5400 2121 5441 vos

520 5479 816 5550 opprimet,
847 5495 972 5551 quae
1003 5483 1254 5539 transibit
1301 5500 1396 5557 per
1434 5494 1638 5544 terram
1669 5496 1909 5543 vestram
1958 5497 2122 5556 atque

523 5582 828 5641 doctrinam
862 5605 875 5641 :
906 5595 963 5643 ut
986 5601 1108 5643 cum
1142 5586 1406 5659 deceptis
1431 5585 1586 5642 vobis
1614 5602 1673 5642 se
1697 5586 1751 5642 in
1775 5600 1966 5642 errore
1997 5600 2121 5656 per-

521 5687 819 5754 spexerint,
849 5696 905 5743 et
934 5688 1204 5744 sustinere
1236 5690 1429 5743 famem
1453 5687 1719 5750 veritatis.
1746 5694 1876 5742 tunc
1914 5686 2123 5742 contri-

520 5797 731 5843 stentur
751 5830 765 5854 ,
791 5789 907 5845 sive
933 5790 1239 5847 irascantur
1257 5830 1274 5857 ,
1320 5799 1377 5845 et
1420 5787 1748 5844 maledicunt
1766 5786 1951 5854 vobis,
1980 5801 2118 5859 quos

518 5890 675 5963 quasi
698 5889 828 5948 deos
854 5906 981 5949 suos
1004 5902 1058 5951 ct
1084 5908 1242 5967 reges
1271 5891 1559 5968 putabant.
1589 5891 1656 5948 Et
1684 5890 1887 5948 frustra
1911 5893 1978 5949 ad
2003 5905 2114 5949 cm—

2229 4766 2297 4837 (ll
2322 4763 2441 4821 Cor.
2472 4780 2531 4831 v,
2564 4762 2655 4837 l3)
2686 4780 2700 4819 :
2734 4760 3011 4834 Principes
3037 4758 3307 4826 Zabnlon,
3333 4756 3589 4831 principes
3644 4751 3824 4827 Neph-

2226 4858 2356 4916 thali
2381 4861 2536 4915 duces
2562 4857 2913 4930 eorum;qnia
2937 4856 2987 4912 in
3017 4855 3099 4911 Itis
3124 4853 3375 4911 tribubus
3397 4851 3618 4907 fuerunt
3636 4847 3819 4914 viculi,

2225 4956 2295 5012 de
2323 4954 2522 5028 quibus
2550 4952 2716 5009 duces
2746 4951 2917 5007 llOSlri
2945 4947 3192 5021 Apostoli
3216 4943 3592 5003 crediderunt.
3613 4942 3681 4998 Et
3700 4957 3819 4997 cre-

2226 5047 2478 5105 diderunt
2503 5046 2658 5118 juxta
2686 5045 3082 5118 Symmachum
3112 5040 3372 5104 velociter,
3398 5046 3455 5091 ut
3484 5035 3771 5092 audientes
3802 5049 3817 5087 :

2233 5141 2442 5209 Venite,
2471 5150 2518 5195 et
2548 5138 2739 5211 faciam
2770 5154 2857 5194 vos
2884 5139 3165 5210 piscatores
3194 5132 3462 5189 hominum
3491 5129 3719 5204 (Matth.
3743 5141 3815 5197 tv,

2229 5233 2343 5306 l9),
2376 5234 2559 5289 statim
2598 5242 2653 5288 et
2695 5240 2899 5304 patrem
2950 5231 3331 5301 relinquerent
3382 5236 3437 5283 et
3494 5223 3814 5279 naviculam.

2224 5328 2535 5387 Novissittto
2566 5339 2747 5386 autem
2793 5336 3043 5398 tempore
3079 5336 3367 5396 aggravata
3412 5330 3497 5378 ρει
3543 5318 3682 5375 ﬁdes
3727 5330 3818 5374 eo-

2223 5441 2342 5481 rum
2372 5424 2621 5494 plurimis
2656 5421 2974 5479 Jndzeorutn
3017 5420 3068 5475 itt
3111 5432 3303 5475 errore
3346 5412 3812 5485 perutanentibus.

2222 5514 2367 5574 Mare
2396 5525 2578 5571 autem
2607 5514 2692 5571 hic
2722 5515 2900 5569 lacum
2934 5509 3171 5586 appellat
3200 5506 3563 5572 Genesareth,
3588 5506 3679 5577 qni
3700 5504 3814 5561 Jor-

2221 5609 2361 5667 dane
2401 5610 2668 5667 influente
2712 5606 2981 5671 cflicltnr;
3032 5607 3084 5661 in
3136 5605 3293 5674 cujus
3338 5601 3527 5658 littore
3574 5599 3811 5670 Caphar-

2221 5720 2407 5769 naum,
2437 5714 2492 5761 et
2520 5703 2806 5768 Tiberius,
2836 5709 2895 5757 et
2920 5698 3211 5757 Bctbsaida
3231 5738 3249 5765 ,
3271 5704 3328 5753 et
3346 5695 3673 5751 Chorozaim
3699 5691 3813 5746 sita:

2220 5806 2346 5854 sunt
2376 5814 2389 5852 :
2416 5797 2468 5852 in
2494 5813 2599 5869 qua
2636 5797 2720 5851 vel
2749 5795 2988 5849 maxime
3011 5792 3236 5865 regione
3268 5787 3535 5844 Dominus
3574 5797 3814 5841 commo-

2217 5897 2367 5950 ratus
2394 5895 2506 5959 est;
2532 5890 2606 5947 ita
2638 5892 2697 5946 ut
2719 5886 2971 5963 populus,
3004 5886 3095 5959 qui
3126 5882 3215 5942 vel
3239 5880 3490 5951 sedebat,
3511 5878 3600 5937 vel
3626 5875 3810 5936 ambu-
