4052 6464
210 348 319 413 125
789 348 1448 410 COMMENTARIORUM
1488 346 1554 407 IN
1592 344 1832 408 ISAIAM
1870 350 2294 408 PROPHETAM
2334 349 2464 407 LIB.
2508 349 2597 407 Ill.
2640 350 2795 408 CAP.
2838 351 2932 408 IX.
3410 350 3515 408 126

206 466 358 525 labat
426 465 478 524 in
546 464 790 525 tenebris
815 511 830 536 ,
896 447 1076 524 lucem
1138 458 1395 535 videret,
1460 482 1803 539 nequaquam
1830 460 1884 530 Α
1910 465 2147 523 tionibus
2173 467 2322 526 etab
2351 466 2612 526 Hebraica
2632 469 2863 526 veritate
2886 469 3056 527 distet
3086 469 3308 541 Vulgata
3336 478 3515 525 trans-

210 579 457 637 parvam,
490 564 546 617 ut
572 560 801 617 aliorum
830 561 1223 633 pr0pltetarum
1250 603 1266 627 ,
1296 558 1393 616 sed
1432 575 1683 631 magnam
1704 601 1719 627 ,
1746 566 1808 614 ut
1911 561 2062 629 latio,
2083 560 2314 632 diligens
2345 562 2521 620 lector
2546 573 2824 635 agnoscat.
2850 563 2930 621 Ad
2954 564 3132 621 lucem
3163 565 3361 634 ipsam,
3390 578 3514 637 qua

210 659 327 729 ejus
349 656 444 729 qui
474 657 528 711 in
561 654 864 727 Evangelia
895 654 1136 726 loquitur
1162 673 1177 710 :
1205 650 1322 729 Ego
1351 670 1467 709 sum
1493 650 1590 708 lux
1624 648 1807 707 mundi
1910 655 2161 727 apparuit
2194 656 2393 726 populo
2422 656 2476 713 in
2500 656 2738 714 tenebris
2761 658 3082 726 constituto,
3107 657 3162 714 id
3184 656 3376 724 est,ad
3408 657 3517 712 Do-

209 747 388 826 (Joan.
419 764 532 816 vnt,
560 745 674 823 12).
703 747 773 804 Ει
791 748 882 820 qui
908 746 1232 803 habitabant
1260 748 1313 803 in
1343 747 1566 820 regione
1597 745 1804 803 umbra

208 842 426 912 mortis,
455 843 549 898 lux
583 848 705 898 orta
736 850 823 898 est
862 840 961 897 eis.
990 839 1139 897 Inter
1186 850 1415 897 mortem
1456 849 1511 896 et
1554 838 1802 895 umbram

206 936 401 993 mortis
421 978 437 1003 ,
466 932 572 991 hoc
600 946 723 991 esse
750 940 880 1005 puto
904 974 920 1003 ,
960 930 1104 1002 quod
1138 949 1285 990 mors
1314 948 1500 990 eorum
1535 940 1622 989 est
1645 973 1660 1000 ,
1710 930 1804 1004 qui

206 1030 325 1086 c'um
347 1026 608 1100 operibus
636 1025 869 1084 mortuis
887 1025 951 1080 ad
969 1025 1174 1083 inferos
1198 1032 1562 1099 perrexerunt
1583 1045 1595 1080 :
1615 1025 1803 1081 Anima

204 1121 358 1187 enim,
383 1135 503 1192 qute
523 1120 826 1191 peccaverit,
849 1119 962 1192 ipsa
986 1120 1239 1175 morietur
1259 1119 1476 1190 (Ezech.
1504 1132 1658 1183 xvut,
1683 1117 1799 1192 20);

204 1214 390 1272 umbra
420 1224 603 1271 autem
635 1215 829 1270 mortis
864 1228 1056 1270 eorum
1085 1223 1206 1279 est,
1235 1215 1325 1287 qui
1379 1231 1502 1274 eum
1550 1222 1799 1286 peccent,

206 1306 436 1365 necdum
474 1306 543 1364 de
568 1308 677 1364 vita
706 1308 810 1364 iSta
858 1306 1066 1379 egressi
1110 1318 1235 1365 sunt
1268 1326 1281 1363 :
1318 1319 1546 1377 possunt
1575 1308 1722 1365 enim
1754 1306 1802 1366 si

207 1398 478 1458 voluerint
508 1416 672 1474 agere
703 1401 1103 1473 paenitentiam.
1136 1403 1243 1460 Pro
1270 1401 1496 1460 Galilwa
1536 1405 1798 1475 gentium,

204 1495 391 1564 Aquila
416 1497 561 1559 οἴνας
585 1496 834 1567 gentium,
865 1494 1227 1569 Symmachus
1270 1497 1519 1552 terminos
1565 1496 1799 1573 gentium

203 1588 542 1659 interpretati
568 1596 726 1657 sunt;
774 1591 914 1653 θῖνας
948 1598 1130 1647 autem
1172 1590 1402 1645 tumulos
1441 1588 1799 1662 intelligimus

198 1698 475 1737 arenarum
500 1725 516 1745 ,
561 1681 656 1755 qui
704 1683 790 1738 vel
822 1684 875 1739 in
920 1681 1201 1740 littoribus
1223 1725 1238 1750 ,
1274 1681 1365 1739 vel
1394 1681 1446 1737 in
1481 1680 1616 1753 ripis
1643 1692 1794 1738 sunt.

207 1768 411 1833 ll‘ebrzei
468 1775 759 1833 credentes
818 1776 872 1833 in
928 1774 1246 1845 Christum,
1305 1777 1451 1833 hunc
1494 1776 1674 1834 locum
1723 1777 1797 1834 ita

1910 748 2114 805 minum
2139 747 2472 807 Salvatoretn
2497 749 2549 805 lit
2576 751 2930 821 apostropha.
2957 750 3028 806 Et
3050 751 3251 806 dicitur
3264 750 3330 806 ad
3355 766 3510 806 eum:

1913 842 2068 918 131
2102 841 2474 914 Multiplicasti
2501 853 2732 916 gentem,
2770 844 2872 900 hoc
2899 852 3003 912 est,
3055 842 3277 914 replesti
3318 856 3511 899 omnes

1906 944 2096 1007 gentes
2130 935 2319 992 notitia
2379 935 2490 1002 tui;
2547 935 2645 992 sed
2700 952 2802 991 non
2849 936 3198 1008 magniﬁcasti
3251 935 3509 993 lwtitiam.

1905 1024 2065 1083 Juxta
2097 1027 2241 1098 quod
2268 1025 2558 1097 Apostolus
2602 1041 2895 1083 maerorem
2924 1023 3027 1081 sibi
3072 1024 3203 1081 dicit
3237 1039 3357 1080 esse
3391 1039 3513 1093 per-

1909 1130 2128 1193 petuutn
2150 1136 2248 1192 pro
2276 1119 2534 1177 fratribus
2554 1122 2668 1178 suis
2685 1120 2778 1193 qui
2800 1130 2929 1178 sunt
2946 1119 3202 1176 Israelita:
3226 1118 3410 1189 (Rom.
3430 1117 3509 1192 χ).

1904 1212 1975 1271 Ει
2022 1212 2188 1271 Jonas
2232 1214 2608 1284 contristatur,
2661 1215 2806 1287 quod
2856 1215 2927 1270 ita
2968 1210 3161 1272 salvati
3195 1215 3305 1270 sint
3357 1212 3514 1269 Nini-

1905 1306 2031 1365 vitae
2062 1306 2251 1383 (Jama
2281 1308 2381 1380 tv),
2435 1319 2492 1364 ut
2517 1310 2826 1377 cucurbita,
2861 1309 2977 1365 sive
3006 1324 3219 1366 memon
3248 1307 3267 1381 (
3299 1306 3511 1397 vap)

1904 1402 2132 1459 aruerit.
2159 1401 2228 1457 Et
2259 1402 2379 1475 ipse
2410 1396 2672 1460 Dominus
2694 1401 3004 1476 loquituriu
3025 1396 3355 1474 Evangelia:
3387 1400 3510 1457 Non

1902 1496 2013 1551 veni
2046 1496 2147 1550 nisi
2166 1497 2234 1551 ad
2256 1513 2369 1551 oves
2396 1497 2621 1569 perditas
2650 1497 2835 1552 domus
2868 1495 3035 1553 Israel
3067 1494 3227 1570 (Mat.
3258 1510 3354 1563 xv,
3384 1494 3507 1567 24).

1904 1586 1970 1643 Ει
1993 1588 2049 1643 in
2080 1587 2564 1659 passione:Pater,
2593 1590 2639 1645 si
2667 1591 2801 1662 ﬁeri,
2833 1590 3036 1659 inquit,
3061 1597 3247 1662 potest,
3277 1597 3505 1644 transeat

1902 1685 2043 1740 calix
2063 1686 2162 1741 iste
2185 1700 2218 1738 a
2245 1699 2325 1739 me
2352 1683 2513 1755 (Mat.
2549 1698 2694 1753 xxvr,
2728 1682 2844 1757 '59).
2878 1684 2979 1752 Qui
3010 1681 3162 1741 locus
3198 1685 3343 1740 hunc
3374 1699 3505 1739 sen-

1900 1793 2021 1833 sum
2056 1775 2246 1832 habet:
2280 1774 2335 1832 Si
2362 1774 2702 1847 poteStﬁet-i,
2730 1775 2926 1832 utsine
2950 1774 3505 1831 interituludzeornm

200 1866 523 1926 edisserunt.
550 1868 736 1926 Primo
767 1880 1011 1943 tempore
1026 1870 1107 1927 hae
1130 1870 1444 1928 dumtribus
1472 1870 1714 1928 Zubulon
1740 1879 1799 1928 et
1828 1871 1872 1935 B
1901 1868 2089 1928 credat
2135 1869 2377 1943 gentium
2433 1866 2737 1937 multitudo,
2794 1868 3101 1939 paSsionem
3145 1883 3364 1924 recuso.
3402 1866 3501 1923 Sin

198 1962 482 2035 Nephthali
513 1964 584 2022 ab
608 1964 855 2039 Assyriis
881 1973 1052 2037 captaa
1088 1964 1248 2039 13o
1273 1975 1418 2035 sunt,
1454 1977 1509 2022 et
1530 1964 1708 2022 ductae
1740 1966 1793 2021 in

200 2053 449 2115 hostilem
471 2064 705 2125 terram;
732 2065 788 2114 et
813 2054 1035 2116 Galilaea
1054 2057 1272 2114 deserta
1296 2066 1381 2114 est
1404 2057 1495 2130 (IV
1518 2058 1653 2131 Reg.
1679 2058 1794 2131 xv),

199 2166 347 2223 quam
380 2166 530 2208 nunc
569 2148 835 2223 propheta
868 2150 1003 2209 dicit
1034 2151 1334 2209 relevatam
1363 2167 1486 2209 esse
1508 2195 1523 2220 ,
1556 2167 1623 2209 eo
1647 2151 1792 2224 quod

198 2250 411 2318 peccata
436 2246 626 2318 populi
657 2246 976 2303 sustineret.
1006 2245 1205 2302 Postea
1241 2256 1421 2302 autem
1466 2260 1576 2301 non
1616 2246 1793 2303 solum

200 2339 312 2397 duae
343 2339 544 2407 tribus,
590 2338 689 2397 sed
733 2350 788 2396 et
840 2338 1090 2412 reliquas,
1125 2355 1245 2411 qua:
1279 2334 1598 2395 habitabant
1642 2348 1794 2395 trans

198 2428 486 2491 Jordanem
510 2440 569 2491 et
598 2430 652 2489 in
676 2430 949 2497 Samaria,
977 2432 1159 2491 doctae
1187 2441 1315 2491 sunt
1340 2432 1396 2489 in
1414 2433 1792 2505 captivitatem

203 2521 285 2598 (IV
307 2520 441 2601 Reg.
467 2536 578 2582 Xvn
600 2533 650 2581 et
673 2523 846 2599 xvnt).
880 2524 948 2581 Et
1002 2524 1128 2593 hoc,
1184 2524 1454 2596 inquiunt,
1507 2524 1791 2598 Scriptura

200 2626 331 2675 nunc
361 2619 518 2683 dicit,
547 2614 692 2689 quod
721 2618 875 2691 regio
904 2618 1060 2688 cujus
1090 2617 1323 2691 populus
1354 2618 1565 2691 primus
1592 2616 1792 2675 ductus

201 2712 344 2769 estin
366 2712 748 2787 captivitatem
776 2756 791 2781 ,
823 2723 876 2769 et
904 2710 1222 2787 Babyloniis
1251 2712 1457 2770 servire
1496 2713 1706 2785 coepit,
1737 2725 1789 2771 et

203 2814 312 2874 quae
337 2802 494 2875 prius
534 2805 589 2859 in
631 2802 871 2861 tenebris
901 2804 1230 2861 versabatur
1256 2805 1489 2874 erroris,
1521 2806 1639 2878 ipsa
1680 2805 1790 2877 pri-

204 2909 337 2951 mum
370 2896 553 2951 lucem
581 2894 933 2967 pra-dicantis
961 2896 1154 2954 viderit
1176 2895 1401 2965 Christi,
1433 2909 1486 2954 et
1527 2913 1593 2954 ex
1632 2913 1695 2953 ea
1738 2897 1792 2954 in

203 2986 483 3045 universas
511 2994 703 3060 gentes
727 2988 800 3045 sit
826 2987 1185 3061 Evangelium
1234 2988 1579 3045 seminatum.
1622 2987 1793 3044 Naza-

203 3080 306 3148 mi,
333 3095 571 3153 quorum
597 3078 910 3154 opinionem
941 3097 1104 3153 supra
1134 3082 1311 3154 posui,
1337 3083 1482 3138 hunc
1507 3082 1685 3139 locum
1718 3082 1791 3139 ita

203 3173 493 3245 explanare
522 3182 793 3230 conantur
827 3192 840 3229 :
875 3172 1218 3232 Adveniente
1253 3174 1475 3232 Christo
1503 3183 1561 3233 et
1595 3174 1794 3246 praedi-

204 3270 406 3326 catione
436 3266 587 3325 illius
629 3277 961 3325 coruscante
986 3311 1001 3336 ,
1036 3271 1207 3342 prima
1253 3278 1395 3327 terra
1449 3266 1689 3327 Zabulon
1737 3282 1791 3327 et

207 3371 339 3417 terra
362 3360 659 3432 Nephthali
684 3361 997 3419 Scribarum
1036 3368 1092 3416 et
1124 3361 1525 3419 Pharisaeorum
1576 3371 1659 3417 est
1706 3377 1793 3418 er-

206 3455 409 3513 roribus
437 3456 695 3523 liberata,
733 3465 786 3513 et
814 3453 1196 3528 gravissimum
1224 3454 1579 3513 traditionum
1604 3452 1795 3513 Iudai-

204 3562 374 3604 carum
402 3548 595 3620 jugum
625 3544 866 3605 excussit
886 3546 954 3605 de
975 3546 1280 3605 cervicibus
1309 3550 1442 3603 suis.
1472 3546 1668 3604 Postea
1698 3563 1795 3603 au-

206 3649 304 3697 tem
335 3656 435 3713 per
470 3639 824 3712 Evangelium
854 3639 1102 3713 Apostoli
1131 3634 1311 3707 Pauli,
1344 3639 1435 3712 qui
1467 3637 1795 3696 novissimus

206 3732 592 3802 Apostolorum
645 3732 884 3789 omnium
937 3731 1061 3803 l‘uil,
1115 3732 1394 3806 ingravate
1437 3742 1541 3800 est,
1582 3734 1633 3789 id
1687 3744 1791 3801 εει,

208 3825 558 3898 multiplicata
588 3823 909 3898 prmdieatio
937 3843 950 3881 :
985 3833 1041 3881 ct
1078 3825 1131 3881 in
1162 3825 1428 3882 terminos
1467 3828 1710 3898 gentium
1743 3833 1797 3883 ct

207 3918 340 3975 viam
365 3918 610 3976 universi
647 3920 810 3976 maris
836 3917 1040 3987 Christi
1085 3919 1444 3991 Evangelinm
1494 3918 1793 3992 splenduit.

208 4013 444 4087 Denique
473 4013 660 4072 omnis
685 4013 852 4084 orbis,
880 4012 974 4086 qui
1002 4022 1132 4070 ante
1158 4012 1494 4081 ambulabat,
1524 4012 1611 4068 vel
1639 4013 1798 4069 sede—

206 4104 289 4161 bat
310 4106 361 4164 in
385 4107 652 4173 tenebris,
669 4116 724 4164 et
739 4107 1066 4165 idololatriae
1091 4125 1154 4164 ac
1173 4107 1367 4165 mortis
1392 4107 1622 4163 vinculis
1647 4116 1798 4163 tene-

207 4200 375 4271 batur,
397 4201 608 4258 clarum
642 4200 926 4274 Evangelii
950 4198 1135 4258 lumen
1168 4202 1402 4272 aspexit.

272 4290 623 4376 (Versﬁ-i.)
659 4292 1024 4366 Multiplicasti
1063 4305 1284 4370 gentem,
1316 4311 1420 4350 non
1450 4294 1801 4371 magni/icasti

207 4385 431 4443 latitiam
455 4404 477 4446 :
508 4385 818 4445 laetabuntur
838 4404 1012 4444 coram
1036 4398 1105 4455 te,
1125 4386 1256 4445 sicut
1273 4388 1515 4445 laztantur
1532 4388 1589 4444 in
1615 4406 1797 4461 messe,

206 4483 325 4537 sicut
351 4483 611 4539 exsultant
640 4482 863 4539 uictores
893 4493 1046 4555 capta
1077 4481 1274 4553 prada,
1313 4483 1523 4555 quando
1562 4482 1800 4539 dividunt

1896 1970 2078 2019 autem
2126 1961 2209 2018 illi
2240 1961 2550 2019 exctecandi
2599 1968 2747 2025 sunt,
2795 1976 2990 2018 omnes
3039 1972 3229 2033 gentes
3258 1961 3498 2030 videant,

1897 2056 2011 2127 liat,
2039 2054 2221 2124 Pater,
2255 2055 2508 2112 voluntas
2531 2066 2646 2111 tua.
2674 2054 2806 2111 Cum
2833 2071 2962 2127 ergo
2984 2055 3237 2112 Christus
3263 2054 3502 2111 advene—

1895 2150 2009 2217 rit,
2056 2159 2111 2207 et
2149 2148 2585 2206 Christianorum
2636 2165 2773 2222 gens
2821 2148 2891 2206 de
2929 2149 3203 2205 universis
3244 2147 3500 2220 gentibus

1894 2242 2063 2298 fuerit
2105 2252 2470 2315 congregata:
2524 2253 2653 2299 tunc
2682 2242 3010 2299 laetabuntur
3037 2242 3305 2315 Apostoli,
3357 2242 3504 2299 sicut

1894 2352 2167 2395 messores
2195 2337 2446 2395 lzetantur
2476 2338 2527 2394 in
2560 2353 2763 2405 messe,
2808 2336 2875 2393 de
2901 2336 3094 2408 quibus
3126 2334 3393 2392 Dominus
3421 2333 3501 2389 lo-

1895 2430 2201 2502 quebatur:
2236 2426 2424 2486 Messis
2448 2428 2653 2502 quidem
2681 2430 2868 2498 multa,
2892 2428 3120 2501 aperarii
3150 2442 3321 2484 autem
3344 2426 3500 2498 pauci

1894 2520 2115 2598 (Matth.
2145 2539 2220 2592 tx,
2253 2520 2369 2596 57).
2392 2523 2461 2580 Et
2486 2525 2625 2580 sicut
2654 2525 2930 2580 exsultant
2960 2523 3216 2587 victores,
3249 2522 3339 2594 qni
3372 2537 3503 2592 cap-

1896 2624 2005 2671 tam
2030 2614 2279 2671 dividunt
2310 2614 2571 2687 pra'datn.
2596 2613 2729 2670 Cum
2760 2613 2906 2671 enim
2939 2612 3096 2670 fortis
3123 2623 3314 2683 captus
3337 2613 3502 2668 fuerit

1895 2718 1952 2768 et
1977 2712 2190 2781 ligatus,
2225 2708 2405 2765 omnis
2429 2709 2622 2765 domus
2653 2708 2771 2779 ejus
2796 2708 3075 2779 diripitur,
3104 2716 3157 2763 et
3179 2704 3499 2761 dividuntur

1894 2803 2069 2874 spolia
2102 2799 2318 2878 (Matth.
2352 2800 2471 2874 xn).
2502 2801 2585 2858 Tu
2613 2811 2821 2870 autem,
2854 2800 3088 2856 Domine
3113 2813 3275 2871 atque
3308 2797 3498 2880 Salva-

1896 2907 2000 2961 tor,
2042 2898 2234 2968 jugum
2289 2897 2475 2954 oneris
2503 2895 2641 2967 ejus,
2691 2895 2795 2950 hoc
2840 2904 2924 2950 est
2951 2891 3179 2960 diaboli,
3229 2890 3318 2963 qui
3351 2890 3500 2962 prius

1896 2990 2203 3049 exsultabat
2222 2993 2273 3047 in
2295 2989 2630 3062 mundo,qui
2652 2989 2864 3046 cunctis
2887 2987 3145 3060 gentibus
3168 2986 3500 3059 imperabat,

1896 3085 1986 3157 qui
2014 3083 2338 3157 gravissimo
2378 3083 2659 3139 servitutis
2696 3082 2826 3154 jugo
2854 3080 2994 3138 colla
3022 3079 3265 3136 omnium
3310 3076 3497 3150 depri-

1898 3176 2113 3244 mebat;
2146 3187 2201 3233 et
2226 3177 2433 3248 virgam
2459 3193 2563 3248 qua
2589 3174 2928 3249 percutiebat
2956 3174 3263 3239 universos,
3288 3180 3345 3229 et
3373 3185 3501 3242 pec-

1897 3281 2015 3329 cata
2048 3270 2150 3326 sibi
2184 3270 2337 3340 quasi
2379 3270 2650 3342 quoddam
2686 3270 2943 3326 tributum
2980 3266 3211 3325 reddere
3251 3264 3499 3337 compel-

1895 3367 2063 3434 lebat,
2094 3364 2379 3422 detraxisti
2413 3364 2481 3421 de
2511 3362 2752 3421 humeris
2783 3380 3011 3419 eorum:
3044 3371 3100 3419 et
3124 3361 3216 3418 tibi
3244 3360 3501 3416 liberatos

1893 3459 2104 3516 servire
2144 3459 2317 3516 fecisti
2365 3460 2570 3530 absque
2603 3458 2711 3515 ullo
2759 3458 3002 3515 exercitu
3040 3466 3093 3514 et
3122 3455 3325 3526 absque
3355 3452 3494 3510 elin-

1895 3555 2053 3611 sione
2079 3553 2363 3627 sanguinis
2387 3554 2438 3608 in
2466 3551 2784 3611 absConditu
2814 3549 2977 3608 ma'nu
3004 3571 3015 3605 :
3048 3551 3192 3607 sicut
3220 3544 3495 3621 quondam

1895 3650 1997 3707 sub
2018 3648 2280 3706 Gedeone
2310 3650 2507 3721 populo
2534 3646 2698 3703 Israel
2744 3659 2768 3685 η
2792 3642 2859 3703 de
2882 3643 3190 3703 Madianitis
3214 3640 3498 3701 victoriam

1899 3742 2179 3813 pragbulsti
2221 3738 2422 3813 (Judic.
2455 3742 2576 3812 vn).
2614 3739 2901 3809 Quomodo
2952 3738 3097 3795 enim
3143 3736 3333 3802 vestis,
3376 3749 3498 3806 qua:

1897 3835 2137 3891 humano
2166 3837 2431 3907 sanguine
2460 3844 2741 3889 cruentata
2764 3832 2873 3907 [AL
2907 3829 3158 3904 cruenta]
3192 3840 3298 3893 est.
3326 3826 3497 3883 lavari

1897 3946 2004 3986 non
2039 3936 2245 4001 potest;
2288 3929 2384 3984 sed
2424 3928 2627 3986 inlecta
2657 3926 2941 4000 sanguine.
2977 3927 3101 3997 igne
3131 3920 3496 3987 comburitur,

1899 4034 1956 4079 ut
1987 4021 2212 4078 maculae
2243 4036 2366 4077 cum
2396 4021 2726 4077 vestimento
2757 4018 2884 4076 foedi
2932 4016 3150 4073 cruoris
3180 4015 3450 4071 intereant
3483 4030 3497 4068 :
3568 4089 3582 4104 α

1897 4118 1977 4175 sic
2017 4114 2219 4174 diaboli
2253 4115 2489 4172 violenta
2524 4114 2788 4186 prmdatio
2830 4123 2885 4169 et
2916 4109 3180 4168 tumultus
3209 4124 3273 4165 ac
3304 4106 3497 4171 turbas,

1897 4212 2096 4286 quibus
2139 4212 2434 4268 humanum
2483 4210 2588 4265 sibi
2638 4208 3179 4282 subjeeeratgenus,
3229 4203 3500 4277 gehenna:

1898 4306 2115 4380 ignibus
2139 4303 2412 4378 deputata:
2437 4310 2589 4359 sunt.
2612 4300 2755 4359 LXX
2787 4319 2894 4356 non
2925 4316 3138 4368 omnes,
3169 4296 3265 4354 sed
3296 4304 3503 4367 partem

1897 4401 2187 4477 quamdam
2224 4399 2406 4472 pepuli
2437 4397 2736 4455 credidisse
2765 4393 3110 4468 signiﬁcant:
3145 4392 3275 4449 licet
3305 4405 3405 4463 pro
3438 4402 3508 4445 eo

1899 4495 2043 4567 quod
2060 4493 2139 4551 illi
2162 4493 2442 4560 dixerunt,
2466 4488 2795 4547 deduxistiin
2822 4489 3021 4554 lwtilia,
3049 4487 3141 4544 alii
3166 4481 3510 4556 interpretati

205 4572 382 4646 spolia.
407 4572 604 4651 Iugum
636 4574 767 4632 enim
793 4575 961 4632 oneris
988 4580 1119 4651 ejus,
1153 4584 1201 4631 et
1231 4577 1375 4649 virga
1399 4573 1601 4632 humeri
1625 4576 1794 4648 illius,

217 4677 254 4691 -.
286 4679 536 4691 meum“
587 4670 830 4691 ---μημ
1020 4668 1269 4691 __--..
1488 4669 1535 4691 ρ--
1576 4672 1652 4691 μ-
1692 4668 1774 4691 ι.-

1904 4593 2015 4649 sint
2045 4588 2413 4663 magni/iecisti.
2442 4585 2510 4642 Et
2538 4602 2660 4643 cum
2682 4584 2734 4640 in
2757 4582 2979 4654 reliquis
3002 4579 3251 4638 eumdem
3285 4591 3505 4633 sensum

212 4677 254 4722 et
282 4679 539 4738 sceptrum
575 4670 832 4727 structoris
871 4671 983 4744 ejus
1013 4668 1290 4743 superasti,
1321 4669 1454 4725 sicut
1484 4669 1538 4726 in
1567 4672 1653 4727 die
1681 4668 1797 4727 Ma-

1907 4691 2148 4749 teneant.
2180 4682 2376 4739 stolam
2424 4687 2808 4752 congregatum
2842 4675 2987 4741 dolo,
3037 4683 3093 4729 et
3121 4671 3506 4729 vestimentum

212 4758 345 4817 dion.
379 4760 522 4829 Quia
548 4762 721 4818 onmis
761 4762 989 4819 violenta
1016 4764 1266 4834 praedatio
1308 4778 1429 4819 cum
1455 4763 1678 4819 tumultu
1706 4781 1725 4821 :
1755 4772 1803 4821 et

208 4855 553 4910 vestimentum
590 4855 810 4911 mixtum
836 4856 1091 4930 sanguine
1118 4856 1215 4911 erit
1253 4854 1309 4910 in
1334 4855 1732 4912 combustionem
1758 4865 1806 4913 et

207 4947 342 5016 cibus
365 4950 521 5024 ignis.
551 4947 699 5008 LXX
723 4968 734 5004 :
766 4949 1064 5007 Plurimum
1093 4960 1293 5024 partem
1320 4950 1503 5021 populi
1542 4949 1810 5008 deduxisti

208 5042 257 5095 in
283 5042 466 5098 laetitia
508 5053 597 5098 tua
620 5060 640 5098 :
685 5054 735 5099 et
775 5044 1085 5100 laetabuntur
1114 5045 1168 5100 in
1207 5053 1481 5118 conspectu
1509 5054 1619 5111 tuo,
1670 5046 1804 5101 sicut

208 5132 372 5189 lictori
396 5136 560 5192 solent
583 5136 639 5191 in
668 5150 853 5205 messe,
882 5145 933 5194 et
957 5137 1088 5192 sicut
1119 5134 1175 5191 hi
1201 5132 1290 5207 qui
1320 5135 1557 5193 dividunt
1579 5136 1753 5211 spolia
1782 5154 1801 5193 :

210 5229 324 5298 quia
348 5229 579 5285 ablatum
602 5240 674 5285 est
688 5233 882 5303 jugum
905 5230 1044 5303 quod
1069 5246 1231 5303 supra
1254 5230 1394 5299 ipsos
1419 5237 1527 5284 erat
1554 5229 1800 5300 positum,

212 5331 255 5377 et
282 5325 425 5396 uirga
444 5325 508 5380 de
529 5324 669 5381 collo
684 5336 883 5380 eorum.
918 5324 1073 5399 Virga
1094 5325 1228 5380 enim
1249 5331 1550 5379 exacturum
1574 5323 1805 5391 dissipa-

213 5415 364 5485 bitur,
398 5418 528 5475 sicut
553 5420 606 5474 in
628 5418 711 5473 die
733 5416 973 5474 Madian.
998 5418 1135 5484 Quia
1155 5428 1354 5473 omnem
1378 5417 1564 5471 stolam
1586 5431 1804 5488 congre-

211 5519 379 5582 gatum
417 5513 554 5579 dolo,
588 5522 637 5568 et
662 5514 1013 5569 uestimentum
1042 5506 1461 5568 commutationis
1487 5511 1755 5567 restituent
1783 5528 1803 5568 :

214 5614 259 5659 et
281 5607 485 5677 cupient
513 5607 633 5681 igne
654 5624 761 5664 esse
785 5606 1055 5664 combusti.
1082 5607 1141 5663 In
1170 5606 1419 5665 obscuris
1441 5605 1577 5662 locis
1603 5616 1806 5661 utram-

211 5712 315 5770 que
350 5699 646 5758 editionem
680 5702 929 5773 ponimus
948 5746 962 5771 ,
997 5712 1057 5759 ut
1084 5708 1349 5774 quantum
1378 5713 1410 5756 ε
1440 5701 1655 5758 caeteris
1684 5700 1802 5757 edi-

1904 4788 2316 4845 commutatum,
2343 4792 2468 4833 eum
2493 4771 2754 4846 adjiciunt
2780 4769 3143 4833 redditurum,
3173 4765 3225 4822 id
3256 4774 3363 4831 est,
3391 4763 3511 4819 dia-

1904 4872 2123 4930 bolum:
2150 4864 2292 4942 quod
2321 4866 2532 4924 scilicet
2558 4879 2749 4920 omnes
2780 4862 3012 4925 animas,
3060 4860 3218 4933 132
3245 4873 3379 4929 quas
3407 4855 3507 4913 Dei

1905 4965 2109 5025 auxilio
2137 4963 2463 5025 nudaverat,
2504 4975 2628 5016 cum
2652 4956 2997 5014 ornamentis
3044 4954 3295 5025 pristinis
3320 4948 3508 5007 reddi-

1905 5073 2061 5117 turus
2090 5059 2198 5114 sit:
2231 5073 2340 5113 non
2369 5055 2544 5111 solum
2575 5054 2714 5126 ipse,
2748 5051 2845 5108 sed
2873 5059 2928 5108 et
2959 5049 3224 5105 satellites
3252 5045 3369 5119 ejus
3397 5044 3510 5101 dae.

1910 5168 2139 5213 mones:
2183 5152 2379 5224 quibus
2406 5149 2450 5206 si
2481 5150 2631 5222 optio
2661 5147 2841 5212 detur,
2883 5144 3057 5218 magis
3084 5143 3291 5215 eligant
3326 5139 3510 5213 perire

1912 5247 2165 5312 flammis,
2196 5260 2358 5317 quam
2392 5242 2627 5315 praedam
2659 5240 2909 5313 perdere.

1985 5340 2166 5411 (Vers.
2195 5338 2276 5407 6.)
2312 5335 2566 5391 Parvulas
2595 5335 2728 5389 enim
2756 5342 2908 5387 natus
2932 5340 3008 5387 est
3035 5328 3203 5395 nobis,
3237 5327 3380 5398 ﬁlius
3401 5324 3502 5380 da-

1910 5446 1992 5493 tus
2012 5440 2090 5493 est
2116 5431 2303 5493 nobis:
2330 5440 2380 5489 et
2408 5430 2581 5500 {actus
2610 5438 2684 5483 est
2717 5427 3037 5500 principatus
3058 5439 3213 5493 super
3234 5422 3506 5475 humerum

1911 5531 2027 5604 ejus
2049 5544 2068 5594 ,°
2092 5536 2139 5581 et
2161 5524 2423 5580 vocabitur
2449 5538 2630 5577 nomen
2652 5523 2766 5595 ejus
2791 5518 3132 5582 admirabilis,
3156 5514 3508 5581 consiliarius,

1913 5622 2075 5687 Deus,
2100 5620 2273 5694 fortis,
2298 5626 2442 5688 pater
2470 5616 2635 5690 futuri
2668 5615 2868 5682 swculi,
2900 5614 3136 5684 princeps
3164 5609 3328 5681 pacis.
3361 5604 3509 5662 Mul-

1914 5714 2239 5790 tiplicabitur
2268 5714 2383 5788 ejus
2403 5711 2701 5785 imperium,
2734 5716 2780 5764 et
2806 5708 2948 5781 pacis
2980 5722 3079 5762 non
3109 5705 3205 5761 erit
3231 5703 3390 5777 linis:
3420 5718 3510 5760 su-

297 5898 322 5927 ι
348 5888 557 5948 Vitiose
578 5897 697 5949 erat
725 5890 935 5964 absque
958 5890 1023 5947 de
1053 5889 1441 5964 praepositione
1469 5884 1661 5944 lsraeli
1689 5884 2023 5944 Madianitis.
2048 5882 2179 5942 Mss.
2213 5880 2528 5940 emendant.
