4052 6480
500 277 605 334 127

1857 281 1914 339 ε.
1959 281 2230 342 EUSEBll
2272 281 2656 344 HIERONYMI

3705 290 3816 350 l28

499 416 592 472 per
622 401 808 457 solium
841 400 1034 471 David,
1064 415 1112 459 et
1143 420 1299 474 super
1325 420 1544 479 regnum
1583 410 1718 478 ejus,
1749 414 1806 462 ut
1833 409 2102 493 confirmet
2133 424 2180 485 Α
2206 417 2384 464 sancto
2422 409 2599 466 Israel
2627 411 2680 465 in
2703 411 2956 468 veritate:
3000 422 3049 469 et
3075 415 3214 487 quod
3239 413 3506 471 residuum
3545 422 3620 472 est
3647 413 3816 471 Iacob

497 495 635 550 illud
664 506 713 551 et
738 495 1028 551 corroboret
1048 497 1102 549 in
1120 496 1328 570 judicio
1351 507 1398 551 et
1421 499 1656 571 justitia,
1681 500 1868 555 amodo
1888 511 1934 556 et
1950 519 2108 572 usque

498 589 556 645 in
589 592 980 661 sempiternum.
1013 589 1173 646 Zelus
1215 590 1431 647 Domini
1455 595 1774 650 exercituum
1801 596 1958 667 faciet
1986 596 2105 652 hoc.

503 685 686 744 LXX:
718 686 856 756 Quia
896 687 1144 759 paruulus
1184 697 1337 742 natus
1365 697 1439 743 est
1470 689 1637 753 nobis,
1678 691 1817 759 ﬁlius
1849 690 2003 746 datus
2035 700 2109 747 est

504 784 675 848 nobis,
706 787 854 854 cujus
878 783 1201 852 principatus
1222 787 1391 855 factus
1410 793 1481 839 est
1501 802 1655 858 super
1673 785 1945 840 humerum
1963 788 2076 857 ejus
2092 803 2112 843 .·

505 886 553 932 el
581 887 795 932 vocatur
811 893 998 931 nomen
1023 880 1134 950 ejus
1155 879 1334 950 magni
1357 880 1563 934 consilii
1583 881 1812 934 nuntius.
1840 879 2111 936 Adducam

505 973 641 1024 enim
669 987 846 1043 pacem
868 988 1025 1041 super
1049 971 1328 1041 principes,
1355 982 1405 1027 et
1425 973 1699 1028 sanitatem
1724 976 1834 1047 ejus
1850 991 1869 1030 :
1895 992 2112 1048 magnus

506 1071 831 1139 principatus
853 1067 1019 1133 illius,
1046 1075 1098 1122 et
1119 1068 1263 1136 pacis
1282 1085 1382 1124 non
1405 1079 1480 1124 est
1505 1071 1774 1136 terminus,
1796 1087 1954 1139 super
1970 1072 2114 1126 thro-

507 1175 633 1214 num
665 1158 832 1215 David
860 1171 907 1217 et
933 1179 1152 1233 regnum
1180 1168 1326 1236 ejus:
1369 1174 1424 1219 ut
1449 1166 1675 1238 corrigat
1702 1166 1858 1234 illud,
1888 1177 1936 1222 et
1961 1168 2115 1224 auxi-

514 1253 673 1308 lietur
693 1255 747 1308 in
765 1255 972 1324 judicio
999 1266 1044 1310 et
1056 1257 1269 1329 justitia
1289 1274 1308 1312 :
1329 1275 1393 1313 ex
1411 1258 1509 1312 hoc
1538 1276 1676 1314 nunc
1700 1269 1749 1314 et
1777 1277 1932 1330 usque
1953 1262 2004 1315 in
2027 1278 2117 1317 sa:-

507 1347 704 1401 cnlum.
727 1347 885 1402 Zelus
909 1348 1118 1404 Domini
1140 1351 1354 1406 sabaoth
1375 1352 1673 1423 faciethwc.
1694 1352 1823 1410 ldeo
1839 1355 2112 1424 diabolus,

507 1448 564 1496 et
593 1442 773 1496 omnis
794 1441 914 1512 ejus
946 1443 1179 1499 violenta
1213 1445 1502 1515 praedatio,
1550 1462 1651 1515 qua
1685 1445 1984 1503 humanum
2018 1464 2117 1520 op-

507 1545 987 1607 presseratgenus,
1003 1546 1058 1593 et
1079 1539 1400 1610 sanguinem
1416 1539 1665 1610 sanguini
1680 1543 2120 1611 miscuerat,erit

510 1631 566 1686 in
594 1633 1053 1696 combustionem.
1106 1644 1160 1690 et
1184 1635 1342 1692 cibus
1368 1636 1506 1707 ignis
1532 1638 1756 1694 aeterni:
1800 1639 1924 1707 quia
1959 1649 2119 1697 natus

510 1732 595 1778 est
623 1723 780 1780 nobis
807 1724 876 1780 de
907 1725 1132 1796 Virgine
1158 1741 1316 1798 puer.
1348 1727 1416 1782 de
1441 1743 1548 1798 quo
1570 1743 1735 1800 supra
1759 1729 1966 1787 dictum
1999 1741 2115 1787 est:

2209 518 2362 569 super
2393 501 2500 557 Deo
2528 505 2653 574 forti
2680 502 2836 577 (Isai.
2865 505 3010 577 vm),
3037 523 3136 576 pro
3159 507 3270 563 Deo
3298 509 3422 563 [οι-ιί
3456 509 3510 565 in
3537 508 3816 566 Hebraico

2210 594 2472 663 scriptum
2512 595 2675 652 habet
2705 614 2772 652 ΕΙ.
2797 613 3004 655 otnnon.
3033 599 3464 659 Patremfautem
3509 602 3674 658 lutttri
3708 617 3821 658 sm-

2211 685 2319 740 culi
2343 695 2397 741 et
2423 689 2867 758 resurrectionis,
2888 691 3035 762 quod
3060 691 3114 746 iu
3147 703 3331 748 nostra
3359 696 3648 751 vocatione
3665 711 3823 752 com-

2213 780 2422 850 pletur;
2457 792 2510 838 et
2536 783 2837 854 principem
2868 785 3037 856 pacis,
3065 785 3154 858 qui
3187 787 3403 843 locutus
3442 799 3524 844 est
3565 789 3632 844 ad
3671 791 3824 860 Apo-

2213 875 2420 931 smlos:
2451 875 2641 932 Pacem
2673 897 2838 934 meum
2864 881 2932 934 do
2962 882 3104 935 vobis
3122 924 3137 948 ,
3180 900 3363 952 pacem
3385 900 3552 938 nteant
3581 885 3824 958 relinquo

2212 968 2350 1023 vobis
2379 967 2559 1040 (Joan.
2587 989 2700 1041 xw,
2732 973 2823 1044 2);
2869 990 2977 1030 non
3007 975 3298 1043 dubitabit,
3329 979 3419 1046 qui
3461 993 3646 1049 pacem
3681 995 3818 1035 nos-

2216 1069 2353 1116 tram
2378 1062 2533 1133 juxta
2577 1063 2802 1120 Paulum
2847 1067 3158 1139 apostolum
3202 1070 3396 1140 legerit
3450 1071 3824 1130 Salvatorem.

2215 1155 2330 1221 Qua
2365 1157 2643 1214 nominum
2677 1161 2964 1230 majestate
3005 1165 3335 1234 perterritos
3368 1165 3514 1222 LXX
3550 1183 3678 1224 reor
3711 1183 3824 1225 non

2215 1262 2338 1305 esse
2394 1265 2556 1308 ausos
2603 1255 2670 1308 de
2731 1270 2898 1324 puero
2947 1255 3165 1324 dicere,
3221 1259 3370 1328 quod
3427 1270 3618 1331 aperte
3673 1261 3822 1318 Deus

2218 1342 2578 1412 appellandus
2622 1347 2725 1413 sit,
2779 1357 2831 1404 et
2878 1357 3108 1405 Cretera:
3159 1351 3257 1406 sed
3309 1367 3408 1424 pro
3452 1352 3536 1409 his
3577 1370 3674 1411 sex
3722 1370 3827 1410 no-

2219 1436 2461 1492 minibus
2495 1440 2766 1508 posuisse,
2808 1442 2955 1510 quod
3007 1443 3058 1498 in
3093 1443 3361 1499 Ilebraico
3403 1461 3511 1501 non
3556 1446 3824 1513 habetur,

2219 1531 2394 1601 magni
2415 1531 2618 1586 consilii
2643 1533 2921 1607 Angelum,
2947 1544 2994 1590 et
3013 1537 3272 1592 adducam
3295 1555 3475 1610 pacem
3495 1555 3656 1609 super
3675 1539 3830 1611 prin-

2220 1623 2379 1691 cipes,
2436 1633 2480 1678 et
2511 1626 2778 1681 sanitatem
2827 1629 2960 1696 ejus.
3011 1627 3165 1698 Quod
3226 1630 3372 1685 hunc
3420 1631 3550 1685 mihi
3599 1646 3828 1688 sensum

2219 1711 2424 1770 habere
2476 1714 2735 1772 videtur:
2791 1718 2965 1790 Magni
3016 1720 3235 1776 consilii
3292 1721 3530 1794 Angelus
3573 1732 3682 1790 est,
3733 1724 3832 1794 qui

509 1815 798 1888 Ληιεφωηι
819 1819 946 1874 m-a,
970 1835 1096 1886 puer
1122 1820 1397 1890 “probare
1421 1821 1618 1889 malum
1641 1831 1689 1877 ει
1715 1823 1904 1897 eligere
1926 1825 2116 1880 bonum
2148 1827 2195 1888 Β
2222 1807 2491 1862 nuntiavit
2520 1808 2678 1864 nobis
2711 1809 3075 1880 abjiciendum
3117 1827 3218 1882 pro
3251 1824 3505 1884 tempore
3547 1813 3742 1884 lsrael,
3777 1825 3833 1872 et

515 1907 670 1979 (Isai.
694 1925 794 1975 vn,
822 1910 910 1982 16)
934 1929 948 1968 :
973 1920 1026 1966 et
1049 1921 1240 1984 postea
1265 1913 1318 1967 in
1337 1913 1692 1984 generatione
1713 1913 2116 1987 Prophetisszcz

2228 1908 2411 1968 gentes
2438 1914 2560 1956 esse
2587 1902 2917 1959 salvandas:
2959 1903 3218 1976 deditque
3264 1921 3453 1976 pacem
3487 1906 3835 1979 principibus

511 2002 803 2075 Antequam
842 2005 974 2059 sciat
1007 2022 1134 2076 puer
1167 2022 1350 2061 vocare
1391 2017 1589 2077 patrem
1630 2025 1786 2063 suum
1825 2019 1871 2065 et
1904 2023 2120 2066 matrem

2228 1993 2357 2060 suis,
2391 1995 2669 2066 Apostolis
2705 2005 2758 2052 et
2787 1999 3106 2068 apostolicis
3138 2001 3292 2066 viris,
3333 1999 3494 2074 134
3522 2009 3580 2057 et
3619 2003 3836 2057 sanita-

514 2112 662 2150 suam
696 2095 851 2167 (Isai.
885 2114 1008 2162 vut,
1046 2099 1123 2170 4).
1153 2099 1261 2156 Iste
1310 2099 1475 2171 igitur
1520 2118 1677 2170 puer,
1711 2105 1802 2174 qui
1845 2114 2008 2160 natus
2039 2115 2124 2162 es;
2223 2096 2331 2144 tem
2363 2088 2676 2161 dogmatum
2701 2106 2924 2148 suorum
2953 2094 3311 2150 credentibus
3337 2095 3651 2167 dereliquit.
3675 2095 3835 2166 Quod

517 2188 586 2243 de
612 2189 863 2261 Virgine,
913 2192 1222 2262 appellatur
1254 2191 1587 2262 Emmanuel,
1620 2197 1673 2251 id
1708 2205 1812 2262 est,
1858 2199 2121 2254 nobiscum

517 2281 693 2338 Deus:
724 2292 780 2340 et
800 2284 868 2345 de
897 2285 1276 2356 Pr0phetissa,
1307 2288 1410 2346 hoc
1439 2299 1544 2356 est,
1570 2291 1639 2348 de
1668 2292 1872 2349 Sancto
1893 2310 2123 2366 genera—

526 2383 616 2432 tus
643 2375 875 2447 Spiritu,
913 2391 1263 2452 nuncupatus
1287 2393 1395 2449 est,
1427 2385 1678 2452 accelera,
1702 2386 1876 2456 spolia
1906 2387 2122 2444 detrahe

516 2471 706 2537 festina
737 2473 968 2543 pratdari
992 2491 1010 2529 :
1045 2490 1188 2531 nunc
1218 2477 1404 2533 multis
1436 2479 1752 2536 nominibus
1790 2483 2122 2552 appellatur.

518 2565 587 2620 Et
611 2566 743 2621 licet
764 2581 831 2623 ex
855 2582 920 2623 eo
939 2568 1084 2639 quod
1111 2563 1275 2641 supra
1302 2571 1536 2640 dixerat,
1562 2573 1906 2639 Emmanuel,
1939 2577 1990 2632 id
2017 2585 2124 2644 est,

518 2659 783 2712 nobiscum
816 2659 973 2725 Deus,
1005 2661 1177 2717 Deum
1225 2663 1375 2718 illum
1408 2680 1531 2721 esse
1583 2671 2005 2726 monstraverit:
2049 2680 2127 2726 ta-

521 2766 646 2806 men
680 2766 826 2807 nunc
856 2752 991 2808 dicit
1025 2752 1227 2810 factum
1265 2755 1412 2811 illius
1441 2757 1802 2828 principatum
1838 2776 2002 2831 super
2028 2763 2129 2819 hu-

519 2859 729 2900 merum
755 2845 895 2915 ejus,
929 2845 1014 2902 vel
1038 2847 1186 2917 quod
1216 2863 1434 2905 crucem
1459 2866 1612 2906 suam
1647 2853 1764 2922 ipse
1791 2856 2122 2922 portaverit:

502 2937 604 2991 ‘vel
648 2952 748 3008 per
777 2939 1063 2994 httmerum
1119 2942 1419 2998 ostendens
1459 2943 1666 3000 brachii
1723 2946 2124 3017 fortitudinem,

520 3028 713 3084 eodem
763 3028 898 3085 Isaia
949 3030 1169 3088 dicente
1223 3051 1238 3088 :
1291 3045 1315 3070 τι
1367 3035 1628 3091 Revelavit
1684 3037 1938 3095 Dominus
1986 3040 2129 3096 Deus

521 3126 790 3180 brachium
829 3136 1066 3181 sanctum
1102 3145 1251 3183 suum
1301 3132 1536 3187 omnibus
1563 3134 1797 3206 gentibus
1826 3135 1845 3209 (
1870 3134 2000 3192 Isai.
2032 3155 2126 3205 ιιι,

2224 2191 2406 2237 autem
2463 2184 2751 2253 sequitur:
2801 2185 3238 2259 Multiplicabitur
3289 2192 3400 2262 ejus
3441 2189 3739 2261 imperium,
3785 2201 3834 2246 et

2226 2278 2366 2346 pacis
2395 2293 2497 2330 non
2520 2279 2616 2331 erit
2643 2278 2804 2346 ﬁnis:
2835 2294 2931 2350 pro
2953 2295 3059 2350 quo
3087 2279 3229 2335 LXX
3258 2283 3690 2338 transtulerunt:
3721 2283 3838 2340 lla-

2223 2388 2357 2441 gnus
2386 2372 2712 2444 principatus
2739 2375 2858 2446 ejus
2893 2390 2910 2427 :
2942 2376 3086 2430 scire
3127 2375 3392 2432 debemus
3422 2377 3566 2448 quod
3601 2379 3837 2436 verbum

2227 2463 2553 2519 Hebraicum
2582 2481 2754 2521 uesm
2778 2466 3069 2538 (.1112?th
3101 2468 3188 2523 hic
3214 2477 3273 2524 et
3298 2485 3467 2541 supra
3493 2469 3634 2526 LXX
3659 2477 3838 2548 ἀρχὴν

2228 2558 2279 2613 id
2312 2567 2418 2625 est,
2451 2558 2479 2598 δ
2505 2561 2856 2631 priucipatunt
2888 2562 3237 2632 interpretati
3267 2575 3419 2620 sunt.
3461 2565 3568 2622 Pro
3598 2582 3707 2636 quo
3737 2581 3841 2622 nos

2227 2666 2391 2724 supra
2428 2654 2800 2726 principatum,
2852 2654 2943 2709 hic
2980 2656 3257 2728 imperium
3303 2659 3595 2715 vertimus.
3637 2659 3839 2728 Aquila

2229 2754 2416 2800 autem
2436 2747 2589 2801 verbi
2610 2746 2962 2819 ambiguitate
2983 2749 3247 2822 deceptus
3268 2753 3475 2830 μέτρον,
3500 2751 3550 2807 id
3565 2761 3672 2818 est,
3694 2769 3842 2808 men-

2227 2855 2403 2891 suram
2433 2837 2825 2910 interpretatus
2867 2852 2988 2906 est,
3036 2858 3158 2914 qua:
3197 2852 3254 2899 et
3292 2844 3562 2901 Hebraice
3596 2856 3618 2883 ο
3650 2856 3708 2901 et
3735 2845 3842 2901 La-

2232 2932 2344 2988 tine
2376 2932 2567 2988 eodem
2596 2934 2907 3003 appellatur
2934 2937 3181 2992 nomine.
3211 2936 3321 2993 Nec
3351 2937 3603 2994 dubitare
3636 2939 3839 3009 poterit

2232 3025 2302 3082 de
2334 3026 2622 3096 multiplici
2675 3027 2975 3084 Salvatoris
3009 3031 3240 3100 imperio
3271 3040 3326 3087 et
3356 3046 3492 3102 pace
3541 3033 3681 3102 ejus,
3714 3049 3840 3103 qua:

2234 3136 2340 3176 non
2366 3120 2568 3176 habent
2597 3120 2780 3190 linem,
2816 3125 2904 3192 qui
2939 3125 2990 3178 in
3026 3124 3256 3180 Psalmis
3291 3125 3520 3197 legerit:
3557 3125 3782 3182 Postulo
3807 3145 3840 3182 a

522 3219 635 3288 10).
673 3220 738 3274 Et
766 3235 1016 3276 rursum:
1060 3221 1302 3293 Domine,
1348 3227 1465 3298 quis
1511 3228 1733 3282 credidit
1759 3231 1966 3285 auditui
2011 3249 2124 3286 nos-

2235 3231 2332 3278 me,
2364 3225 2410 3268 et
2454 3216 2588 3272 dabo
2621 3216 2712 3271 tibi
2735 3228 2911 3290 gentes
2951 3218 3303 3273 hwreditatem
3352 3230 3516 3285 tuam,
3549 3231 3600 3276 et
3627 3238 3839 3291 posses-

523 3323 602 3368 tro
621 3331 638 3370 :
659 3321 705 3368 et
723 3314 994 3370 brachium
1013 3316 1220 3372 Domini
1243 3320 1326 3372 cui
1349 3321 1631 3375 revelatum
1647 3331 1718 3377 est
1741 3321 1899 3395 (Isai.
1920 3340 2032 3393 Llll,
2055 3326 2134 3398 l)?

524 3405 820 3463 Vocabitur
841 3424 971 3480 ergo
991 3420 1113 3479 post
1134 3410 1242 3465 duo
1268 3414 1512 3481 nomina,
1539 3430 1634 3470 sex
1652 3415 1773 3469 aliis
1789 3417 2131 3474 nominibus:

524 3499 902 3567 Admirabilis,
928 3503 1307 3572 Consiliarius,
1337 3505 1504 3570 Deus,
1544 3508 1700 3581 133
1731 3509 1936 3576 Fortis,
1969 3511 2134 3567 Pater

525 3593 696 3650 futuri
724 3596 932 3661 saeculi.
964 3596 1229 3667 Princeps
1255 3599 1423 3668 pacis.
1454 3599 1568 3655 Non
1602 3603 1772 3666 enim,
1805 3612 1863 3658 ut
1893 3603 2134 3676 plerique

528 3697 744 3760 putant,
803 3689 930 3746 bina
976 3691 1251 3762 iungenda
1291 3705 1416 3750 sunt
1466 3697 1711 3761 nomina,
1756 3707 1815 3752 ut
1868 3698 2131 3768 legamus,

527 3783 881 3840 Admirabilis
899 3787 1276 3856 consiliarius,
1304 3796 1358 3844 et
1381 3806 1618 3853 rursum.
1643 3791 1787 3847 Deus
1807 3791 1987 3858 fortis;
2013 3794 2130 3862 sed,

529 3877 884 3934 Admirabilis
914 3879 1203 3951 legendum
1233 3892 1317 3937 est
1348 3885 1669 3954 separatim,
1694 3884 1837 3956 quod
1871 3885 2136 3942 llebraice

525 3971 725 4028 dicitur
775 3989 947 4029 pasce
977 3957 1157 4046 (355)
1185 3993 1198 4028 :
1231 3983 1286 4030 et
1327 3975 1684 4031 Consiliarius
1736 3992 2010 4044 seorsum,
2044 3980 2134 4049 qui

529 4065 713 4136 lingua
737 4082 927 4122 eorum
954 4067 1267 4150 appellatur
1290 4084 1403 4123 totas
1433 4069 1639 4150 (V‘ﬁt):
1665 4078 1716 4125 el
1744 4069 1887 4125 Deus
1916 4085 2136 4140 separa-

531 4157 651 4222 tim,
698 4159 790 4228 qui
825 4158 1095 4215 Hebraice
1127 4176 1193 4215 ει.
1224 4138 1362 4233 (5st)
1392 4138 1612 4217 dicitur.
1649 4163 1891 4231 Denique
1923 4138 2137 4216 incon-

527 4251 887 4320 sequentibus
917 4252 1006 4306 ubi
1037 4253 1304 4323 legimus:
1333 4253 1411 4308 Tu
1439 4271 1490 4309 es
1511 4255 1646 4310 enim
1676 4255 1838 4321 Deus,
1865 4264 1913 4309 et
1939 4256 2137 4309 nescie-

529 4341 742 4396 bamus:
778 4343 844 4397 Et
875 4344 1074 4399 iterum
1102 4365 1114 4398 :
1167 4344 1281 4418 Ego
1312 4363 1425 4400 sum
1461 4347 1617 4413 Deus,
1669 4357 1718 4401 et
1748 4364 1850 4402 non
1883 4357 1958 4402 est
2000 4348 2137 4404 alius

530 4445 717 4506 prwter
758 4453 837 4490 me
861 4435 1020 4508 (Isai.
1056 4454 1182 4504 XLV,
1213 4436 1303 4510 5),
1355 4449 1409 4494 et
1443 4439 1607 4494 multa
1640 4439 1723 4494 bis
1755 4439 1958 4495 similia
1992 4459 2005 4496 :
2040 4456 2136 4511 pro

531 4545 597 4586 eo
625 4530 767 4598 quod
793 4535 844 4586 in
873 4531 1066 4588 Latino
1089 4532 1292 4588 dicitur
1317 4533 1473 4599 Deus,
1507 4536 1558 4590 in
1586 4533 1850 4590 Hebraico
1874 4551 1942 4591 Et.
1964 4537 2138 4606 scrip-

2237 3308 2433 3361 sionent
2463 3318 2606 3362 tuam
2635 3311 2882 3363 terminos
2914 3319 3065 3364 terra:
3091 3309 3210 3382 (Ps.
3246 3325 3284 3364 ll
3306 3354 3320 3373 ,
3354 3310 3445 3382 8);
3496 3321 3552 3367 et
3580 3329 3797 3369 rursum
3825 3333 3838 3369 :

2239 3399 2306 3454 Et
2332 3402 2608 3457 multitudo
2637 3403 2799 3472 pacis,
2828 3402 2987 3457 donec
3005 3410 3273 3476 auferatur
3293 3403 3418 3460 luna
3442 3405 3560 3478 (Ps.
3585 3423 3739 3472 un,
3759 3408 3841 3478 7),

2238 3493 2289 3547 id
2322 3505 2426 3558 est,
2459 3510 2629 3566 usque
2660 3495 2726 3549 ad
2760 3498 3285 3552 consummationem
3315 3498 3521 3552 smculi.
3556 3498 3844 3570 Principa-

2239 3592 2328 3639 tus
2376 3597 2557 3641 autem
2591 3587 2737 3642 illius
2779 3597 2834 3642 et
2870 3587 3160 3658 imperium
3194 3590 3304 3644 erit
3353 3606 3518 3658 super
3563 3592 3765 3647 solium
3791 3604 3845 3649 et

2238 3692 2464 3748 regnum
2498 3679 2690 3749 David,
2740 3680 2884 3750 quod
2933 3692 3054 3750 post
3081 3682 3448 3752 captivitatem
3482 3682 3842 3755 Babyloniam

2240 3773 2414 3829 fuerat
2445 3773 2792 3845 dissipatum,
2827 3785 2886 3830 ut
2913 3774 3202 3830 conﬁrmet
3236 3775 3366 3830 illud
3394 3783 3450 3831 et
3494 3778 3842 3845 corroboret,

2239 3880 2291 3924 et
2321 3869 2517 3924 doceat
2544 3886 2666 3925 esse
2697 3867 2723 3907 ά
2756 3880 3078 3941 perpetuum
3110 3871 3214 3943 (ne
3237 3885 3392 3926 cassa
3425 3871 3523 3926 Dei
3549 3874 3842 3942 promissio

2238 3964 2551 4033 videretur)
2585 3965 2655 4018 ab
2699 3966 3095 4020 lncaruatiouis
3129 3951 3375 4036 te'mpore
3410 3982 3583 4038 usque
3613 3968 3665 4022 in
3699 3984 3845 4024 sem-

2241 4061 2539 4131 piteruum.
2573 4060 2864 4130 Pr0pterea
2904 4073 3087 4116 autem
3120 4062 3290 4122 zelus,
3325 4061 3378 4117 id
3423 4073 3532 4129 est,
3565 4065 3844 4120 annulatio

2240 4153 2451 4206 Domini
2478 4153 2813 4207 exercituum
2847 4152 2975 4208 fecit
3002 4153 3125 4217 hoc,
3153 4153 3277 4223 quia
3302 4153 3545 4225 ipsieum
3579 4156 3644 4210 ad
3674 4173 3846 4211 a-mu-

2239 4245 2499 4300 lationem
2525 4255 2961 4314 provocaverunt
2991 4246 3042 4300 in
3075 4245 3163 4299 his
3191 4247 3284 4316 qui
3332 4263 3440 4302 non
3470 4257 3627 4304 erant
3657 4249 3757 4317 dii,
3792 4258 3846 4306 et

2242 4339 2331 4394 ille
2362 4353 2460 4394 eos
2481 4337 2798 4411 provocavit
2815 4338 2882 4394 ad
2912 4337 3277 4394 :emulandum
3302 4339 3355 4395 in
3379 4350 3562 4411 gente,
3587 4357 3710 4414 quae
3735 4359 3844 4400 non

2239 4445 2353 4490 erat
2367 4431 2687 4506 gens(Dent.
2704 4431 3094 4504 xxxu).Coepta
3113 4433 3485 4490 Emmanuelis
3498 4445 3551 4489 et
3566 4436 3844 4493 nascentis

2239 4527 2393 4596 pueri
2423 4527 2490 4582 de
2512 4527 2730 4599 Virgine
2754 4527 3066 4599 prophetia,
3103 4543 3169 4584 ex
3193 4544 3260 4583 eo
3282 4529 3403 4584 loco
3421 4529 3510 4584 ubi
3543 4529 3749 4586 dicitur
3777 4531 3843 4585 ad

530 4635 642 4680 tttm
675 4635 780 4682 est.
816 4628 1082 4698 Quodque
1113 4630 1380 4700 sequitur,
1410 4627 1612 4695 Fortis,
1648 4629 1917 4688 Hebraico
1944 4647 2124 4688 thson

2236 4623 2451 4678 Achaz:
2485 4621 2610 4677 Pete
2634 4623 2726 4676 tibi
2747 4623 2949 4695 signum
2976 4639 3007 4676 a
3031 4619 3259 4677 Domino
3287 4622 3396 4678 Deo
3417 4635 3507 4679 tuo
3528 4666 3542 4691 ,
3568 4623 3846 4680 versiculo

534 4718 698 4790 (112:)
725 4721 1050 4790 appellatur.
1083 4721 1238 4778 Unde
1267 4733 1321 4778 et
1352 4723 1404 4778 in
1452 4737 1520 4779 eo
1561 4724 1684 4780 loco
1711 4725 1800 4780 ubi
1831 4725 1972 4781 idem
2007 4742 2132 4796 pro-

531 4808 695 4882 pheta
743 4824 1174 4870 commemorat:
1237 4815 1404 4871 Erunt
1448 4817 1766 4888 conﬁdentes
1815 4836 1971 4892 super
2023 4819 2131 4875 Deo

603 4961 629 5032 ξ
654 4953 952 5032 Exﬁrazco
980 4957 1303 5032 ᾀποκαλύψει
1323 4958 1530 5032 Victor.
1557 4961 1774 5032 reponit
1801 4961 2090 5017 Revelabit.

602 5023 630 5061 δ
659 5023 713 5102 l_t_t
739 5025 940 5102 Vatic.,
972 5029 1028 5083 id
1054 5041 1148 5092 est,
1185 5023 1515 5102 principium.

609 5106 632 5134 ε
669 5097 934 5172 Hebraice
972 5097 1191 5160 mm.
1238 5097 1460 5163 ntesura.
1510 5104 1732 5170 dicitur,
1775 5120 1896 5172 qua!
1941 5119 2041 5158 vox
2072 5113 2128 5158 ttt

529 5169 645 5224 fere
670 5171 861 5226 eadem
893 5181 977 5227 est
1001 5188 1122 5228 cum
1147 5191 1392 5228 mensura
1413 5169 1756 5240 Latinorum,
1789 5169 1860 5231 ita
1883 5192 1910 5229 a
1928 5181 2120 5240 mm,

522 5312 853 5331 ῥ’-

2235 4721 2340 4777 isto
2373 4719 2520 4774 ﬁnita
2552 4729 2656 4787 est,
2687 4734 2794 4789 quo
2822 4717 3079 4774 infertur:
3106 4717 3262 4773 Zelus
3293 4719 3506 4776 Domini
3526 4722 3845 4777 exercituum

2240 4813 2501 4888 faciet/ioc
2530 4811 2688 4884 (Isai.
2713 4826 2806 4879 νη,
2830 4810 2942 4884 tl).
2969 4811 3121 4868 Nunc
3137 4812 3204 4868 ad
3237 4814 3444 4887 reliqua
3479 4827 3844 4874 transeamus.

2237 4975 2358 5030 qua:
2485 4967 2634 5014 textu
2677 4963 2799 5021 est,
2847 4964 2902 5010 et
2940 4958 3295 5026 principatum
3331 4966 3514 5023 sonat,
3555 4957 3847 5013 minimum

2237 5031 2604 5174 'egetiiﬂls'iiin
2631 5101 2826 5166 Vatic.,
2853 5115 2963 5154 esse
2989 5102 3315 5172 prapltetam,
3347 5118 3410 5157 ne
3440 5117 3588 5156 cassa
3621 5103 3847 5174 promise

2231 5175 2311 5230 sio
2343 5172 2441 5227 Dei
2460 5173 2756 5246 judicetur.

1509 5387 1989 5499 LIBER
2076 5386 2871 5517 QUARTUS.

601 5667 758 5742 135
771 5667 1071 5742 lnmquales
1084 5668 1346 5727 dictamus
1367 5679 1392 5708 α
1411 5669 1600 5738 libros,
1617 5679 1674 5728 et
1692 5685 1789 5744 pro
1806 5669 2128 5728 diversitate

2235 5672 2506 5729 visionum
2523 5687 2588 5729 ac
2615 5686 2898 5740 sensuum,
2921 5674 3064 5733 alius
3088 5675 3457 5746 contrahitur,
3481 5673 3624 5733 alius
3654 5682 3848 5733 exten-

605 5837 630 5864 α
687 5826 888 5896 Vatic.,
946 5827 1204 5884 dictamus
1245 5827 1608 5898 explanatione
1656 5826 1853 5894 libros;
1899 5835 1954 5885 et
1997 5843 2125 5885 mox
2157 5835 2478 5886 transeamus
2510 5843 2610 5909 pro
2639 5828 2938 5883 transimus.
