4052 6466
201 459 280 514 ιεθ
729 450 1378 512 COMMENTARIORUM
1419 450 1486 506 IN
1528 447 1765 509 ISAIAM
1804 447 2230 505 PIlOI’llE'I‘AM
2269 447 2397 505 LIB.
2442 447 2532 506 IV.
2575 447 2730 506 CAP.
2775 449 2866 506 IX.
3345 452 3449 508 I30

196 572 334 627 ditur.
367 569 537 639 Itaque
581 566 734 623 linito
767 569 930 624 tertio
977 569 1280 634 volumine,
1329 567 1628 622 transimus
1675 564 1743 619 ad
1774 567 1824 627 Α
1855 563 2270 634 postabjectum
2292 563 2422 619 Saul
2445 573 2686 634 coeperat
2708 566 2762 620 in
2789 562 3159 633 David,missa
3185 565 3237 620 in
3260 564 3454 633 Jacob,

194 675 446 738 quartum,
473 663 562 733 qui
596 663 752 718 tertia
787 679 1042 718 mensura
1065 678 1322 720 versuum
1354 662 1538 733 priore
1569 662 1750 716 minor
1848 658 1952 713 hoc
1981 669 2087 726 est,
2120 659 2171 712 in
2212 657 2502 715 duodecim
2537 659 2741 724 tribus,
2769 675 2890 730 qua:
2921 658 3092 715 Jacob
3119 660 3252 716 olim
3291 677 3454 716 voca-

195 769 280 825 est,
302 757 584 828 przcsertim
615 771 738 811 cum
773 757 1018 826 quintus,
1041 771 1203 827 quem
1237 755 1366 811 huic
1395 755 1535 811 libro
1561 753 1748 824 subje-
1849 750 2071 816 bantur,
2114 749 2312 805 cecidit
2360 747 2414 804 in
2455 750 2622 805 Israel
2656 768 2669 803 :
2715 766 2822 806 non
2871 763 2928 807 ut
2974 751 3118 808 LXX
3162 755 3458 810 transtule-

192 853 355 914 cimus.
383 850 645 906 liiStoricae
667 850 1076 922 cupianatiunis
1097 850 1191 917 sit,
1224 859 1278 906 et
1307 865 1448 920 pene
1472 847 1748 916 duplicem
1850 852 1999 906 runt,
2032 845 2167 898 venit
2194 859 2213 898 :
2244 843 2444 899 cecidit
2477 843 2624 899 enim
2657 843 2711 899 in
2751 844 2934 915 impiis
2969 864 2982 901 :
3011 847 3156 917 quod
3188 855 3453 905 statutum

193 959 440 1002 numerum
481 941 707 999 habeat.
740 943 880 998 Dum
919 942 1066 998 enim
1093 952 1120 981 α
1165 943 1418 999 nolumus
1460 940 1750 1012 conjuncta
1851 937 3452 1011 adsanctosdirectumerat.ScietigiturpopulusEphraim

192 1039 419 1106 dividere,
459 1045 515 1093 et
557 1037 688 1092 olim
729 1038 1080 1108 interpretata
1126 1037 1380 1103 transire,
1413 1036 1568 1107 quasi
1608 1033 1754 1090 inter
1852 1039 1908 1086 et
1939 1029 2248 1086 habitantes
2291 1029 2623 1096 Samariam,
2665 1030 2758 1102 qui
2797 1039 3026 1104 propter
3049 1034 3453 1089 multitudinem

191 1135 303 1191 duas
331 1132 487 1188 maris
525 1130 739 1187 Pontici
771 1130 1146 1204 συμπληγάδας
1178 1129 1477 1185 naviculam
1510 1135 1753 1183 nostram
1853 1121 2139 1193 eriguntur
2165 1124 2218 1177 in
2251 1123 2592 1194 superbiam,
2625 1133 2680 1180 et
2710 1123 2901 1180 dicunt
2932 1143 2946 1179 :
2975 1126 3204 1182 Parvum
3240 1135 3327 1182 est
3370 1143 3455 1184 re-

191 1227 470 1293 direximus,
517 1240 641 1296 quae
687 1223 854 1279 ﬂante
896 1223 1108 1292 Spiritu
1153 1229 1365 1286 sancto,
1414 1229 1471 1277 et
1522 1219 1754 1275 Domino
1852 1235 2018 1290 gnum
2048 1218 2224 1287 Judte,
2257 1228 2313 1274 et
2343 1221 2514 1274 nostri
2547 1220 2961 1291 comparatione
2983 1221 3327 1276 vilissimum.
3354 1220 3459 1276 Ita-

192 1321 442 1379 Salvatore
489 1333 714 1374 cursum
765 1317 1038 1390 dirigente
1087 1327 1369 1383 nostrum,
1418 1313 1654 1371 elabitur
1698 1313 1753 1369 in
1854 1329 1960 1385 que
1988 1315 2094 1370 illis
2120 1316 2582 1387 ruentibusquasi
2606 1316 2891 1384 lateribus,
2919 1332 3019 1390 nos
3043 1318 3253 1388 quadro
3278 1319 3458 1392 lapide

190 1414 404 1485 pelagus,
433 1412 651 1468 dicente
692 1423 762 1477 te,
815 1412 970 1483 virgo
1009 1409 1214 1466 Christi
1258 1410 1616 1465 Eustochium
1663 1407 1754 1462 :A
1855 1407 2190 1464 ardilicemus
2223 1409 2382 1465 nobis
2409 1409 2655 1465 domum.
2690 1409 2921 1466 Illorum
2963 1415 3292 1484 sycomoris,
3337 1430 3461 1484 qua

190 1520 376 1580 quatuor
398 1506 557 1561 ventis
582 1505 697 1560 caeli
723 1505 858 1570 veni,
886 1505 1123 1577 spiritus,
1166 1513 1212 1558 et
1249 1516 1453 1557 mortua
1478 1518 1596 1557 ossa
1626 1501 1756 1555 vioi-
1857 1501 1998 1573 ligna
2030 1513 2156 1558 sunt
2185 1504 2331 1572 vilia,
2369 1504 2554 1560 hostili
2583 1505 2900 1561 incursione
2928 1507 3158 1563 succisis
3183 1550 3196 1575 ,
3230 1523 3330 1564 nos
3357 1509 3460 1565 int-

191 1599 273 1669 ﬁcu
305 1597 514 1668 (Ezech.
556 1612 766 1659 xxxvii.
804 1594 899 1669 9):
945 1607 1002 1652 ut
1046 1610 1168 1668 quae
1207 1594 1464 1665 jacebant
1492 1593 1546 1649 in
1593 1599 1756 1649 terra:
1858 1596 2068 1666 perium
2105 1605 2350 1653 nostrum
2397 1597 2580 1652 cedris
2627 1608 2995 1667 exstrucmus,
3039 1617 3160 1671 quae
3203 1602 3462 1674 imputri-

191 1698 406 1766 pulvere,
437 1697 685 1763 spirante
710 1692 964 1759 Domino,
995 1692 1351 1747 suscitentur.
1858 1695 1998 1750 biles
2026 1705 2175 1759 sunt,
2203 1709 2260 1750 ut
2280 1711 2508 1767 regnum
2535 1697 2843 1766 significent
2863 1699 3285 1767 sempiternum.
3315 1699 3466 1756 Sciat

246 1792 365 1857 Cap.
395 1788 490 1844 IX.
511 1787 785 1861 -—-(Vers.
815 1786 849 1842 8
869 1786 1049 1858 seqq.)
1079 1784 1310 1842 Verbum
1337 1785 1476 1839 misit
1504 1782 1756 1838 Dominus
1859 1803 1990 1860 ergo
2017 1787 2118 1842 hoc
2140 1788 2370 1858 populus
2396 1789 2574 1845 omnis
2602 1791 2756 1862 137
2788 1791 3050 1860 prraini
3076 1803 3130 1848 et
3155 1793 3467 1852 habitantes

191 1882 233 1935 in
257 1879 427 1945 Iacob,
455 1891 506 1935 et
536 1877 721 1935 cecidit
753 1881 806 1934 in
849 1877 1040 1935 Israel.
1072 1877 1143 1933 Et
1172 1880 1296 1934 sciet
1328 1878 1550 1950 populus
1595 1877 1759 1931 omnis
1829 1907 1831 1912 ·
1862 1879 2188 1949 Samariam,
2225 1883 2368 1952 quod
2402 1883 2574 1956 Syrus
2604 1886 2698 1955 qui
2741 1900 2888 1941 nunc
2928 1886 2978 1942 ei
3007 1886 3217 1944 auxilio
3249 1896 3362 1956 est,
3408 1889 3466 1946 in

191 1974 410 2048 Ephraim
444 1985 496 2030 et
526 1973 815 2030 habitantes
849 1974 1169 2040 Samariam,
1202 1974 1254 2027 in
1300 1972 1544 2045 superbia
1574 1982 1620 2025 et
1647 1989 1756 2026 ma-
1788 1961 1836 2021 Β
1863 1973 2075 2031 hostem
2106 1983 2370 2030 transeat.
2400 1975 2497 2031 Vel
2527 1985 2677 2032 certe
2702 1987 2890 2033 contra
2924 1978 3098 2050 ipsum
3128 1979 3351 2051 Syrum,
3375 1997 3468 2036 su-

190 2070 425 2142 gnitudine
466 2070 667 2134 cordis,
707 2070 936 2124 dicentes
972 2085 992 2123 :
1043 2067 1254 2123 Lateres
1307 2066 1623 2132 ceciderunt,
1671 2065 1759 2120 sed
1865 2067 1972 2122 bita
2007 2067 2447 2123 adversariorum
2478 2070 2619 2125 bella
2650 2082 3004 2140 consurgant,
3030 2081 3085 2127 et
3111 2086 3307 2128 omnes
3335 2089 3467 2129 ver-

189 2166 371 2235 quadn’s
413 2163 678 2237 lapidibus
724 2163 1098 2232 wdiﬁcabimus
1142 2181 1154 2217 :
1186 2177 1484 2234 sycomoros
1529 2159 1762 2214 succide-
1867 2169 2054 2214 tantur
2091 2161 2142 2215 in
2179 2161 2472 2215 tumultum
2509 2180 2522 2215 :
2555 2161 2629 2216 ita
2661 2169 2721 2217 ut
2755 2173 2944 2218 contra
2987 2162 3155 2220 Israel
3197 2163 3357 2237 Syria
3397 2165 3467 2222 ab

190 2267 312 2317 runt.
351 2258 436 2312 sed
482 2257 667 2312 cedros
690 2257 1102 2311 immutabimus.
1141 2253 1211 2308 Et
1256 2253 1472 2309 elevabit
1507 2252 1764 2307 Dominus
1866 2255 2115 2318 Oriente.
2139 2266 2196 2312 et
2221 2256 2578 2327 Philisthiim,
2615 2258 2718 2314 hoc
2755 2267 2872 2327 est,
2906 2259 3183 2316 Palaestini
3216 2262 3286 2316 ab
3314 2262 3472 2319 Occi-

190 2351 335 2408 hostes
364 2351 530 2407 Rasin
556 2369 713 2424 super
736 2367 891 2417 eum,
925 2361 972 2406 et
995 2351 1234 2406 inimicos
1263 2351 1376 2416 eius
1403 2350 1457 2404 in
1485 2350 1765 2404 tumultum
1866 2350 2032 2406 dente
2089 2359 2414 2407 moveantur
2464 2369 2478 2405 :
2535 2361 2590 2407 et
2643 2352 2806 2408 simul
2864 2353 3138 2410 devorent
3186 2353 3469 2412 Israelem,

190 2461 341 2514 vertet,
367 2449 584 2521 Syriam
610 2449 672 2503 ab
701 2447 932 2512 Oriente,
957 2457 1004 2502 et
1027 2446 1351 2502 Philisthiim
1373 2445 1436 2500 ab
1464 2445 1762 2510 Occidente,
1866 2442 2114 2514 Cumque
2144 2444 2263 2500 haec
2292 2444 2545 2512 fecerint,
2587 2446 2946 2504 nihilominus
2985 2464 3180 2505 manus
3217 2465 3340 2505 mea
3376 2465 3467 2506 ex-

190 2554 228 2595 et
253 2542 562 2597 decorabant
591 2539 760 2596 Israel
800 2551 905 2595 toto
933 2557 1042 2596 ore.
1075 2538 1143 2594 In
1173 2538 1410 2594 omnibus
1439 2537 1521 2592 his
1554 2555 1658 2592 non
1691 2545 1766 2592 est
1868 2547 2043 2608 tenta,
2073 2541 2187 2596 sive
2214 2542 2427 2598 excelsa
2452 2549 2539 2597 est
2561 2556 2726 2613 super
2756 2543 2949 2610 Israel,
2977 2552 3032 2600 ct
3056 2559 3151 2600 eos
3175 2544 3339 2601 ferire
3362 2561 3471 2603 non

191 2651 367 2691 aversus
393 2639 545 2708 furor
583 2639 725 2709 ejus,
766 2635 858 2690 sed
891 2633 1065 2688 adhuc
1103 2651 1288 2688 manus
1317 2636 1431 2706 ejus
1458 2643 1688 2699 extenta,
1719 2640 1766 2686 et
1867 2642 2066 2688 cessat.
2102 2633 2353 2704 Cmsique
2397 2649 2428 2688 a
2469 2634 2583 2690 Deo
2630 2649 2738 2690 non
2783 2644 3134 2692 rchrtcntur
3177 2638 3243 2691 ad
3276 2652 3474 2707 percu-

191 2730 383 2800 populus
408 2747 513 2784 non
543 2741 616 2784 est
637 2745 869 2784 reversus
897 2727 967 2783 ad
996 2727 1358 2796 p'ercutientem
1387 2743 1440 2780 se
1459 2767 1472 2789 ,
1500 2736 1548 2781 et
1577 2724 1764 2780 Domi-
1870 2724 2092 2780 tientem
2121 2741 2202 2792 se,
2253 2741 2354 2782 nec
2388 2726 2674 2780 Dominum
2707 2736 2961 2797 quierent
2987 2729 3348 2798 exercituum,
3374 2731 3475 2786 rvi-

193 2839 293 2876 num
336 2826 656 2879 exercituum
709 2838 815 2876 non
874 2821 1238 2890 inquisierunt.
1297 2819 1555 2890 Legimus
1604 2831 1770 2888 supra
1871 2816 2015 2871 tulos
2059 2831 2260 2872 aureos
2309 2816 2603 2873 adorantes
2651 2834 2754 2890 pro
2795 2819 2930 2875 Deo.
2985 2819 3145 2876 Juxta
3185 2837 3477 2894 anagogen

191 2915 265 2986 (IV
304 2917 423 2990 Reg.
472 2914 591 2985 xvi)
633 2915 780 2987 quod
824 2915 876 2970 in
923 2914 1116 2969 diebus
1157 2912 1342 2967 Acliaz
1388 2912 1482 2967 lilii
1513 2910 1766 2978 Joathan,
1873 2907 2019 2963 hunc
2044 2907 2220 2964 locum
2251 2910 2426 2965 nostri
2455 2909 2530 2964 ita
2554 2910 2866 2967 edisseruut
2899 2911 3074 2968 :Misit
3106 2913 3247 2970 Deus
3275 2913 3476 2972 Filium

191 3009 269 3063 filii
291 3008 424 3065 Ozia:
465 3009 616 3079 regis
663 3007 825 3076 Juda,
876 3005 1192 3062 ascenderit
1239 3004 1408 3060 Rasin
1442 3020 1540 3060 rex
1571 3003 1768 3076 Syriae,
1873 3020 2030 3060 suum
2060 3005 2125 3060 ad
2153 3005 2348 3074 Jacob,
2377 3008 2481 3063 hoc
2511 3016 2620 3074 est,
2648 3008 2718 3064 ad
2743 3009 2963 3066 Judaros
2992 3019 3084 3066 :et
3113 3013 3265 3068 venit
3297 3013 3364 3068 ad
3396 3014 3475 3069 Is-

191 3115 238 3161 et
262 3104 457 3162 Phacee
489 3103 638 3159 filius
667 3103 930 3158 Romelia:
952 3117 1048 3158 rex
1078 3100 1245 3157 Israel
1277 3103 1327 3155 in
1351 3099 1680 3164 Jerusalem,
1714 3107 1772 3153 ut
1874 3095 2012 3163 rael,
2038 3096 2145 3153 hoc
2169 3109 2273 3167 est,
2305 3098 2371 3153 ad
2393 3100 2639 3169 gentium
2674 3101 2957 3171 populum,
2985 3119 3123 3173 quos
3149 3111 3206 3159 et
3238 3104 3478 3175 Aposto-

194 3207 552 3270 expugnarent
572 3212 712 3254 eam.
739 3195 979 3267 Et(Isai.
1000 3193 1096 3267 vn)
1119 3194 1264 3266 quod
1290 3195 1488 3249 missus
1511 3193 1582 3248 sit
1602 3193 1772 3248 lsaias
1873 3189 1959 3245 lus
1986 3193 2246 3261 appellari
2279 3192 2414 3249 dicit
2457 3193 2622 3249 Israel
2665 3193 2841 3267 (Rom.
2887 3195 2994 3268 ix).
3031 3197 3138 3252 Alii
3175 3213 3307 3254 vero
3349 3201 3474 3257 ita.:

194 3292 432 3362 propheta
478 3292 538 3348 in
581 3306 874 3347 occursum
905 3288 1090 3344 Achaz
1117 3304 1240 3344 cum
1272 3287 1444 3345 Jasub
1486 3287 1602 3342 ﬁlio
1632 3303 1770 3352 suo,
1814 3359 1846 3366 _
1879 3284 2121 3340 Verbum
2168 3302 2325 3342 suum
2372 3287 2519 3342 misit
2561 3288 2822 3344 Dominus
2863 3289 2930 3345 ad
2979 3290 3314 3360 Ecclesiam,
3355 3309 3477 3366 quae

195 3359 303 3440 ιιιεί
329 3385 562 3453 diceret,
597 3400 664 3441 ne
697 3384 948 3449 timeret,
981 3393 1036 3438 et
1059 3396 1152 3437 cor
1182 3381 1329 3436 illius
1360 3395 1428 3436 ne
1451 3379 1777 3436 formidaret
1803 3359 1848 3422 (ἶ
1883 3379 2118 3448 priorem
2155 3380 2415 3450 populum
2439 3381 2843 3452 supplantavit,
2878 3391 2936 3439 ει
2967 3384 3168 3440 cecidit
3199 3385 3253 3439 in
3286 3359 3477 3456 Israel,

193 3494 218 3534 a
240 3480 434 3535 duabus
464 3477 660 3534 caudis
699 3478 951 3532 titionum
991 3475 1398 3546 fumigantiutn,
1431 3489 1501 3530 eo
1529 3475 1675 3545 quod
1719 3474 1773 3529 in
1879 3471 1984 3528 hoc
2012 3482 2119 3540 cst,
2156 3473 2210 3528 in
2243 3474 2562 3542 haereticos,
2609 3477 2700 3547 qui
2734 3477 2905 3534 Deum
2935 3479 3124 3536 videre
3165 3493 3226 3536 se
3251 3481 3481 3551 jaCtant.

196 3570 311 3641 ipsis
333 3583 476 3630 esset
506 3571 684 3643 Syria:
707 3577 763 3626 et
783 3569 952 3625 Israel
981 3569 1269 3639 imperium
1305 3567 1628 3624 ﬁniendum.
1656 3566 1775 3634 Quo
1879 3565 2066 3622 Sciant
2087 3566 2270 3637 itaque
2306 3567 2582 3638 principes
2608 3585 2825 3638 eorum,
2868 3580 2924 3628 et
2958 3587 3149 3630 omnes
3190 3574 3284 3646 qui
3327 3574 3482 3632 habi-

194 3681 290 3723 non
309 3667 568 3723 credente
602 3675 826 3736 propter
855 3665 938 3720 rei
976 3661 1408 3733 magnitudinem
1451 3670 1506 3716 et
1536 3674 1777 3730 praesens
1881 3667 1998 3712 tant
2026 3659 2080 3714 in
2114 3659 2360 3715 Samaria
2382 3704 2396 3728 ,
2429 3659 2533 3717 hoc
2560 3672 2667 3730 est,
2707 3663 2928 3735 qui-Dei
2975 3665 3154 3736 legem
3199 3666 3481 3723 custodire

196 3762 502 3832 periculum,
532 3760 764 3833 jubctnr
791 3770 848 3814 ut
878 3757 985 3813 sibi
1022 3758 1262 3828 postulet
1286 3757 1519 3828 signum.
1554 3756 1620 3811 Et
1651 3757 1776 3827 quia
1880 3768 1941 3810 se
1971 3755 2182 3822 dicunt,
2222 3764 2278 3811 et
2311 3757 2362 3811 in
2394 3757 2648 3814 ubertate
2693 3774 2816 3815 esse
2847 3761 3112 3817 virtutum
3133 3803 3148 3829 ,
3180 3772 3235 3818 et
3273 3761 3485 3821 fructus

193 3855 461 3913 idololatra
493 3867 638 3919 erat,
665 3855 768 3910 hoc
793 3869 1008 3925 quoque
1034 3853 1214 3908 facere
1245 3852 1459 3908 noluit:
1487 3863 1778 3923 propterea
1880 3848 2076 3904 all'erre
2118 3848 2345 3920 juSIitiae
2392 3850 2523 3920 (hoc
2559 3851 2703 3907 enim
2745 3853 3136 3924 interpretatur
3173 3855 3481 3929 Ephraim),

198 3952 437 4009 Dominus
469 3966 817 4024 nequaquam
847 3949 952 4020 ipsi
976 3948 1115 4019 regi,
1140 3947 1235 4002 sed
1265 3947 1451 4003 domui
1488 3946 1657 4002 David
1685 3946 1779 4001 dat
1881 3941 1973 4013 qui
2003 3941 2055 3997 in
2089 3943 2348 4012 superbia
2381 3944 2563 3999 cordis
2605 3947 2686 4000 sui
2720 3945 3035 4016 despiciunt
3068 3947 3368 4004 Ecclesium
3391 3988 3406 4013 ,
3433 3957 3491 4006 et

194 4048 393 4118 signum
421 4049 516 4104 lilii
549 4046 636 4102 sui
664 4045 732 4102 de
770 4043 993 4114 Virgine
1023 4041 1309 4108 nascituri,
1338 4041 1406 4096 ad
1444 4039 1599 4111 cujus
1627 4041 1782 4095 invo—
1881 4035 2293 4106 simplicitatem
2321 4036 2440 4104 ejus
2470 4037 2805 4094 arbitrantes
2837 4039 3193 4108 imperitiam,
3236 4040 3430 4097 dicunt
3465 4056 3480 4097 :

195 4143 448 4199 cntionem
498 4141 611 4195 sint
655 4139 724 4194 de
763 4136 1068 4193 imminenti
1115 4133 1363 4206 periculo
1403 4131 1694 4198 liberandi,
1726 4141 1784 4187 et
1881 4145 1982 4201 pro
2013 4129 2282 4186 lateribus
2311 4130 2483 4200 illius,
2509 4132 2734 4204 quadris
2777 4134 3049 4205 lapidibus
3089 4146 3251 4208 atque
3292 4137 3480 4194 fortis-

195 4244 372 4292 caetcra
400 4250 533 4308 quae
555 4247 730 4304 usque
759 4231 826 4286 ad
856 4237 1185 4301 praesentem
1215 4228 1396 4282 locum
1436 4224 1781 4296 interpretati
1883 4225 2038 4284 simis
2083 4225 2478 4282 :edilicabimus
2527 4227 2802 4285 Ecclesias
2857 4239 3113 4300 nostras,
3163 4239 3222 4287 et
3269 4247 3370 4304 pro
3401 4234 3488 4290 in-

197 4343 387 4386 sumus.
421 4329 604 4385 Multis
628 4341 760 4399 ergo
790 4323 1066 4397 mysteriis
1094 4323 1147 4378 in
1179 4320 1361 4382 medio
1394 4319 1606 4390 positis.
1637 4333 1784 4374 nunc
1887 4321 2183 4380 fructuosis
2204 4323 2498 4381 arboribus
2524 4326 2740 4398 citoquc
2773 4328 3056 4398 perituris,
3081 4328 3282 4387 cedros
3312 4329 3490 4387 subli-

197 4424 483 4480 revertitur
520 4422 590 4478 ad
633 4421 688 4477 id
728 4419 874 4491 quod
902 4424 1170 4490 coeperat,
1205 4425 1260 4472 et
1286 4416 1636 4473 eversionem
1677 4413 1785 4470 Ra-
1887 4418 2161 4474 missimus
2202 4426 2588 4488 exstruemus,
2635 4436 2770 4492 quas
2811 4429 3063 4480 conteret
3107 4422 3391 4493 Dominus,
3434 4433 3492 4483 et

198 4517 272 4572 sin
304 4517 462 4592 136
490 4525 546 4572 et
582 4514 874 4585 Epltraiin,
909 4511 1014 4567 hoc
1051 4517 1159 4578 est,
1206 4509 1386 4581 Syria:
1430 4519 1484 4564 et
1519 4505 1786 4564 Samaria:
1888 4526 2024 4583 quas
2047 4511 2233 4581 justus
2271 4513 2374 4569 sub
2405 4527 2641 4585 persona
2686 4515 2844 4584 impii
2879 4515 3079 4573 vidisse
3105 4533 3165 4573 se
3193 4529 3400 4585 narrat,
3438 4529 3495 4576 et

200 4614 573 4670 vaticinatur:
622 4610 870 4676 Verbum,
917 4607 1196 4680 inquiens,
1248 4606 1390 4660 misit
1425 4603 1684 4659 Dominus
1733 4606 1784 4658 in
1890 4620 1998 4659 non
2047 4604 2331 4660 inventum
2379 4605 2559 4662 locum
2611 4621 2802 4663 earum
2835 4607 3064 4679 (Psalm.
3109 4609 3320 4683 xxxvi).
3353 4611 3497 4669 Dicit

202 4706 377 4775 Iacob,
419 4717 472 4764 et
517 4705 700 4762 cecidit
747 4704 803 4758 in
852 4700 1044 4757 Israel.
1097 4698 1257 4772 Apud
1311 4697 1567 4753 Hebraeos
1615 4711 1785 4752 paean
1814 4757 1866 4776 ἢ
1891 4711 2026 4768 ergo
2055 4696 2335 4765 Dominus,
2353 4698 2498 4768 quod
2521 4698 2710 4766 Rasin,
2737 4701 2828 4770 qui
2854 4699 3249 4772 interpretatur
3273 4704 3488 4776 sapien-

203 4757 538 4875 (uT),,quod
575 4816 673 4872 per
721 4810 832 4855 tres
872 4798 1085 4854 litteras
1123 4757 1384 4850 scribitur
1421 4799 1788 4849 consonantes
1813 4757 1868 4818 D
1895 4788 1966 4843 tia
1988 4789 2289 4855 surcularis,
2323 4789 2483 4858 cujus
2515 4757 2771 4861 Ephrairri
2812 4757 3072 4848 utebatbr
3101 4757 3493 4863 auxiliojvern

202 4911 427 4962 ωιετιι,
451 4911 618 4960 ns'rn,
644 4903 700 4949 et
730 4907 851 4958 nes,
874 4905 975 4962 pro
1002 4891 1246 4946 locorum
1272 4886 1554 4958 qualitate,
1578 4885 1623 4940 si
1646 4885 1791 4956 lega-
1893 4891 2037 4937 tatur
2061 4890 2251 4938 contra
2281 4897 2405 4938 eum
2433 4892 2488 4953 et
2527 4899 2719 4941 omnes
2743 4884 2771 4924 δ
2797 4886 3008 4943 inimici
3050 4889 3170 4959 ejus
3201 4889 3492 4949 adversum

203 4998 282 5047 tur
322 5006 532 5056 nassa,
561 4987 776 5045 verbum
820 4983 1124 5056 significat,
1156 4982 1200 5037 si
1233 4997 1442 5046 causa,
1477 4987 1691 5034 mortem
1737 4983 1794 5032 et
1895 4975 2048 5030 illum
2078 4974 2360 5040 dimicent,
2395 4983 2452 5032 ct
2483 4985 2593 5032 tam
2642 4977 2711 5034 ab
2748 4977 3000 5049 Oriente,
3035 4997 3197 5054 quam
3237 4983 3304 5038 ab
3335 4984 3495 5042 Occi-

202 5085 564 5153 pestilentiam.
623 5081 797 5151 Quam
852 5078 923 5135 ob
968 5091 1190 5133 causam
1237 5073 1479 5146 plerique
1526 5070 1794 5130 sermonis
1897 5068 2062 5126 dente
2105 5078 2472 5142 expugnetur,
2505 5081 2561 5128 et
2590 5071 2914 5131 devoraturi
2946 5076 3057 5131 sint
3090 5077 3347 5137 Israelcm
3379 5091 3495 5139 toto

199 5175 552 5248 ambiguitate
572 5172 811 5244 decepti,
832 5186 940 5228 non
964 5171 1172 5224 uerbum
1192 5167 1380 5223 dicunt
1399 5167 1623 5222 missum
1649 5180 1794 5234 esse,
1899 5177 2014 5218 ore.
2044 5162 2154 5219 Pro
2179 5164 2378 5235 quibus
2409 5165 2755 5237 interpretati
2788 5178 2917 5225 sunt
2942 5169 3087 5227 LXX
3118 5191 3131 5228 :
3170 5173 3242 5230 Et
3265 5175 3496 5247 wdiﬁce-
3539 5181 3544 5185 ‘

200 5269 288 5325 sed
311 5279 554 5326 mortem.
587 5267 734 5323 Misit
772 5280 902 5337 ergo
946 5260 1209 5318 Dominus
1241 5259 1469 5315 verbum
1513 5257 1568 5313 in
1596 5258 1790 5324 Jacob,
1901 5273 2013 5311 mus
2043 5257 2191 5312 nobis
2220 5259 2443 5315 turrim:
2470 5269 2518 5314 ει
2545 5261 2725 5317 allidet
2749 5261 2890 5319 Deus
2915 5266 3006 5336 qui
3033 5278 3348 5342 consurgunt
3375 5286 3498 5324 con-

200 5372 255 5421 et
279 5364 488 5422 cecidit
511 5362 566 5420 in
595 5361 784 5420 Israel.
813 5359 1063 5429 Regnare
1086 5354 1259 5410 voluit
1280 5353 1502 5418 Judam,
1543 5362 1599 5407 ut
1628 5350 1800 5407 Iacob
1905 5360 1985 5404 ιτα
2009 5360 2234 5405 montem
2261 5351 2410 5418 Sion,
2442 5362 2490 5408 et
2516 5353 2753 5411 inimicos
2775 5357 2922 5412 illius
2942 5357 3236 5428 dissipabit.
3258 5360 3502 5431 Cupiunt

202 5459 496 5530 prophetat
523 5459 577 5514 in
605 5454 812 5514 Genesi
836 5451 991 5525 (Cap.
1016 5465 1145 5532 mit
1162 5449 1178 5519 )
1215 5465 1229 5501 :
1255 5446 1526 5512 et‘Israel,
1557 5444 1661 5501 hoc
1693 5452 1800 5512 est,
1908 5446 2052 5500 enim
2079 5453 2134 5499 et
2163 5445 2216 5500 in
2247 5445 2666 5504 similitudinem
2691 5448 2912 5521 Templi
2944 5451 3062 5517 Dei,
3096 5451 3372 5510 mdifieare
3399 5455 3505 5512 sibi

201 5552 388 5610 decem
421 5552 603 5608 tribus
642 5551 744 5608 sibi
783 5547 1072 5618 imperium
1105 5543 1473 5606 vindicarunt,
1506 5541 1574 5595 de
1604 5539 1806 5606 quibus
1911 5538 2173 5606 templum
2203 5538 2255 5594 in
2293 5538 2580 5606 Samaria;
2607 5542 2704 5597 sed
2739 5545 2992 5614 quamvis
3032 5545 3305 5601 moverint
3334 5549 3504 5620 pedes

202 5645 407 5704 dictum
435 5656 519 5703 est
548 5663 563 5702 :
587 5645 615 5700 1
625 5645 706 5714 psi
733 5647 1098 5716 regnaverunt,
1122 5647 1168 5692 et
1193 5653 1297 5691 non
1319 5651 1410 5708 per
1428 5649 1507 5688 me
1529 5632 1804 5707 (0se.vm,
1909 5633 1979 5689 ab
2003 5632 2244 5697 Oriente,
2264 5641 2320 5688 et
2343 5631 2584 5689 dixerint
2615 5652 2627 5687 :
2658 5633 2859 5703 Venite,
2878 5636 3194 5707 wdiﬁccmus
3215 5642 3434 5713 turrim,
3457 5654 3506 5700 et

201 5741 279 5813 4).
310 5740 542 5814 Imperii
569 5754 702 5812 ergo
723 5735 985 5808 dignitas,
1009 5748 1131 5805 quae
1159 5732 1216 5788 in
1240 5727 1506 5786 unctione
1532 5724 1806 5784 Samuelis
1912 5727 2168 5796 faciamus
2194 5725 2342 5780 nobis
2360 5740 2547 5780 nomen
2567 5735 2842 5797 antequam
2859 5727 3222 5800 disperguntur
3247 5731 3404 5807 (Gen.
3430 5752 3508 5806 ιι,

275 5939 302 5969 ε
333 5928 513 5994 Idem,
542 5929 670 5983 dum
691 5924 826 5981 enim
858 5921 1100 5986 uolumus
1126 5922 1426 5994 conjuncta,
1449 5925 1555 5975 etc.
1916 5929 2025 5986 que
2052 5912 2298 5971 devorant
2325 5928 2428 5986 pro
2459 5913 2753 5969 devoraturi
2775 5914 2898 5969 sint.

272 6000 304 6044 δ
332 5993 667 6060 Econtrario
699 5998 872 6055 Vatic.
898 6007 944 6052 et
967 6011 1148 6052 omnes
1175 5993 1330 6048 amici
1355 5993 1466 6063 ejus
1487 6004 1646 6048 :mox
1671 6001 1807 6061 quo-
