4052 6430
557 352 657 410 1³51

1815 342 1873 401 S.
1919 330 2187 403 EUSEBll
2229 336 2611 402 lllERONYMl

3763 332 3867 402 tas

559 468 617 539 l)
646 484 659 521 :
699 466 859 540 138
893 462 1115 519 nomino
1140 462 1499 534 impugnante
1524 461 1793 526 solvetur,
1823 468 1880 518 et
1912 460 2153 532 dissipa-
2181 463 2236 525 Α
2259 461 2575 518 cutiendum
2623 460 2802 518 elevat
2833 474 3075 516 manum.
3134 456 3205 516 Et
3253 459 3378 529 quia
3430 459 3532 516 ista
3591 460 3870 527 fecerunt,

553 562 702 618 bitur
725 570 752 599 ι
777 572 1081 616 consensus
1112 571 1323 621 eorum,
1356 564 1413 611 et
1438 556 1635 627 lingute
1655 570 1847 612 eorum
1875 566 2065 611 contra
2094 569 2156 611 se

552 655 786 711 invicem
812 651 1152 715 dividentur,
1182 665 1251 705 ne
1289 653 1708 705 consentientes
1739 648 1960 721 pejores
1997 648 2153 715 fiant,

553 748 651 805 sed
683 762 711 799 a
751 762 810 803 se
835 746 1071 802 invicem
1103 744 1485 801 destruantur.
1525 742 1776 815 Cumque
1806 742 1877 797 ita
1911 741 2157 814 percussi

548 840 679 907 sint,
714 847 769 894 et
794 838 866 893 ab
892 836 1144 892 hostibus
1182 836 1466 903 devorati,
1509 843 1692 892 tamen
1726 850 1833 890 non
1874 843 2159 891 reverten-

545 942 636 990 tur
661 932 728 989 ad
759 932 1051 988 Dominum
1079 947 1093 986 :
1119 930 1215 986 sed
1248 930 1429 988 adhuc
1458 946 1656 987 manus
1686 931 1832 986 illius
1857 929 1925 985 ad
1956 944 2155 1001 percu-

546 1028 792 1085 tieudutu
822 1038 1010 1098 parata
1040 1036 1145 1094 est,
1171 1026 1333 1097 juxta
1364 1026 1497 1083 illttd
1526 1026 1672 1099 quod
1703 1026 1937 1098 legimus
1970 1026 2022 1080 iu
2065 1024 2157 1080 Je-

556 1121 727 1178 remia
764 1137 779 1175 :
821 1119 949 1189 Sine
990 1136 1148 1175 causa
1189 1120 1421 1193 percussi
1460 1120 1597 1190 filios
1632 1129 1825 1176 vestros
1863 1136 1882 1173 :
1920 1118 2158 1189 discipli-

550 1230 673 1270 nam
704 1230 807 1269 non
835 1212 1103 1286 recepistis
1130 1210 1345 1285 (Jerem.
1378 1227 1440 1279 ιι,
1469 1211 1583 1283 30).

619 1307 638 1377 (
673 1306 830 1363 Vers.
867 1306 937 1362 M
964 1320 1115 1376 seqq.
1150 1303 1171 1376 )
1216 1302 1287 1359 Et
1310 1303 1574 1373 disperde!
1604 1302 1865 1359 Dominus
1894 1302 1957 1357 ab
1981 1301 2157 1358 Israel

544 1409 705 1469 caput
726 1409 773 1454 et
794 1398 1019 1457 caudam
1038 1399 1399 1454 ineurvantem
1412 1407 1456 1453 et
1472 1397 1839 1467 deprecantem
1862 1398 1919 1452 in
1931 1396 2015 1451 die
2026 1413 2152 1450 una.

546 1490 835 1563 Lougteuus
859 1501 907 1548 et
932 1490 1274 1558 honorabilis,
1332 1491 1441 1563 ipse
1485 1499 1559 1545 est
1586 1499 1786 1561 caput;
1822 1498 1868 1545 et
1891 1488 2156 1561 Pr0pheta

545 1585 735 1647 docens
764 1586 1107 1653 mendacium,
1136 1586 1333 1657 ipseest
1360 1584 1549 1640 cauda.
1576 1582 1646 1639 Et
1673 1592 1822 1639 erunt
1837 1585 1925 1655 qui
1947 1583 2155 1638 beatum

548 1680 727 1736 dicunt
748 1680 1002 1753 populum
1032 1680 1207 1741 istum,
1240 1672 1544 1735 seducentes
1576 1717 1593 1746 ,
1627 1685 1677 1733 et
1699 1678 1787 1748 qui
1810 1675 1945 1731 beati
1970 1676 2156 1731 dicun-

548 1786 653 1839 tur,
684 1774 1017 1849 praecipitati.
1053 1772 1282 1843 Drapter
1308 1774 1407 1833 hoc
1435 1790 1593 1842 super
1613 1771 2012 1827 adolescentulis
2038 1774 2153 1845 ejus

2260 554 2626 611 succendetur
2680 553 2835 625 quasi
2885 553 3022 625 ignis
3070 551 3357 623 impietas,
3409 561 3466 609 ut
3509 567 3615 609 non
3660 552 3871 609 cultum

2258 663 2469 721 agrum,
2503 649 2597 707 sed
2621 665 2818 719 vepres
2847 659 2903 706 et
2931 649 3116 721 spinas
3152 649 3403 714 devoret,
3436 662 3537 703 nec
3568 647 3870 720 frugiferas

2259 744 2508 812 arbores,
2535 742 2630 799 sed
2684 741 3087 800 infructuosum
3118 743 3342 810 saltum,
3378 741 3432 798 in
3475 756 3584 813 quo
3625 739 3879 797 habitant

2261 835 2475 903 bestiae,
2508 835 2538 876 δ
2565 837 2783 908 rapiens
2825 834 3042 907 flamma
3091 840 3397 905 consumat-
3427 832 3600 907 Quam
3646 832 3719 890 ob
3759 848 3876 891 rem

2260 927 2461 985 dicitur
2510 926 2955 1001 quod'densitas
3003 928 3177 985 saltus
3221 926 3345 1000 Igne
3391 927 3692 1011 supposito,
3744 925 3875 984 futui

2260 1022 2517 1095 superbia
2545 1033 2602 1080 et
2630 1024 2919 1081 altitudine
2949 1022 3329 1095 convulvatur.
3353 1020 3526 1097 Omne
3551 1022 3697 1077 enim
3721 1021 3870 1094 quod

2258 1110 2535 1189 excelsum
2560 1127 2663 1187 est,
2699 1128 2753 1175 et
2787 1119 2839 1174 in
2872 1118 3112 1175 sublime
3155 1131 3518 1188 consurgens,
3571 1114 3872 1186 superbum

2258 1210 2518 1285 appellari
2552 1220 2749 1282 potest.
2783 1211 2891 1268 Pro
2920 1226 3028 1282 quo
3059 1211 3248 1268 nescio
3274 1208 3404 1282 quid
3427 1208 3677 1265 volentes
3720 1206 3869 1264 LXX

2258 1307 2690 1363 transtulerunt:
2723 1317 2768 1363 et
2795 1306 3058 1363 devorabit
3088 1307 3141 1361 in
3167 1307 3386 1361 circuitu
3424 1303 3641 1360 collium
3674 1305 3872 1359 omnia.

2258 1400 2416 1459 Unde
2435 1413 2490 1458 et
2514 1401 2581 1458 ad
2624 1403 2762 1458 iram
2792 1402 3006 1469 Domini
3038 1410 3178 1457 terra
3220 1397 3574 1466 contremuit,
3620 1406 3678 1454 et
3705 1413 3879 1470 popu-

2258 1494 2345 1550 lus
2378 1495 2517 1579 ignis
2551 1494 2727 1551 factus
2766 1502 2850 1551 est
2875 1494 3157 1564 pabulum,
3188 1491 3311 1564 quia
3352 1501 3504 1548 tanta
3560 1489 3664 1555 fuit
3712 1490 3773 1546 in
3815 1504 3879 1553 eo

2255 1588 2575 1655 crudelitas,
2627 1597 2687 1644 ut
2734 1603 2804 1645 ue
2840 1587 3171 1644 charissimo
3218 1586 3441 1659 quidem
3476 1585 3879 1664 germanitatis

2257 1682 2462 1740 nomini
2499 1691 2767 1754 parceret,
2802 1681 2895 1739 sed
2925 1682 3176 1739 dextram
3223 1676 3484 1747 deserens
3529 1689 3697 1753 atque
3738 1693 3873 1736 con-

2257 1786 2549 1844 temnens,
2596 1783 2935 1849 saturaretur
2981 1774 3033 1831 in
3094 1773 3179 1831 his
3230 1790 3353 1846 quae
3402 1772 3620 1829 sinistra
3673 1780 3877 1829 erant:

545 1886 651 1925 non
679 1868 943 1924 ltetubitur
973 1865 1252 1935 Dominus,
1279 1876 1328 1922 et
1352 1866 1681 1937 pupillorum
1710 1864 1856 1919 illius
1877 1871 1927 1918 et
1974 1861 2150 1919 uidua-

2260 1869 2389 1927 dum
2444 1868 2808 1940 voluptatum,
2867 1879 2922 1925 et
2977 1867 3245 1925 malorum
3304 1868 3509 1943 patitur
3565 1866 3793 1934 famem,
3827 1876 3883 1927 et

542 1978 659 2018 rum
687 1979 793 2016 non
821 1959 1166 2025 miserebitur,
1190 1960 1314 2031 quia
1352 1959 1521 2012 omnis
1545 1956 1820 2028 hypocrita
1848 1963 1925 2010 est
1969 1964 2015 2010 et
2072 1970 2162 2009 ne-

546 2073 736 2128 quam,
795 2065 844 2110 et
899 2056 1198 2111 uniuersum
1257 2071 1316 2109 os
1362 2054 1592 2108 locutum
1619 2061 1694 2107 est
1739 2050 2040 2107 stultitiam.
2091 2048 2162 2105 In

544 2151 790 2209 omnibus
831 2149 913 2205 his
952 2166 1056 2205 non
1095 2160 1170 2205 est
1214 2150 1421 2205 aversus
1473 2151 1625 2221 furor
1656 2148 1791 2214 eius,
1847 2146 1939 2201 sed
1985 2143 2160 2200 adhuc

549 2261 737 2299 manus
793 2244 912 2315 ejus
957 2251 1187 2300 extenta.
1222 2241 1489 2299 Succensa
1508 2249 1587 2297 est
1632 2241 1769 2296 enim
1823 2241 1975 2312 quasi
2022 2239 2160 2314 ignis

542 2336 817 2405 impietas:
849 2351 1055 2405 veprem
1081 2346 1129 2390 et
1150 2336 1360 2405 spinam
1398 2332 1617 2403 vorabit,
1647 2342 1694 2389 et
1722 2332 2065 2388 succendetur
2104 2333 2160 2387 in

546 2431 803 2487 densitate
830 2430 1013 2493 saltus,
1071 2440 1120 2485 et
1169 2428 1506 2484 conuoluetur
1555 2428 1609 2482 in
1630 2427 1873 2498 superbia
1903 2427 2058 2496 ﬂanti.
2091 2422 2159 2480 In

542 2525 625 2582 ira
656 2524 869 2580 Domini
890 2525 1204 2581 exercituum
1246 2523 1558 2578 contremuit
1587 2532 1747 2589 terra,
1777 2530 1823 2577 et
1864 2522 1966 2576 erit
1991 2536 2159 2594 popu-

545 2617 628 2673 lus
653 2618 807 2690 quasi
834 2633 954 2672 esca
981 2616 1139 2687 ignis.
1182 2614 1280 2670 Vir
1304 2616 1458 2685 fratri
1488 2631 1585 2670 suo
1612 2630 1716 2669 non
1747 2623 1947 2685 parcet,
1971 2623 2021 2669 et
2068 2614 2158 2668 de-

540 2710 757 2771 clinabit
780 2709 848 2765 ad
869 2711 1130 2789 dextram,
1158 2716 1206 2762 et
1227 2708 1435 2774 esuriet,
1459 2717 1505 2763 et
1530 2708 1761 2763 comedet
1779 2706 1846 2762 ad
1866 2706 2154 2772 sinistram,

545 2817 593 2862 et
623 2822 726 2867 non
772 2804 1136 2860 saturabitur:
1183 2803 1539 2873 unusquisque
1565 2817 1775 2856 carnem
1824 2800 2019 2856 brachii
2070 2799 2158 2854 sui

548 2897 769 2953 notabit.
828 2895 1101 2951 Manassee
1151 2893 1424 2966 Ephralm,
1456 2903 1504 2948 et
1558 2892 1813 2965 Ephraim
1851 2892 2153 2959 Manassen,

550 2987 706 3045 simul
734 2990 834 3059 ipsi
863 2999 1044 3043 contra
1071 2987 1287 3042 Judam.
1321 2985 1387 3040 lu
1416 2986 1656 3041 omnibus
1681 2985 1762 3040 his
1790 3002 1892 3041 non
1914 2994 1988 3041 est
2010 3001 2156 3040 aver-

547 3098 636 3138 sus
666 3086 814 3154 furor
866 3081 1018 3152 ejus,
1063 3078 1154 3139 sed
1185 3078 1356 3134 adhuc
1410 3094 1596 3133 manus
1621 3080 1736 3152 e’jus
1771 3087 1997 3134 extenta.
2036 3077 2152 3134 Non

549 3176 728 3235 solum
772 3176 1032 3232 Dominus
1068 3173 1255 3231 boetes
1285 3172 1447 3231 Rasin
1489 3171 1724 3228 eleviibit
1761 3183 1953 3228 contra
2001 3187 2151 3238 eum,

2261 1979 2481 2036 semper
2502 1963 2655 2036 cupit
2684 1961 2841 2019 malis
2870 1962 3052 2045 pejora
3080 1964 3317 2019 sociare.
3362 1962 3468 2035 ipsi
3511 1977 3732 2035 quoque
3763 1963 3878 2019 Ma-

2262 2073 2475 2123 nasses,
2506 2065 2561 2113 et
2591 2055 2869 2127 Ephraim,
2902 2055 2993 2127 qui
3019 2054 3088 2111 de
3119 2069 3226 2111 uno
3266 2055 3377 2110 nati
3407 2063 3537 2110 suut
3581 2062 3774 2123 utero,
3827 2064 3883 2112 et

2262 2152 2333 2208 de
2364 2151 2559 2209 eodem
2595 2161 2818 2229 parente
2846 2149 3114 2225 generati,
3164 2149 3219 2205 in
3262 2158 3465 2204 tantam
3508 2146 3715 2204 rabiem
3753 2164 3881 2218 pro-

2262 2253 2548 2317 ruperunt,
2566 2255 2622 2299 ut
2642 2243 2826 2300 hostili
2850 2243 2976 2299 odio
2998 2243 3140 2300 inter
3158 2258 3215 2299 se
3234 2241 3586 2299 dissidercut.
3603 2239 3879 2311 Legamus

2262 2337 2473 2411 Regum
2509 2349 2564 2395 et
2594 2337 3056 2408 Paralipomenon
3089 2336 3367 2392 volumina
3394 2377 3410 2402 ,
3444 2343 3501 2393 et
3533 2336 3879 2393 inveniemus

2259 2429 2523 2489 Bamarim
2566 2432 2712 2487 inter
2761 2445 2822 2487 se
2857 2429 3002 2488 bella
3048 2429 3255 2499 civilia,
3307 2432 3437 2486 dum
3482 2429 3577 2486 alii
3615 2446 3712 2501 pro
3754 2431 3879 2487 aliis

2260 2526 2487 2598 regibus
2536 2526 2819 2593 dimicant,
2858 2534 2917 2582 et
2960 2525 3235 2598 quomodo
3277 2528 3390 2582 suis
3438 2526 3657 2596 regibus
3700 2527 3878 2583 inter-

2260 2616 2446 2686 fectis,
2480 2618 2536 2674 in
2578 2616 2733 2674 luds:
2763 2619 3227 2690 expugnationem
3259 2606 3619 2674 concordent.
3662 2617 3878 2675 Secun-

2259 2710 2388 2767 dum
2423 2708 2806 2782 tropologiam,
2834 2707 3048 2767 auferet
3071 2708 3338 2767 Dominus
3354 2719 3514 2781 caput
3532 2720 3587 2766 et
3614 2709 3873 2780 caudam,

2261 2802 2525 2873 majorem
2576 2802 2783 2875 pariter
2830 2817 2894 2858 ac
2935 2804 3231 2859 minorem.
3279 2802 3519 2860 Caudam
3562 2803 3873 2874 appellans,

2258 2911 2365 2951 non
2391 2896 2665 2964 homines,
2696 2894 2791 2952 sed
2826 2895 3095 2967 jumenta,
3126 2895 3422 2952 haereticos
3444 2910 3571 2952 esse
3602 2897 3875 2953 demons-

2260 3000 2388 3054 trat,
2430 3007 2554 3062 quzr.
2582 2992 2685 3047 hoc
2735 2991 2981 3046 membro
3030 2998 3257 3047 utuntur
3308 2990 3374 3046 ad
3404 3000 3650 3048 stercora
3683 3000 3875 3063 prote-

2254 3085 2454 3157 genda,
2489 3093 2545 3141 et
2572 3085 2639 3141 ad
2667 3084 2901 3142 arcenda
2935 3101 3099 3158 parva
3127 3084 3404 3142 animalia.
3438 3086 3499 3143 Et
3523 3095 3644 3157 post
3674 3098 3870 3158 caput,

2262 3176 2421 3251 ιω
2444 3189 2500 3235 et
2519 3178 2746 3236 caudam
2769 3180 3144 3238 iucurvantem
3169 3180 3349 3254 jungit
3370 3192 3423 3237 et
3449 3174 3889 3254 depravantem,‘

549 3276 607 3327 οι
653 3266 903 3333 inimicos
942 3267 1063 3336 ejus
1125 3273 1304 3323 vertet
1349 3266 1403 3321 in
1459 3265 1772 3333 tumultum,
1822 3265 2037 3337 Syriam
2086 3264 2153 3321 ab
2180 3266 2226 3333 C
2258 3272 2402 3344 quod
2443 3273 2577 3347 legis
2609 3283 2878 3349 praecepta
2935 3273 3276 3343 subvertant,
3319 3282 3376 3330 et
3418 3286 3623 3330 rectam
3670 3275 3874 3345 depre-

548 3359 799 3426 Oriente,
830 3367 888 3415 et
924 3357 1254 3417 Philistbiim
1295 3357 1364 3413 ab
1412 3357 1730 3425 Occidente,
1786 3368 1848 3413 ut
1886 3356 2156 3413 devorent

544 3452 715 3513 Israel
748 3462 861 3511 toto
890 3467 1025 3511 ore:
1059 3451 1156 3508 sed
1201 3452 1329 3523 quia
1372 3467 1479 3509 non
1519 3461 1604 3508 est
1634 3466 1886 3507 reversus
1932 3450 1999 3507 ad
2032 3466 2156 3521 per-

546 3535 846 3611 eutientetu
880 3560 963 3613 se,
1006 3560 1109 3602 nec
1137 3543 1428 3617 requisivit
1475 3544 1758 3600 Dominum
1788 3545 2150 3612 exercituum,

545 3640 1054 3699 extendetmauum
1094 3638 1162 3695 ad
1210 3637 1649 3709 percutiendum,
1678 3648 1735 3693 ut
1777 3638 2060 3710 disperdat
2083 3639 2153 3695 de

547 3733 718 3793 Israel
750 3744 934 3804 caput,
976 3742 1031 3789 et
1058 3731 1284 3788 caudam
1336 3732 1710 3787 incurvautem
1760 3740 1816 3788 et
1852 3732 2154 3803 depravan-

547 3838 678 3898 tem,
704 3810 829 3888 eum
858 3828 1137 3896 videlicet,
1172 3826 1266 3899 qui
1299 3835 1443 3883 recta
1473 3829 1735 3899 pervertit
1768 3826 1785 3899 (
1812 3824 2005 3882 larem.
2036 3844 2072 3883 ιι
2104 3828 2149 3899 ).

543 3923 645 3993 Qui
678 3924 751 3981 sit
792 3932 973 3981 autem
1024 3928 1209 3992 caput,
1243 3921 1357 3991 ipse
1386 3920 1778 3991 interpretatus
1808 3928 1915 3987 est,
1955 3922 2150 3994 longiu-

540 4030 629 4075 ttus
657 4024 703 4071 ct
731 4014 1072 4071 honorabilis.
1107 4013 1172 4069 Et
1197 4014 1287 4084 qui
1310 4014 1381 4068 sit
1405 4012 1598 4078 cauda,
1628 4011 1915 4084 Propheta,
1950 4012 2146 4084 inquit,

540 4110 631 4180 qui
658 4108 806 4165 docet
833 4108 1182 4173 mendacium,
1213 4107 1266 4162 id
1302 4117 1409 4175 est,
1447 4106 1942 4179 pseudopropheta.
2001 4104 2154 4163 Dixit

545 4201 615 4257 de
644 4200 1000 4271 principibus,
1031 4216 1180 4259 nunc
1202 4199 1558 4270 optimatibus
1583 4199 1763 4271 jungit
1792 4207 1850 4255 et
1869 4198 2145 4270 populum,

541 4293 689 4365 quod
732 4302 786 4349 et
831 4294 1078 4363 magistri
1119 4302 1173 4349 et
1204 4292 1478 4363 discipuli,
1506 4304 1562 4349 et
1591 4293 1813 4359 eruditi,
1854 4302 1910 4348 et
1954 4291 2148 4364 vulgus

539 4385 822 4445 inductum
870 4384 1028 4458 139
1057 4384 1262 4455 pariter
1290 4396 1540 4454 pareant.
1586 4385 1690 4454 Qui
1729 4385 1876 4442 enim
1924 4386 2147 4442 beatum

2257 3373 2383 3419 vent
2410 3364 2573 3420 viam.
2598 3364 2929 3438 Lougzevum
2963 3380 3210 3438 quoque,
3247 3377 3269 3405 ε
3302 3364 3430 3439 quia
3461 3375 3627 3438 caput
3655 3375 3769 3433 est,
3814 3376 3873 3423 et

2256 3459 2791 3533 pseudoprophetam
2820 3462 2911 3534 qui
2943 3461 2995 3517 in
3040 3460 3213 3518 cauda
3267 3462 3517 3545 ponitur,
3562 3460 3869 3532 disperdat,

2254 3560 2311 3609 et
2332 3555 2619 3625 magistros
2653 3555 2880 3626 pariter,
2906 3565 2962 3612 et
2990 3555 3328 3628 discipulos;
3367 3557 3505 3613 alios
3525 3556 3616 3629 qui
3638 3566 3872 3629 propter

2253 3663 2480 3704 munera
2508 3647 2731 3704 laudant
2783 3660 3142 3720 peccatores:
3192 3651 3335 3707 alius
3382 3652 3474 3723 qui
3526 3652 3735 3709 laudati
3767 3667 3869 3709 sua

2253 3738 2398 3796 mala
2428 3753 2538 3795 non
2584 3739 2844 3806 sentiunt,
2876 3757 2977 3799 nec
3002 3738 3168 3814 agnn‘t
3198 3743 3592 3814 pmnitentiam.
3631 3744 3871 3818 l‘r0ptcr

2254 3831 2359 3889 hoc
2412 3833 2464 3887 in
2507 3832 2802 3904 juvenibus
2848 3850 3039 3891 eorum
3082 3851 3189 3892 non
3237 3837 3511 3893 lmtahitur
3554 3836 3867 3895 Dominus:

2261 3923 2351 3980 νω
2381 3925 2515 3981 enim
2557 3926 2750 3983 ciuitati
2776 3930 2924 4003 cujus
2960 3945 3054 3986 rea:
3089 3930 3385 3987 adolescens
3415 3930 3437 4004 (
3461 3928 3605 3986 Eccl.
3630 3947 3686 3998 x,
3721 3932 3791 3988 16
3819 3928 3862 4003 ).

2254 4018 2319 4075 Et
2347 4019 2437 4092 qui
2462 4020 2628 4077 Deum
2659 4021 2872 4078 Patrem
2919 4023 3006 4079 vel
3056 4023 3351 4081 Dominum
3384 4042 3571 4082 verum
3604 4026 3868 4097 perdide-

2250 4124 2396 4181 runt,
2426 4129 2538 4171 non
2578 4116 2945 4187 impetrabunt
2988 4117 3444 4177 misericordiam.
3486 4120 3678 4178 Omnis
3709 4123 3864 4178 enim

2250 4203 2540 4263 haereticus
2570 4206 2855 4279 hypocrita
2885 4218 2988 4277 est,
3019 4210 3171 4267 aliud
3197 4226 3390 4283 agens,
3421 4221 3481 4269 et
3506 4212 3654 4270 aliud
3690 4214 3866 4271 simu-

2248 4298 2392 4367 lans,
2422 4308 2479 4356 et
2506 4300 2766 4373 quidquid
2813 4302 3077 4375 loquitur,
3105 4304 3235 4362 licet
3266 4305 3517 4362 videatur
3560 4322 3684 4364 esse
3713 4309 3866 4379 sapi-

2248 4392 2417 4457 entia,
2449 4399 2630 4449 tamen
2665 4395 2899 4450 stultitia
2920 4404 3025 4452 est.
3051 4395 3284 4469 Propter
3319 4398 3437 4455 hate
3466 4398 3713 4475 extendit
3745 4417 3867 4457 ma.

538 4479 799 4537 dicebant
847 4478 1129 4549 pupulum,
1183 4477 1510 4539 seductores
1555 4486 1716 4545 sunt;
1757 4487 1813 4536 ei
1856 4478 1951 4551 qui
2001 4477 2145 4534 beati
2251 4501 2377 4542 num
2429 4501 2581 4542 suam
2637 4488 2705 4543 ad
2760 4489 3133 4560 puniendum,
3180 4502 3237 4547 et
3294 4507 3488 4549 omnes
3541 4493 3862 4566 impietates

536 4574 975 4647 appellabantur,
1036 4588 1146 4633 non
1202 4582 1426 4645 prepter
1454 4574 1727 4645 virtutem,
1774 4575 1872 4631 sed
1918 4583 2146 4646 propter
2247 4592 2458 4665 eorum,
2488 4581 2642 4653 quasi
2682 4581 2870 4651 spinas
2924 4597 3095 4639 vorax
3150 4582 3370 4641 llamma
3421 4597 3733 4644 consumet.
3792 4588 3865 4646 Et

536 4682 784 4735 munera,
816 4664 1302 4737 praecipitabantur
1333 4666 1386 4727 in
1428 4676 1683 4723 mortem.
1716 4664 1871 4724 Unde
1895 4676 1951 4722 et
1977 4681 2141 4736 supra
2169 4672 2224 4745 υ
2249 4673 2415 4729 verba
2443 4673 2650 4747 absque
2672 4675 2990 4746 virtutibus,
3009 4691 3132 4748 quas
3151 4678 3493 4738 infructuose
3512 4681 3676 4738 saltui
3702 4697 3862 4740 com-

533 4761 798 4833 legimus:
831 4759 1069 4833 Populus
1094 4776 1255 4829 tusus,
1286 4760 1375 4831 qui
1404 4760 1608 4817 beatum
1635 4771 1684 4823 te
1723 4759 1927 4830 dicunt,
1983 4760 2141 4816 sedu-

532 4864 653 4910 cunt
683 4863 758 4921 te,
792 4861 839 4909 et
878 4853 1085 4913 semitas
1135 4852 1325 4923 pedum
1371 4862 1580 4909 tuorum
1607 4854 1946 4926 supplantant
1976 4851 2137 4927 (Isa.

532 4961 612 5011 ιιι,
654 4946 722 5005 ιι
744 4944 787 5017 ).
819 4943 877 5011 lu
920 4945 1010 5005 tali
1037 4944 1236 5019 populo
1264 4944 1469 5005 nullius
1511 4960 1763 5016 personat
1793 4946 2143 5002 miserebitur

534 5040 711 5097 Deus:
746 5056 855 5099 non
888 5038 1096 5110 pupilli,
1131 5053 1242 5099 nou
1269 5037 1477 5107 viduae,
1522 5040 1651 5109 quia
1676 5040 1859 5097 omnis
1886 5039 2145 5113 hypocri-

531 5142 585 5190 ta
616 5142 724 5203 est,
757 5131 899 5201 aliud
950 5130 1236 5197 simulatus.
1287 5140 1344 5189 et
1369 5131 1517 5191 aliud
1563 5146 1765 5203 agens:
1812 5133 2141 5204 promittens

2248 4775 2537 4835 parantur,
2598 4767 2947 4824 iuvolventur
2996 4769 3134 4826 lumi
3179 4772 3457 4842 superbia.
3519 4773 3603 4830 Ad
3660 4790 3858 4833 eorum

2242 4873 2460 4930 pinnam
2481 4861 2871 4918 contremiscet
2891 4864 3071 4918 omnis
3090 4862 3309 4933 humus,
3340 4875 3394 4921 et
3418 4866 3631 4937 decepti
3664 4869 3860 4941 populi

2244 4955 2466 5011 aeternis
2488 4955 2776 5013 tradentur
2792 4956 3104 5026 ardoribus,
3134 4959 3257 5033 quia
3289 4961 3462 5031 turpis
3484 4962 3627 5018 lucri
3648 4965 3855 5034 gratia,

2246 5062 2319 5103 ne
2348 5046 2466 5103 suis
2518 5047 2734 5119 quidem
2767 5059 3015 5119 parcunt,
3046 5051 3143 5108 sed
3179 5053 3430 5109 certatim
3481 5053 3551 5111 de
3599 5054 3860 5130 deceptis

2244 5140 2459 5210 populis
2487 5139 2699 5208 prmdas
2724 5151 2911 5212 agunt,
2938 5144 3312 5215 relinquentes
3354 5145 3515 5215 bona,
3544 5156 3597 5203 et
3626 5146 3685 5203 in
3729 5164 3859 5219 pes-

525 5228 860 5293 castitatem.
887 5224 1149 5293 stviveus
1204 5223 1514 5287 luxuriose:
1548 5224 1851 5295 praeferens
1894 5241 2135 5298 pauper-
2235 5231 2389 5289 simis
2430 5231 2812 5292 numerantes.
2863 5235 3108 5309 Cumque
3155 5254 3375 5310 semper
3424 5239 3649 5297 sinistra
3696 5241 3858 5300 inve-

528 5328 718 5391 tatem,
752 5327 809 5379 ιιι
838 5318 1431 5390 replensmarsnpiutn.
1470 5318 1622 5379 Unde
1647 5319 1851 5391 jungit,
1871 5331 1928 5377 et
1963 5320 2132 5379 dicit:

529 5410 601 5470 Et
640 5415 938 5471 universum
966 5429 1021 5468 os
1057 5410 1288 5477 locutum
1327 5424 1402 5475 est
1429 5414 1727 5471 stultitiam.
1758 5414 1988 5485 Propter
2018 5414 2138 5473 haec

529 5510 712 5569 omnia
740 5507 998 5573 Dominus
1032 5523 1137 5562 non
1165 5515 1346 5571 cessat
1370 5508 1557 5578 irasci,
1591 5508 1693 5565 sed
1716 5508 1894 5566 adhuc
1914 5509 1982 5565 ad
2015 5525 2139 5582 per-

2240 5326 2433 5395 uiant,
2467 5334 2647 5384 tamen
2689 5330 2804 5385 suis
2861 5346 3157 5401 numquam
3210 5334 3477 5411 satiantur
3525 5335 3812 5393 erroribus
3838 5377 3856 5406 ,

2241 5430 2501 5476 vorantes
2523 5437 2742 5478 carnem
2764 5424 2975 5485 brachii
3004 5426 3111 5493 sui,
3142 5433 3202 5481 et
3220 5427 3509 5484 adversum
3546 5428 3857 5487 Ecclesiam

2239 5514 2357 5586 pari
2375 5514 2555 5570 studio
2579 5516 2926 5574 dimicantes.
2976 5517 3208 5591 Propter
3237 5521 3531 5592 luxuriam,
3567 5533 3622 5581 et
3655 5524 3855 5605 volup-

602 5684 626 5711 “
653 5674 821 5741 Idem,
845 5670 1181 5741 dissipabitur
1202 5688 1384 5731 sensus
1404 5687 1584 5735 eorum
1604 5714 1619 5742 ,
1642 5671 1787 5735 unde
1815 5682 1863 5733 et
1907 5674 2133 5741 gentia".

533 5756 629 5810 tes,
663 5761 759 5815 pro
782 5749 1157 5801 consentientes
1182 5743 1370 5799 habet.

598 5818 625 5857 ι)
661 5817 834 5893 Υιιιὶο.
859 5815 1097 5873 secunda
1126 5829 1290 5893 manu
1320 5815 1554 5893 saeuiens,
1585 5815 1737 5893 prius
1757 5817 2124 5893 erat_sapi_ens.

603 5900 627 5930 ε
658 5889 973 5961 Perperam,
1014 5896 1177 5959 atque
1219 5888 1399 5943 inutili
1443 5902 1610 5945 sensu
1640 5887 1829 5960 legunt
1873 5887 2122 5948 Martian.

2239 5675 2441 5759 aliique
2491 5678 2581 5747 σαί
2644 5690 2826 5752 unm
2876 5692 3124 5759 ὤρινε)
3159 5684 3465 5759 nam
3505 5694 3599 5754 «σε,
3647 5703 3853 5759 smm-

2237 5746 2643 5833 adm'odumdex
2661 5821 2675 5833 _
2696 5746 2829 5807 mss.
2854 5753 2941 5833 _ad
2968 5746 3183 5833 'ipsius'
3208 5746 3524 5829 Hiero'uymi
3573 5746 3849 5832 mentem,

2236 5827 2399 5893 atque
2442 5821 2708 5879 orationis
2754 5824 2959 5881 seriem
2988 5821 3338 5901 castigamus.
