4052 6460
567 381 672 441 155

1846 384 1903 440 S.
1948 378 2215 440 EUSEBII
2254 378 2632 438 llIERONYMl
2691 379 2714 412 ‘
3761 372 3849 433 136

563 498 788 565 capiam.
819 497 1029 553 Ululate
1063 498 1327 566 sculptilia
1364 499 1415 552 in
1445 496 1759 564 Jerusalem,
1799 508 1845 552 et
1888 497 2164 561 Samaria;
2195 496 2248 558 Α
2272 497 2710 554 adversariorum
2740 495 2987 554 civitates
3014 512 3136 568 quze
3167 495 3455 566 eriguntur
3479 502 3670 550 contra
3692 495 3848 549 scien-

563 591 695 644 sicut
723 591 855 643 enim
881 589 981 659 feci
1011 587 1286 653 Samaria,
1321 597 1368 644 et
1398 588 1559 642 idolis
1591 590 1724 659 ejus,
1757 588 1830 643 sic
1858 588 2052 658 faciam
2076 587 2170 643 Je-

561 683 794 736 rusalem
839 691 889 736 et
933 681 1226 736 simulacris
1264 680 1427 736 illius.
1478 680 1720 736 Primum
1771 681 2053 736 sciendum
2087 690 2172 737 cst

564 771 708 842 quod
751 772 802 826 in
833 770 1101 828 Hebraico
1128 787 1236 828 non
1267 771 1432 827 habet
1457 770 1733 839 Chalane,
1771 771 1865 828 sed
1892 787 2172 829 CHALANNO

562 849 766 938 (135:).
797 867 995 925 Ultima
1025 869 1172 924 enim
1223 867 1462 923 nominis
1519 867 1680 938 hujus
1712 867 1896 922 littera
1948 883 2054 922 non
2089 877 2174 924 est

562 973 674 1026 ton,
708 970 766 1014 ut
791 958 871 1014 illi
902 967 1254 1029 putaverunt,
1287 959 1383 1015 sed
1408 974 1536 1026 vsu,
1561 975 1682 1031 quae
1717 959 1915 1016 littera:
1945 960 2061 1014 sola
2090 959 2173 1014 in-

559 1061 642 1108 ter
679 1068 739 1110 se
769 1052 977 1110 distant
1009 1053 1406 1125 magnitudine.
1463 1053 1657 1110 Turris
1689 1065 1872 1110 autem
1902 1054 2169 1110 mdificata

565 1160 653 1206 est
680 1153 734 1206 in
766 1165 962 1220 campo
983 1151 1252 1215 Sennaar,
1286 1153 1338 1206 in
1368 1166 1476 1222 quo
1503 1159 1664 1206 erant
1694 1150 1956 1224 Arec[.4!.
1985 1150 2171 1222 Arce],

564 1245 736 1309 Acad,
766 1254 824 1301 et
850 1244 1156 1311 Chalanne,
1185 1256 1241 1300 et
1271 1245 1540 1317 Babylon,
1581 1261 1704 1316 qua:
1746 1261 1815 1301 ex
1846 1242 2175 1300 confusione

566 1339 875 1412 linguarum
909 1355 1109 1396 nomen
1137 1339 1349 1410 accepit
1377 1337 1586 1411 (Genes.
1620 1337 1717 1410 tu).
1752 1337 1950 1396 Arabia
1992 1351 2172 1394 autem

567 1447 676 1488 non
713 1434 946 1489 habetur
974 1433 1027 1488 in
1055 1432 1305 1499 Hebraeo,
1341 1432 1437 1488 sed
1481 1432 1701 1499 Emath,
1731 1448 1892 1502 quam
1925 1432 2048 1503 Syri
2079 1447 2175 1488 us-

569 1542 676 1599 que
707 1525 869 1582 hodie
897 1525 1258 1595 Epiphaniam
1288 1535 1507 1582 vocant.
1545 1523 1759 1581 Ululate
1785 1541 2003 1595 quoque
2031 1525 2172 1580 scul-

573 1620 727 1692 ptilia
757 1619 811 1673 in
837 1618 1152 1684 Jerusalem,
1181 1619 1250 1675 de
1289 1635 1391 1674 suo
1420 1619 1767 1675 addiderunt.
1796 1619 2060 1690 Quodque
2086 1635 2177 1673 su-

571 1729 668 1784 pra
697 1713 967 1784 scriptum
1015 1722 1143 1768 est:
1181 1712 1242 1767 Si
1270 1713 1501 1767 dixerint
1540 1713 1619 1779 ei,
1667 1723 1726 1766 tu
1764 1713 1909 1767 solus
1941 1729 1993 1767 es
2027 1713 2175 1783 prin-

571 1824 710 1880 ceps,
741 1807 1090 1876 respondebit,
1126 1823 1229 1862 non
1260 1807 1358 1861 tuli
1389 1807 1649 1876 regionem
1680 1806 1853 1872 illam,
1895 1814 1947 1861 et
1989 1806 2136 1860 illam
2158 1847 2173 1870 ,

2274 591 2399 645 tiam
2430 589 2547 656 Dei,
2579 601 2632 646 et
2663 591 3045 646 hcereticorum
3089 590 3258 646 nimio
3303 588 3490 645 labore
3536 595 3849 644 constructa:

2271 697 2422 751 sunt,
2457 685 2509 741 in
2543 686 2824 756 pulverem
2853 685 3082 758 redigat,
3113 696 3167 740 et
3197 684 3330 740 nihil
3364 699 3486 741 esse
3507 682 3852 740 demonstret.

2273 781 2375 849 Qui
2402 781 2709 853 intelligens
2741 780 3114 843 inﬁrmitatem
3145 779 3328 836 cordis
3369 778 3616 844 humani,
3644 788 3698 834 et
3727 777 3852 847 quod

2274 873 2492 930 mortali
2535 889 2699 930 carne
2747 872 3145 937 circumdatus,
3196 889 3304 929 non
3356 873 3527 941 possit
3581 871 3855 942 perfectam

2274 967 2532 1022 virtutum
2568 967 2769 1022 habere
2797 966 3106 1031 victoriam,
3137 982 3240 1023 nec
3267 981 3461 1022 omnes
3489 974 3687 1036 gentes
3710 978 3853 1034 cape-

2278 1073 2360 1127 re,
2385 1059 2512 1114 licet
2539 1073 2664 1114 eum
2694 1059 2782 1114 alii
2815 1059 3175 1125 admirentur,
3201 1069 3255 1115 et
3286 1059 3472 1114 dicant
3507 1075 3521 1112 :
3556 1055 3640 1112 Tu
3662 1057 3791 1112 solus
3815 1073 3856 1112 es

2276 1151 2532 1224 princeps,
2567 1152 2918 1222 respondebit
2945 1153 3026 1208 eis
3058 1171 3070 1204 ε
3097 1151 3262 1208 Multa
3295 1160 3422 1208 sunt
3450 1167 3572 1221 qua:
3595 1149 3858 1206 destruere

2275 1244 2475 1313 debeo,
2519 1254 2577 1301 et
2622 1244 2801 1302 adhuc
2853 1245 3138 1302 destruere
3189 1262 3294 1300 non
3345 1246 3496 1318 potui
3535 1263 3549 1300 :
3595 1244 3709 1299 scio
3736 1243 3858 1314 quod

2278 1341 2543 1401 nesciam,
2578 1339 2648 1396 Et
2677 1356 3003 1412 quamquam
3042 1340 3210 1395 multa
3239 1338 3682 1395 adversariorum
3711 1353 3856 1409 argu-

2280 1445 2460 1490 menta
2489 1435 2860 1506 superaverint
2897 1453 2910 1490 :
2937 1444 3116 1490 tamen
3150 1441 3278 1488 sunt
3307 1433 3595 1504 pleraque,
3627 1448 3746 1504 qua:
3782 1431 3862 1485 ad-

2278 1527 2384 1582 huc
2415 1527 2719 1600 superanda
2747 1537 2892 1583 sunt.
2912 1528 3196 1599 Simulque
3227 1543 3324 1597 spe
3346 1526 3656 1581 futurorum
3683 1541 3746 1581 ex
3768 1524 3858 1590 his,

2279 1636 2402 1691 quae
2430 1620 2729 1688 superavit,
2764 1620 2926 1675 etiam
2960 1632 3284 1676 czeterorum
3324 1618 3431 1673 sibi
3477 1618 3758 1673 victoriam
3787 1634 3860 1672 re-

2281 1715 2569 1787 promittit.
2598 1714 2866 1770 Jubentur
2889 1726 3069 1770 autem
3096 1713 3309 1770 ululare
3337 1712 3636 1768 simulacra
3667 1711 3862 1768 Jerusao

2282 1807 2411 1873 lem,
2446 1817 2497 1862 et
2531 1806 2796 1863 Samaria:
2831 1823 2843 1859 :
2878 1823 2982 1861 non
3009 1806 3122 1877 ipsa
3156 1822 3277 1877 quae
3309 1804 3435 1860 ﬁcta
3483 1813 3614 1859 stunt
3648 1820 3663 1861 :
3693 1803 3782 1858 sed
3821 1802 3862 1857 hi

572 1902 668 1958 sed
701 1902 799 1956 tuli
834 1901 1103 1967 Arabiam,
1145 1908 1193 1955 et
1236 1899 1572 1966 Damascum,
1610 1910 1661 1955 et
1688 1899 2007 1959 Samariam,
2035 1897 2181 1953 hunc
2211 1892 2258 1952 Β
2285 1899 2380 1970 qui
2412 1914 2476 1953 ea
2516 1898 2788 1954 finxerunt
2822 1917 2834 1952 :
2869 1907 3231 1972 μετωννμικῶς
3267 1899 3319 1952 hi
3345 1898 3434 1970 qui
3468 1897 3749 1963 fecerunt,
3786 1913 3865 1967 per

574 1995 816 2067 suggerit
845 2010 1068 2052 sensum
1101 2011 1114 2048 :
1147 1993 1284 2049 Cum
1317 1994 1516 2065 inquit,
1554 1993 1800 2049 dixerint
1833 1991 2061 2064 Assyrio
2092 1993 2184 2062 qui

575 2089 723 2160 capti
753 2099 901 2157 sunt,
929 2097 986 2144 tu
1015 2087 1274 2158 princeps
1307 2103 1368 2144 es
1397 2087 1665 2150 omnium,
1698 2087 1790 2142 ille
1820 2087 1997 2142 adhuc
2038 2085 2188 2141 inﬁr-

576 2199 726 2239 mum
753 2200 812 2238 se
845 2199 970 2240 esse
1005 2183 1273 2246 sentiens,
1308 2182 1664 2252 respondebit
1695 2181 1802 2254 [AL
1839 2179 2184 2254 respondit]:

578 2276 867 2347 Quomodo
896 2293 985 2334 me
1023 2278 1231 2333 vocatis
1279 2278 1609 2349 principem,
1642 2293 1768 2333 cum
1803 2286 2009 2332 tantum
2049 2278 2189 2331 Ara-

579 2372 749 2437 biam,
783 2381 840 2428 et
881 2373 1227 2440 Damaswm,
1258 2381 1316 2428 et
1353 2372 1660 2429 Samariam
1693 2375 1957 2444 ceperim,
1985 2380 2042 2428 et
2069 2371 2186 2427 lon-

579 2479 648 2536 ge
678 2465 883 2534 posilas
905 2467 1160 2521 nationes
1190 2475 1340 2520 trans
1372 2465 1731 2538 Babylonem,
1768 2465 2001 2521 necdum
2051 2480 2188 2520 mea:

581 2560 922 2616 subtlitlerim
968 2559 1425 2630 potestati?Quo
1482 2558 1644 2614 modo
1696 2569 1876 2615 autem
1931 2559 2186 2615 Arabiam

582 2654 727 2726 cepi,
763 2655 1117 2720 Damascum,
1162 2663 1219 2711 et
1247 2653 1578 2717 Samariam,
1613 2655 1691 2708 sic
1722 2653 1906 2708 omnia
1939 2652 2075 2707 mihi
2105 2668 2193 2708 re-

581 2764 685 2820 gna
706 2748 1072 2805 substernam.
1100 2747 1469 2803 Transeamus
1498 2745 1566 2802 ad
1593 2746 1943 2810 Hebraicum,
1975 2754 2031 2800 et
2059 2745 2188 2817 quid

582 2840 742 2897 nobis
776 2840 1046 2906 videatur,
1077 2840 1320 2896 breviter
1347 2849 1698 2896 annotemus.
1739 2838 1827 2895 νω
1859 2840 2094 2911 Assyrio,
2135 2838 2188 2894 id

583 2944 694 3000 e5t,
718 2932 1116 3001 Sennacherib,
1150 2934 1274 3004 quia
1307 2935 1423 3004 ipse
1454 2944 1540 2990 est
1572 2934 1744 3004 virga,
1766 2944 1821 2990 et
1850 2933 2080 2989 baculus
2110 2935 2193 2988 fu-

590 3027 732 3084 roris
760 3028 886 3091 mci,
915 3027 970 3082 in
1002 3043 1167 3082 manu
1191 3028 1334 3083 enim
1359 3028 1476 3098 ejus
1507 3027 1812 3098 indignatio
1841 3042 1981 3092 mea,
2015 3037 2070 3083 et
2097 3043 2192 3098 per

589 3121 746 3178 illum
791 3122 1098 3193 percutiam
1143 3133 1362 3192 gentem
1403 3120 1831 3188 fallacissimam,
1885 3136 2006 3191 qua:
2051 3121 2194 3175 inter

593 3231 684 3273 me
707 3231 928 3287 semper
966 3225 1022 3272 et
1054 3214 1194 3270 idola
1227 3214 1578 3281 clandicavit,
1617 3230 1738 3284 qua:
1771 3225 2040 3284 prmeepta
2073 3229 2191 3269 mea

2287 2009 2350 2050 ea
2382 2009 2501 2065 qua:
2525 1993 2664 2050 facta
2695 2004 2819 2049 sunt
2845 2011 2858 2047 :
2889 2005 3076 2049 utnon
3109 1997 3288 2050 solum
3315 1993 3366 2048 hi
3389 1994 3480 2064 qui
3505 1993 3562 2048 in
3596 1992 3868 2049 hzeresibns

2290 2087 2433 2141 idola
2481 2086 2729 2142 fabricati
2762 2095 2922 2154 sunt,
2963 2087 3056 2142 sed
3107 2088 3198 2159 qui
3241 2088 3292 2141 in
3339 2087 3580 2142 Ecclesia
3614 2101 3712 2158 per
3740 2087 3868 2157 igno-

2290 2180 2518 2236 rantiam
2549 2180 2854 2236 defendunt
2896 2196 2992 2252 pro
3013 2181 3244 2236 veritate
3281 2179 3657 2250 mendacium,
3691 2181 3867 2236 ululatu

2289 2280 2345 2328 et
2370 2272 2690 2345 paenitentia
2722 2289 2782 2330 se
2813 2289 3028 2330 errasse
3060 2283 3353 2329 testentur.

2362 2366 2550 2435 (Vers.
2597 2366 2811 2439 12-14.)
2862 2367 2932 2422 Et
2977 2369 3072 2423 erit
3109 2385 3225 2422 cum
3261 2369 3592 2437 compleverit
3641 2367 3869 2423 Dominus

2292 2470 2482 2517 cuncta
2519 2479 2678 2532 opera
2726 2479 2822 2517 sua
2868 2463 2923 2516 in
2961 2473 3134 2518 monte
3182 2463 3336 2525 Sion,
3378 2473 3426 2517 et
3477 2466 3532 2517 in
3565 2461 3865 2526 Jerusalem,

2299 2554 2455 2630 145
2481 2557 2697 2610 visitabo
2722 2573 2877 2625 super
2903 2557 3132 2626 fructum
3156 2557 3422 2631 magniﬁci
3440 2557 3620 2611 cordis
3637 2559 3766 2627 regis
3793 2556 3870 2608 As-

2293 2665 2409 2714 sur,
2435 2658 2481 2701 et
2501 2640 2654 2720 super
2691 2646 2916 2720 gloriam
2943 2647 3240 2703 altitudinis
3271 2649 3539 2702 oculorum
3578 2651 3715 2716 eius.
3747 2645 3871 2701 Dixit

2291 2742 2468 2807 enim,
2505 2745 2556 2795 in
2584 2741 2891 2812 fortitudine
2930 2759 3115 2797 manus
3154 2759 3281 2798 mea?
3319 2745 3433 2814 feci,
3464 2753 3511 2796 et
3559 2743 3616 2796 in
3643 2743 3873 2812 sapientia

2293 2850 2406 2888 mea
2432 2835 2680 2901 intellexi,
2714 2845 2762 2891 et
2790 2835 2976 2891 abstuli
2999 2837 3244 2891 terminos
3275 2836 3616 2909 papulorum,
3661 2849 3708 2890 et
3739 2838 3869 2908 prin-

2294 2931 2432 3001 cipes
2477 2946 2651 2984 eorum
2682 2931 3011 2998 deprtedatus
3033 2948 3170 2994 sum,
3197 2941 3246 2985 et
3270 2931 3470 2985 detraxi
3511 2931 3669 3000 quasi
3717 2943 3874 3000 potens

2294 3024 2348 3076 in
2379 3024 2584 3076 sublimi
2625 3025 2938 3089 residentes;
2981 3037 3027 3080 et
3064 3025 3259 3079 invenit
3304 3025 3453 3097 quasi
3494 3025 3677 3079 nidum
3719 3042 3876 3079 manus

2297 3133 2408 3170 mea
2438 3118 2794 3187 fortitudinem
2820 3117 3160 3190 populorum;
3183 3129 3230 3173 et
3261 3120 3394 3173 sicut
3431 3120 3751 3191 colliguntur
3780 3137 3876 3178 ora.

2297 3226 2412 3280 qum
2433 3209 2676 3264 derelicta
2701 3223 2858 3276 sunt;
2885 3213 2959 3266 sic
2977 3215 3264 3268 uniuersam
3297 3222 3484 3268 terram
3499 3231 3596 3286 ego
3625 3231 3880 3285 congrega—

590 3323 650 3365 se
675 3309 944 3363 facturam
969 3323 1094 3364 esse
1121 3308 1349 3363 mentita
1377 3317 1483 3373 est,
1507 3314 1562 3363 et
1592 3318 1786 3363 contra
1823 3307 2084 3379 populum
2112 3307 2193 3361 lu-
2220 3292 2266 3355 C
2298 3304 2366 3368 vi,
2388 3312 2437 3356 et
2467 3320 2569 3358 non
2604 3305 2702 3376 fuit
2732 3306 2819 3376 qui
2859 3316 3080 3360 moveret
3109 3323 3354 3378 pennam,
3373 3318 3418 3360 ct
3457 3310 3686 3380 aperiret
3715 3325 3786 3372 os,
3815 3319 3881 3359 at-

595 3401 737 3460 roris
764 3402 868 3458 mei
895 3401 995 3471 ipsi
1027 3402 1362 3473 prmcipiam,
1399 3410 1456 3456 ut
1481 3401 1682 3472 spoliet
1706 3416 1830 3457 eum
1865 3411 2026 3472 atque
2055 3417 2195 3472 pra:-

589 3495 773 3562 detur,
806 3504 862 3551 et
890 3495 1103 3566 redigat
1129 3496 1181 3549 in
1217 3497 1516 3565 pulverem,
1544 3504 1598 3550 et
1623 3497 1907 3551 conculcet
1931 3497 2085 3566 quasi
2116 3495 2199 3550 lu-

595 3599 710 3645 tum
743 3590 1068 3659 platearum,
1102 3588 1155 3644 id
1180 3597 1285 3654 est,
1321 3598 1380 3644 ut
1414 3590 1686 3659 percutiat
1711 3604 1856 3655 eum,
1892 3597 1946 3644 et
1974 3605 2080 3643 non
2113 3587 2198 3644 in-

597 3683 852 3748 terllciat,
888 3691 946 3736 ut
975 3681 1248 3748 vulneret,
1300 3690 1355 3736 et
1398 3696 1503 3734 non
1541 3681 1778 3735 animam
1812 3680 2044 3736 auferat.
2081 3681 2199 3751 Ipse

597 3788 780 3832 autem
809 3777 1028 3831 modum
1071 3774 1371 3830 iracundia:
1401 3789 1537 3831 mea:
1565 3763 1822 3845 egressus
1859 3785 1964 3840 est,
1998 3785 2054 3831 et
2086 3790 2197 3830 non

599 3871 774 3927 solum
808 3880 997 3926 contra
1028 3867 1220 3936 Israel,
1268 3871 1336 3925 ad
1384 3885 1544 3941 quem
1592 3870 1831 3926 directus
1876 3873 2073 3936 fuerat,
2104 3869 2199 3926 sed

594 3963 648 4020 in
675 3971 867 4034 gentes
901 3962 1171 4033 plurimas
1197 3962 1570 4019 debacchatus
1604 3972 1708 4031 est,
1746 3961 1905 4036 ιω
1934 3974 1990 4018 ιιι
2015 3963 2200 4020 omnia

598 4075 698 4132 per
727 4059 1014 4141 circuitum
1054 4073 1222 4130 regna
1253 4067 1588 4128 contereret,
1632 4068 1688 4114 et
1719 4073 1888 4130 ttsque
1924 4058 1990 4114 ad
2035 4060 2203 4115 inter-

597 4156 884 4211 necionem
906 4155 1145 4223 gentium
1174 4154 1530 4224 plurimarum
1560 4153 1708 4209 illius
1737 4169 1925 4209 mucro
1956 4154 2197 4209 scex-iret.

605 4245 836 4303 Erectus
858 4244 1004 4300 enim
1040 4245 1096 4300 in
1127 4245 1464 4315 superbiam,
1498 4245 1614 4300 haec
1645 4261 1808 4300 ausus
1841 4253 1925 4299 est
1968 4245 2152 4300 dicere
2187 4262 2199 4297 :

604 4339 782 4397 Duces
812 4341 917 4396 mei
945 4339 1173 4394 aliarum
1195 4340 1437 4409 gentium
1470 4354 1630 4411 reges
1660 4349 1809 4400 sunt,
1835 4347 1891 4393 et
1916 4337 2047 4392 mibi
2077 4337 2202 4392 sub-

599 4433 756 4505 jecti,
785 4432 999 4488 cunctis
1031 4430 1344 4487 nationibus
1375 4431 1740 4501 imperabunt.
1772 4429 2061 4500 Quomodo
2083 4431 2202 4501 cepi

601 4527 940 4590 Charcamis.
974 4526 1054 4582 sic
1075 4526 1268 4595 cepiet
1288 4524 1573 4582 Chalanno
1604 4545 1617 4581 :
1645 4526 1926 4598 quomodo
1957 4526 2199 4597 Arphad,

603 4621 685 4678 sic
715 4621 928 4676 obtinui
954 4631 1010 4676 et
1037 4621 1260 4688 Emath,
1279 4621 1556 4689 quomodo
1588 4623 1938 4689 Damascum,
1967 4623 2048 4679 sic
2071 4622 2204 4678 mihi

2300 3414 2398 3470 que
2445 3400 2702 3470 ganniret.
2748 3400 2895 3456 LXX
2941 3417 3040 3472 pro
3073 3403 3271 3471 fructu,
3303 3421 3534 3471 sensum,
3568 3405 3655 3460 vel
3687 3415 3881 3461 mentem

2301 3507 2540 3566 magnam
2565 3495 2908 3565 interpretati
2939 3505 3084 3550 sunt.
3121 3495 3249 3551 Post
3295 3497 3670 3567 captivitatem
3714 3499 3881 3556 Satria.

2302 3586 2418 3653 rite,
2447 3595 2502 3642 et
2548 3587 2899 3660 Assyriorum
2948 3587 3255 3654 victoriam,
3310 3599 3366 3645 et
3414 3592 3881 3647 comtninationent

2301 3680 2592 3737 adversum
2633 3681 2960 3749 Jerusalem,
2993 3684 3120 3754 quia
3155 3685 3447 3739 simulacra
3473 3685 3683 3741 imitata
3719 3687 3884 3743 Sama-

2304 3776 2422 3841 riae,
2455 3775 2620 3830 simili
2653 3776 2723 3831 sit
2779 3777 3019 3832 ferienda
3061 3780 3373 3845 sententia;
3421 3795 3564 3836 nunc
3616 3781 3884 3836 adversum

2303 3873 2479 3941 ipsum
2517 3873 2794 3944 Assyrium
2823 3875 2913 3943 qui
2945 3878 3118 3929 elatus
3144 3887 3228 3931 est
3253 3877 3305 3931 itt
3335 3878 3676 3949 superbiam,
3709 3891 3760 3935 et
3787 3893 3882 3934 sua:

2303 3965 2635 4024 fortitudinis
2665 3973 2872 4040 putavit
2910 3986 3031 4027 esse
3061 3971 3204 4042 quod
3233 3971 3384 4038 vicit,
3421 3973 3694 4044 PrOpheta
3730 3974 3884 4045 loqui-

2306 4075 2410 4119 tnr.
2451 4065 2592 4120 Dixit
2618 4065 2762 4120 enim
2792 4063 3069 4138 Assyrius,
3097 4067 3278 4122 cordis
3319 4076 3532 4123 tumore
3575 4083 3636 4123 se
3672 4068 3886 4139 jactans,

2304 4157 2448 4230 quod
2486 4158 2538 4213 in
2571 4157 2890 4214 fortitudine
2929 4175 3118 4215 manus
3143 4175 3288 4229 suae,
3331 4170 3552 4216 cunctas
3582 4161 3776 4218 vicerit
3810 4175 3890 4215 na-

2309 4252 2485 4306 tiones
2510 4293 2524 4317 ,
2575 4260 2629 4307 et
2670 4251 2973 4308 incredibili
3013 4254 3280 4324 sapientia
3321 4256 3566 4310 omnium
3609 4252 3891 4324 possederit

2308 4345 2590 4400 terminos.
2635 4345 2704 4400 Et
2744 4345 2897 4415 juxta
2937 4345 3082 4402 LXX
3130 4355 3296 4402 tanta:
3327 4348 3582 4418 potentize
3624 4347 3807 4410 fuerit,
3845 4352 3892 4398 ut

2309 4437 2634 4494 bellatorum
2662 4437 2941 4496 hominum
2983 4440 3145 4496 urbes
3187 4440 3432 4497 funditus
3476 4441 3771 4507 subruerit,
3819 4449 3890 4494 to-

2311 4541 2529 4604 tumque
2561 4532 2750 4590 orbem
2791 4535 2947 4605 quasi
2977 4534 3162 4589 nidum
3191 4534 3637 4605 apprehenderit.
3672 4545 3727 4591 et
3756 4531 3890 4604 quasi

2311 4623 2569 4680 derelicta
2594 4640 2693 4681 ova
2727 4641 2757 4682 a
2790 4627 3074 4692 matribus,
3118 4627 3171 4682 in
3200 4643 3354 4683 suam
3400 4628 3640 4697 praedam
3665 4626 3890 4682 verterit.

606 4712 816 4785 subjeci
847 4721 904 4769 et
930 4713 1258 4770 Samariam.
1291 4714 1578 4787 Quomodo
1607 4725 1805 4772 caetera
1848 4731 2012 4787 regna
2033 4759 2047 4783 ,
2082 4733 2203 4788 quae
2235 4692 2284 4754 Ῑ)
2311 4719 2380 4775 Et
2414 4720 2537 4791 quia
2565 4721 2734 4777 semel
2778 4722 3150 4792 metaphoram
3193 4724 3260 4779 ab
3300 4692 3513 4792 avibus,
3552 4725 3682 4782 nido
3710 4735 3764 4780 et
3792 4722 3892 4779 uvis

606 4805 877 4862 idolorum
918 4806 1087 4862 cultui
1119 4807 1456 4876 serviebant,
1501 4809 1643 4864 meis
1691 4808 1898 4880 subjeci
1953 4809 2205 4879 pedibus,

606 4900 686 4956 sic
715 4907 773 4956 et
803 4897 1133 4967 Jerusalem,
1177 4908 1233 4955 et
1271 4901 1595 4968 Samariam,
1625 4903 1675 4956 in
1710 4918 1810 4973 qua
1844 4902 2033 4958 eadem
2065 4903 2206 4958 idola

606 5002 754 5060 sunt,
788 5008 925 5049 meae
955 4993 1241 5064 subjiciam
1287 4997 1567 5066 potestati.
1619 4996 1738 5062 Quo
1765 4996 1926 5051 tnodo
1957 4995 2077 5066 cepi
2109 4996 2208 5053 Sa-

607 5087 833 5142 mariam
863 5101 988 5142 cum
1018 5085 1182 5143 idolis
1213 5088 1350 5155 suis,
1383 5088 1464 5144 sic
1505 5097 1563 5144 et
1610 5088 1944 5146 Jerusalem‘
1971 5090 2206 5161 capiam,

605 5181 731 5252 quia
774 5179 1000 5237 eosdem
1043 5191 1334 5236 veneratur
1377 5181 1532 5237 deos.
1586 5181 1692 5237 Pro
1739 5183 2057 5240 Charcamis
2109 5201 2208 5240 au-

605 5284 714 5333 tem
744 5273 889 5332 LXX
914 5274 1180 5333 addentes
1207 5275 1278 5332 de
1325 5291 1448 5343 suo,
1491 5278 1752 5348 regionem
1791 5288 1934 5334 trans
1986 5277 2212 5351 Babylo-

601 5388 716 5427 nem
761 5370 1109 5440 interpretati
1140 5380 1290 5434 sunt,
1336 5381 1383 5426 et
1427 5369 1665 5426 Chalane
1716 5372 1803 5426 ubi
1832 5372 2092 5443 wdificata
2137 5381 2212 5426 est

603 5467 781 5532 turris,
810 5463 1033 5536 Arpbad
1083 5465 1305 5535 penitus
1346 5464 1743 5537 relinquentes.
1780 5465 2080 5521 Possumus
2109 5482 2209 5520 att-

605 5563 714 5610 tem
740 5557 888 5626 juxta
914 5556 1328 5613 translationem
1351 5573 1565 5624 eorum,
1603 5569 1655 5614 et
1685 5559 2033 5629 trapologiic,
2053 5559 2212 5614 dum-

608 5645 770 5701 modo
798 5649 883 5717 pia
909 5649 1002 5716 sit,
1035 5650 1372 5717 libertatem,
1404 5667 1468 5707 ex
1501 5667 1568 5707 eo
1603 5655 1748 5722 quod
1798 5653 1892 5721 ait,
1929 5662 1978 5708 et
2019 5653 2211 5724 popqu

611 5755 726 5796 meo
757 5743 1077 5815 praecipiam,
1109 5755 1165 5798 ut
1195 5746 1354 5816 faciat
1379 5744 1551 5816 spolia
1572 5754 1618 5798 et
1647 5745 1898 5815 prtedam,
1929 5756 1976 5801 et
2003 5750 2214 5802 concul-

611 5842 689 5890 cet
708 5834 963 5902 cioitates,
991 5846 1040 5892 et
1063 5849 1219 5910 ponat
1242 5856 1328 5894 eas
1351 5840 1404 5893 in
1426 5839 1706 5912 pulverem,
1735 5842 1900 5896 etiam
1935 5840 2038 5897 hoc
2067 5841 2212 5899 dice-

611 5943 693 5999 re,
724 5926 866 6002 quod
895 5929 1138 6002 quotidie
1157 5933 1364 6004 p0pulo
1393 5947 1495 5991 suo
1525 5933 1809 6006 praecipiat
1839 5934 2125 6008 Dominus,
2153 5945 2211 5994 ut

2311 4823 2641 4885 sumpserat,
2669 4816 2905 4871 servavit
2933 4817 2986 4871 in
3021 4817 3268 4886 reliquis,
3299 4828 3358 4872 ut
3385 4818 3592 4875 diceret
3621 4837 3633 4872 :
3664 4817 3784 4876 Non
3811 4817 3895 4887 fuit

2315 4909 2402 4978 qui
2445 4919 2666 4963 moveret
2716 4926 2960 4982 pennam,
2998 4920 3043 4965 et
3081 4912 3305 4982 aperiret
3341 4929 3421 4977 os,
3466 4923 3619 4984 atque
3653 4911 3894 4986 ganniret.

2315 5001 2546 5070 Tantus,
2570 5002 2765 5074 inquit,
2784 5011 2960 5060 terror
2988 5003 3088 5060 fuit
3112 5004 3444 5062 fortitudinis
3466 5021 3602 5061 mea:
3621 5018 3784 5076 atque
3799 5005 3894 5058 vic-

2317 5097 2492 5159 torite,
2533 5104 2590 5150 ut
2621 5111 2688 5151 ne
2719 5095 2904 5152 ﬂetum
2935 5097 3154 5168 quidem
3197 5108 3252 5154 et
3280 5099 3539 5170 gemitum
3573 5097 3702 5155 victi
3746 5098 3896 5153 libere

2319 5189 2631 5260 proderent.
2664 5189 2802 5246 Sunt
2831 5191 2921 5262 qui
2956 5193 3070 5246 haec
3104 5193 3436 5264 generaliter
3456 5204 3645 5250 contra
3687 5207 3897 5265 regnum

2315 5283 2664 5353 Assyriorum
2705 5282 2810 5338 dici
2851 5283 3209 5351 arbitrentur,
3251 5286 3396 5357 quod
3437 5299 3726 5358 postquam
3767 5301 3900 5340 cont-

2316 5375 2547 5446 pleverit
2578 5376 2838 5434 Dominus
2868 5387 3061 5433 cuncta
3093 5395 3259 5450 opera
3285 5395 3382 5434 sua
3412 5381 3464 5435 in
3493 5389 3677 5435 monte
3702 5379 3832 5436 Sion
3855 5386 3900 5429 ct

2315 5470 2367 5526 in
2397 5472 2726 5540 Jerusalem,
2760 5474 2860 5529 hoc
2889 5485 2996 5539 est,
3024 5485 3309 5546 postquam
3341 5476 3605 5533 subversa
3632 5477 3792 5532 fuerit
3821 5474 3900 5529 Je-

2313 5565 2573 5635 rusalem,
2607 5567 2956 5638 Assyriorum
2982 5567 3268 5640 imperium
3301 5569 3636 5627 destruatur.
3664 5570 3901 5627 Miltiau-

2317 5669 2421 5714 tem
2453 5675 2523 5715 ex
2574 5660 2656 5715 his
2687 5676 2808 5731 qua:
2847 5671 3172 5732 sequuntur,
3217 5664 3433 5735 proprie
3469 5676 3660 5721 contra
3699 5665 3899 5721 Senna-

2315 5752 2502 5808 cherib
2525 5768 2708 5824 regem
2730 5754 3081 5824 Assyriorum
3110 5757 3327 5814 videtur
3358 5759 3728 5815 comminatio.
3759 5754 3900 5826 Quod

2315 5857 2497 5901 autem
2545 5844 2623 5899 ait
2667 5861 2680 5899 :
2732 5844 3018 5918 Postquam
3061 5847 3388 5920 compleverit
3441 5850 3695 5907 Dominus
3734 5859 3903 5906 cuncta

2314 5953 2470 6010 opera
2508 5955 2606 5994 sua
2635 5939 2687 5995 in
2720 5949 2890 5998 monte
2930 5943 3061 6000 Sion
3105 5954 3151 6000 et
3190 5945 3246 6001 in
3282 5942 3599 6018 Jerusalem,
3640 5961 3750 6006 non
3785 5944 3903 6003 sub-
