4078 6328
214 346 311 404 tsi
806 337 1462 399 conuenrsmonuu
1504 338 1565 393 IN
1604 293 1846 394 lSAlAM
1892 335 2317 393 rnonnersn
2361 338 2493 395 ue.
2536 339 2625 397 tv.
2668 338 2823 399 CAP.
2868 339 2941 399 χ.
3442 346 3543 403 iss

212 458 519 514 versionem
550 457 712 514 urbis
753 457 1049 530 signiﬁcat,
1082 455 1178 512 sed
1208 455 1577 522 obsidionem,
1606 456 1829 523 quando
1859 455 1903 515 A
1935 463 1983 509 et
2008 456 2106 508 erit
2144 464 2339 509 terrore
2375 460 2626 529 profugus
2648 499 2661 520 ,
2708 466 2756 509 et
2795 456 3029 528 reliquiat
3068 457 3200 532 ligni
3231 458 3397 514 saltus
3434 463 3547 533 ejus

211 550 357 607 venit
386 549 675 605 Rabsaces
707 550 817 604 dux
844 547 1242 613 Sennaclierib,
1266 556 1288 582 η
1308 555 1363 602 et
1389 562 1451 601 ea
1475 547 1598 602 fecit
1620 563 1740 617 quze
1771 545 1825 600 in

215 640 612 712 posterioribus
662 641 807 697 idem
872 639 1145 712 Propheta
1202 648 1600 694 commemorat
1649 636 1827 709 (Isai.

214 749 426 801 xxxv",
467 733 585 803 Π).
632 733 945 790 Secundum
996 732 1376 804 tropologiam,
1420 746 1545 787 cum
1576 732 1830 789 Samaria

215 834 268 882 et
287 825 597 883 JeruSalem
632 826 847 882 Domini
886 825 1043 900 ιω
1080 825 1216 881 iram
1250 824 1636 892 sustinuerint,
1678 834 1741 881 et
1777 826 1831 881 in

217 919 575 976 fabricatione
600 919 878 975 idolorum
900 934 1116 975 errasse
1139 934 1199 975 se
1221 919 1503 975 senserint
1531 936 1545 971 :
1571 929 1704 974 tunc
1737 918 1838 974 de-

215 1022 450 1071 struetur
481 1028 693 1071 sensus
722 1029 971 1087 magnus,
1003 1013 1263 1086 Assyrius
1284 1011 1395 1086 [Αἰ.
1422 1010 1832 1085 Assyriorum].

215 1110 300 1181 qui
331 1108 383 1164 in
415 1116 631 1164 tantam
678 1117 869 1163 contra
914 1106 1202 1162 Dominum
1249 1104 1473 1160 inﬂatus
1512 1116 1599 1161 est
1639 1119 1836 1174 super-

215 1200 375 1267 biam,
410 1208 470 1255 ut
493 1202 790 1269 sapientiae
820 1214 933 1256 sua:
961 1198 1321 1255 :estimaverit
1349 1205 1548 1252 cuncta
1580 1210 1830 1263 cessura,

216 1307 265 1353 et
292 1295 499 1368 quaevis
530 1294 761 1352 excelsa
793 1294 1067 1365 dogmata,
1100 1303 1155 1348 et
1184 1291 1472 1347 dialectica
1504 1300 1623 1346 arte
1656 1290 1837 1344 muni-

220 1400 300 1455 ta,
342 1387 758 1455 concutienda,
789 1397 844 1443 et
884 1386 1101 1455 penitus
1148 1383 1517 1441 destruenda:
1561 1384 1835 1438 intantum

219 1492 271 1539 nt
297 1485 348 1539 in
381 1481 812 1539 similitudinem
846 1480 1114 1551 pullorum
1146 1479 1351 1545 avium,
1386 1492 1496 1533 non
1528 1478 1750 1533 valeant
1781 1477 1834 1532 in

220 1577 441 1634 sublime
475 1590 845 1647 consurgere,
879 1582 935 1629 et
964 1571 1197 1629 necdum
1228 1571 1466 1626 animata
1498 1569 1838 1627 insensibilia

223 1686 339 1729 esse
397 1680 570 1743 atque
640 1668 935 1740 torpentia,
999 1666 1144 1739 quod
1204 1679 1430 1721 ovorum
1497 1663 1842 1720 demonstrat

223 1765 555 1836 exemplum,
589 1774 742 1820 etne
773 1763 972 1818 mutire
1000 1760 1244 1833 quidem,
1278 1766 1335 1815 et
1354 1772 1708 1814 commovere
1738 1757 1840 1812 lin-

1932 565 2041 620 prae
2065 551 2331 621 paucitate
2358 550 2787 616 numerabantur,
2823 561 2871 604 et
2897 568 3025 622 puer
3052 552 3236 607 scribet
3267 571 3372 609 eos.
3406 554 3544 621 Quia

1935 643 2037 697 ista
2071 643 2284 709 fecisti,
2319 653 2377 699 et
2405 646 2620 700 locutus
2650 661 2712 700 es
2739 661 2860 713 quae
2889 661 3052 716 supra
3084 646 3346 714 narravi,
3380 662 3548 717 prop-

1938 744 2089 790 terea
2123 736 2299 791 mittet
2334 737 2597 793 Dominus
2625 738 2897 809 Angelum
2927 754 3085 794 suum
3114 781 3128 805 ,
3161 748 3216 795 et
3242 755 3347 795 una
3381 749 3546 795 nocte

1936 836 2161 882 centum
2194 830 2467 899 octoginta
2494 832 2738 901 quinque
2780 831 2950 885 millia
2992 832 3059 886 de
3100 840 3193 887 tuo
3232 832 3546 887 morientur

1937 922 2182 975 exercitu
2212 938 2225 974 :
2256 920 2329 975 ita
2360 931 2419 976 ut
2447 922 2817 992 potentissimi
2848 922 3049 994 quique
3069 966 3083 988 ,
3129 938 3269 993 quos
3311 924 3545 995 pingues

1937 1012 2211 1084 appellat,
2263 1013 2581 1084 redigantur
2622 1015 2677 1070 in
2728 1016 3052 1071 tenuitatem
3094 1026 3150 1072 et
3178 1017 3230 1070 in
3265 1016 3457 1072 nihili:
3487 1023 3546 1073 et

1938 1105 2080 1160 sicut
2116 1105 2328 1162 Hebraei
2362 1108 2618 1173 tradunt,
2652 1108 2844 1162 illaesis
2874 1108 3120 1164 vestibus
3148 1108 3505 1182 Assyriorum
3530 1150 3547 1175 ,

1938 1211 2174 1267 corpora
2230 1198 2449 1255 occulto
2497 1208 2817 1255 crementur
2870 1199 3118 1257 ardore:
3174 1212 3303 1257 tunc
3356 1202 3545 1257 lumen

1941 1288 2108 1343 lerael
2142 1298 2199 1346 et
2226 1300 2484 1357 sanctus,
2517 1291 2624 1347 hoc
2650 1302 2737 1347 est
2758 1335 2772 1360 ,
2802 1294 3031 1365 angelus
3052 1336 3066 1361 ,
3110 1296 3215 1349 erit
3252 1295 3306 1348 in
3339 1295 3461 1363 igne
3492 1304 3550 1349 et

1941 1384 1996 1439 in
2027 1382 2246 1438 tlimma
2266 1426 2282 1450 ,
2316 1394 2371 1439 et
2401 1401 2593 1442 omnes
2625 1387 2797 1457 spina:
2832 1402 2896 1443 ac
2925 1403 3121 1457 vepres
3150 1390 3546 1461 Assyriorum,

1942 1477 1995 1531 id
2025 1487 2108 1532 est
2128 1520 2142 1544 ,
2175 1478 2384 1534 malitia
2413 1490 2787 1546 consumetur.
2820 1497 2925 1537 non
2957 1482 3118 1553 longo
3150 1491 3417 1552 tempore,
3448 1483 3548 1538 sed

1944 1586 2053 1625 uno
2084 1569 2172 1626 die
2200 1580 2366 1643 atque
2394 1583 2694 1629 momento.
2731 1573 2799 1629 Et
2824 1574 3103 1645 quomodo
3131 1575 3309 1630 saltus
3336 1586 3392 1631 et
3420 1575 3554 1631 Car-

1945 1663 2118 1719 melus
2141 1706 2155 1730 ,
2186 1664 2278 1736 qui
2307 1672 2391 1720 est
2415 1680 2573 1720 mons
2601 1666 2652 1721 in
2679 1665 2905 1722 Galilzea
2931 1667 3251 1723 nemoribus
3279 1668 3549 1735 consitus,

1944 1756 2232 1825 supposito
2264 1758 2387 1827 igne
2415 1757 2679 1813 velociter
2704 1769 3091 1815 concrematur
3117 1776 3130 1814 :
3165 1760 3245 1815 sic
3273 1760 3343 1815 ab
3369 1760 3552 1815 anima

226 1873 378 1930 gnam
411 1867 612 1913 contra
647 1855 920 1913 rationem
959 1863 1014 1910 et
1050 1851 1422 1909 fortitudinem
1455 1850 1537 1906 sui
1569 1850 1841 1906 sermonis
1871 1859 1919 1919 Β
1947 1864 2124 1921 usque
2153 1850 2218 1904 ad
2250 1866 2473 1906 carnem
2510 1852 2693 1907 omnis
2724 1850 2938 1924 Assyrii
2970 1854 3140 1923 gloria
3171 1866 3554 1911 consumetur.

226 1952 435 2008 audire.

298 2049 478 2121 (Vers.
506 2044 628 2117 15.)
654 2042 924 2115 Num1uid
952 2042 1261 2116 gloriabitur
1286 2040 1479 2095 securis
1503 2049 1683 2093 contra
1709 2053 1828 2091 eum

229 2143 316 2214 qui
352 2148 489 2195 secat
526 2139 586 2193 in
625 2154 688 2192 ea
712 2180 728 2204 ,
770 2144 859 2190 aut
897 2134 1215 2189 exaltabitur
1253 2149 1397 2187 serra
1437 2140 1615 2185 contra
1654 2144 1772 2183 eum
1808 2146 1841 2182 α

231 2252 335 2307 quo
365 2232 591 2287 trahitur
609 2230 636 2284 1'
667 2226 940 2295 Quomodo
969 2227 1013 2279 si
1044 2223 1269 2279 elcvetur
1292 2224 1434 2296 virga
1457 2232 1637 2276 contra
1668 2221 1843 2275 leran-

234 2338 333 2382 tem
365 2342 454 2392 se,
493 2333 544 2379 et
584 2320 844 2377 exaltetur
883 2318 1126 2385 baculus,
1168 2319 1253 2388 qui
1292 2317 1468 2387 utique
1506 2313 1703 2387 lignum
1745 2323 1838 2367 est.

232 2421 434 2478 Contra
475 2414 899 2477 Sennacherib,
941 2415 1059 2469 sive
1098 2422 1156 2466 ut
1196 2410 1349 2466 multi
1394 2418 1621 2480 putant,
1660 2406 1844 2463 Nabu-

235 2515 591 2571 chodonosor
621 2511 952 2583 gloriantem
985 2517 1155 2578 atque
1184 2506 1459 2562 dicentem
1496 2520 1510 2558 :
1542 2502 1608 2556 In
1635 2502 1843 2575 fortitu—

237 2610 356 2664 dine
381 2625 567 2665 manus
608 2621 740 2661 mete
779 2605 877 2673 feci
898 2646 912 2668 ,
954 2604 1010 2657 in
1045 2601 1299 2674 sapientia
1338 2616 1449 2654 mea
1485 2598 1752 2663 intellexi,
1789 2606 1846 2652 et

236 2704 445 2775 reliqua
466 2746 482 2766 ,
527 2710 758 2757 sanctus
789 2696 1065 2767 Propheta
1096 2694 1381 2767 respondit
1407 2710 1421 2747 :
1452 2692 1479 2730 ι)
1509 2692 1555 2747 0
1583 2688 1847 2746 stultissi-

236 2810 325 2852 me
361 2794 682 2850 mortalium
707 2832 722 2856 ,
754 2789 852 2845 Dei
887 2790 1065 2855 iram,
1100 2797 1246 2841 tuam
1281 2795 1443 2857 putas
1471 2796 1595 2839 esse
1624 2782 1843 2852 sapien-

239 2890 370 2945 tiam
393 2931 409 2952 .
442 2897 500 2944 et
532 2887 683 2942 illius
710 2884 1018 2955 jnssionem
1060 2881 1125 2937 ad
1169 2891 1313 2937 tuam
1356 2878 1533 2934 refers
1572 2875 1848 2931 fortitudi-

239 2984 405 3040 nem?
434 2979 731 3052 Quomodo
763 2980 811 3034 si
841 2976 1053 3035 securis
1081 2976 1349 3047 glorietur
1374 2980 1562 3029 contra
1594 2987 1720 3028 eum
1752 2969 1849 3042 qui

241 3077 478 3134 securim
507 3084 697 3139 tenet,
729 3083 784 3129 et
811 3087 966 3129 serra
990 3079 1182 3127 contra
1212 3068 1367 3125 illum
1398 3083 1426 3121 τι
1454 3080 1560 3137 quo
1590 3064 1845 3128 trahitur,

247 3185 300 3230 et
330 3172 517 3229 dicant
541 3213 557 3239 ,
589 3175 790 3226 cuncta
836 3181 1003 3234 onera
1042 3180 1169 3238 quae
1226 3178 1322 3233 per
1360 3160 1595 3217 securim
1632 3166 1688 3215 et
1724 3172 1844 3213 ser-

1948 1943 2105 2000 Tuuc
2132 1945 2401 2014 Spoliatus
2432 1946 2717 2002 exercitus
2748 1947 2947 2019 lugiet,
2975 1949 3119 2018 quod
3154 1948 3296 2003 idem
3332 1948 3385 2003 in
3417 1964 3555 2003 con-

1946 2040 2309 2109 sequentibus
2346 2040 2619 2109 Propheta
2659 2051 2912 2107 testatur,
2950 2053 3006 2098 et
3043 2042 3112 2098 de
3154 2054 3261 2096 tam
3297 2042 3553 2098 innume-

1949 2132 2109 2187 rabili
2143 2133 2493 2188 multitudine
2523 2150 2645 2203 quae
2672 2132 2929 2190 Carmelo
2956 2148 3010 2191 et
3042 2136 3206 2190 saltui
3238 2145 3558 2208 comparata

1950 2237 2068 2293 est,
2100 2227 2167 2283 ad
2202 2238 2406 2283 tantam
2436 2230 2623 2285 veniet
2654 2233 2978 2299 paucitatem
3002 2274 3015 2297 ,
3048 2240 3106 2285 ut
3135 2247 3268 2301 puer
3299 2232 3560 2302 parvulus

1948 2334 2044 2375 eos
2086 2322 2259 2390 possit
2300 2337 2587 2377 numerare
2627 2332 2682 2377 et
2720 2323 3057 2379 describere.
3112 2324 3360 2380 Tradunt
3404 2326 3554 2380 enim

1949 2412 2203 2479 Bebrzei,
2255 2413 2446 2470 decem
2497 2425 2704 2469 tantum
2752 2416 2821 2470 de
2872 2417 2992 2484 ejus
3040 2417 3286 2472 exercitu
3330 2433 3557 2473 reman-

1947 2507 2128 2574 sisse;
2160 2518 2476 2563 nostrorum
2508 2508 2725 2577 quidam
2760 2509 2949 2563 volunt
2979 2509 3121 2564 hunc
3155 2525 3339 2577 regem
3367 2518 3553 2581 typum

1950 2614 2072 2654 esse
2099 2600 2434 2655 adversariae
2466 2599 2818 2655 fortitudinis.
2847 2600 2910 2655 Et
2940 2601 3217 2670 quomodo
3248 2602 3300 2654 in
3324 2601 3556 2657 Daniele

1951 2689 2105 2763 (Cap.
2132 2693 2188 2760 x)
2220 2692 2447 2762 legimus
2475 2691 2749 2762 principes
2775 2692 2927 2761 regni
2956 2692 3279 2759 Persarum,
3312 2702 3370 2749 et
3399 2695 3554 2764 regni

1949 2783 2266 2850 Medorum,
2316 2793 2371 2839 et
2420 2784 2572 2855 regni
2622 2784 2978 2850 Graecorum,
3021 2785 3099 2840 sic
3145 2795 3203 2841 et
3249 2787 3550 2858 principem

1951 2893 2076 2934 esse
2119 2879 2510 2951 Assyriorum,
2558 2880 2649 2950 qui
2707 2888 2932 2949 propter
2986 2881 3298 2948 superbiam
3359 2895 3556 2936 sensus

1953 2985 2183 3042 magnus
2211 2980 2463 3038 vocetur,
2498 2980 2553 3026 ct
2584 2971 2637 3025 in
2672 2969 2762 3027 die
2789 2970 2979 3042 judicii
3012 2973 3277 3043 geliennze
3313 2974 3559 3029 tradatur

1952 3066 2280 3133 ardoribus,
2323 3083 2441 3138 qua:
2485 3077 2788 3137 przeparata
2831 3074 2916 3123 est
2967 3066 3186 3124 diabolo
3239 3079 3293 3124 et
3343 3071 3555 3139 angelis

1952 3162 2093 3231 ejus.
2131 3160 2198 3214 Et
2224 3161 2405 3216 lmnen
2439 3162 2607 3218 lsrael
2638 3171 2691 3216 et
2722 3171 2972 3217 sanctum
3001 3204 3016 3228 ,
3064 3162 3167 3216 hoc
3206 3172 3289 3217 est
3316 3204 3331 3229 ,
3373 3163 3551 3233 ipsum

239 3284 357 3325 ram
392 3267 525 3322 ﬁunt
556 3307 571 3333 ,
611 3279 714 3321 sua
743 3271 863 3319 arte
893 3260 1159 3333 perfecta.
1192 3258 1263 3313 Et
1289 3257 1335 3312 si
1366 3256 1547 3313 elevet
1575 3251 1851 3324 quispiam
1877 3251 1923 3317 C
1959 3253 2248 3308 Dominum
2278 3253 2610 3309 succendere
2640 3269 2837 3325 vepres
2861 3269 2925 3309 ac
2956 3255 3140 3325 spinas
3162 3256 3369 3327 Assyrii
3392 3298 3406 3322 ,
3434 3272 3555 3312 om-

243 3365 453 3436 virgam
474 3406 490 3431 ,
522 3371 581 3419 et
606 3361 821 3418 exaltet
850 3357 1107 3413 baculum
1137 3355 1206 3411 ad
1242 3352 1655 3426 percutiendum
1688 3365 1848 3420 quem

245 3455 522 3524 voluerit,
555 3465 613 3511 et
639 3454 762 3524 ipsa
787 3456 936 3523 virga
966 3466 1029 3505 ae
1061 3448 1289 3504 baculus
1323 3445 1658 3519 glorientur,
1690 3453 1745 3499 et
1771 3442 1855 3499 di-

248 3560 376 3606 cant
412 3565 443 3605 a
473 3563 535 3603 se
567 3560 893 3617 percussum
926 3558 1048 3599 esse
1078 3543 1168 3612 qui
1207 3555 1500 3609 percussus
1531 3547 1657 3595 est:
1690 3537 1771 3593 sic
1800 3545 1857 3592 et

247 3652 303 3699 tu
346 3658 467 3698 cum
508 3655 781 3712 organum
809 3638 906 3693 Dei
954 3636 1123 3692 fueris
1161 3634 1487 3698 voluntatis,
1527 3630 1759 3701 erigeris
1796 3630 1852 3685 in

247 3736 556 3806 superbiam
582 3779 598 3803 ,
641 3744 697 3791 et
737 3742 933 3789 cuncta
976 3746 1097 3802 qua:
1134 3738 1426 3801 geruntur,
1464 3735 1571 3782 tute
1600 3723 1855 3796 gloriaris

246 3847 369 3889 esse
399 3831 645 3888 virtutis.
679 3824 956 3897 Quidquid
984 3833 1169 3880 autem
1198 3823 1424 3895 Assyrio
1448 3820 1670 3883 dicitur,
1700 3826 1756 3872 et
1785 3815 1852 3871 ad

250 3924 639 3982 hatreticorum
673 3918 990 3991 superbiam
1013 3960 1029 3985 ,
1058 3927 1113 3973 et
1140 3916 1207 3972 ad
1237 3915 1515 3971 diabolum
1544 3910 1738 3967 referri
1762 3925 1855 3980 po-

250 4026 388 4085 test,
428 4017 520 4088 qui
559 4014 778 4073 securis
801 4054 816 4076 ,
860 4019 918 4068 et
956 4026 1147 4078 serra,
1189 4017 1246 4065 et
1284 4009 1434 4078 virga
1468 4006 1525 4061 in
1555 4003 1855 4073 Scripturis

252 4111 581 4187 appellatur,
610 4124 682 4166 eo
710 4107 859 4179 quod
900 4122 1001 4177 per
1038 4106 1193 4161 illum
1236 4101 1592 4159 infructuosae
1628 4098 1857 4154 arbores

254 4203 626 4269 succidantur,
669 4209 728 4257 et
756 4198 1098 4263 dividantur,
1128 4207 1293 4266 atque
1323 4202 1567 4250 serretur
1600 4189 1855 4247 incredu-

254 4296 424 4354 lorum
461 4296 674 4352 duritia
696 4336 711 4358 .
755 4302 811 4349 et
851 4292 1228 4364 percutiantur
1266 4292 1418 4360 virga
1449 4288 1543 4358 qui
1577 4301 1685 4342 non
1718 4284 1859 4341 reci-

259 4389 408 4462 piunt
444 4388 823 4459 disciplinam.
878 4384 1132 4441 Haeretici
1171 4398 1388 4455 quoque
1426 4396 1661 4453 quorum
1700 4394 1764 4434 os
1803 4378 1856 4433 in

260 4486 454 4543 coelum
494 4484 741 4556 ponitur,
779 4491 833 4537 et
875 4482 1058 4551 lingua
1097 4494 1289 4534 eorum
1332 4477 1627 4549 pertransit
1663 4475 1715 4530 itt
1753 4484 1859 4530 ter-

264 4593 376 4635 ram
398 4619 414 4644 ,
447 4585 504 4633 et
533 4591 705 4633 sensu
736 4589 898 4640 quem
930 4590 958 4627 a
992 4574 1104 4628 Deo
1133 4572 1187 4628 in
1220 4572 1416 4628 bonam
1448 4583 1658 4642 partem
1698 4582 1858 4624 acce-

1958 3363 2194 3418 nemque
2233 3347 2378 3403 illius
2416 3347 2716 3419 potentiam
2760 3358 2817 3402 et
2858 3350 3288 3405 innumerabiles
3327 3351 3559 3419 populos

1956 3440 2023 3495 ad
2072 3440 2226 3495 nihili
2277 3440 2652 3497 deducendos.
2703 3439 2855 3496 Tunc
2894 3457 3018 3496 eum
3064 3443 3259 3498 timore
3297 3444 3560 3513 perterri-

1956 3542 2108 3596 tum,
2150 3534 2304 3604 quasi
2343 3533 2629 3588 colubrum
2674 3545 2976 3590 tortuosum
3008 3545 3061 3590 et
3100 3535 3425 3606 fugitivum,
3462 3538 3562 3591 im-

1957 3628 2229 3684 minentes
2263 3642 2454 3694 pmnas
2481 3627 2623 3683 velle
2654 3629 2848 3683 vitare.
2890 3628 2991 3695 Qui
3020 3638 3201 3684 autem
3233 3629 3303 3684 de
3333 3629 3474 3683 saltu
3506 3640 3561 3684 et

1964 3718 2123 3793 1&8
2150 3719 2475 3775 confusione
2511 3719 2631 3790 ejus
2669 3720 2941 3792 lignisque
2985 3720 3245 3791 perituris
3283 3724 3562 3789 pomerint

1958 3813 2234 3877 evadere,
2275 3825 2371 3866 eos
2412 3810 2610 3882 dignos
2651 3812 2931 3876 existere,
2972 3812 3065 3881 qui
3109 3822 3467 3867 numerentur
3506 3822 3563 3869 et

1958 3906 2341 3961 describantur
2369 3920 2399 3959 a
2438 3918 2640 3975 puero,
2672 3904 2829 3975 cujus
2862 3905 3201 3975 principatus
3230 3906 3281 3959 in
3315 3904 3565 3962 humeris

1960 3998 2078 4070 ejus
2108 4009 2212 4054 est.
2247 3998 2363 4054 lloc
2390 3998 2566 4068 ipsum
2597 4008 2654 4053 et
2683 3998 2750 4053 ad
2782 3997 3077 4055 hrereticos
3109 4000 3298 4056 referri
3334 4010 3518 4071 potest
3549 4019 3561 4056 :

1959 4092 2102 4163 quod
2146 4102 2432 4161 postquam
2475 4091 2861 4146 Ecclesiastica
2901 4091 3150 4149 doctrina
3193 4093 3433 4149 illuxerit
3459 4136 3473 4161 ,
3508 4106 3565 4151 et

1960 4200 2154 4241 omnes
2192 4201 2381 4241 eorum
2422 4184 2691 4256 decipula:
2731 4185 3038 4253 patuerint,
3083 4197 3212 4242 tunc
3249 4186 3315 4242 ad
3358 4198 3562 4244 tantam

1961 4279 2184 4335 veniant
2213 4278 2566 4334 solitudinem
2586 4320 2599 4344 ,
2634 4286 2693 4334 ut
2720 4277 2787 4334 de
2814 4279 2960 4333 saltu
3001 4290 3054 4334 et
3096 4282 3449 4337 infructuosis
3475 4297 3565 4336 ar-

1962 4370 2189 4427 boribus
2220 4380 2275 4427 et
2312 4371 2701 4427 innumerabili
2742 4387 2933 4426 eorum
2977 4372 3358 4440 multitudine,
3399 4390 3560 4446 quam

1963 4465 2215 4521 haeretica
2248 4463 2438 4519 fraude
2466 4464 2800 4535 deceperant
2820 4504 2833 4525 .
2861 4463 2947 4518 vix
2978 4465 3138 4533 pauci
3166 4467 3445 4522 resideant
3473 4468 3565 4539 qui

1963 4573 2154 4615 eorum
2195 4567 2496 4630 sequantur
2534 4574 2803 4614 errorem.
2845 4557 2951 4612 Pro
2990 4574 3059 4615 eo
3087 4560 3230 4629 quod
3264 4577 3364 4617 nos
3393 4563 3565 4619 verti-

268 4682 493 4741 perunt,
526 4667 834 4727 abutuntur
863 4671 916 4724 in
947 4668 1282 4724 contrarium
1312 4675 1478 4738 atque
1510 4680 1849 4737 perversum.

1963 4668 2085 4708 mus
2107 4694 2121 4719 ,
2162 4653 2325 4706 mittet
2365 4651 2624 4707 Dominus
2663 4653 2717 4705 in
2758 4650 3039 4722 pinguibus
3075 4656 3192 4724 ejus
3223 4656 3521 4711 tenuitatem
3549 4698 3565 4723 ,

266 4775 321 4820 ut
351 4766 646 4837 loquantur
677 4771 873 4818 contra
905 4777 1030 4818 eum
1064 4777 1092 4816 a
1122 4776 1231 4832 quo
1261 4759 1470 4817 conditi
1502 4767 1628 4814 sunt
1653 4798 1667 4820 ,
1704 4754 1861 4829 147

267 4868 321 4916 et
354 4860 552 4931 linguae
594 4859 1013 4921 ministerium,
1054 4871 1163 4919 quo
1211 4853 1519 4910 laudandus
1558 4861 1643 4908 est
1681 4849 1866 4905 Domi-

271 4966 399 5019 nus,
427 4961 647 5008 vertant
676 4949 731 5005 in
764 4949 1165 5016 blaSpliemiam
1197 4945 1369 5018 (Psal.
1403 4942 1611 5015 Lxxn).

334 5044 514 5117 (Vere.
544 5043 613 5099 16
646 5040 831 5113 seqq.)
866 5038 1085 5112 Pr0pter
1112 5038 1210 5092 hoc
1238 5038 1400 5090 mittet
1425 5036 1718 5089 dominator
1756 5030 1868 5086 Do-

271 5136 431 5191 minus
479 5137 799 5191 ea'ercituum
850 5136 901 5188 in
951 5132 1224 5206 pinguibus
1267 5133 1380 5203 ejus
1430 5129 1726 5182 tenuitatem
1756 5167 1770 5192 ,
1818 5134 1867 5179 et

271 5230 440 5286 subtus
465 5230 691 5302 gloriam
720 5227 831 5298 [AL
857 5225 1062 5299 gloria]
1089 5229 1202 5299 ejus
1228 5239 1470 5279 succensa
1495 5220 1697 5275 ardebit
1722 5218 1869 5289 quasi

274 5323 547 5378 combustio
571 5321 729 5395 ignis.
763 5318 830 5373 Et
855 5321 951 5374 erit
980 5318 1156 5373 lumen
1183 5315 1353 5371 Israel
1378 5317 1432 5369 in
1459 5315 1611 5386 igne,
1643 5321 1689 5365 et
1720 5327 1870 5365 sane-

276 5423 348 5470 tus
370 5419 482 5490 ejus
502 5416 559 5470 in
581 5416 798 5486 ﬂamma
818 5429 837 5468 :
859 5423 907 5467 et
930 5410 1272 5469 succendetur
1296 5418 1345 5463 et
1367 5407 1455 5460 de:
1471 5406 1701 5460 arabitur
1719 5404 1870 5476 spina

275 5508 411 5579 ejus,
453 5518 502 5562 et
546 5522 726 5580 vepres
762 5506 817 5560 in
853 5506 937 5559 die
973 5521 1097 5559 una.
1148 5502 1214 5557 Et
1249 5499 1418 5576 gloria
1451 5496 1615 5552 saltus
1646 5499 1789 5570 ejus,
1822 5505 1872 5549 et

275 5597 489 5657 Carmeli
516 5603 631 5675 ejus
669 5605 735 5655 ab
760 5601 935 5654 anima
974 5613 1134 5669 usque
1169 5596 1236 5651 ad
1281 5609 1489 5650 carnem
1523 5602 1867 5658 consumetur,

342 5755 368 5783 ⁸
406 5747 584 5804 Antea
614 5751 736 5799 erat
762 5752 809 5795 et
838 5742 893 5796 in
923 5757 980 5796 ea
1008 5741 1157 5811 fecit,
1188 5747 1297 5792 etc.

342 5815 370 5856 δ
408 5817 599 5899 Grteca
640 5824 769 5899 sunt
808 5806 1065 5899 Eusebii:
1099 5812 1381 5899 'n'néwow
1420 5809 1790 5899 ἀγρονέςτςιτε.
1819 5806 1877 5897 ob

280 5896 517 5969 mpq'ic,
561 5887 643 5944 ὅτι
680 5884 797 5943 οὔτε
829 5886 986 5951 πὲλυξ
1012 5881 1194 5940 ἑαυτόν
1214 5904 1335 5940 non
1362 5881 1581 5943 κινῆἁιιν
1606 5881 1693 5937 ini
1715 5883 1877 5937 κακήν

717 5982 996 6043 Panos.
1043 5977 1282 6040 XXIV.

1965 4745 2108 4802 LXX
2134 4747 2564 4810 transtulerunt,
2587 4746 2752 4799 mittet
2772 4742 3029 4799 Dominus
3057 4747 3109 4800 in
3141 4749 3388 4803 honorem
3417 4760 3567 4805 tuum

1967 4839 2326 4913 ignominiam.
2360 4838 2427 4891 Et
2454 4853 2555 4907 pro
2576 4854 2643 4891 eo
2665 4835 2809 4906 quod
2841 4852 2940 4890 nos
2969 4836 3207 4892 diximus
3234 4856 3247 4893 :
3279 4850 3329 4893 et
3354 4854 3565 4896 sanctus

1962 4934 2075 5003 ejus
2105 4933 2156 4985 in
2188 4932 2435 5000 ﬂamma,
2460 4929 2537 4984 illi
2568 4937 2888 4983 verterunt:
2922 4939 2969 4983 et
2998 4930 3337 5001 sanctiﬁcabit
3366 4951 3482 4989 eum
3509 4935 3565 4988 in

1966 5026 2121 5097 igne:
2153 5042 2248 5095 per
2277 5024 2421 5094 quod
2449 5023 2669 5092 quidam
2703 5024 2929 5094 intelligi
2962 5024 3154 5078 volunt
3185 5040 3375 5095 ptenas
3404 5040 3569 5097 atque

1972 5125 2242 5173 tormenta
2280 5117 2346 5171 ad
2393 5119 2493 5169 hoe
2534 5115 2784 5170 adhiberi
2819 5116 3197 5185 pecvatoribus
3230 5160 3245 5184 ,
3288 5129 3346 5173 ut
3384 5120 3569 5174 divino

1975 5214 2103 5286 igne
2142 5219 2462 5283 purgentur.
2504 5209 2773 5281 Quodque
2811 5225 2911 5265 nos
2958 5209 3237 5266 diximus:
3286 5211 3353 5265 Et
3400 5214 3567 5281 gloria

1974 5308 2138 5362 saltus
2176 5309 2323 5380 ejus,
2366 5315 2412 5359 et
2438 5302 2663 5360 Carmeli
2688 5306 2799 5375 ejus
2825 5320 2845 5359 :
2891 5304 2972 5359 Illi
3016 5306 3358 5375 interpretati
3402 5316 3564 5362 sunt:

1981 5401 2387 5471 Exstinguentur
2413 5408 2641 5464 montes,
2673 5408 2717 5451 et
2742 5395 2901 5451 colles
2918 5440 2933 5464 ,
2960 5408 3008 5451 et
3035 5398 3198 5452 saltus
3219 5437 3235 5462 ,
3264 5412 3371 5465 quo
3392 5401 3572 5456 omnis

1976 5493 2323 5565 Assyriorum
2351 5491 2572 5547 claritas
2597 5501 2653 5547 et
2680 5489 2936 5560 superbia
2955 5532 2970 5558 ,
2993 5499 3049 5545 et
3075 5488 3363 5544 multitudo
3395 5493 3573 5551 humi-

1975 5587 2139 5643 lietur
2168 5587 2457 5642 esstiucta.

1981 5730 2167 5797 ξύλου,
2206 5733 2277 5802 μὴ
2302 5728 2492 5806 ,ἑτέρου
2533 5727 2877 5806 inero???”
2917 5745 2925 5759 '
3176 5792 3209 5806 ..

1983 5792 2113 5869 etc.,
2147 5792 2269 5872 qua:
2300 5799 2353 5854 iu
2382 5792 2496 5854 r'em
2523 5792 2679 5852 suam
2711 5795 2929 5846 Hieron.
2964 5792 3256 5848 transtulit.

3106 5958 3145 6018 ὃ
