  <div class='ocr_page' id='page_1' title='image "/cluster/home/n/w/nwhite01/storage/ocr_20150623/24/hvd.32044015471386/075.png"; bbox 0 0 4052 6440; ppageno 0'>
   <div class='ocr_carea' id='block_1_1' title="bbox 572 308 676 375">
    <p class='ocr_par' dir='ltr' id='par_1_1' title="bbox 572 308 676 375">
     <span class='ocr_line' id='line_1_1' title="bbox 572 308 676 375; baseline 0 0"><span class='ocrx_word' id='word_1_1' title='bbox 572 308 676 375; x_wconf 70' lang='grc'><strong><em>159</em></strong></span> 
     </span>
    </p>
   </div>
   <div class='ocr_carea' id='block_1_2' title="bbox 1832 307 2634 375">
    <p class='ocr_par' dir='ltr' id='par_1_2' title="bbox 1832 307 2634 375">
     <span class='ocr_line' id='line_1_2' title="bbox 1832 307 2634 375; baseline -0.002 -4"><span class='ocrx_word' id='word_1_2' title='bbox 1832 312 1893 371; x_wconf 80' lang='lat' dir='ltr'><strong><em>S.</em></strong></span> <span class='ocrx_word' id='word_1_3' title='bbox 1936 312 2213 375; x_wconf 79' lang='lat' dir='ltr'><strong><em>EUSEBII</em></strong></span> <span class='ocrx_word' id='word_1_4' title='bbox 2256 307 2634 373; x_wconf 74' lang='lat' dir='ltr'><strong><em>HIERONYMI</em></strong></span> 
     </span>
    </p>
   </div>
   <div class='ocr_carea' id='block_1_3' title="bbox 3771 308 3866 379">
    <p class='ocr_par' dir='ltr' id='par_1_3' title="bbox 3771 308 3866 379">
     <span class='ocr_line' id='line_1_3' title="bbox 3771 308 3866 379; baseline 0.021 -3"><span class='ocrx_word' id='word_1_5' title='bbox 3771 308 3866 379; x_wconf 77' lang='lat' dir='ltr'><strong><em>tto</em></strong></span> 
     </span>
    </p>
   </div>
   <div class='ocr_carea' id='block_1_4' title="bbox 642 426 3863 508">
    <p class='ocr_par' dir='ltr' id='par_1_4' title="bbox 642 426 3863 508">
     <span class='ocr_line' id='line_1_4' title="bbox 642 426 3863 508; baseline 0 -19"><span class='ocrx_word' id='word_1_6' title='bbox 642 432 830 502; x_wconf 83' lang='lat' dir='ltr'><strong><em>(Vers.</em></strong></span> <span class='ocrx_word' id='word_1_7' title='bbox 854 429 925 487; x_wconf 71' lang='lat'><strong><em>20</em></strong></span> <span class='ocrx_word' id='word_1_8' title='bbox 948 427 1132 502; x_wconf 81' lang='lat' dir='ltr'><strong><em>seqq.)</em></strong></span> <span class='ocrx_word' id='word_1_9' title='bbox 1164 427 1228 483; x_wconf 86' lang='lat' dir='ltr'><strong><em>Et</em></strong></span> <span class='ocrx_word' id='word_1_10' title='bbox 1256 428 1353 483; x_wconf 87' lang='lat' dir='ltr'><strong><em>erit</em></strong></span> <span class='ocrx_word' id='word_1_11' title='bbox 1377 428 1429 482; x_wconf 87' lang='lat' dir='ltr'><strong><em>in</em></strong></span> <span class='ocrx_word' id='word_1_12' title='bbox 1458 427 1543 482; x_wconf 87' lang='lat' dir='ltr'><strong><em>die</em></strong></span> <span class='ocrx_word' id='word_1_13' title='bbox 1569 428 1694 493; x_wconf 85' lang='lat' dir='ltr'><strong><em>illa,</em></strong></span> <span class='ocrx_word' id='word_1_14' title='bbox 1727 446 1830 483; x_wconf 88' lang='lat' dir='ltr'><strong><em>non</em></strong></span> <span class='ocrx_word' id='word_1_15' title='bbox 1858 429 2069 501; x_wconf 76' lang='lat' dir='ltr'><strong><em>adjiciat</em></strong></span> <span class='ocrx_word' id='word_1_16' title='bbox 2096 446 2178 483; x_wconf 89' lang='lat' dir='ltr'><strong><em>re-</em></strong></span> <span class='ocrx_word' id='word_1_17' title='bbox 2205 433 2253 490; x_wconf 77' lang='grc' dir='ltr'>Α</span> <span class='ocrx_word' id='word_1_18' title='bbox 2284 429 2403 484; x_wconf 89' lang='lat' dir='ltr'><strong><em>licis</em></strong></span> <span class='ocrx_word' id='word_1_19' title='bbox 2432 429 2561 484; x_wconf 80' lang='lat' dir='ltr'><strong><em>viris</em></strong></span> <span class='ocrx_word' id='word_1_20' title='bbox 2592 443 2653 484; x_wconf 78' lang='lat' dir='ltr'><strong><em>ex</em></strong></span> <span class='ocrx_word' id='word_1_21' title='bbox 2686 426 2890 486; x_wconf 65' lang='lat' dir='ltr'><strong><em>ludat-is</em></strong></span> <span class='ocrx_word' id='word_1_22' title='bbox 2927 442 3049 484; x_wconf 75' lang='lat' dir='ltr'><strong><em>esse</em></strong></span> <span class='ocrx_word' id='word_1_23' title='bbox 3088 429 3323 491; x_wconf 81' lang='lat' dir='ltr'><strong><em>salvalos</em></strong></span> <span class='ocrx_word' id='word_1_24' title='bbox 3363 429 3489 505; x_wconf 77' lang='lat' dir='ltr'><strong><em>[AL</em></strong></span> <span class='ocrx_word' id='word_1_25' title='bbox 3531 432 3863 508; x_wconf 78' lang='lat' dir='ltr'><strong><em>salvandos].</em></strong></span> 
     </span>
    </p>
   </div>
   <div class='ocr_carea' id='block_1_5' title="bbox 567 521 3868 599">
    <p class='ocr_par' dir='ltr' id='par_1_5' title="bbox 567 521 3868 599">
     <span class='ocr_line' id='line_1_5' title="bbox 567 521 3868 599; baseline 0 -16"><span class='ocrx_word' id='word_1_26' title='bbox 567 528 780 583; x_wconf 84' lang='lat' dir='ltr'><strong><em>siduum</em></strong></span> <span class='ocrx_word' id='word_1_27' title='bbox 813 524 1020 590; x_wconf 85' lang='lat' dir='ltr'><strong><em>Israel,</em></strong></span> <span class='ocrx_word' id='word_1_28' title='bbox 1066 536 1112 578; x_wconf 88' lang='lat' dir='ltr'><strong><em>et</em></strong></span> <span class='ocrx_word' id='word_1_29' title='bbox 1155 523 1211 577; x_wconf 81' lang='lat' dir='ltr'><strong><em>ltl</em></strong></span> <span class='ocrx_word' id='word_1_30' title='bbox 1240 528 1329 591; x_wconf 82' lang='lat' dir='ltr'><strong><em>qui</em></strong></span> <span class='ocrx_word' id='word_1_31' title='bbox 1357 523 1547 579; x_wconf 88' lang='lat' dir='ltr'><strong><em>salvati</em></strong></span> <span class='ocrx_word' id='word_1_32' title='bbox 1577 523 1772 594; x_wconf 84' lang='lat' dir='ltr'><strong><em>fuerint</em></strong></span> <span class='ocrx_word' id='word_1_33' title='bbox 1802 525 1865 581; x_wconf 86' lang='lat' dir='ltr'><strong><em>de</em></strong></span> <span class='ocrx_word' id='word_1_34' title='bbox 1893 525 2047 579; x_wconf 85' lang='lat' dir='ltr'><strong><em>domo</em></strong></span> <span class='ocrx_word' id='word_1_35' title='bbox 2085 521 2184 577; x_wconf 86' lang='lat' dir='ltr'><strong><em>Ja-</em></strong></span> <span class='ocrx_word' id='word_1_36' title='bbox 2286 522 2653 578; x_wconf 71' lang='lat' dir='ltr'><strong><em>Abbreriatns</em></strong></span> <span class='ocrx_word' id='word_1_37' title='bbox 2693 532 2872 580; x_wconf 88' lang='lat' dir='ltr'><strong><em>autem</em></strong></span> <span class='ocrx_word' id='word_1_38' title='bbox 2914 531 3079 593; x_wconf 88' lang='lat' dir='ltr'><strong><em>atque</em></strong></span> <span class='ocrx_word' id='word_1_39' title='bbox 3117 523 3390 599; x_wconf 82' lang='lat' dir='ltr'><strong><em>perfectus</em></strong></span> <span class='ocrx_word' id='word_1_40' title='bbox 3419 540 3601 583; x_wconf 89' lang='lat' dir='ltr'><strong><em>sermo</em></strong></span> <span class='ocrx_word' id='word_1_41' title='bbox 3633 528 3868 599; x_wconf 79' lang='lat' dir='ltr'><strong><em>Evange-</em></strong></span> 
     </span>
    </p>
   </div>
   <div class='ocr_carea' id='block_1_6' title="bbox 570 620 2174 697">
    <p class='ocr_par' dir='ltr' id='par_1_6' title="bbox 570 620 2174 697">
     <span class='ocr_line' id='line_1_6' title="bbox 570 620 2174 697; baseline 0 -20"><span class='ocrx_word' id='word_1_42' title='bbox 570 624 664 677; x_wconf 85' lang='lat' dir='ltr'><strong><em>cob</em></strong></span> <span class='ocrx_word' id='word_1_43' title='bbox 687 665 701 690; x_wconf 87' lang='lat'><strong><em>,</em></strong></span> <span class='ocrx_word' id='word_1_44' title='bbox 732 622 888 677; x_wconf 83' lang='lat' dir='ltr'><strong><em>inniti</em></strong></span> <span class='ocrx_word' id='word_1_45' title='bbox 917 637 1070 694; x_wconf 93' lang='lat' dir='ltr'><strong><em>super</em></strong></span> <span class='ocrx_word' id='word_1_46' title='bbox 1097 638 1156 675; x_wconf 90' lang='lat' dir='ltr'><strong><em>eo</em></strong></span> <span class='ocrx_word' id='word_1_47' title='bbox 1181 621 1271 693; x_wconf 89' lang='lat' dir='ltr'><strong><em>qui</em></strong></span> <span class='ocrx_word' id='word_1_48' title='bbox 1300 622 1525 695; x_wconf 88' lang='lat' dir='ltr'><strong><em>percutit</em></strong></span> <span class='ocrx_word' id='word_1_49' title='bbox 1554 620 1571 697; x_wconf 93' lang='lat'>(</span> <span class='ocrx_word' id='word_1_50' title='bbox 1596 620 1683 678; x_wconf 85' lang='lat' dir='ltr'><strong><em>Al.</em></strong></span> <span class='ocrx_word' id='word_1_51' title='bbox 1715 622 2022 694; x_wconf 79' lang='lat' dir='ltr'><strong><em>petentiet)</em></strong></span> <span class='ocrx_word' id='word_1_52' title='bbox 2055 638 2140 677; x_wconf 88' lang='lat' dir='ltr'><strong><em>eos</em></strong></span> <span class='ocrx_word' id='word_1_53' title='bbox 2159 665 2174 689; x_wconf 91' lang='lat'><strong><em>,</em></strong></span> 
     </span>
    </p>
   </div>
   <div class='ocr_carea' id='block_1_7' title="bbox 571 714 2181 787">
    <p class='ocr_par' dir='ltr' id='par_1_7' title="bbox 571 714 2181 787">
     <span class='ocr_line' id='line_1_7' title="bbox 571 714 2181 787; baseline 0.001 -18"><span class='ocrx_word' id='word_1_54' title='bbox 571 715 665 770; x_wconf 86' lang='lat' dir='ltr'><strong><em>sed</em></strong></span> <span class='ocrx_word' id='word_1_55' title='bbox 694 715 945 769; x_wconf 87' lang='lat' dir='ltr'><strong><em>innitetur</em></strong></span> <span class='ocrx_word' id='word_1_56' title='bbox 974 730 1130 787; x_wconf 89' lang='lat' dir='ltr'><strong><em>super</em></strong></span> <span class='ocrx_word' id='word_1_57' title='bbox 1162 714 1441 770; x_wconf 83' lang='lat' dir='ltr'><strong><em>Dominum</em></strong></span> <span class='ocrx_word' id='word_1_58' title='bbox 1478 731 1713 771; x_wconf 88' lang='lat' dir='ltr'><strong><em>sanctum</em></strong></span> <span class='ocrx_word' id='word_1_59' title='bbox 1754 714 1925 771; x_wconf 87' lang='lat' dir='ltr'><strong><em>Israel</em></strong></span> <span class='ocrx_word' id='word_1_60' title='bbox 1958 716 2009 770; x_wconf 90' lang='lat' dir='ltr'><strong><em>in</em></strong></span> <span class='ocrx_word' id='word_1_61' title='bbox 2049 718 2181 771; x_wconf 81' lang='lat' dir='ltr'><strong><em>veri-</em></strong></span> 
     </span>
    </p>
   </div>
   <div class='ocr_carea' id='block_1_8' title="bbox 570 807 2176 885">
    <p class='ocr_par' dir='ltr' id='par_1_8' title="bbox 570 807 2176 885">
     <span class='ocr_line' id='line_1_8' title="bbox 570 807 2176 885; baseline 0.002 -22"><span class='ocrx_word' id='word_1_62' title='bbox 570 817 696 865; x_wconf 85' lang='lat' dir='ltr'><strong><em>tate.</em></strong></span> <span class='ocrx_word' id='word_1_63' title='bbox 725 807 983 881; x_wconf 79' lang='lat' dir='ltr'><strong><em>Reliquia:</em></strong></span> <span class='ocrx_word' id='word_1_64' title='bbox 1011 818 1395 877; x_wconf 70' lang='lat' dir='ltr'><strong><em>convertentur,</em></strong></span> <span class='ocrx_word' id='word_1_65' title='bbox 1418 811 1674 884; x_wconf 61' lang='lat' dir='ltr'><strong><em>reliquiae,</em></strong></span> <span class='ocrx_word' id='word_1_66' title='bbox 1699 812 1934 885; x_wconf 85' lang='lat' dir='ltr'><strong><em>inquam,</em></strong></span> <span class='ocrx_word' id='word_1_67' title='bbox 1977 808 2139 867; x_wconf 85' lang='lat' dir='ltr'><strong><em>Jacob</em></strong></span> <span class='ocrx_word' id='word_1_68' title='bbox 2161 854 2176 881; x_wconf 91' lang='lat'><strong><em>,</em></strong></span> 
     </span>
    </p>
   </div>
   <div class='ocr_carea' id='block_1_9' title="bbox 567 900 2179 983">
    <p class='ocr_par' dir='ltr' id='par_1_9' title="bbox 567 900 2179 983">
     <span class='ocr_line' id='line_1_9' title="bbox 567 900 2179 983; baseline 0.001 -26"><span class='ocrx_word' id='word_1_69' title='bbox 567 900 637 957; x_wconf 84' lang='lat' dir='ltr'><strong><em>ad</em></strong></span> <span class='ocrx_word' id='word_1_70' title='bbox 670 900 952 956; x_wconf 88' lang='lat' dir='ltr'><strong><em>Dominum</em></strong></span> <span class='ocrx_word' id='word_1_71' title='bbox 989 906 1196 974; x_wconf 90' lang='lat' dir='ltr'><strong><em>fortem.</em></strong></span> <span class='ocrx_word' id='word_1_72' title='bbox 1234 902 1297 959; x_wconf 91' lang='lat' dir='ltr'><strong><em>Si</em></strong></span> <span class='ocrx_word' id='word_1_73' title='bbox 1328 903 1464 959; x_wconf 85' lang='lat' dir='ltr'><strong><em>enim</em></strong></span> <span class='ocrx_word' id='word_1_74' title='bbox 1508 904 1665 972; x_wconf 87' lang='lat' dir='ltr'><strong><em>fuerit</em></strong></span> <span class='ocrx_word' id='word_1_75' title='bbox 1694 905 1919 983; x_wconf 80' lang='lat' dir='ltr'><strong><em>pOpulus</em></strong></span> <span class='ocrx_word' id='word_1_76' title='bbox 1946 915 2063 960; x_wconf 88' lang='lat' dir='ltr'><strong><em>tuus</em></strong></span> <span class='ocrx_word' id='word_1_77' title='bbox 2094 902 2179 959; x_wconf 82' lang='lat' dir='ltr'><strong><em>Is-</em></strong></span> 
     </span>
    </p>
   </div>
   <div class='ocr_carea' id='block_1_10' title="bbox 566 995 2176 1066">
    <p class='ocr_par' dir='ltr' id='par_1_10' title="bbox 566 995 2176 1066">
     <span class='ocr_line' id='line_1_10' title="bbox 566 995 2176 1066; baseline 0.002 -18"><span class='ocrx_word' id='word_1_78' title='bbox 566 995 679 1050; x_wconf 77' lang='lat' dir='ltr'><strong><em>rael</em></strong></span> <span class='ocrx_word' id='word_1_79' title='bbox 708 996 855 1064; x_wconf 82' lang='lat' dir='ltr'><strong><em>quasi</em></strong></span> <span class='ocrx_word' id='word_1_80' title='bbox 883 1011 1046 1049; x_wconf 84' lang='lat' dir='ltr'><strong><em>arena</em></strong></span> <span class='ocrx_word' id='word_1_81' title='bbox 1089 996 1276 1061; x_wconf 88' lang='lat' dir='ltr'><strong><em>maris,</em></strong></span> <span class='ocrx_word' id='word_1_82' title='bbox 1322 997 1557 1066; x_wconf 71' lang='lat' dir='ltr'><strong><em>reliquiae</em></strong></span> <span class='ocrx_word' id='word_1_83' title='bbox 1594 1007 1953 1052; x_wconf 81' lang='lat' dir='ltr'><strong><em>convertentur</em></strong></span> <span class='ocrx_word' id='word_1_84' title='bbox 1990 1014 2056 1052; x_wconf 71' lang='lat' dir='ltr'><strong><em>ex</em></strong></span> <span class='ocrx_word' id='word_1_85' title='bbox 2097 1014 2176 1053; x_wconf 86' lang='lat' dir='ltr'><strong><em>eo.</em></strong></span> 
     </span>
    </p>
   </div>
   <div class='ocr_carea' id='block_1_11' title="bbox 565 1086 2180 1163">
    <p class='ocr_par' dir='ltr' id='par_1_11' title="bbox 565 1086 2180 1163">
     <span class='ocr_line' id='line_1_11' title="bbox 565 1086 2180 1163; baseline 0.002 -20"><span class='ocrx_word' id='word_1_86' title='bbox 565 1086 957 1143; x_wconf 88' lang='lat' dir='ltr'><strong><em>Consummatio</em></strong></span> <span class='ocrx_word' id='word_1_87' title='bbox 987 1088 1285 1145; x_wconf 89' lang='lat' dir='ltr'><strong><em>abbreviata</em></strong></span> <span class='ocrx_word' id='word_1_88' title='bbox 1314 1089 1590 1145; x_wconf 82' lang='lat' dir='ltr'><strong><em>inundabit</em></strong></span> <span class='ocrx_word' id='word_1_89' title='bbox 1608 1091 1894 1163; x_wconf 81' lang='lat' dir='ltr'><strong><em>justitiam.</em></strong></span> <span class='ocrx_word' id='word_1_90' title='bbox 1926 1087 2180 1147; x_wconf 87' lang='lat' dir='ltr'><strong><em>Consum-</em></strong></span> 
     </span>
    </p>
   </div>
   <div class='ocr_carea' id='block_1_12' title="bbox 563 1183 2178 1243">
    <p class='ocr_par' dir='ltr' id='par_1_12' title="bbox 563 1183 2178 1243">
     <span class='ocr_line' id='line_1_12' title="bbox 563 1183 2178 1243; baseline 0.003 -7"><span class='ocrx_word' id='word_1_91' title='bbox 563 1183 844 1237; x_wconf 86' lang='lat' dir='ltr'><strong><em>mationem</em></strong></span> <span class='ocrx_word' id='word_1_92' title='bbox 870 1184 1008 1238; x_wconf 87' lang='lat' dir='ltr'><strong><em>enim</em></strong></span> <span class='ocrx_word' id='word_1_93' title='bbox 1035 1193 1082 1237; x_wconf 91' lang='lat' dir='ltr'><strong><em>et</em></strong></span> <span class='ocrx_word' id='word_1_94' title='bbox 1111 1183 1545 1239; x_wconf 86' lang='lat' dir='ltr'><strong><em>abbreviationem</em></strong></span> <span class='ocrx_word' id='word_1_95' title='bbox 1576 1183 1827 1240; x_wconf 78' lang='lat' dir='ltr'><strong><em>Dominus</em></strong></span> <span class='ocrx_word' id='word_1_96' title='bbox 1860 1185 1998 1243; x_wconf 86' lang='lat' dir='ltr'><strong><em>Deus</em></strong></span> <span class='ocrx_word' id='word_1_97' title='bbox 2028 1202 2178 1241; x_wconf 74' lang='lat' dir='ltr'><strong><em>exer-</em></strong></span> 
     </span>
    </p>
   </div>
   <div class='ocr_carea' id='block_1_13' title="bbox 563 1274 2178 1346">
    <p class='ocr_par' dir='ltr' id='par_1_13' title="bbox 563 1274 2178 1346">
     <span class='ocr_line' id='line_1_13' title="bbox 563 1274 2178 1346; baseline 0.002 -18"><span class='ocrx_word' id='word_1_98' title='bbox 563 1274 757 1329; x_wconf 87' lang='lat' dir='ltr'><strong><em>cituum</em></strong></span> <span class='ocrx_word' id='word_1_99' title='bbox 786 1276 941 1346; x_wconf 81' lang='lat' dir='ltr'><strong><em>faciet</em></strong></span> <span class='ocrx_word' id='word_1_100' title='bbox 971 1276 1025 1330; x_wconf 91' lang='lat' dir='ltr'><strong><em>in</em></strong></span> <span class='ocrx_word' id='word_1_101' title='bbox 1059 1274 1229 1331; x_wconf 85' lang='lat' dir='ltr'><strong><em>medio</em></strong></span> <span class='ocrx_word' id='word_1_102' title='bbox 1255 1279 1421 1330; x_wconf 83' lang='lat' dir='ltr'><strong><em>omnis</em></strong></span> <span class='ocrx_word' id='word_1_103' title='bbox 1454 1286 1621 1332; x_wconf 78' lang='lat' dir='ltr'><strong><em>terrw.</em></strong></span> <span class='ocrx_word' id='word_1_104' title='bbox 1656 1276 1755 1333; x_wconf 88' lang='lat' dir='ltr'><strong><em>Ubi</em></strong></span> <span class='ocrx_word' id='word_1_105' title='bbox 1791 1277 1842 1332; x_wconf 87' lang='lat' dir='ltr'><strong><em>in</em></strong></span> <span class='ocrx_word' id='word_1_106' title='bbox 1874 1277 2067 1343; x_wconf 56' lang='lat' dir='ltr'><strong><em>Graeco</em></strong></span> <span class='ocrx_word' id='word_1_107' title='bbox 2097 1278 2178 1333; x_wconf 87' lang='lat' dir='ltr'><strong><em>di-</em></strong></span> 
     </span>
    </p>
   </div>
   <div class='ocr_carea' id='block_1_14' title="bbox 565 1368 2175 1445">
    <p class='ocr_par' dir='ltr' id='par_1_14' title="bbox 565 1368 2175 1445">
     <span class='ocr_line' id='line_1_14' title="bbox 565 1368 2175 1445; baseline 0.001 -20"><span class='ocrx_word' id='word_1_108' title='bbox 565 1368 713 1425; x_wconf 88' lang='lat' dir='ltr'><strong><em>citur</em></strong></span> <span class='ocrx_word' id='word_1_109' title='bbox 738 1385 752 1426; x_wconf 87' lang='lat'>:</span> <span class='ocrx_word' id='word_1_110' title='bbox 783 1368 1159 1427; x_wconf 82' lang='lat' dir='ltr'><strong><em>Convertentur</em></strong></span> <span class='ocrx_word' id='word_1_111' title='bbox 1188 1370 1423 1443; x_wconf 67' lang='lat' dir='ltr'><strong><em>reliquiae</em></strong></span> <span class='ocrx_word' id='word_1_112' title='bbox 1453 1369 1617 1426; x_wconf 81' lang='lat' dir='ltr'><strong><em>Iacob</em></strong></span> <span class='ocrx_word' id='word_1_113' title='bbox 1645 1371 1717 1426; x_wconf 82' lang='lat' dir='ltr'><strong><em>ad</em></strong></span> <span class='ocrx_word' id='word_1_114' title='bbox 1748 1369 1910 1426; x_wconf 81' lang='lat' dir='ltr'><strong><em>Deum</em></strong></span> <span class='ocrx_word' id='word_1_115' title='bbox 1952 1374 2138 1445; x_wconf 87' lang='lat' dir='ltr'><strong><em>fortem</em></strong></span> <span class='ocrx_word' id='word_1_116' title='bbox 2160 1413 2175 1438; x_wconf 89' lang='lat'><strong><em>,</em></strong></span> 
     </span>
    </p>
   </div>
   <div class='ocr_carea' id='block_1_15' title="bbox 564 1461 2179 1535">
    <p class='ocr_par' dir='ltr' id='par_1_15' title="bbox 564 1461 2179 1535">
     <span class='ocr_line' id='line_1_15' title="bbox 564 1461 2179 1535; baseline 0.003 -19"><span class='ocrx_word' id='word_1_117' title='bbox 564 1474 667 1532; x_wconf 84' lang='lat' dir='ltr'><strong><em>pro</em></strong></span> <span class='ocrx_word' id='word_1_118' title='bbox 701 1461 814 1517; x_wconf 87' lang='lat' dir='ltr'><strong><em>Deo</em></strong></span> <span class='ocrx_word' id='word_1_119' title='bbox 843 1461 1001 1529; x_wconf 82' lang='lat' dir='ltr'><strong><em>forti,</em></strong></span> <span class='ocrx_word' id='word_1_120' title='bbox 1038 1464 1093 1519; x_wconf 91' lang='lat' dir='ltr'><strong><em>in</em></strong></span> <span class='ocrx_word' id='word_1_121' title='bbox 1124 1463 1353 1519; x_wconf 70' lang='lat' dir='ltr'><strong><em>Hebrmo</em></strong></span> <span class='ocrx_word' id='word_1_122' title='bbox 1382 1464 1647 1535; x_wconf 79' lang='lat' dir='ltr'><strong><em>scriptum</em></strong></span> <span class='ocrx_word' id='word_1_123' title='bbox 1688 1463 1854 1521; x_wconf 85' lang='lat' dir='ltr'><strong><em>habet</em></strong></span> <span class='ocrx_word' id='word_1_124' title='bbox 1886 1481 1952 1521; x_wconf 80' lang='lat' dir='ltr'><strong><em>Et.</em></strong></span> <span class='ocrx_word' id='word_1_125' title='bbox 1989 1479 2179 1535; x_wconf 66' lang='lat' dir='ltr'><strong><em>cteros</em></strong></span> 
     </span>
    </p>
   </div>
   <div class='ocr_carea' id='block_1_16' title="bbox 564 1536 2177 1633">
    <p class='ocr_par' dir='ltr' id='par_1_16' title="bbox 564 1536 2177 1633">
     <span class='ocr_line' id='line_1_16' title="bbox 564 1536 2177 1633; baseline -0.002 -18"><span class='ocrx_word' id='word_1_126' title='bbox 564 1553 708 1628; x_wconf 60' lang='lat'><strong><em>(113:</em></strong></span> <span class='ocrx_word' id='word_1_127' title='bbox 730 1536 854 1624; x_wconf 58' lang='lat' dir='ltr'><strong><em>5N),</em></strong></span> <span class='ocrx_word' id='word_1_128' title='bbox 877 1554 986 1610; x_wconf 91' lang='lat' dir='ltr'><strong><em>duo</em></strong></span> <span class='ocrx_word' id='word_1_129' title='bbox 1016 1555 1239 1611; x_wconf 90' lang='lat' dir='ltr'><strong><em>nomina</em></strong></span> <span class='ocrx_word' id='word_1_130' title='bbox 1266 1554 1335 1615; x_wconf 88' lang='lat' dir='ltr'><strong><em>de</em></strong></span> <span class='ocrx_word' id='word_1_131' title='bbox 1360 1570 1459 1611; x_wconf 89' lang='lat' dir='ltr'><strong><em>sex</em></strong></span> <span class='ocrx_word' id='word_1_132' title='bbox 1489 1555 2035 1627; x_wconf 86' lang='lat' dir='ltr'><strong><em>ttominibus,qttibus</em></strong></span> <span class='ocrx_word' id='word_1_133' title='bbox 2054 1573 2177 1633; x_wconf 65' lang='lat' dir='ltr'><strong><em>ptr-</em></strong></span> 
     </span>
    </p>
   </div>
   <div class='ocr_carea' id='block_1_17' title="bbox 565 1645 2175 1725">
    <p class='ocr_par' dir='ltr' id='par_1_17' title="bbox 565 1645 2175 1725">
     <span class='ocr_line' id='line_1_17' title="bbox 565 1645 2175 1725; baseline 0.003 -26"><span class='ocrx_word' id='word_1_134' title='bbox 565 1645 753 1700; x_wconf 84' lang='lat' dir='ltr'><strong><em>vulnm</em></strong></span> <span class='ocrx_word' id='word_1_135' title='bbox 785 1661 1014 1715; x_wconf 82' lang='lat' dir='ltr'><strong><em>puerum</em></strong></span> <span class='ocrx_word' id='word_1_136' title='bbox 1041 1655 1097 1701; x_wconf 86' lang='lat' dir='ltr'><strong><em>et</em></strong></span> <span class='ocrx_word' id='word_1_137' title='bbox 1126 1646 1293 1703; x_wconf 77' lang='lat' dir='ltr'><strong><em>filium</em></strong></span> <span class='ocrx_word' id='word_1_138' title='bbox 1316 1690 1330 1714; x_wconf 91' lang='lat'><strong><em>,</em></strong></span> <span class='ocrx_word' id='word_1_139' title='bbox 1364 1648 1457 1725; x_wconf 87' lang='lat' dir='ltr'><strong><em>qui</em></strong></span> <span class='ocrx_word' id='word_1_140' title='bbox 1485 1649 1649 1703; x_wconf 86' lang='lat' dir='ltr'><strong><em>datus</em></strong></span> <span class='ocrx_word' id='word_1_141' title='bbox 1681 1659 1765 1705; x_wconf 86' lang='lat' dir='ltr'><strong><em>est</em></strong></span> <span class='ocrx_word' id='word_1_142' title='bbox 1794 1647 1980 1716; x_wconf 88' lang='lat' dir='ltr'><strong><em>nobis,</em></strong></span> <span class='ocrx_word' id='word_1_143' title='bbox 2012 1664 2175 1725; x_wconf 83' lang='lat' dir='ltr'><strong><em>supra</em></strong></span> 
     </span>
    </p>
   </div>
   <div class='ocr_carea' id='block_1_18' title="bbox 560 1735 2172 1819">
    <p class='ocr_par' dir='ltr' id='par_1_18' title="bbox 560 1735 2172 1819">
     <span class='ocr_line' id='line_1_18' title="bbox 560 1735 2172 1819; baseline 0.003 -27"><span class='ocrx_word' id='word_1_144' title='bbox 560 1735 799 1810; x_wconf 84' lang='lat' dir='ltr'><strong><em>legimus</em></strong></span> <span class='ocrx_word' id='word_1_145' title='bbox 837 1740 1195 1809; x_wconf 61' lang='lat' dir='ltr'><strong><em>appellatum.</em></strong></span> <span class='ocrx_word' id='word_1_146' title='bbox 1237 1741 1302 1795; x_wconf 83' lang='lat' dir='ltr'><strong><em>Et</em></strong></span> <span class='ocrx_word' id='word_1_147' title='bbox 1342 1757 1440 1813; x_wconf 91' lang='lat' dir='ltr'><strong><em>pro</em></strong></span> <span class='ocrx_word' id='word_1_148' title='bbox 1476 1756 1541 1796; x_wconf 86' lang='lat' dir='ltr'><strong><em>eo</em></strong></span> <span class='ocrx_word' id='word_1_149' title='bbox 1580 1741 1723 1813; x_wconf 91' lang='lat' dir='ltr'><strong><em>quod</em></strong></span> <span class='ocrx_word' id='word_1_150' title='bbox 1752 1743 2020 1819; x_wconf 88' lang='lat' dir='ltr'><strong><em>scriptum</em></strong></span> <span class='ocrx_word' id='word_1_151' title='bbox 2050 1752 2172 1798; x_wconf 55' lang='lat' dir='ltr'><strong><em>est:</em></strong></span> 
     </span>
    </p>
   </div>
   <div class='ocr_carea' id='block_1_19' title="bbox 561 1822 2253 1909">
    <p class='ocr_par' dir='ltr' id='par_1_19' title="bbox 561 1822 2253 1909">
     <span class='ocr_line' id='line_1_19' title="bbox 561 1822 2253 1909; baseline 0.002 -23"><span class='ocrx_word' id='word_1_152' title='bbox 561 1829 824 1903; x_wconf 73' lang='lat' dir='ltr'><strong><em>Reliquiae</em></strong></span> <span class='ocrx_word' id='word_1_153' title='bbox 849 1845 1231 1899; x_wconf 82' lang='lat' dir='ltr'><strong><em>convertentur,</em></strong></span> <span class='ocrx_word' id='word_1_154' title='bbox 1278 1850 1378 1909; x_wconf 91' lang='lat' dir='ltr'><strong><em>pro</em></strong></span> <span class='ocrx_word' id='word_1_155' title='bbox 1403 1850 1470 1891; x_wconf 85' lang='lat' dir='ltr'><strong><em>eo</em></strong></span> <span class='ocrx_word' id='word_1_156' title='bbox 1500 1835 1703 1890; x_wconf 81' lang='lat' dir='ltr'><strong><em>dicitur</em></strong></span> <span class='ocrx_word' id='word_1_157' title='bbox 1731 1839 1783 1891; x_wconf 91' lang='lat' dir='ltr'><strong><em>in</em></strong></span> <span class='ocrx_word' id='word_1_158' title='bbox 1817 1837 2046 1892; x_wconf 74' lang='lat' dir='ltr'><strong><em>llebram</em></strong></span> <span class='ocrx_word' id='word_1_159' title='bbox 2075 1852 2174 1899; x_wconf 86' lang='lat' dir='ltr'><strong><em>nn-</em></strong></span> <span class='ocrx_word' id='word_1_160' title='bbox 2202 1822 2253 1885; x_wconf 83' lang='grc' dir='ltr'><strong>Β</strong></span> 
     </span>
    </p>
   </div>
   <div class='ocr_carea' id='block_1_20' title="bbox 564 1927 2170 2001">
    <p class='ocr_par' dir='ltr' id='par_1_20' title="bbox 564 1927 2170 2001">
     <span class='ocr_line' id='line_1_20' title="bbox 564 1927 2170 2001; baseline 0.001 -20"><span class='ocrx_word' id='word_1_161' title='bbox 564 1940 720 1982; x_wconf 85' lang='lat' dir='ltr'><strong><em>mero</em></strong></span> <span class='ocrx_word' id='word_1_162' title='bbox 759 1927 1071 1995; x_wconf 79' lang='lat' dir='ltr'><strong><em>singulari,</em></strong></span> <span class='ocrx_word' id='word_1_163' title='bbox 1110 1927 1250 1999; x_wconf 82' lang='lat' dir='ltr'><strong><em>quod</em></strong></span> <span class='ocrx_word' id='word_1_164' title='bbox 1300 1929 1556 2001; x_wconf 86' lang='lat' dir='ltr'><strong><em>reliquum</em></strong></span> <span class='ocrx_word' id='word_1_165' title='bbox 1605 1939 1681 1985; x_wconf 85' lang='lat' dir='ltr'><strong><em>est</em></strong></span> <span class='ocrx_word' id='word_1_166' title='bbox 1730 1939 2070 1995; x_wconf 71' lang='lat' dir='ltr'><strong><em>convertatur,</em></strong></span> <span class='ocrx_word' id='word_1_167' title='bbox 2116 1928 2170 1985; x_wconf 86' lang='lat' dir='ltr'><strong><em>id</em></strong></span> 
     </span>
    </p>
   </div>
   <div class='ocr_carea' id='block_1_21' title="bbox 557 2020 2171 2101">
    <p class='ocr_par' dir='ltr' id='par_1_21' title="bbox 557 2020 2171 2101">
     <span class='ocr_line' id='line_1_21' title="bbox 557 2020 2171 2101; baseline 0.001 -26"><span class='ocrx_word' id='word_1_168' title='bbox 557 2028 665 2086; x_wconf 88' lang='lat' dir='ltr'><strong><em>est,</em></strong></span> <span class='ocrx_word' id='word_1_169' title='bbox 691 2020 751 2077; x_wconf 77' lang='grc' dir='ltr'><strong><em>τὸ</em></strong></span> <span class='ocrx_word' id='word_1_170' title='bbox 778 2021 1074 2095; x_wconf 75' lang='grc' dir='ltr'><strong><em>ὑπόλειμμα</em></strong></span> <span class='ocrx_word' id='word_1_171' title='bbox 1095 2020 1417 2101; x_wconf 70' lang='grc' dir='ltr'><strong><em>ἐπιστρέψει,</em></strong></span> <span class='ocrx_word' id='word_1_172' title='bbox 1440 2022 1492 2077; x_wconf 86' lang='lat' dir='ltr'><strong><em>iit</em></strong></span> <span class='ocrx_word' id='word_1_173' title='bbox 1521 2021 1755 2079; x_wconf 62' lang='lat' dir='ltr'><strong><em>Hebraeo</em></strong></span> <span class='ocrx_word' id='word_1_174' title='bbox 1782 2023 2041 2079; x_wconf 88' lang='lat' dir='ltr'><strong><em>scribitur</em></strong></span> <span class='ocrx_word' id='word_1_175' title='bbox 2070 2039 2171 2081; x_wconf 62' lang='lat' dir='ltr'><strong><em>sun</em></strong></span> 
     </span>
    </p>
   </div>
   <div class='ocr_carea' id='block_1_22' title="bbox 551 2114 2169 2191">
    <p class='ocr_par' dir='ltr' id='par_1_22' title="bbox 551 2114 2169 2191">
     <span class='ocr_line' id='line_1_22' title="bbox 551 2114 2169 2191; baseline 0.001 -22"><span class='ocrx_word' id='word_1_176' title='bbox 551 2126 711 2169; x_wconf 66' lang='lat' dir='ltr'><strong><em>usus</em></strong></span> <span class='ocrx_word' id='word_1_177' title='bbox 735 2114 891 2183; x_wconf 59' lang='grc' dir='ltr'><strong><em>(πων</em></strong></span> <span class='ocrx_word' id='word_1_178' title='bbox 918 2116 1093 2186; x_wconf 67' lang='grc' dir='ltr'><strong><em>Ἶκτυ).</em></strong></span> <span class='ocrx_word' id='word_1_179' title='bbox 1123 2114 1191 2168; x_wconf 81' lang='lat' dir='ltr'><strong><em>Et</em></strong></span> <span class='ocrx_word' id='word_1_180' title='bbox 1218 2130 1289 2169; x_wconf 86' lang='lat' dir='ltr'><strong><em>ex</em></strong></span> <span class='ocrx_word' id='word_1_181' title='bbox 1318 2114 1419 2170; x_wconf 88' lang='lat' dir='ltr'><strong><em>hac</em></strong></span> <span class='ocrx_word' id='word_1_182' title='bbox 1442 2115 1735 2171; x_wconf 82' lang='lat' dir='ltr'><strong><em>occasione</em></strong></span> <span class='ocrx_word' id='word_1_183' title='bbox 1759 2115 2032 2171; x_wconf 90' lang='lat' dir='ltr'><strong><em>sermonis</em></strong></span> <span class='ocrx_word' id='word_1_184' title='bbox 2071 2132 2169 2191; x_wconf 85' lang='lat' dir='ltr'><strong><em>pu-</em></strong></span> 
     </span>
    </p>
   </div>
   <div class='ocr_carea' id='block_1_23' title="bbox 558 2205 2169 2279">
    <p class='ocr_par' dir='ltr' id='par_1_23' title="bbox 558 2205 2169 2279">
     <span class='ocr_line' id='line_1_23' title="bbox 558 2205 2169 2279; baseline 0.001 -17"><span class='ocrx_word' id='word_1_185' title='bbox 558 2213 678 2263; x_wconf 82' lang='lat' dir='ltr'><strong><em>tant</em></strong></span> <span class='ocrx_word' id='word_1_186' title='bbox 709 2205 875 2262; x_wconf 76' lang='lat' dir='ltr'><strong><em>Iasub</em></strong></span> <span class='ocrx_word' id='word_1_187' title='bbox 911 2208 1081 2262; x_wconf 88' lang='lat' dir='ltr'><strong><em>lilium</em></strong></span> <span class='ocrx_word' id='word_1_188' title='bbox 1119 2206 1275 2263; x_wconf 70' lang='lat' dir='ltr'><strong><em>Isaia:</em></strong></span> <span class='ocrx_word' id='word_1_189' title='bbox 1304 2209 1354 2262; x_wconf 89' lang='lat' dir='ltr'><strong><em>in</em></strong></span> <span class='ocrx_word' id='word_1_190' title='bbox 1388 2210 1601 2279; x_wconf 82' lang='lat' dir='ltr'><strong><em>signum</em></strong></span> <span class='ocrx_word' id='word_1_191' title='bbox 1628 2207 1873 2264; x_wconf 88' lang='lat' dir='ltr'><strong><em>salvaudi</em></strong></span> <span class='ocrx_word' id='word_1_192' title='bbox 1904 2225 1971 2264; x_wconf 78' lang='lat' dir='ltr'><strong><em>ex</em></strong></span> <span class='ocrx_word' id='word_1_193' title='bbox 1999 2207 2169 2264; x_wconf 76' lang='lat' dir='ltr'><strong><em>Israel</em></strong></span> 
     </span>
    </p>
   </div>
   <div class='ocr_carea' id='block_1_24' title="bbox 560 2300 2170 2372">
    <p class='ocr_par' dir='ltr' id='par_1_24' title="bbox 560 2300 2170 2372">
     <span class='ocr_line' id='line_1_24' title="bbox 560 2300 2170 2372; baseline 0.001 -17"><span class='ocrx_word' id='word_1_194' title='bbox 560 2302 780 2371; x_wconf 77' lang='lat' dir='ltr'><strong><em>pepuli,</em></strong></span> <span class='ocrx_word' id='word_1_195' title='bbox 814 2302 1186 2369; x_wconf 64' lang='lat' dir='ltr'><strong><em>praecessisse.</em></strong></span> <span class='ocrx_word' id='word_1_196' title='bbox 1235 2300 1467 2369; x_wconf 85' lang='lat' dir='ltr'><strong><em>Quando</em></strong></span> <span class='ocrx_word' id='word_1_197' title='bbox 1500 2317 1631 2372; x_wconf 87' lang='lat' dir='ltr'><strong><em>ergo</em></strong></span> <span class='ocrx_word' id='word_1_198' title='bbox 1658 2303 1841 2358; x_wconf 89' lang='lat' dir='ltr'><strong><em>lumen</em></strong></span> <span class='ocrx_word' id='word_1_199' title='bbox 1881 2301 2085 2371; x_wconf 57' lang='lat' dir='ltr'><strong><em>Israel,</em></strong></span> <span class='ocrx_word' id='word_1_200' title='bbox 2113 2309 2170 2357; x_wconf 87' lang='lat' dir='ltr'><strong><em>ct</em></strong></span> 
     </span>
    </p>
   </div>
   <div class='ocr_carea' id='block_1_25' title="bbox 555 2392 2169 2466">
    <p class='ocr_par' dir='ltr' id='par_1_25' title="bbox 555 2392 2169 2466">
     <span class='ocr_line' id='line_1_25' title="bbox 555 2392 2169 2466; baseline 0.002 -18"><span class='ocrx_word' id='word_1_201' title='bbox 555 2402 782 2449; x_wconf 89' lang='lat' dir='ltr'><strong><em>sanctus</em></strong></span> <span class='ocrx_word' id='word_1_202' title='bbox 812 2393 1044 2448; x_wconf 84' lang='lat' dir='ltr'><strong><em>Carmeli</em></strong></span> <span class='ocrx_word' id='word_1_203' title='bbox 1075 2392 1249 2449; x_wconf 80' lang='lat' dir='ltr'><strong><em>saltus</em></strong></span> <span class='ocrx_word' id='word_1_204' title='bbox 1283 2409 1585 2466; x_wconf 75' lang='lat' dir='ltr'><strong><em>vepresque</em></strong></span> <span class='ocrx_word' id='word_1_205' title='bbox 1631 2395 2064 2465; x_wconf 72' lang='lat' dir='ltr'><strong><em>consumpserit,</em></strong></span> <span class='ocrx_word' id='word_1_206' title='bbox 2112 2405 2169 2451; x_wconf 86' lang='lat' dir='ltr'><strong><em>et</em></strong></span> 
     </span>
    </p>
   </div>
   <div class='ocr_carea' id='block_1_26' title="bbox 553 2486 2165 2560">
    <p class='ocr_par' dir='ltr' id='par_1_26' title="bbox 553 2486 2165 2560">
     <span class='ocr_line' id='line_1_26' title="bbox 553 2486 2165 2560; baseline -0.001 -17"><span class='ocrx_word' id='word_1_207' title='bbox 553 2502 650 2543; x_wconf 90' lang='lat' dir='ltr'><strong><em>rex</em></strong></span> <span class='ocrx_word' id='word_1_208' title='bbox 674 2487 938 2559; x_wconf 82' lang='lat' dir='ltr'><strong><em>Assyrius</em></strong></span> <span class='ocrx_word' id='word_1_209' title='bbox 961 2503 1085 2543; x_wconf 90' lang='lat' dir='ltr'><strong><em>cum</em></strong></span> <span class='ocrx_word' id='word_1_210' title='bbox 1110 2487 1299 2560; x_wconf 87' lang='lat' dir='ltr'><strong><em>paucis</em></strong></span> <span class='ocrx_word' id='word_1_211' title='bbox 1326 2486 1528 2558; x_wconf 82' lang='lat' dir='ltr'><strong><em>fugerit</em></strong></span> <span class='ocrx_word' id='word_1_212' title='bbox 1553 2505 1567 2543; x_wconf 90' lang='lat'><strong>:</strong></span> <span class='ocrx_word' id='word_1_213' title='bbox 1592 2496 1719 2543; x_wconf 90' lang='lat' dir='ltr'><strong><em>tunc</em></strong></span> <span class='ocrx_word' id='word_1_214' title='bbox 1742 2487 1942 2543; x_wconf 86' lang='lat' dir='ltr'><strong><em>residui</em></strong></span> <span class='ocrx_word' id='word_1_215' title='bbox 1972 2486 2165 2555; x_wconf 79' lang='lat' dir='ltr'><strong><em>Israel,</em></strong></span> 
     </span>
    </p>
   </div>
   <div class='ocr_carea' id='block_1_27' title="bbox 546 2577 2169 2650">
    <p class='ocr_par' dir='ltr' id='par_1_27' title="bbox 546 2577 2169 2650">
     <span class='ocr_line' id='line_1_27' title="bbox 546 2577 2169 2650; baseline 0.001 -19"><span class='ocrx_word' id='word_1_216' title='bbox 546 2580 639 2649; x_wconf 85' lang='lat' dir='ltr'><strong><em>qui</em></strong></span> <span class='ocrx_word' id='word_1_217' title='bbox 667 2594 792 2637; x_wconf 87' lang='lat' dir='ltr'><strong><em>cum</em></strong></span> <span class='ocrx_word' id='word_1_218' title='bbox 824 2579 1054 2636; x_wconf 80' lang='lat' dir='ltr'><strong><em>Ezecbia</em></strong></span> <span class='ocrx_word' id='word_1_219' title='bbox 1086 2579 1335 2650; x_wconf 80' lang='lat' dir='ltr'><strong><em>principe</em></strong></span> <span class='ocrx_word' id='word_1_220' title='bbox 1384 2581 1561 2650; x_wconf 82' lang='lat' dir='ltr'><strong><em>captis</em></strong></span> <span class='ocrx_word' id='word_1_221' title='bbox 1602 2580 1819 2639; x_wconf 69' lang='lat' dir='ltr'><strong><em>cmteris</em></strong></span> <span class='ocrx_word' id='word_1_222' title='bbox 1840 2577 2044 2635; x_wconf 69' lang='lat' dir='ltr'><strong><em>.lttdtcte</em></strong></span> <span class='ocrx_word' id='word_1_223' title='bbox 2075 2595 2169 2634; x_wconf 81' lang='lat' dir='ltr'><strong><em>ur—</em></strong></span> 
     </span>
    </p>
   </div>
   <div class='ocr_carea' id='block_1_28' title="bbox 551 2671 2164 2747">
    <p class='ocr_par' dir='ltr' id='par_1_28' title="bbox 551 2671 2164 2747">
     <span class='ocr_line' id='line_1_28' title="bbox 551 2671 2164 2747; baseline 0.002 -20"><span class='ocrx_word' id='word_1_224' title='bbox 551 2672 713 2729; x_wconf 83' lang='lat' dir='ltr'><strong><em>bibus</em></strong></span> <span class='ocrx_word' id='word_1_225' title='bbox 745 2671 905 2746; x_wconf 55' lang='lat'><strong><em>149</em></strong></span> <span class='ocrx_word' id='word_1_226' title='bbox 929 2672 1328 2728; x_wconf 87' lang='lat' dir='ltr'><strong><em>obsidebantur</em></strong></span> <span class='ocrx_word' id='word_1_227' title='bbox 1359 2672 1411 2727; x_wconf 90' lang='lat' dir='ltr'><strong><em>in</em></strong></span> <span class='ocrx_word' id='word_1_228' title='bbox 1439 2672 1744 2730; x_wconf 81' lang='lat' dir='ltr'><strong><em>Jerusalem</em></strong></span> <span class='ocrx_word' id='word_1_229' title='bbox 1770 2716 1784 2741; x_wconf 95' lang='lat'><strong><em>,</em></strong></span> <span class='ocrx_word' id='word_1_230' title='bbox 1821 2689 2164 2747; x_wconf 83' lang='lat' dir='ltr'><strong><em>nequaquam</em></strong></span> 
     </span>
    </p>
   </div>
   <div class='ocr_carea' id='block_1_29' title="bbox 551 2762 2165 2836">
    <p class='ocr_par' dir='ltr' id='par_1_29' title="bbox 551 2762 2165 2836">
     <span class='ocr_line' id='line_1_29' title="bbox 551 2762 2165 2836; baseline 0.001 -19"><span class='ocrx_word' id='word_1_231' title='bbox 551 2762 834 2818; x_wconf 77' lang='lat' dir='ltr'><strong><em>confident</em></strong></span> <span class='ocrx_word' id='word_1_232' title='bbox 874 2766 928 2819; x_wconf 90' lang='lat' dir='ltr'><strong><em>in</em></strong></span> <span class='ocrx_word' id='word_1_233' title='bbox 958 2763 1226 2836; x_wconf 72' lang='lat' dir='ltr'><strong><em>Assyrio:</em></strong></span> <span class='ocrx_word' id='word_1_234' title='bbox 1270 2767 1413 2820; x_wconf 88' lang='lat' dir='ltr'><strong><em>sicut</em></strong></span> <span class='ocrx_word' id='word_1_235' title='bbox 1443 2780 1587 2823; x_wconf 86' lang='lat' dir='ltr'><strong><em>nunc</em></strong></span> <span class='ocrx_word' id='word_1_236' title='bbox 1617 2765 1823 2821; x_wconf 67' lang='lat' dir='ltr'><strong><em>faciunt</em></strong></span> <span class='ocrx_word' id='word_1_237' title='bbox 1849 2766 1952 2820; x_wconf 88' lang='lat' dir='ltr'><strong><em>sub</em></strong></span> <span class='ocrx_word' id='word_1_238' title='bbox 1980 2764 2165 2831; x_wconf 78' lang='lat' dir='ltr'><strong><em>Acltaz</em></strong></span> 
     </span>
    </p>
   </div>
   <div class='ocr_carea' id='block_1_30' title="bbox 558 2858 2163 2933">
    <p class='ocr_par' dir='ltr' id='par_1_30' title="bbox 558 2858 2163 2933">
     <span class='ocr_line' id='line_1_30' title="bbox 558 2858 2163 2933; baseline 0.001 -20"><span class='ocrx_word' id='word_1_239' title='bbox 558 2873 720 2929; x_wconf 87' lang='lat' dir='ltr'><strong><em>rege,</em></strong></span> <span class='ocrx_word' id='word_1_240' title='bbox 759 2859 851 2928; x_wconf 89' lang='lat' dir='ltr'><strong><em>qui</em></strong></span> <span class='ocrx_word' id='word_1_241' title='bbox 890 2859 1039 2915; x_wconf 84' lang='lat' dir='ltr'><strong><em>misit</em></strong></span> <span class='ocrx_word' id='word_1_242' title='bbox 1080 2859 1303 2915; x_wconf 88' lang='lat' dir='ltr'><strong><em>nuntios</em></strong></span> <span class='ocrx_word' id='word_1_243' title='bbox 1338 2858 1407 2915; x_wconf 88' lang='lat' dir='ltr'><strong><em>ad</em></strong></span> <span class='ocrx_word' id='word_1_244' title='bbox 1448 2875 1634 2933; x_wconf 80' lang='lat' dir='ltr'><strong><em>regem</em></strong></span> <span class='ocrx_word' id='word_1_245' title='bbox 1679 2860 2034 2933; x_wconf 82' lang='lat' dir='ltr'><strong><em>Assyriorum</em></strong></span> <span class='ocrx_word' id='word_1_246' title='bbox 2076 2860 2163 2914; x_wconf 86' lang='lat' dir='ltr'><strong><em>di-</em></strong></span> 
     </span>
    </p>
   </div>
   <div class='ocr_carea' id='block_1_31' title="bbox 557 2953 2166 3027">
    <p class='ocr_par' dir='ltr' id='par_1_31' title="bbox 557 2953 2166 3027">
     <span class='ocr_line' id='line_1_31' title="bbox 557 2953 2166 3027; baseline 0.001 -18"><span class='ocrx_word' id='word_1_247' title='bbox 557 2967 691 3009; x_wconf 86' lang='lat' dir='ltr'><strong><em>cens</em></strong></span> <span class='ocrx_word' id='word_1_248' title='bbox 718 2969 731 3005; x_wconf 74' lang='grc' dir='ltr'><strong><em>ε</em></strong></span> <span class='ocrx_word' id='word_1_249' title='bbox 762 2953 959 3008; x_wconf 83' lang='lat' dir='ltr'><strong><em>Servus</em></strong></span> <span class='ocrx_word' id='word_1_250' title='bbox 992 2964 1108 3008; x_wconf 86' lang='lat' dir='ltr'><strong><em>tuus</em></strong></span> <span class='ocrx_word' id='word_1_251' title='bbox 1138 2971 1232 3027; x_wconf 88' lang='lat' dir='ltr'><strong><em>ego</em></strong></span> <span class='ocrx_word' id='word_1_252' title='bbox 1254 2972 1406 3021; x_wconf 90' lang='lat' dir='ltr'><strong><em>sum,</em></strong></span> <span class='ocrx_word' id='word_1_253' title='bbox 1442 2954 1666 3011; x_wconf 83' lang='lat' dir='ltr'><strong><em>ascende</em></strong></span> <span class='ocrx_word' id='word_1_254' title='bbox 1706 2966 1752 3010; x_wconf 91' lang='lat' dir='ltr'><strong><em>et</em></strong></span> <span class='ocrx_word' id='word_1_255' title='bbox 1791 2955 1953 3010; x_wconf 90' lang='lat' dir='ltr'><strong><em>libera</em></strong></span> <span class='ocrx_word' id='word_1_256' title='bbox 1982 2971 2063 3015; x_wconf 86' lang='lat' dir='ltr'><strong><em>me</em></strong></span> <span class='ocrx_word' id='word_1_257' title='bbox 2103 2956 2166 3017; x_wconf 75' lang='lat' dir='ltr'><strong><em>de</em></strong></span> 
     </span>
    </p>
   </div>
   <div class='ocr_carea' id='block_1_32' title="bbox 554 3045 2165 3125">
    <p class='ocr_par' dir='ltr' id='par_1_32' title="bbox 554 3045 2165 3125">
     <span class='ocr_line' id='line_1_32' title="bbox 554 3045 2165 3125; baseline 0.001 -25"><span class='ocrx_word' id='word_1_258' title='bbox 554 3062 714 3101; x_wconf 88' lang='lat' dir='ltr'><strong><em>manu</em></strong></span> <span class='ocrx_word' id='word_1_259' title='bbox 737 3046 873 3119; x_wconf 89' lang='lat' dir='ltr'><strong><em>regis</em></strong></span> <span class='ocrx_word' id='word_1_260' title='bbox 904 3045 1107 3119; x_wconf 69' lang='lat' dir='ltr'><strong><em>Syrica,</em></strong></span> <span class='ocrx_word' id='word_1_261' title='bbox 1138 3055 1184 3101; x_wconf 87' lang='lat' dir='ltr'><strong><em>et</em></strong></span> <span class='ocrx_word' id='word_1_262' title='bbox 1215 3047 1279 3101; x_wconf 85' lang='lat' dir='ltr'><strong><em>de</em></strong></span> <span class='ocrx_word' id='word_1_263' title='bbox 1306 3062 1468 3101; x_wconf 88' lang='lat' dir='ltr'><strong><em>manu</em></strong></span> <span class='ocrx_word' id='word_1_264' title='bbox 1497 3048 1634 3120; x_wconf 84' lang='lat' dir='ltr'><strong><em>regis</em></strong></span> <span class='ocrx_word' id='word_1_265' title='bbox 1679 3045 1883 3115; x_wconf 88' lang='lat' dir='ltr'><strong><em>Israel,</em></strong></span> <span class='ocrx_word' id='word_1_266' title='bbox 1915 3049 2001 3125; x_wconf 89' lang='lat' dir='ltr'><strong><em>qui</em></strong></span> <span class='ocrx_word' id='word_1_267' title='bbox 2043 3063 2165 3101; x_wconf 86' lang='lat' dir='ltr'><strong><em>con-</em></strong></span> 
     </span>
    </p>
   </div>
   <div class='ocr_carea' id='block_1_33' title="bbox 553 3138 2165 3214">
    <p class='ocr_par' dir='ltr' id='par_1_33' title="bbox 553 3138 2165 3214">
     <span class='ocr_line' id='line_1_33' title="bbox 553 3138 2165 3214; baseline 0.001 -21"><span class='ocrx_word' id='word_1_268' title='bbox 553 3147 889 3194; x_wconf 74' lang='lat' dir='ltr'><strong><em>surrexerunt</em></strong></span> <span class='ocrx_word' id='word_1_269' title='bbox 931 3138 1205 3194; x_wconf 76' lang='lat' dir='ltr'><strong><em>atlversum</em></strong></span> <span class='ocrx_word' id='word_1_270' title='bbox 1242 3155 1323 3196; x_wconf 88' lang='lat' dir='ltr'><strong><em>me</em></strong></span> <span class='ocrx_word' id='word_1_271' title='bbox 1351 3139 1454 3214; x_wconf 84' lang='lat' dir='ltr'><strong><em>(IV</em></strong></span> <span class='ocrx_word' id='word_1_272' title='bbox 1480 3138 1613 3212; x_wconf 83' lang='lat' dir='ltr'><strong><em>Reg.</em></strong></span> <span class='ocrx_word' id='word_1_273' title='bbox 1640 3155 1731 3195; x_wconf 74' lang='lat' dir='ltr'><strong><em>xvn</em></strong></span> <span class='ocrx_word' id='word_1_274' title='bbox 1756 3183 1770 3207; x_wconf 92' lang='lat'><strong><em>,</em></strong></span> <span class='ocrx_word' id='word_1_275' title='bbox 1806 3138 1876 3212; x_wconf 85' lang='lat'><strong><em>7)</em></strong></span> <span class='ocrx_word' id='word_1_276' title='bbox 1902 3157 1915 3194; x_wconf 88' lang='lat'><strong>:</strong></span> <span class='ocrx_word' id='word_1_277' title='bbox 1947 3140 2165 3211; x_wconf 83' lang='lat' dir='ltr'><strong><em>quando</em></strong></span> 
     </span>
    </p>
   </div>
   <div class='ocr_carea' id='block_1_34' title="bbox 2285 615 3868 690">
    <p class='ocr_par' dir='ltr' id='par_1_34' title="bbox 2285 615 3868 690">
     <span class='ocr_line' id='line_1_34' title="bbox 2285 615 3868 690; baseline 0.004 -19"><span class='ocrx_word' id='word_1_278' title='bbox 2285 615 2422 671; x_wconf 88' lang='lat' dir='ltr'><strong><em>licus</em></strong></span> <span class='ocrx_word' id='word_1_279' title='bbox 2460 624 2575 682; x_wconf 87' lang='lat' dir='ltr'><strong><em>est,</em></strong></span> <span class='ocrx_word' id='word_1_280' title='bbox 2617 618 2709 687; x_wconf 88' lang='lat' dir='ltr'><strong><em>qui</em></strong></span> <span class='ocrx_word' id='word_1_281' title='bbox 2753 631 2849 687; x_wconf 87' lang='lat' dir='ltr'><strong><em>pro</em></strong></span> <span class='ocrx_word' id='word_1_282' title='bbox 2877 616 3084 677; x_wconf 82' lang='lat' dir='ltr'><strong><em>cunctis</em></strong></span> <span class='ocrx_word' id='word_1_283' title='bbox 3115 616 3394 678; x_wconf 80' lang='lat' dir='ltr'><strong><em>laciniosa:</em></strong></span> <span class='ocrx_word' id='word_1_284' title='bbox 3422 619 3579 690; x_wconf 73' lang='lat' dir='ltr'><strong><em>Legis</em></strong></span> <span class='ocrx_word' id='word_1_285' title='bbox 3615 634 3868 678; x_wconf 72' lang='lat' dir='ltr'><strong><em>caeremo-</em></strong></span> 
     </span>
    </p>
   </div>
   <div class='ocr_carea' id='block_1_35' title="bbox 2285 711 3872 784">
    <p class='ocr_par' dir='ltr' id='par_1_35' title="bbox 2285 711 3872 784">
     <span class='ocr_line' id='line_1_35' title="bbox 2285 711 3872 784; baseline 0.003 -18"><span class='ocrx_word' id='word_1_286' title='bbox 2285 711 2388 767; x_wconf 92' lang='lat' dir='ltr'><strong><em>niis</em></strong></span> <span class='ocrx_word' id='word_1_287' title='bbox 2416 754 2430 779; x_wconf 90' lang='lat'><strong><em>,</em></strong></span> <span class='ocrx_word' id='word_1_288' title='bbox 2472 711 2624 769; x_wconf 91' lang='lat' dir='ltr'><strong><em>dedit</em></strong></span> <span class='ocrx_word' id='word_1_289' title='bbox 2664 722 2999 784; x_wconf 63' lang='lat' dir='ltr'><strong><em>Praeceptum</em></strong></span> <span class='ocrx_word' id='word_1_290' title='bbox 3040 713 3422 775; x_wconf 81' lang='lat' dir='ltr'><strong><em>brevissimum</em></strong></span> <span class='ocrx_word' id='word_1_291' title='bbox 3476 714 3791 775; x_wconf 82' lang='lat' dir='ltr'><strong><em>dilectionis</em></strong></span> <span class='ocrx_word' id='word_1_292' title='bbox 3824 726 3872 772; x_wconf 87' lang='lat' dir='ltr'><strong><em>et</em></strong></span> 
     </span>
    </p>
   </div>
   <div class='ocr_carea' id='block_1_36' title="bbox 2286 806 3871 879">
    <p class='ocr_par' dir='ltr' id='par_1_36' title="bbox 2286 806 3871 879">
     <span class='ocr_line' id='line_1_36' title="bbox 2286 806 3871 879; baseline 0.004 -19"><span class='ocrx_word' id='word_1_293' title='bbox 2286 807 2408 862; x_wconf 87' lang='lat' dir='ltr'><strong><em>lidei</em></strong></span> <span class='ocrx_word' id='word_1_294' title='bbox 2431 850 2444 873; x_wconf 91' lang='lat'><strong><em>,</em></strong></span> <span class='ocrx_word' id='word_1_295' title='bbox 2480 816 2538 863; x_wconf 87' lang='lat' dir='ltr'><strong><em>ttt</em></strong></span> <span class='ocrx_word' id='word_1_296' title='bbox 2569 807 2714 879; x_wconf 86' lang='lat' dir='ltr'><strong><em>quod</em></strong></span> <span class='ocrx_word' id='word_1_297' title='bbox 2749 806 2906 865; x_wconf 84' lang='lat' dir='ltr'><strong><em>nobis</em></strong></span> <span class='ocrx_word' id='word_1_298' title='bbox 2932 807 3051 872; x_wconf 73' lang='lat' dir='ltr'><strong><em>ﬁeri</em></strong></span> <span class='ocrx_word' id='word_1_299' title='bbox 3084 807 3457 877; x_wconf 77' lang='lat' dir='ltr'><strong><em>uoluerimus,</em></strong></span> <span class='ocrx_word' id='word_1_300' title='bbox 3494 824 3563 873; x_wconf 84' lang='lat' dir='ltr'><strong><em>ne</em></strong></span> <span class='ocrx_word' id='word_1_301' title='bbox 3589 809 3871 871; x_wconf 81' lang='lat' dir='ltr'><strong><em>fecerimus</em></strong></span> 
     </span>
    </p>
   </div>
   <div class='ocr_carea' id='block_1_37' title="bbox 2282 898 3866 975">
    <p class='ocr_par' dir='ltr' id='par_1_37' title="bbox 2282 898 3866 975">
     <span class='ocr_line' id='line_1_37' title="bbox 2282 898 3866 975; baseline 0.002 -20"><span class='ocrx_word' id='word_1_302' title='bbox 2282 899 2461 957; x_wconf 78' lang='lat' dir='ltr'><strong><em>alteri.</em></strong></span> <span class='ocrx_word' id='word_1_303' title='bbox 2487 898 2642 957; x_wconf 83' lang='lat' dir='ltr'><strong><em>Unde</em></strong></span> <span class='ocrx_word' id='word_1_304' title='bbox 2667 910 2719 957; x_wconf 91' lang='lat' dir='ltr'><strong><em>et</em></strong></span> <span class='ocrx_word' id='word_1_305' title='bbox 2745 899 3006 959; x_wconf 87' lang='lat' dir='ltr'><strong><em>Dominus</em></strong></span> <span class='ocrx_word' id='word_1_306' title='bbox 3030 899 3084 967; x_wconf 80' lang='lat' dir='ltr'><strong><em>iu</em></strong></span> <span class='ocrx_word' id='word_1_307' title='bbox 3108 900 3435 972; x_wconf 71' lang='lat' dir='ltr'><strong><em>Evangelii):</em></strong></span> <span class='ocrx_word' id='word_1_308' title='bbox 3461 899 3528 961; x_wconf 83' lang='lat' dir='ltr'><strong><em>In</em></strong></span> <span class='ocrx_word' id='word_1_309' title='bbox 3549 901 3658 969; x_wconf 62' lang='lat' dir='ltr'><strong><em>liis,</em></strong></span> <span class='ocrx_word' id='word_1_310' title='bbox 3686 903 3866 975; x_wconf 78' lang='lat' dir='ltr'><strong><em>inquit,</em></strong></span> 
     </span>
    </p>
   </div>
   <div class='ocr_carea' id='block_1_38' title="bbox 2281 996 3869 1071">
    <p class='ocr_par' dir='ltr' id='par_1_38' title="bbox 2281 996 3869 1071">
     <span class='ocr_line' id='line_1_38' title="bbox 2281 996 3869 1071; baseline -0.001 -16"><span class='ocrx_word' id='word_1_311' title='bbox 2281 997 2483 1061; x_wconf 84' lang='lat' dir='ltr'><strong><em>duobus</em></strong></span> <span class='ocrx_word' id='word_1_312' title='bbox 2501 996 2758 1059; x_wconf 80' lang='lat' dir='ltr'><strong><em>mandatis</em></strong></span> <span class='ocrx_word' id='word_1_313' title='bbox 2779 996 2961 1071; x_wconf 79' lang='lat' dir='ltr'><strong><em>pendet</em></strong></span> <span class='ocrx_word' id='word_1_314' title='bbox 2983 1000 3146 1059; x_wconf 77' lang='lat' dir='ltr'><strong><em>autnis</em></strong></span> <span class='ocrx_word' id='word_1_315' title='bbox 3168 996 3275 1063; x_wconf 59' lang='lat' dir='ltr'><strong><em>Le;</em></strong></span> <span class='ocrx_word' id='word_1_316' title='bbox 3295 1007 3342 1063; x_wconf 81' lang='lat' dir='ltr'><strong><em>et</em></strong></span> <span class='ocrx_word' id='word_1_317' title='bbox 3361 996 3641 1069; x_wconf 68' lang='lat' dir='ltr'><strong><em>Propheta:</em></strong></span> <span class='ocrx_word' id='word_1_318' title='bbox 3660 997 3869 1071; x_wconf 62' lang='lat' dir='ltr'><strong><em>(Matth.</em></strong></span> 
     </span>
    </p>
   </div>
   <div class='ocr_carea' id='block_1_39' title="bbox 2285 1091 3871 1164">
    <p class='ocr_par' dir='ltr' id='par_1_39' title="bbox 2285 1091 3871 1164">
     <span class='ocr_line' id='line_1_39' title="bbox 2285 1091 3871 1164; baseline 0.001 -17"><span class='ocrx_word' id='word_1_319' title='bbox 2285 1106 2439 1160; x_wconf 78' lang='lat' dir='ltr'><strong><em>xm,</em></strong></span> <span class='ocrx_word' id='word_1_320' title='bbox 2471 1091 2587 1164; x_wconf 71' lang='grc'><strong><em>40).</em></strong></span> <span class='ocrx_word' id='word_1_321' title='bbox 2631 1091 2887 1159; x_wconf 84' lang='lat' dir='ltr'><strong><em>Nonnulli</em></strong></span> <span class='ocrx_word' id='word_1_322' title='bbox 2926 1094 3028 1147; x_wconf 91' lang='lat' dir='ltr'><strong><em>ltoc</em></strong></span> <span class='ocrx_word' id='word_1_323' title='bbox 3065 1092 3361 1163; x_wconf 81' lang='lat' dir='ltr'><strong><em>capitulum</em></strong></span> <span class='ocrx_word' id='word_1_324' title='bbox 3402 1092 3469 1147; x_wconf 87' lang='lat' dir='ltr'><strong><em>atl</em></strong></span> <span class='ocrx_word' id='word_1_325' title='bbox 3511 1092 3599 1153; x_wconf 85' lang='lat' dir='ltr'><strong><em>illa</em></strong></span> <span class='ocrx_word' id='word_1_326' title='bbox 3639 1100 3871 1163; x_wconf 83' lang='lat' dir='ltr'><strong><em>tetttpora</em></strong></span> 
     </span>
    </p>
   </div>
   <div class='ocr_carea' id='block_1_40' title="bbox 2283 1183 3874 1256">
    <p class='ocr_par' dir='ltr' id='par_1_40' title="bbox 2283 1183 3874 1256">
     <span class='ocr_line' id='line_1_40' title="bbox 2283 1183 3874 1256; baseline 0.001 -18"><span class='ocrx_word' id='word_1_327' title='bbox 2283 1183 2527 1247; x_wconf 75' lang='lat' dir='ltr'><strong><em>referunt</em></strong></span> <span class='ocrx_word' id='word_1_328' title='bbox 2553 1225 2569 1255; x_wconf 80' lang='lat'><strong><em>,</em></strong></span> <span class='ocrx_word' id='word_1_329' title='bbox 2611 1185 2831 1256; x_wconf 86' lang='lat' dir='ltr'><strong><em>quando</em></strong></span> <span class='ocrx_word' id='word_1_330' title='bbox 2868 1184 2970 1245; x_wconf 82' lang='lat' dir='ltr'><strong><em>sub</em></strong></span> <span class='ocrx_word' id='word_1_331' title='bbox 3008 1184 3314 1241; x_wconf 82' lang='lat' dir='ltr'><strong><em>Zorubabel</em></strong></span> <span class='ocrx_word' id='word_1_332' title='bbox 3355 1184 3466 1243; x_wconf 86' lang='lat' dir='ltr'><strong><em>lilio</em></strong></span> <span class='ocrx_word' id='word_1_333' title='bbox 3511 1183 3732 1247; x_wconf 67' lang='lat' dir='ltr'><strong><em>Salutio]</em></strong></span> <span class='ocrx_word' id='word_1_334' title='bbox 3758 1226 3773 1251; x_wconf 91' lang='lat'><strong><em>,</em></strong></span> <span class='ocrx_word' id='word_1_335' title='bbox 3824 1192 3874 1240; x_wconf 87' lang='lat' dir='ltr'><strong><em>et</em></strong></span> 
     </span>
    </p>
   </div>
   <div class='ocr_carea' id='block_1_41' title="bbox 2280 1274 3870 1345">
    <p class='ocr_par' dir='ltr' id='par_1_41' title="bbox 2280 1274 3870 1345">
     <span class='ocr_line' id='line_1_41' title="bbox 2280 1274 3870 1345; baseline -0.002 -13"><span class='ocrx_word' id='word_1_336' title='bbox 2280 1274 2410 1333; x_wconf 82' lang='lat' dir='ltr'><strong><em>Jesn</em></strong></span> <span class='ocrx_word' id='word_1_337' title='bbox 2464 1276 2575 1332; x_wconf 84' lang='lat' dir='ltr'><strong><em>ﬁlio</em></strong></span> <span class='ocrx_word' id='word_1_338' title='bbox 2620 1276 2887 1342; x_wconf 80' lang='lat' dir='ltr'><strong><em>Joscdee,</em></strong></span> <span class='ocrx_word' id='word_1_339' title='bbox 2938 1284 2993 1333; x_wconf 89' lang='lat' dir='ltr'><strong><em>et</em></strong></span> <span class='ocrx_word' id='word_1_340' title='bbox 3034 1275 3203 1333; x_wconf 65' lang='lat' dir='ltr'><strong><em>Esdra</em></strong></span> <span class='ocrx_word' id='word_1_341' title='bbox 3228 1317 3243 1343; x_wconf 94' lang='lat'><strong><em>,</em></strong></span> <span class='ocrx_word' id='word_1_342' title='bbox 3285 1286 3340 1335; x_wconf 86' lang='lat' dir='ltr'><strong><em>et</em></strong></span> <span class='ocrx_word' id='word_1_343' title='bbox 3377 1274 3599 1341; x_wconf 73' lang='lat' dir='ltr'><strong><em>Neemia</em></strong></span> <span class='ocrx_word' id='word_1_344' title='bbox 3634 1275 3870 1345; x_wconf 82' lang='lat' dir='ltr'><strong><em>qun-dam</em></strong></span> 
     </span>
    </p>
   </div>
   <div class='ocr_carea' id='block_1_42' title="bbox 2283 1366 3873 1440">
    <p class='ocr_par' dir='ltr' id='par_1_42' title="bbox 2283 1366 3873 1440">
     <span class='ocr_line' id='line_1_42' title="bbox 2283 1366 3873 1440; baseline 0.002 -20"><span class='ocrx_word' id='word_1_345' title='bbox 2283 1382 2407 1437; x_wconf 85' lang='lat' dir='ltr'><strong><em>pars</em></strong></span> <span class='ocrx_word' id='word_1_346' title='bbox 2448 1368 2634 1440; x_wconf 86' lang='lat' dir='ltr'><strong><em>populi</em></strong></span> <span class='ocrx_word' id='word_1_347' title='bbox 2664 1382 2880 1427; x_wconf 79' lang='lat' dir='ltr'><strong><em>reversa</em></strong></span> <span class='ocrx_word' id='word_1_348' title='bbox 2914 1374 3000 1423; x_wconf 88' lang='lat' dir='ltr'><strong><em>est</em></strong></span> <span class='ocrx_word' id='word_1_349' title='bbox 3029 1367 3082 1423; x_wconf 93' lang='lat' dir='ltr'><strong><em>in</em></strong></span> <span class='ocrx_word' id='word_1_350' title='bbox 3110 1367 3374 1429; x_wconf 68' lang='lat' dir='ltr'><strong><em>Judaeum.</em></strong></span> <span class='ocrx_word' id='word_1_351' title='bbox 3418 1366 3631 1435; x_wconf 85' lang='lat' dir='ltr'><strong><em>Quibus</em></strong></span> <span class='ocrx_word' id='word_1_352' title='bbox 3660 1382 3873 1437; x_wconf 84' lang='lat' dir='ltr'><strong><em>respon-</em></strong></span> 
     </span>
    </p>
   </div>
   <div class='ocr_carea' id='block_1_43' title="bbox 2280 1459 3867 1541">
    <p class='ocr_par' dir='ltr' id='par_1_43' title="bbox 2280 1459 3867 1541">
     <span class='ocr_line' id='line_1_43' title="bbox 2280 1459 3867 1541; baseline -0.003 -22"><span class='ocrx_word' id='word_1_353' title='bbox 2280 1462 2533 1520; x_wconf 87' lang='lat' dir='ltr'><strong><em>debimus</em></strong></span> <span class='ocrx_word' id='word_1_354' title='bbox 2555 1505 2569 1529; x_wconf 90' lang='lat'><strong><em>,</em></strong></span> <span class='ocrx_word' id='word_1_355' title='bbox 2613 1464 2773 1541; x_wconf 75' lang='lat'><strong>150</strong></span> <span class='ocrx_word' id='word_1_356' title='bbox 2810 1477 2918 1518; x_wconf 88' lang='lat' dir='ltr'><strong><em>non</em></strong></span> <span class='ocrx_word' id='word_1_357' title='bbox 2944 1477 3039 1518; x_wconf 88' lang='lat' dir='ltr'><strong><em>eos</em></strong></span> <span class='ocrx_word' id='word_1_358' title='bbox 3064 1477 3287 1519; x_wconf 77' lang='lat' dir='ltr'><strong><em>scrvare</em></strong></span> <span class='ocrx_word' id='word_1_359' title='bbox 3313 1459 3565 1523; x_wconf 74' lang='lat' dir='ltr'><strong><em>ordinem</em></strong></span> <span class='ocrx_word' id='word_1_360' title='bbox 3595 1460 3867 1525; x_wconf 65' lang='lat' dir='ltr'><strong><em>historiae,</em></strong></span> 
     </span>
    </p>
   </div>
   <div class='ocr_carea' id='block_1_44' title="bbox 2283 1551 3873 1629">
    <p class='ocr_par' dir='ltr' id='par_1_44' title="bbox 2283 1551 3873 1629">
     <span class='ocr_line' id='line_1_44' title="bbox 2283 1551 3873 1629; baseline -0.003 -20"><span class='ocrx_word' id='word_1_361' title='bbox 2283 1556 2514 1611; x_wconf 75' lang='lat' dir='ltr'><strong><em>maxime</em></strong></span> <span class='ocrx_word' id='word_1_362' title='bbox 2548 1571 2673 1611; x_wconf 87' lang='lat' dir='ltr'><strong><em>cum</em></strong></span> <span class='ocrx_word' id='word_1_363' title='bbox 2704 1572 2767 1617; x_wconf 85' lang='lat' dir='ltr'><strong><em>ea</em></strong></span> <span class='ocrx_word' id='word_1_364' title='bbox 2793 1571 2916 1629; x_wconf 60' lang='lat' dir='ltr'><strong><em>qutc</em></strong></span> <span class='ocrx_word' id='word_1_365' title='bbox 2940 1565 3263 1625; x_wconf 88' lang='lat' dir='ltr'><strong><em>sequuntur,</em></strong></span> <span class='ocrx_word' id='word_1_366' title='bbox 3321 1569 3427 1611; x_wconf 82' lang='lat' dir='ltr'><strong><em>non</em></strong></span> <span class='ocrx_word' id='word_1_367' title='bbox 3463 1552 3757 1615; x_wconf 65' lang='lat' dir='ltr'><strong><em>adversum</em></strong></span> <span class='ocrx_word' id='word_1_368' title='bbox 3782 1551 3873 1607; x_wconf 74' lang='lat' dir='ltr'><strong><em>Ba-</em></strong></span> 
     </span>
    </p>
   </div>
   <div class='ocr_carea' id='block_1_45' title="bbox 2281 1645 3872 1725">
    <p class='ocr_par' dir='ltr' id='par_1_45' title="bbox 2281 1645 3872 1725">
     <span class='ocr_line' id='line_1_45' title="bbox 2281 1645 3872 1725; baseline -0.004 -20"><span class='ocrx_word' id='word_1_369' title='bbox 2281 1651 2532 1725; x_wconf 78' lang='lat' dir='ltr'><strong><em>bylonios</em></strong></span> <span class='ocrx_word' id='word_1_370' title='bbox 2559 1693 2573 1719; x_wconf 93' lang='lat'><strong><em>,</em></strong></span> <span class='ocrx_word' id='word_1_371' title='bbox 2616 1666 2848 1722; x_wconf 81' lang='lat' dir='ltr'><strong><em>quorum</em></strong></span> <span class='ocrx_word' id='word_1_372' title='bbox 2888 1665 2982 1711; x_wconf 77' lang='lat' dir='ltr'><strong><em>rex</em></strong></span> <span class='ocrx_word' id='word_1_373' title='bbox 3023 1648 3530 1713; x_wconf 69' lang='lat' dir='ltr'><strong><em>Nabuchodonosor</em></strong></span> <span class='ocrx_word' id='word_1_374' title='bbox 3582 1645 3687 1707; x_wconf 73' lang='lat' dir='ltr'><strong><em>fuit</em></strong></span> <span class='ocrx_word' id='word_1_375' title='bbox 3715 1692 3729 1715; x_wconf 88' lang='lat'><strong><em>,</em></strong></span> <span class='ocrx_word' id='word_1_376' title='bbox 3786 1647 3872 1700; x_wconf 84' lang='lat' dir='ltr'><strong><em>sed</em></strong></span> 
     </span>
    </p>
   </div>
   <div class='ocr_carea' id='block_1_46' title="bbox 2278 1738 3868 1812">
    <p class='ocr_par' dir='ltr' id='par_1_46' title="bbox 2278 1738 3868 1812">
     <span class='ocr_line' id='line_1_46' title="bbox 2278 1738 3868 1812; baseline -0.005 -11"><span class='ocrx_word' id='word_1_377' title='bbox 2278 1742 2569 1807; x_wconf 78' lang='lat' dir='ltr'><strong><em>adversum</em></strong></span> <span class='ocrx_word' id='word_1_378' title='bbox 2600 1741 2975 1801; x_wconf 82' lang='lat' dir='ltr'><strong><em>Sennacltet&#39;ib</em></strong></span> <span class='ocrx_word' id='word_1_379' title='bbox 3008 1757 3193 1812; x_wconf 77' lang='lat' dir='ltr'><strong><em>regem</em></strong></span> <span class='ocrx_word' id='word_1_380' title='bbox 3225 1741 3480 1807; x_wconf 77' lang='lat' dir='ltr'><strong><em>dicantur</em></strong></span> <span class='ocrx_word' id='word_1_381' title='bbox 3507 1738 3868 1811; x_wconf 72' lang='lat' dir='ltr'><strong><em>Assyriorum.</em></strong></span> 
     </span>
    </p>
   </div>
   <div class='ocr_carea' id='block_1_47' title="bbox 2354 1832 3871 1911">
    <p class='ocr_par' dir='ltr' id='par_1_47' title="bbox 2354 1832 3871 1911">
     <span class='ocr_line' id='line_1_47' title="bbox 2354 1832 3871 1911; baseline -0.004 -18"><span class='ocrx_word' id='word_1_382' title='bbox 2354 1836 2535 1911; x_wconf 60' lang='grc' dir='ltr'><strong><em>(νει-δ.</em></strong></span> <span class='ocrx_word' id='word_1_383' title='bbox 2566 1835 2638 1891; x_wconf 71' lang='lat'><strong><em>9.4</em></strong></span> <span class='ocrx_word' id='word_1_384' title='bbox 2677 1836 2858 1909; x_wconf 86' lang='lat' dir='ltr'><strong><em>seqq.)</em></strong></span> <span class='ocrx_word' id='word_1_385' title='bbox 2902 1833 3124 1906; x_wconf 85' lang='lat' dir='ltr'><strong><em>Pr0pter</em></strong></span> <span class='ocrx_word' id='word_1_386' title='bbox 3172 1835 3269 1890; x_wconf 84' lang='lat' dir='ltr'><strong><em>ltoc</em></strong></span> <span class='ocrx_word' id='word_1_387' title='bbox 3305 1833 3416 1899; x_wconf 66' lang='lat' dir='ltr'><strong><em>licet:</em></strong></span> <span class='ocrx_word' id='word_1_388' title='bbox 3452 1835 3580 1889; x_wconf 83' lang='lat' dir='ltr'><strong><em>dicit</em></strong></span> <span class='ocrx_word' id='word_1_389' title='bbox 3624 1832 3871 1897; x_wconf 80' lang='lat' dir='ltr'><strong><em>Dominus</em></strong></span> 
     </span>
    </p>
   </div>
   <div class='ocr_carea' id='block_1_48' title="bbox 2281 1927 3871 1999">
    <p class='ocr_par' dir='ltr' id='par_1_48' title="bbox 2281 1927 3871 1999">
     <span class='ocr_line' id='line_1_48' title="bbox 2281 1927 3871 1999; baseline -0.001 -17"><span class='ocrx_word' id='word_1_390' title='bbox 2281 1928 2419 1983; x_wconf 83' lang='lat' dir='ltr'><strong><em>Deus</em></strong></span> <span class='ocrx_word' id='word_1_391' title='bbox 2447 1931 2761 1985; x_wconf 76' lang='lat' dir='ltr'><strong><em>exercituum</em></strong></span> <span class='ocrx_word' id='word_1_392' title='bbox 2793 1946 2811 1983; x_wconf 92' lang='lat'><em>:</em></span> <span class='ocrx_word' id='word_1_393' title='bbox 2843 1927 2968 1983; x_wconf 84' lang='lat' dir='ltr'><strong><em>Noli</em></strong></span> <span class='ocrx_word' id='word_1_394' title='bbox 2995 1930 3197 1991; x_wconf 84' lang='lat' dir='ltr'><strong><em>timere,</em></strong></span> <span class='ocrx_word' id='word_1_395' title='bbox 3223 1929 3453 1999; x_wconf 81' lang='lat' dir='ltr'><strong><em>papulas</em></strong></span> <span class='ocrx_word' id='word_1_396' title='bbox 3492 1944 3633 1982; x_wconf 87' lang='lat' dir='ltr'><strong><em>meus</em></strong></span> <span class='ocrx_word' id='word_1_397' title='bbox 3681 1928 3871 1985; x_wconf 72' lang='lat' dir='ltr'><strong><em>habita-</em></strong></span> 
     </span>
    </p>
   </div>
   <div class='ocr_carea' id='block_1_49' title="bbox 2272 2019 3870 2095">
    <p class='ocr_par' dir='ltr' id='par_1_49' title="bbox 2272 2019 3870 2095">
     <span class='ocr_line' id='line_1_49' title="bbox 2272 2019 3870 2095; baseline -0.004 -17"><span class='ocrx_word' id='word_1_398' title='bbox 2272 2029 2354 2083; x_wconf 87' lang='lat' dir='ltr'><strong><em>tor</em></strong></span> <span class='ocrx_word' id='word_1_399' title='bbox 2396 2020 2527 2078; x_wconf 89' lang='lat' dir='ltr'><strong><em>Sion</em></strong></span> <span class='ocrx_word' id='word_1_400' title='bbox 2555 2021 2617 2079; x_wconf 90' lang='lat' dir='ltr'><strong><em>ab</em></strong></span> <span class='ocrx_word' id='word_1_401' title='bbox 2649 2021 2831 2085; x_wconf 74' lang='lat' dir='ltr'><strong><em>Assur,</em></strong></span> <span class='ocrx_word' id='word_1_402' title='bbox 2883 2020 2936 2077; x_wconf 88' lang='lat' dir='ltr'><strong><em>in</em></strong></span> <span class='ocrx_word' id='word_1_403' title='bbox 2981 2020 3126 2092; x_wconf 82' lang='lat' dir='ltr'><strong><em>virga</em></strong></span> <span class='ocrx_word' id='word_1_404' title='bbox 3170 2020 3421 2095; x_wconf 76' lang='lat' dir='ltr'><strong><em>percutiet</em></strong></span> <span class='ocrx_word' id='word_1_405' title='bbox 3465 2029 3531 2087; x_wconf 83' lang='lat' dir='ltr'><strong><em>te,</em></strong></span> <span class='ocrx_word' id='word_1_406' title='bbox 3563 2029 3609 2073; x_wconf 90' lang='lat' dir='ltr'><strong><em>et</em></strong></span> <span class='ocrx_word' id='word_1_407' title='bbox 3641 2019 3870 2075; x_wconf 84' lang='lat' dir='ltr'><strong><em>baculum</em></strong></span> 
     </span>
    </p>
   </div>
   <div class='ocr_carea' id='block_1_50' title="bbox 2271 2109 3869 2187">
    <p class='ocr_par' dir='ltr' id='par_1_50' title="bbox 2271 2109 3869 2187">
     <span class='ocr_line' id='line_1_50' title="bbox 2271 2109 3869 2187; baseline -0.001 -20"><span class='ocrx_word' id='word_1_408' title='bbox 2271 2128 2428 2171; x_wconf 88' lang='lat' dir='ltr'><strong><em>suum</em></strong></span> <span class='ocrx_word' id='word_1_409' title='bbox 2455 2112 2640 2171; x_wconf 84' lang='lat' dir='ltr'><strong><em>levabit</em></strong></span> <span class='ocrx_word' id='word_1_410' title='bbox 2666 2126 2819 2185; x_wconf 83' lang='lat' dir='ltr'><strong><em>super</em></strong></span> <span class='ocrx_word' id='word_1_411' title='bbox 2848 2121 2895 2169; x_wconf 78' lang='lat' dir='ltr'><strong><em>te</em></strong></span> <span class='ocrx_word' id='word_1_412' title='bbox 2913 2111 2965 2169; x_wconf 83' lang='lat' dir='ltr'><strong><em>in</em></strong></span> <span class='ocrx_word' id='word_1_413' title='bbox 2994 2111 3076 2167; x_wconf 79' lang='lat' dir='ltr'><strong><em>via</em></strong></span> <span class='ocrx_word' id='word_1_414' title='bbox 3100 2109 3341 2187; x_wconf 58' lang='lat' dir='ltr'><strong><em>Jfgypti.</em></strong></span> <span class='ocrx_word' id='word_1_415' title='bbox 3374 2109 3560 2175; x_wconf 73' lang='lat' dir='ltr'><strong><em>Adhuc</em></strong></span> <span class='ocrx_word' id='word_1_416' title='bbox 3582 2110 3723 2167; x_wconf 83' lang='lat' dir='ltr'><strong><em>enim</em></strong></span> <span class='ocrx_word' id='word_1_417' title='bbox 3750 2127 3869 2182; x_wconf 84' lang='lat' dir='ltr'><strong><em>pau-</em></strong></span> 
     </span>
    </p>
   </div>
   <div class='ocr_carea' id='block_1_51' title="bbox 2273 2206 3870 2281">
    <p class='ocr_par' dir='ltr' id='par_1_51' title="bbox 2273 2206 3870 2281">
     <span class='ocr_line' id='line_1_51' title="bbox 2273 2206 3870 2281; baseline -0.004 -13"><span class='ocrx_word' id='word_1_418' title='bbox 2273 2213 2442 2275; x_wconf 81' lang='lat' dir='ltr'><strong><em>lulum</em></strong></span> <span class='ocrx_word' id='word_1_419' title='bbox 2461 2210 2841 2281; x_wconf 82' lang='lat' dir='ltr'><strong><em>modicumque,</em></strong></span> <span class='ocrx_word' id='word_1_420' title='bbox 2874 2218 2921 2265; x_wconf 89' lang='lat' dir='ltr'><strong><em>et</em></strong></span> <span class='ocrx_word' id='word_1_421' title='bbox 2952 2206 3397 2269; x_wconf 80' lang='lat' dir='ltr'><strong><em>consummabitur</em></strong></span> <span class='ocrx_word' id='word_1_422' title='bbox 3427 2206 3721 2277; x_wconf 70' lang='lat' dir='ltr'><strong><em>indignatio</em></strong></span> <span class='ocrx_word' id='word_1_423' title='bbox 3746 2223 3870 2271; x_wconf 77' lang='lat' dir='ltr'><strong><em>mea,</em></strong></span> 
     </span>
    </p>
   </div>
   <div class='ocr_carea' id='block_1_52' title="bbox 2269 2298 3871 2376">
    <p class='ocr_par' dir='ltr' id='par_1_52' title="bbox 2269 2298 3871 2376">
     <span class='ocr_line' id='line_1_52' title="bbox 2269 2298 3871 2376; baseline -0.006 -13"><span class='ocrx_word' id='word_1_424' title='bbox 2269 2317 2318 2363; x_wconf 81' lang='lat' dir='ltr'><strong><em>et</em></strong></span> <span class='ocrx_word' id='word_1_425' title='bbox 2350 2310 2497 2375; x_wconf 79' lang='lat' dir='ltr'><strong><em>furor</em></strong></span> <span class='ocrx_word' id='word_1_426' title='bbox 2525 2318 2666 2363; x_wconf 85' lang='lat' dir='ltr'><strong><em>meas</em></strong></span> <span class='ocrx_word' id='word_1_427' title='bbox 2706 2318 2863 2376; x_wconf 85' lang='lat' dir='ltr'><strong><em>super</em></strong></span> <span class='ocrx_word' id='word_1_428' title='bbox 2893 2302 3062 2359; x_wconf 87' lang='lat' dir='ltr'><strong><em>scelus</em></strong></span> <span class='ocrx_word' id='word_1_429' title='bbox 3093 2315 3292 2367; x_wconf 77' lang='lat' dir='ltr'><strong><em>eorum.</em></strong></span> <span class='ocrx_word' id='word_1_430' title='bbox 3331 2298 3399 2357; x_wconf 82' lang='lat' dir='ltr'><strong><em>Et</em></strong></span> <span class='ocrx_word' id='word_1_431' title='bbox 3431 2299 3701 2361; x_wconf 83' lang='lat' dir='ltr'><strong><em>suscitabit</em></strong></span> <span class='ocrx_word' id='word_1_432' title='bbox 3728 2315 3871 2370; x_wconf 76' lang='lat' dir='ltr'><strong><em>super</em></strong></span> 
     </span>
    </p>
   </div>
   <div class='ocr_carea' id='block_1_53' title="bbox 2270 2393 3870 2467">
    <p class='ocr_par' dir='ltr' id='par_1_53' title="bbox 2270 2393 3870 2467">
     <span class='ocr_line' id='line_1_53' title="bbox 2270 2393 3870 2467; baseline -0.004 -14"><span class='ocrx_word' id='word_1_433' title='bbox 2270 2417 2388 2467; x_wconf 77' lang='lat' dir='ltr'><strong><em>eum</em></strong></span> <span class='ocrx_word' id='word_1_434' title='bbox 2439 2398 2691 2459; x_wconf 81' lang='lat' dir='ltr'><strong><em>Dominus</em></strong></span> <span class='ocrx_word' id='word_1_435' title='bbox 2744 2396 3064 2461; x_wconf 66' lang='lat' dir='ltr'><strong><em>exercituum</em></strong></span> <span class='ocrx_word' id='word_1_436' title='bbox 3109 2393 3421 2467; x_wconf 73' lang='lat' dir='ltr'><strong><em>flagellum,</em></strong></span> <span class='ocrx_word' id='word_1_437' title='bbox 3458 2397 3618 2465; x_wconf 74' lang='lat' dir='ltr'><strong><em>juxta</em></strong></span> <span class='ocrx_word' id='word_1_438' title='bbox 3669 2395 3870 2466; x_wconf 71' lang='lat' dir='ltr'><strong><em>plagam</em></strong></span> 
     </span>
    </p>
   </div>
   <div class='ocr_carea' id='block_1_54' title="bbox 2272 2488 3865 2564">
    <p class='ocr_par' dir='ltr' id='par_1_54' title="bbox 2272 2488 3865 2564">
     <span class='ocr_line' id='line_1_54' title="bbox 2272 2488 3865 2564; baseline -0.005 -15"><span class='ocrx_word' id='word_1_439' title='bbox 2272 2493 2496 2555; x_wconf 77' lang='lat' dir='ltr'><strong><em>Madian</em></strong></span> <span class='ocrx_word' id='word_1_440' title='bbox 2542 2492 2598 2546; x_wconf 88' lang='lat' dir='ltr'><strong><em>in</em></strong></span> <span class='ocrx_word' id='word_1_441' title='bbox 2641 2501 2789 2564; x_wconf 83' lang='lat' dir='ltr'><strong><em>petra</em></strong></span> <span class='ocrx_word' id='word_1_442' title='bbox 2824 2488 2981 2558; x_wconf 79' lang='lat' dir='ltr'><strong><em>Oreb,</em></strong></span> <span class='ocrx_word' id='word_1_443' title='bbox 3016 2499 3063 2545; x_wconf 89' lang='lat' dir='ltr'><strong><em>et</em></strong></span> <span class='ocrx_word' id='word_1_444' title='bbox 3092 2490 3291 2561; x_wconf 85' lang='lat' dir='ltr'><strong><em>virgam</em></strong></span> <span class='ocrx_word' id='word_1_445' title='bbox 3328 2503 3480 2551; x_wconf 75' lang='lat' dir='ltr'><strong><em>suam</em></strong></span> <span class='ocrx_word' id='word_1_446' title='bbox 3522 2504 3686 2560; x_wconf 80' lang='lat' dir='ltr'><strong><em>super</em></strong></span> <span class='ocrx_word' id='word_1_447' title='bbox 3716 2503 3865 2554; x_wconf 87' lang='lat' dir='ltr'><strong><em>mare,</em></strong></span> 
     </span>
    </p>
   </div>
   <div class='ocr_carea' id='block_1_55' title="bbox 2269 2581 3871 2657">
    <p class='ocr_par' dir='ltr' id='par_1_55' title="bbox 2269 2581 3871 2657">
     <span class='ocr_line' id='line_1_55' title="bbox 2269 2581 3871 2657; baseline -0.008 -10"><span class='ocrx_word' id='word_1_448' title='bbox 2269 2598 2318 2647; x_wconf 85' lang='lat' dir='ltr'><strong><em>et</em></strong></span> <span class='ocrx_word' id='word_1_449' title='bbox 2348 2587 2536 2647; x_wconf 79' lang='lat' dir='ltr'><strong><em>levabit</em></strong></span> <span class='ocrx_word' id='word_1_450' title='bbox 2563 2603 2676 2647; x_wconf 82' lang='lat' dir='ltr'><strong><em>eam</em></strong></span> <span class='ocrx_word' id='word_1_451' title='bbox 2716 2586 2767 2643; x_wconf 80' lang='lat' dir='ltr'><strong><em>in</em></strong></span> <span class='ocrx_word' id='word_1_452' title='bbox 2808 2585 2891 2645; x_wconf 87' lang='lat' dir='ltr'><strong><em>via</em></strong></span> <span class='ocrx_word' id='word_1_453' title='bbox 2927 2583 3167 2657; x_wconf 67' lang='lat' dir='ltr'><strong><em>.Iz&#39;gypti.</em></strong></span> <span class='ocrx_word' id='word_1_454' title='bbox 3200 2581 3267 2641; x_wconf 83' lang='lat' dir='ltr'><strong><em>Et</em></strong></span> <span class='ocrx_word' id='word_1_455' title='bbox 3296 2586 3394 2645; x_wconf 85' lang='lat' dir='ltr'><strong><em>erit</em></strong></span> <span class='ocrx_word' id='word_1_456' title='bbox 3429 2582 3483 2647; x_wconf 73' lang='lat' dir='ltr'><strong><em>in</em></strong></span> <span class='ocrx_word' id='word_1_457' title='bbox 3512 2582 3597 2647; x_wconf 78' lang='lat' dir='ltr'><strong><em>die</em></strong></span> <span class='ocrx_word' id='word_1_458' title='bbox 3621 2582 3719 2643; x_wconf 75' lang='lat' dir='ltr'><strong><em>illa</em></strong></span> <span class='ocrx_word' id='word_1_459' title='bbox 3742 2598 3761 2637; x_wconf 89' lang='lat'><strong><em>:</em></strong></span> <span class='ocrx_word' id='word_1_460' title='bbox 3786 2598 3871 2643; x_wconf 84' lang='lat' dir='ltr'><strong><em>att-</em></strong></span> 
     </span>
    </p>
   </div>
   <div class='ocr_carea' id='block_1_56' title="bbox 2269 2672 3868 2754">
    <p class='ocr_par' dir='ltr' id='par_1_56' title="bbox 2269 2672 3868 2754">
     <span class='ocr_line' id='line_1_56' title="bbox 2269 2672 3868 2754; baseline -0.007 -19"><span class='ocrx_word' id='word_1_461' title='bbox 2269 2683 2463 2754; x_wconf 77' lang='lat' dir='ltr'><strong><em>fe-etur</em></strong></span> <span class='ocrx_word' id='word_1_462' title='bbox 2490 2696 2623 2745; x_wconf 70' lang='lat' dir='ltr'><strong><em>unus</em></strong></span> <span class='ocrx_word' id='word_1_463' title='bbox 2645 2681 2756 2751; x_wconf 78' lang='lat' dir='ltr'><strong><em>ejus</em></strong></span> <span class='ocrx_word' id='word_1_464' title='bbox 2780 2676 2844 2737; x_wconf 83' lang='lat' dir='ltr'><strong><em>de</em></strong></span> <span class='ocrx_word' id='word_1_465' title='bbox 2868 2674 3082 2739; x_wconf 83' lang='lat' dir='ltr'><strong><em>humero</em></strong></span> <span class='ocrx_word' id='word_1_466' title='bbox 3104 2686 3213 2745; x_wconf 73' lang='lat' dir='ltr'><strong><em>tuo,</em></strong></span> <span class='ocrx_word' id='word_1_467' title='bbox 3240 2686 3290 2731; x_wconf 88' lang='lat' dir='ltr'><strong><em>et</em></strong></span> <span class='ocrx_word' id='word_1_468' title='bbox 3310 2677 3501 2749; x_wconf 83' lang='lat' dir='ltr'><strong><em>jugtnn</em></strong></span> <span class='ocrx_word' id='word_1_469' title='bbox 3522 2675 3633 2745; x_wconf 82' lang='lat' dir='ltr'><strong><em>ejus</em></strong></span> <span class='ocrx_word' id='word_1_470' title='bbox 3658 2675 3724 2739; x_wconf 72' lang='lat' dir='ltr'><strong><em>de</em></strong></span> <span class='ocrx_word' id='word_1_471' title='bbox 3743 2672 3868 2731; x_wconf 77' lang='lat' dir='ltr'><strong><em>collo</em></strong></span> 
     </span>
    </p>
   </div>
   <div class='ocr_carea' id='block_1_57' title="bbox 2269 2761 3864 2844">
    <p class='ocr_par' dir='ltr' id='par_1_57' title="bbox 2269 2761 3864 2844">
     <span class='ocr_line' id='line_1_57' title="bbox 2269 2761 3864 2844; baseline -0.003 -18"><span class='ocrx_word' id='word_1_472' title='bbox 2269 2784 2381 2839; x_wconf 90' lang='lat' dir='ltr'><strong><em>tuo,</em></strong></span> <span class='ocrx_word' id='word_1_473' title='bbox 2414 2784 2462 2835; x_wconf 84' lang='lat' dir='ltr'><strong><em>et</em></strong></span> <span class='ocrx_word' id='word_1_474' title='bbox 2512 2780 2884 2844; x_wconf 77' lang='lat' dir='ltr'><strong><em>contptttrescet</em></strong></span> <span class='ocrx_word' id='word_1_475' title='bbox 2921 2771 3114 2843; x_wconf 82' lang='lat' dir='ltr'><strong><em>jugum</em></strong></span> <span class='ocrx_word' id='word_1_476' title='bbox 3155 2785 3190 2831; x_wconf 79' lang='grc' dir='ltr'><em>α</em></span> <span class='ocrx_word' id='word_1_477' title='bbox 3229 2767 3363 2839; x_wconf 76' lang='lat' dir='ltr'><strong><em>facie</em></strong></span> <span class='ocrx_word' id='word_1_478' title='bbox 3388 2767 3508 2823; x_wconf 86' lang='lat' dir='ltr'><strong><em>olei.</em></strong></span> <span class='ocrx_word' id='word_1_479' title='bbox 3564 2766 3671 2835; x_wconf 78' lang='lat' dir='ltr'><strong><em>Pro</em></strong></span> <span class='ocrx_word' id='word_1_480' title='bbox 3710 2761 3864 2839; x_wconf 77' lang='lat' dir='ltr'><strong><em>petra,</em></strong></span> 
     </span>
    </p>
   </div>
   <div class='ocr_carea' id='block_1_58' title="bbox 2268 2858 3869 2939">
    <p class='ocr_par' dir='ltr' id='par_1_58' title="bbox 2268 2858 3869 2939">
     <span class='ocr_line' id='line_1_58' title="bbox 2268 2858 3869 2939; baseline -0.004 -18"><span class='ocrx_word' id='word_1_481' title='bbox 2268 2864 2413 2939; x_wconf 81' lang='lat' dir='ltr'><strong><em>quod</em></strong></span> <span class='ocrx_word' id='word_1_482' title='bbox 2440 2864 2591 2935; x_wconf 82' lang='lat' dir='ltr'><strong><em>juxta</em></strong></span> <span class='ocrx_word' id='word_1_483' title='bbox 2614 2861 2940 2927; x_wconf 84' lang='lat' dir='ltr'><strong><em>llebraicnm</em></strong></span> <span class='ocrx_word' id='word_1_484' title='bbox 2957 2862 3349 2933; x_wconf 82' lang='lat' dir='ltr'><strong><em>interpretatus</em></strong></span> <span class='ocrx_word' id='word_1_485' title='bbox 3370 2858 3697 2932; x_wconf 69' lang='lat' dir='ltr'><strong><em>estAqnila,</em></strong></span> <span class='ocrx_word' id='word_1_486' title='bbox 3722 2858 3869 2930; x_wconf 77' lang='lat' dir='ltr'><strong><em>Synt-</em></strong></span> 
     </span>
    </p>
   </div>
   <div class='ocr_carea' id='block_1_59' title="bbox 2210 2948 3868 3026">
    <p class='ocr_par' dir='ltr' id='par_1_59' title="bbox 2210 2948 3868 3026">
     <span class='ocr_line' id='line_1_59' title="bbox 2210 2948 3868 3026; baseline -0.007 -8"><span class='ocrx_word' id='word_1_487' title='bbox 2210 2948 2218 2956; x_wconf 71' lang='grc'><em>’</em></span> <span class='ocrx_word' id='word_1_488' title='bbox 2273 2959 2503 3023; x_wconf 83' lang='lat' dir='ltr'><strong><em>tttacltns</em></strong></span> <span class='ocrx_word' id='word_1_489' title='bbox 2531 2966 2587 3017; x_wconf 85' lang='lat' dir='ltr'><strong><em>et</em></strong></span> <span class='ocrx_word' id='word_1_490' title='bbox 2616 2956 2921 3017; x_wconf 74' lang='lat' dir='ltr'><strong><em>Tlicodtitio</em></strong></span> <span class='ocrx_word' id='word_1_491' title='bbox 2962 2955 3140 3026; x_wconf 64' lang='lat' dir='ltr'><strong><em>ipsum</em></strong></span> <span class='ocrx_word' id='word_1_492' title='bbox 3175 2954 3401 3017; x_wconf 74' lang='lat' dir='ltr'><strong><em>Verbum</em></strong></span> <span class='ocrx_word' id='word_1_493' title='bbox 3437 2962 3738 3024; x_wconf 85' lang='lat' dir='ltr'><strong><em>posuerunt</em></strong></span> <span class='ocrx_word' id='word_1_494' title='bbox 3768 2952 3868 3017; x_wconf 76' lang='lat' dir='ltr'><strong><em>lie-</em></strong></span> 
     </span>
    </p>
   </div>
   <div class='ocr_carea' id='block_1_60' title="bbox 2270 3047 3869 3127">
    <p class='ocr_par' dir='ltr' id='par_1_60' title="bbox 2270 3047 3869 3127">
     <span class='ocr_line' id='line_1_60' title="bbox 2270 3047 3869 3127; baseline -0.004 -16"><span class='ocrx_word' id='word_1_495' title='bbox 2270 3050 2513 3113; x_wconf 77' lang='lat' dir='ltr'><strong><em>bruicntn</em></strong></span> <span class='ocrx_word' id='word_1_496' title='bbox 2543 3064 2639 3109; x_wconf 78' lang='lat' dir='ltr'><strong><em>sua</em></strong></span> <span class='ocrx_word' id='word_1_497' title='bbox 2669 3064 2807 3106; x_wconf 76' lang='lat' dir='ltr'><strong><em>ones</em></strong></span> <span class='ocrx_word' id='word_1_498' title='bbox 2828 3048 2979 3127; x_wconf 61' lang='grc' dir='ltr'><strong><em>(ΖΗΝ</em></strong></span> <span class='ocrx_word' id='word_1_499' title='bbox 3003 3050 3145 3120; x_wconf 58' lang='grc' dir='ltr'><strong><em>ηπ).</em></strong></span> <span class='ocrx_word' id='word_1_500' title='bbox 3171 3047 3277 3113; x_wconf 82' lang='lat' dir='ltr'><strong><em>Pro</em></strong></span> <span class='ocrx_word' id='word_1_501' title='bbox 3306 3064 3414 3123; x_wconf 83' lang='lat' dir='ltr'><strong><em>quo</em></strong></span> <span class='ocrx_word' id='word_1_502' title='bbox 3448 3047 3869 3119; x_wconf 73' lang='lat' dir='ltr'><strong><em>LXXiutertu-e-</em></strong></span> 
     </span>
    </p>
   </div>
   <div class='ocr_carea' id='block_1_61' title="bbox 2271 3140 3868 3212">
    <p class='ocr_par' dir='ltr' id='par_1_61' title="bbox 2271 3140 3868 3212">
     <span class='ocr_line' id='line_1_61' title="bbox 2271 3140 3868 3212; baseline -0.001 -16"><span class='ocrx_word' id='word_1_503' title='bbox 2271 3144 2367 3203; x_wconf 76' lang='lat' dir='ltr'><strong><em>tati</em></strong></span> <span class='ocrx_word' id='word_1_504' title='bbox 2400 3153 2547 3208; x_wconf 83' lang='lat' dir='ltr'><strong><em>sunt,</em></strong></span> <span class='ocrx_word' id='word_1_505' title='bbox 2572 3143 2740 3204; x_wconf 83' lang='lat' dir='ltr'><strong><em>locum</em></strong></span> <span class='ocrx_word' id='word_1_506' title='bbox 2766 3140 3111 3207; x_wconf 77' lang='lat' dir='ltr'><strong><em>tribulationis</em></strong></span> <span class='ocrx_word' id='word_1_507' title='bbox 3140 3156 3156 3205; x_wconf 74' lang='grc' dir='ltr'><strong><em>ε</em></strong></span> <span class='ocrx_word' id='word_1_508' title='bbox 3189 3140 3255 3196; x_wconf 89' lang='lat' dir='ltr'><strong><em>de</em></strong></span> <span class='ocrx_word' id='word_1_509' title='bbox 3284 3156 3392 3212; x_wconf 87' lang='lat' dir='ltr'><strong><em>quo</em></strong></span> <span class='ocrx_word' id='word_1_510' title='bbox 3424 3140 3479 3207; x_wconf 81' lang='lat' dir='ltr'><strong><em>in</em></strong></span> <span class='ocrx_word' id='word_1_511' title='bbox 3506 3155 3607 3196; x_wconf 91' lang='lat' dir='ltr'><strong><em>suo</em></strong></span> <span class='ocrx_word' id='word_1_512' title='bbox 3632 3140 3868 3197; x_wconf 85' lang='lat' dir='ltr'><strong><em>dicemus</em></strong></span> 
     </span>
    </p>
   </div>
   <div class='ocr_carea' id='block_1_62' title="bbox 556 3216 3865 3306">
    <p class='ocr_par' dir='ltr' id='par_1_62' title="bbox 556 3216 3865 3306">
     <span class='ocr_line' id='line_1_62' title="bbox 556 3216 3865 3306; baseline 0 -18"><span class='ocrx_word' id='word_1_513' title='bbox 556 3232 687 3288; x_wconf 89' lang='lat' dir='ltr'><strong><em>tulit</em></strong></span> <span class='ocrx_word' id='word_1_514' title='bbox 715 3248 909 3288; x_wconf 88' lang='lat' dir='ltr'><strong><em>aurum</em></strong></span> <span class='ocrx_word' id='word_1_515' title='bbox 942 3241 997 3289; x_wconf 88' lang='lat' dir='ltr'><strong><em>et</em></strong></span> <span class='ocrx_word' id='word_1_516' title='bbox 1021 3244 1337 3304; x_wconf 78' lang='lat' dir='ltr'><strong><em>argentum,</em></strong></span> <span class='ocrx_word' id='word_1_517' title='bbox 1364 3235 1510 3306; x_wconf 89' lang='lat' dir='ltr'><strong><em>quod</em></strong></span> <span class='ocrx_word' id='word_1_518' title='bbox 1540 3235 1820 3289; x_wconf 76' lang='lat' dir='ltr'><strong><em>inVentnm</em></strong></span> <span class='ocrx_word' id='word_1_519' title='bbox 1848 3234 2011 3291; x_wconf 91' lang='lat' dir='ltr'><strong><em>estin</em></strong></span> <span class='ocrx_word' id='word_1_520' title='bbox 2045 3234 2165 3295; x_wconf 85' lang='lat' dir='ltr'><strong><em>tlte-</em></strong></span> <span class='ocrx_word' id='word_1_521' title='bbox 2194 3216 2244 3287; x_wconf 73' lang='grc' dir='ltr'>Ο</span> <span class='ocrx_word' id='word_1_522' title='bbox 2275 3235 2416 3299; x_wconf 78' lang='lat' dir='ltr'><strong><em>loco.</em></strong></span> <span class='ocrx_word' id='word_1_523' title='bbox 2442 3234 2694 3301; x_wconf 87' lang='lat' dir='ltr'><strong><em>Diilicilc,</em></strong></span> <span class='ocrx_word' id='word_1_524' title='bbox 2724 3235 2919 3305; x_wconf 77' lang='lat' dir='ltr'><strong><em>inquit,</em></strong></span> <span class='ocrx_word' id='word_1_525' title='bbox 2944 3233 3043 3295; x_wconf 83' lang='lat' dir='ltr'><strong><em>tibi</em></strong></span> <span class='ocrx_word' id='word_1_526' title='bbox 3075 3232 3314 3301; x_wconf 78' lang='lat' dir='ltr'><strong><em>videtur,</em></strong></span> <span class='ocrx_word' id='word_1_527' title='bbox 3345 3248 3377 3289; x_wconf 92' lang='grc' dir='ltr'><strong>ο</strong></span> <span class='ocrx_word' id='word_1_528' title='bbox 3413 3234 3691 3297; x_wconf 75' lang='lat' dir='ltr'><strong><em>habitator</em></strong></span> <span class='ocrx_word' id='word_1_529' title='bbox 3720 3234 3865 3299; x_wconf 85' lang='lat' dir='ltr'><strong><em>Sion,</em></strong></span> 
     </span>
    </p>
   </div>
   <div class='ocr_carea' id='block_1_63' title="bbox 553 3324 2166 3409">
    <p class='ocr_par' dir='ltr' id='par_1_63' title="bbox 553 3324 2166 3409">
     <span class='ocr_line' id='line_1_63' title="bbox 553 3324 2166 3409; baseline 0.001 -28"><span class='ocrx_word' id='word_1_530' title='bbox 553 3325 735 3381; x_wconf 83' lang='lat' dir='ltr'><strong><em>sauris</em></strong></span> <span class='ocrx_word' id='word_1_531' title='bbox 764 3324 961 3381; x_wconf 89' lang='lat' dir='ltr'><strong><em>domus</em></strong></span> <span class='ocrx_word' id='word_1_532' title='bbox 992 3324 1233 3393; x_wconf 85' lang='lat' dir='ltr'><strong><em>Domini,</em></strong></span> <span class='ocrx_word' id='word_1_533' title='bbox 1258 3326 1388 3382; x_wconf 86' lang='lat' dir='ltr'><strong><em>etin</em></strong></span> <span class='ocrx_word' id='word_1_534' title='bbox 1411 3327 1572 3383; x_wconf 87' lang='lat' dir='ltr'><strong><em>domo</em></strong></span> <span class='ocrx_word' id='word_1_535' title='bbox 1593 3327 1740 3409; x_wconf 82' lang='lat' dir='ltr'><strong><em>regia</em></strong></span> <span class='ocrx_word' id='word_1_536' title='bbox 1766 3372 1779 3396; x_wconf 93' lang='lat'><strong><em>,</em></strong></span> <span class='ocrx_word' id='word_1_537' title='bbox 1807 3339 1861 3387; x_wconf 89' lang='lat' dir='ltr'><strong><em>et</em></strong></span> <span class='ocrx_word' id='word_1_538' title='bbox 1885 3329 2032 3382; x_wconf 82' lang='lat' dir='ltr'><strong><em>misit</em></strong></span> <span class='ocrx_word' id='word_1_539' title='bbox 2051 3327 2166 3402; x_wconf 87' lang='lat' dir='ltr'><strong><em>regi</em></strong></span> 
     </span>
    </p>
   </div>
   <div class='ocr_carea' id='block_1_64' title="bbox 556 3420 2161 3496">
    <p class='ocr_par' dir='ltr' id='par_1_64' title="bbox 556 3420 2161 3496">
     <span class='ocr_line' id='line_1_64' title="bbox 556 3420 2161 3496; baseline 0.001 -21"><span class='ocrx_word' id='word_1_540' title='bbox 556 3421 904 3493; x_wconf 76' lang='lat' dir='ltr'><strong><em>Assyriorum</em></strong></span> <span class='ocrx_word' id='word_1_541' title='bbox 949 3437 1199 3491; x_wconf 86' lang='lat' dir='ltr'><strong><em>munera,</em></strong></span> <span class='ocrx_word' id='word_1_542' title='bbox 1235 3420 1551 3493; x_wconf 75' lang='lat' dir='ltr'><strong><em>audivitque</em></strong></span> <span class='ocrx_word' id='word_1_543' title='bbox 1591 3436 1717 3479; x_wconf 89' lang='lat' dir='ltr'><strong><em>eum</em></strong></span> <span class='ocrx_word' id='word_1_544' title='bbox 1750 3438 1844 3478; x_wconf 90' lang='lat' dir='ltr'><strong><em>rex</em></strong></span> <span class='ocrx_word' id='word_1_545' title='bbox 1888 3422 2161 3496; x_wconf 79' lang='lat' dir='ltr'><strong><em>Assyrius,</em></strong></span> 
     </span>
    </p>
   </div>
   <div class='ocr_carea' id='block_1_65' title="bbox 555 3512 2162 3586">
    <p class='ocr_par' dir='ltr' id='par_1_65' title="bbox 555 3512 2162 3586">
     <span class='ocr_line' id='line_1_65' title="bbox 555 3512 2162 3586; baseline 0.002 -19"><span class='ocrx_word' id='word_1_546' title='bbox 555 3521 612 3567; x_wconf 92' lang='lat' dir='ltr'><strong><em>et</em></strong></span> <span class='ocrx_word' id='word_1_547' title='bbox 650 3513 800 3569; x_wconf 86' lang='lat' dir='ltr'><strong><em>venit</em></strong></span> <span class='ocrx_word' id='word_1_548' title='bbox 835 3513 889 3567; x_wconf 91' lang='lat' dir='ltr'><strong><em>iu</em></strong></span> <span class='ocrx_word' id='word_1_549' title='bbox 930 3512 1296 3580; x_wconf 84' lang='lat' dir='ltr'><strong><em>Damascum,</em></strong></span> <span class='ocrx_word' id='word_1_550' title='bbox 1330 3522 1386 3570; x_wconf 89' lang='lat' dir='ltr'><strong><em>et</em></strong></span> <span class='ocrx_word' id='word_1_551' title='bbox 1414 3514 1562 3586; x_wconf 89' lang='lat' dir='ltr'><strong><em>cepit</em></strong></span> <span class='ocrx_word' id='word_1_552' title='bbox 1593 3529 1735 3585; x_wconf 88' lang='lat' dir='ltr'><strong><em>eam,</em></strong></span> <span class='ocrx_word' id='word_1_553' title='bbox 1769 3524 1823 3572; x_wconf 90' lang='lat' dir='ltr'><strong><em>et</em></strong></span> <span class='ocrx_word' id='word_1_554' title='bbox 1850 3516 2162 3585; x_wconf 86' lang='lat' dir='ltr'><strong><em>transtulit,</em></strong></span> 
     </span>
    </p>
   </div>
   <div class='ocr_carea' id='block_1_66' title="bbox 559 3605 2164 3685">
    <p class='ocr_par' dir='ltr' id='par_1_66' title="bbox 559 3605 2164 3685">
     <span class='ocr_line' id='line_1_66' title="bbox 559 3605 2164 3685; baseline 0.001 -24"><span class='ocrx_word' id='word_1_555' title='bbox 559 3612 615 3661; x_wconf 89' lang='lat' dir='ltr'><strong><em>et</em></strong></span> <span class='ocrx_word' id='word_1_556' title='bbox 645 3605 812 3661; x_wconf 81' lang='lat' dir='ltr'><strong><em>Rasin</em></strong></span> <span class='ocrx_word' id='word_1_557' title='bbox 842 3605 1154 3671; x_wconf 81' lang='lat' dir='ltr'><strong><em>interfecit;</em></strong></span> <span class='ocrx_word' id='word_1_558' title='bbox 1188 3606 1283 3662; x_wconf 90' lang='lat' dir='ltr'><strong><em>sed</em></strong></span> <span class='ocrx_word' id='word_1_559' title='bbox 1316 3605 1531 3664; x_wconf 89' lang='lat' dir='ltr'><strong><em>liberati</em></strong></span> <span class='ocrx_word' id='word_1_560' title='bbox 1554 3606 1622 3665; x_wconf 86' lang='lat' dir='ltr'><strong><em>ab</em></strong></span> <span class='ocrx_word' id='word_1_561' title='bbox 1649 3608 1768 3679; x_wconf 82' lang='lat' dir='ltr'><strong><em>ipso</em></strong></span> <span class='ocrx_word' id='word_1_562' title='bbox 1792 3609 2016 3685; x_wconf 79' lang='lat' dir='ltr'><strong><em>Assyrio</em></strong></span> <span class='ocrx_word' id='word_1_563' title='bbox 2039 3625 2164 3680; x_wconf 87' lang='lat' dir='ltr'><strong><em>per-</em></strong></span> 
     </span>
    </p>
   </div>
   <div class='ocr_carea' id='block_1_67' title="bbox 566 3698 2170 3773">
    <p class='ocr_par' dir='ltr' id='par_1_67' title="bbox 566 3698 2170 3773">
     <span class='ocr_line' id='line_1_67' title="bbox 566 3698 2170 3773; baseline 0.001 -18"><span class='ocrx_word' id='word_1_564' title='bbox 566 3712 824 3769; x_wconf 88' lang='lat' dir='ltr'><strong><em>cussore,</em></strong></span> <span class='ocrx_word' id='word_1_565' title='bbox 884 3698 978 3772; x_wconf 84' lang='lat' dir='ltr'><strong><em>qui</em></strong></span> <span class='ocrx_word' id='word_1_566' title='bbox 1028 3700 1178 3772; x_wconf 87' lang='lat' dir='ltr'><strong><em>prius</em></strong></span> <span class='ocrx_word' id='word_1_567' title='bbox 1218 3701 1454 3770; x_wconf 82' lang='lat' dir='ltr'><strong><em>anticus,</em></strong></span> <span class='ocrx_word' id='word_1_568' title='bbox 1510 3712 1563 3757; x_wconf 90' lang='lat' dir='ltr'><strong><em>et</em></strong></span> <span class='ocrx_word' id='word_1_569' title='bbox 1613 3712 1799 3773; x_wconf 81' lang='lat' dir='ltr'><strong><em>postea</em></strong></span> <span class='ocrx_word' id='word_1_570' title='bbox 1850 3702 2026 3765; x_wconf 82' lang='lat' dir='ltr'><strong><em>bustis</em></strong></span> <span class='ocrx_word' id='word_1_571' title='bbox 2075 3717 2170 3769; x_wconf 74' lang='lat' dir='ltr'><strong><em>cx-</em></strong></span> 
     </span>
    </p>
   </div>
   <div class='ocr_carea' id='block_1_68' title="bbox 556 3791 2165 3871">
    <p class='ocr_par' dir='ltr' id='par_1_68' title="bbox 556 3791 2165 3871">
     <span class='ocr_line' id='line_1_68' title="bbox 556 3791 2165 3871; baseline 0.001 -23"><span class='ocrx_word' id='word_1_572' title='bbox 556 3792 773 3848; x_wconf 86' lang='lat' dir='ltr'><strong><em>stiterat</em></strong></span> <span class='ocrx_word' id='word_1_573' title='bbox 794 3834 809 3858; x_wconf 93' lang='lat'><strong><em>,</em></strong></span> <span class='ocrx_word' id='word_1_574' title='bbox 841 3793 1147 3848; x_wconf 80' lang='lat' dir='ltr'><strong><em>innitentur</em></strong></span> <span class='ocrx_word' id='word_1_575' title='bbox 1178 3806 1342 3865; x_wconf 86' lang='lat' dir='ltr'><strong><em>atque</em></strong></span> <span class='ocrx_word' id='word_1_576' title='bbox 1378 3791 1654 3851; x_wconf 80' lang='lat' dir='ltr'><strong><em>conﬁdent</em></strong></span> <span class='ocrx_word' id='word_1_577' title='bbox 1684 3809 1847 3871; x_wconf 89' lang='lat' dir='ltr'><strong><em>super</em></strong></span> <span class='ocrx_word' id='word_1_578' title='bbox 1877 3793 2165 3855; x_wconf 80' lang='lat' dir='ltr'><strong><em>Dominum</em></strong></span> 
     </span>
    </p>
   </div>
   <div class='ocr_carea' id='block_1_69' title="bbox 554 3884 2167 3959">
    <p class='ocr_par' dir='ltr' id='par_1_69' title="bbox 554 3884 2167 3959">
     <span class='ocr_line' id='line_1_69' title="bbox 554 3884 2167 3959; baseline -0.001 -16"><span class='ocrx_word' id='word_1_579' title='bbox 554 3895 803 3943; x_wconf 89' lang='lat' dir='ltr'><strong><em>sanctum</em></strong></span> <span class='ocrx_word' id='word_1_580' title='bbox 843 3884 1008 3942; x_wconf 88' lang='lat' dir='ltr'><strong><em>lsrael</em></strong></span> <span class='ocrx_word' id='word_1_581' title='bbox 1033 3930 1047 3954; x_wconf 90' lang='lat'><strong><em>,</em></strong></span> <span class='ocrx_word' id='word_1_582' title='bbox 1082 3900 1424 3956; x_wconf 75' lang='lat' dir='ltr'><strong><em>nequaquam</em></strong></span> <span class='ocrx_word' id='word_1_583' title='bbox 1457 3885 1628 3955; x_wconf 79' lang='lat' dir='ltr'><strong><em>falso,</em></strong></span> <span class='ocrx_word' id='word_1_584' title='bbox 1662 3899 1719 3943; x_wconf 90' lang='lat' dir='ltr'><strong><em>ut</em></strong></span> <span class='ocrx_word' id='word_1_585' title='bbox 1749 3887 1851 3942; x_wconf 83' lang='lat' dir='ltr'><strong><em>sub</em></strong></span> <span class='ocrx_word' id='word_1_586' title='bbox 1894 3888 2167 3959; x_wconf 86' lang='lat' dir='ltr'><strong><em>prioribus</em></strong></span> 
     </span>
    </p>
   </div>
   <div class='ocr_carea' id='block_1_70' title="bbox 557 3978 2167 4053">
    <p class='ocr_par' dir='ltr' id='par_1_70' title="bbox 557 3978 2167 4053">
     <span class='ocr_line' id='line_1_70' title="bbox 557 3978 2167 4053; baseline 0.002 -19"><span class='ocrx_word' id='word_1_587' title='bbox 557 3979 807 4037; x_wconf 77' lang='lat' dir='ltr'><strong><em>fecerant</em></strong></span> <span class='ocrx_word' id='word_1_588' title='bbox 833 3978 1056 4051; x_wconf 84' lang='lat' dir='ltr'><strong><em>regibus</em></strong></span> <span class='ocrx_word' id='word_1_589' title='bbox 1077 4024 1090 4047; x_wconf 89' lang='lat'><strong><em>,</em></strong></span> <span class='ocrx_word' id='word_1_590' title='bbox 1127 3978 1225 4036; x_wconf 91' lang='lat' dir='ltr'><strong><em>sed</em></strong></span> <span class='ocrx_word' id='word_1_591' title='bbox 1255 3980 1307 4035; x_wconf 90' lang='lat' dir='ltr'><strong><em>in</em></strong></span> <span class='ocrx_word' id='word_1_592' title='bbox 1338 3981 1585 4036; x_wconf 83' lang='lat' dir='ltr'><strong><em>veritate.</em></strong></span> <span class='ocrx_word' id='word_1_593' title='bbox 1617 3980 1775 4053; x_wconf 87' lang='lat' dir='ltr'><strong><em>Quod</em></strong></span> <span class='ocrx_word' id='word_1_594' title='bbox 1805 3981 1906 4039; x_wconf 88' lang='lat' dir='ltr'><strong><em>sub</em></strong></span> <span class='ocrx_word' id='word_1_595' title='bbox 1939 3981 2167 4049; x_wconf 77' lang='lat' dir='ltr'><strong><em>Ezechia</em></strong></span> 
     </span>
    </p>
   </div>
   <div class='ocr_carea' id='block_1_71' title="bbox 553 4072 2170 4144">
    <p class='ocr_par' dir='ltr' id='par_1_71' title="bbox 553 4072 2170 4144">
     <span class='ocr_line' id='line_1_71' title="bbox 553 4072 2170 4144; baseline 0.002 -16"><span class='ocrx_word' id='word_1_596' title='bbox 553 4073 758 4129; x_wconf 76' lang='lat' dir='ltr'><strong><em>factum</em></strong></span> <span class='ocrx_word' id='word_1_597' title='bbox 791 4073 1063 4144; x_wconf 85' lang='lat' dir='ltr'><strong><em>legimus:</em></strong></span> <span class='ocrx_word' id='word_1_598' title='bbox 1095 4075 1167 4128; x_wconf 89' lang='lat' dir='ltr'><strong><em>ita</em></strong></span> <span class='ocrx_word' id='word_1_599' title='bbox 1200 4084 1260 4128; x_wconf 92' lang='lat' dir='ltr'><strong><em>ut</em></strong></span> <span class='ocrx_word' id='word_1_600' title='bbox 1290 4072 1450 4129; x_wconf 83' lang='lat' dir='ltr'><strong><em>idolis</em></strong></span> <span class='ocrx_word' id='word_1_601' title='bbox 1481 4073 1795 4144; x_wconf 87' lang='lat' dir='ltr'><strong><em>derelictis,</em></strong></span> <span class='ocrx_word' id='word_1_602' title='bbox 1830 4085 1854 4112; x_wconf 72' lang='grc' dir='ltr'>η</span> <span class='ocrx_word' id='word_1_603' title='bbox 1884 4084 2170 4132; x_wconf 82' lang='lat' dir='ltr'><strong><em>converte-</em></strong></span> 
     </span>
    </p>
   </div>
   <div class='ocr_carea' id='block_1_72' title="bbox 560 4164 2169 4249">
    <p class='ocr_par' dir='ltr' id='par_1_72' title="bbox 560 4164 2169 4249">
     <span class='ocr_line' id='line_1_72' title="bbox 560 4164 2169 4249; baseline 0.002 -27"><span class='ocrx_word' id='word_1_604' title='bbox 560 4177 754 4223; x_wconf 86' lang='lat' dir='ltr'><strong><em>rentur</em></strong></span> <span class='ocrx_word' id='word_1_605' title='bbox 782 4164 849 4220; x_wconf 86' lang='lat' dir='ltr'><strong><em>ad</em></strong></span> <span class='ocrx_word' id='word_1_606' title='bbox 880 4166 1084 4220; x_wconf 90' lang='lat' dir='ltr'><strong><em>cultum</em></strong></span> <span class='ocrx_word' id='word_1_607' title='bbox 1122 4164 1235 4220; x_wconf 82' lang='lat' dir='ltr'><strong><em>Dei.</em></strong></span> <span class='ocrx_word' id='word_1_608' title='bbox 1271 4166 1332 4221; x_wconf 87' lang='lat' dir='ltr'><strong><em>Et</em></strong></span> <span class='ocrx_word' id='word_1_609' title='bbox 1362 4166 1486 4236; x_wconf 87' lang='lat' dir='ltr'><strong><em>quia</em></strong></span> <span class='ocrx_word' id='word_1_610' title='bbox 1512 4166 1728 4223; x_wconf 79' lang='lat' dir='ltr'><strong><em>dixerat</em></strong></span> <span class='ocrx_word' id='word_1_611' title='bbox 1756 4168 2015 4249; x_wconf 83' lang='lat' dir='ltr'><strong><em>reliquias</em></strong></span> <span class='ocrx_word' id='word_1_612' title='bbox 2044 4184 2169 4227; x_wconf 85' lang='lat' dir='ltr'><strong><em>esse</em></strong></span> 
     </span>
    </p>
   </div>
   <div class='ocr_carea' id='block_1_73' title="bbox 559 4256 2165 4332">
    <p class='ocr_par' dir='ltr' id='par_1_73' title="bbox 559 4256 2165 4332">
     <span class='ocr_line' id='line_1_73' title="bbox 559 4256 2165 4332; baseline 0.001 -17"><span class='ocrx_word' id='word_1_613' title='bbox 559 4257 851 4316; x_wconf 81' lang='lat' dir='ltr'><strong><em>salvandas</em></strong></span> <span class='ocrx_word' id='word_1_614' title='bbox 871 4297 887 4324; x_wconf 88' lang='lat'><strong><em>,</em></strong></span> <span class='ocrx_word' id='word_1_615' title='bbox 917 4256 1113 4313; x_wconf 80' lang='lat' dir='ltr'><strong><em>transit</em></strong></span> <span class='ocrx_word' id='word_1_616' title='bbox 1138 4257 1202 4312; x_wconf 89' lang='lat' dir='ltr'><strong><em>ad</em></strong></span> <span class='ocrx_word' id='word_1_617' title='bbox 1230 4259 1530 4329; x_wconf 87' lang='lat' dir='ltr'><strong><em>posteriora</em></strong></span> <span class='ocrx_word' id='word_1_618' title='bbox 1561 4269 1802 4330; x_wconf 86' lang='lat' dir='ltr'><strong><em>tempora</em></strong></span> <span class='ocrx_word' id='word_1_619' title='bbox 1823 4302 1839 4329; x_wconf 86' lang='lat'><strong><em>,</em></strong></span> <span class='ocrx_word' id='word_1_620' title='bbox 1867 4272 1923 4316; x_wconf 87' lang='lat' dir='ltr'><strong><em>et</em></strong></span> <span class='ocrx_word' id='word_1_621' title='bbox 1949 4261 2165 4332; x_wconf 89' lang='lat' dir='ltr'><strong><em>plenam</em></strong></span> 
     </span>
    </p>
   </div>
   <div class='ocr_carea' id='block_1_74' title="bbox 561 4345 2167 4425">
    <p class='ocr_par' dir='ltr' id='par_1_74' title="bbox 561 4345 2167 4425">
     <span class='ocr_line' id='line_1_74' title="bbox 561 4345 2167 4425; baseline -0.001 -18"><span class='ocrx_word' id='word_1_622' title='bbox 561 4351 920 4407; x_wconf 83' lang='lat' dir='ltr'><strong><em>salvationent</em></strong></span> <span class='ocrx_word' id='word_1_623' title='bbox 960 4348 1197 4403; x_wconf 75' lang='lat' dir='ltr'><strong><em>futuram</em></strong></span> <span class='ocrx_word' id='word_1_624' title='bbox 1238 4347 1368 4403; x_wconf 88' lang='lat' dir='ltr'><strong><em>dicit</em></strong></span> <span class='ocrx_word' id='word_1_625' title='bbox 1414 4366 1537 4413; x_wconf 87' lang='lat' dir='ltr'><strong><em>esse</em></strong></span> <span class='ocrx_word' id='word_1_626' title='bbox 1581 4350 1682 4407; x_wconf 91' lang='lat' dir='ltr'><strong><em>sub</em></strong></span> <span class='ocrx_word' id='word_1_627' title='bbox 1721 4345 1961 4407; x_wconf 77' lang='lat' dir='ltr'><strong><em>Christo.</em></strong></span> <span class='ocrx_word' id='word_1_628' title='bbox 2011 4352 2167 4425; x_wconf 83' lang='lat' dir='ltr'><strong><em>Quod</em></strong></span> 
     </span>
    </p>
   </div>
   <div class='ocr_carea' id='block_1_75' title="bbox 563 4440 2168 4513">
    <p class='ocr_par' dir='ltr' id='par_1_75' title="bbox 563 4440 2168 4513">
     <span class='ocr_line' id='line_1_75' title="bbox 563 4440 2168 4513; baseline 0.001 -13"><span class='ocrx_word' id='word_1_629' title='bbox 563 4453 619 4500; x_wconf 78' lang='lat' dir='ltr'><strong><em>et</em></strong></span> <span class='ocrx_word' id='word_1_630' title='bbox 646 4443 927 4513; x_wconf 76' lang='lat' dir='ltr'><strong><em>apostolus</em></strong></span> <span class='ocrx_word' id='word_1_631' title='bbox 967 4440 1171 4497; x_wconf 79' lang='lat' dir='ltr'><strong><em>Paulus</em></strong></span> <span class='ocrx_word' id='word_1_632' title='bbox 1202 4441 1507 4512; x_wconf 83' lang='lat' dir='ltr'><strong><em>intelligens</em></strong></span> <span class='ocrx_word' id='word_1_633' title='bbox 1540 4442 1727 4498; x_wconf 86' lang='lat' dir='ltr'><strong><em>scribit</em></strong></span> <span class='ocrx_word' id='word_1_634' title='bbox 1757 4442 1821 4498; x_wconf 86' lang='lat' dir='ltr'><strong><em>ad</em></strong></span> <span class='ocrx_word' id='word_1_635' title='bbox 1852 4440 2126 4507; x_wconf 73' lang='lat' dir='ltr'><strong><em>Romanos</em></strong></span> <span class='ocrx_word' id='word_1_636' title='bbox 2153 4462 2168 4502; x_wconf 89' lang='lat'><strong>:</strong></span> 
     </span>
    </p>
   </div>
   <div class='ocr_carea' id='block_1_76' title="bbox 563 4532 2169 4611">
    <p class='ocr_par' dir='ltr' id='par_1_76' title="bbox 563 4532 2169 4611">
     <span class='ocr_line' id='line_1_76' title="bbox 563 4532 2169 4611; baseline 0 -19"><span class='ocrx_word' id='word_1_637' title='bbox 563 4537 737 4594; x_wconf 87' lang='lat' dir='ltr'><strong><em>Isaias</em></strong></span> <span class='ocrx_word' id='word_1_638' title='bbox 775 4546 947 4591; x_wconf 88' lang='lat' dir='ltr'><strong><em>autem</em></strong></span> <span class='ocrx_word' id='word_1_639' title='bbox 985 4533 1177 4589; x_wconf 89' lang='lat' dir='ltr'><strong><em>clamat</em></strong></span> <span class='ocrx_word' id='word_1_640' title='bbox 1201 4552 1295 4608; x_wconf 89' lang='lat' dir='ltr'><strong><em>pro</em></strong></span> <span class='ocrx_word' id='word_1_641' title='bbox 1327 4532 1519 4590; x_wconf 82' lang='lat' dir='ltr'><strong><em>Israel.</em></strong></span> <span class='ocrx_word' id='word_1_642' title='bbox 1563 4536 1625 4591; x_wconf 87' lang='lat' dir='ltr'><strong><em>Si</em></strong></span> <span class='ocrx_word' id='word_1_643' title='bbox 1652 4538 1807 4609; x_wconf 83' lang='lat' dir='ltr'><strong><em>fuerit</em></strong></span> <span class='ocrx_word' id='word_1_644' title='bbox 1834 4554 2077 4593; x_wconf 78' lang='lat' dir='ltr'><strong><em>numerus</em></strong></span> <span class='ocrx_word' id='word_1_645' title='bbox 2103 4540 2169 4611; x_wconf 78' lang='lat' dir='ltr'><strong><em>fi-</em></strong></span> 
     </span>
    </p>
   </div>
   <div class='ocr_carea' id='block_1_77' title="bbox 560 4627 2167 4707">
    <p class='ocr_par' dir='ltr' id='par_1_77' title="bbox 560 4627 2167 4707">
     <span class='ocr_line' id='line_1_77' title="bbox 560 4627 2167 4707; baseline 0.001 -24"><span class='ocrx_word' id='word_1_646' title='bbox 560 4630 757 4685; x_wconf 83' lang='lat' dir='ltr'><strong><em>liorum</em></strong></span> <span class='ocrx_word' id='word_1_647' title='bbox 797 4627 969 4684; x_wconf 87' lang='lat' dir='ltr'><strong><em>Israel</em></strong></span> <span class='ocrx_word' id='word_1_648' title='bbox 1008 4642 1275 4701; x_wconf 87' lang='lat' dir='ltr'><strong><em>tamquam</em></strong></span> <span class='ocrx_word' id='word_1_649' title='bbox 1314 4645 1475 4683; x_wconf 87' lang='lat' dir='ltr'><strong><em>arena</em></strong></span> <span class='ocrx_word' id='word_1_650' title='bbox 1517 4631 1709 4696; x_wconf 88' lang='lat' dir='ltr'><strong><em>maris,</em></strong></span> <span class='ocrx_word' id='word_1_651' title='bbox 1742 4630 1975 4707; x_wconf 80' lang='lat' dir='ltr'><strong><em>reliquire</em></strong></span> <span class='ocrx_word' id='word_1_652' title='bbox 2011 4631 2167 4690; x_wconf 68' lang='lat' dir='ltr'><strong><em>salvis</em></strong></span> 
     </span>
    </p>
   </div>
   <div class='ocr_carea' id='block_1_78' title="bbox 561 4720 2162 4797">
    <p class='ocr_par' dir='ltr' id='par_1_78' title="bbox 561 4720 2162 4797">
     <span class='ocr_line' id='line_1_78' title="bbox 561 4720 2162 4797; baseline 0.001 -20"><span class='ocrx_word' id='word_1_653' title='bbox 561 4724 707 4793; x_wconf 84' lang='lat' dir='ltr'><strong><em>fient.</em></strong></span> <span class='ocrx_word' id='word_1_654' title='bbox 736 4720 960 4777; x_wconf 80' lang='lat' dir='ltr'><strong><em>Verbum</em></strong></span> <span class='ocrx_word' id='word_1_655' title='bbox 986 4722 1121 4775; x_wconf 84' lang='lat' dir='ltr'><strong><em>enim</em></strong></span> <span class='ocrx_word' id='word_1_656' title='bbox 1150 4736 1454 4787; x_wconf 80' lang='lat' dir='ltr'><strong><em>consumens</em></strong></span> <span class='ocrx_word' id='word_1_657' title='bbox 1477 4732 1522 4777; x_wconf 89' lang='lat' dir='ltr'><strong><em>et</em></strong></span> <span class='ocrx_word' id='word_1_658' title='bbox 1556 4721 1791 4785; x_wconf 82' lang='lat' dir='ltr'><strong><em>brerians</em></strong></span> <span class='ocrx_word' id='word_1_659' title='bbox 1818 4725 1871 4778; x_wconf 89' lang='lat' dir='ltr'><strong><em>in</em></strong></span> <span class='ocrx_word' id='word_1_660' title='bbox 1901 4726 2162 4797; x_wconf 71' lang='lat' dir='ltr'><strong><em>(equitate,</em></strong></span> 
     </span>
    </p>
   </div>
   <div class='ocr_carea' id='block_1_79' title="bbox 560 4811 2165 4893">
    <p class='ocr_par' dir='ltr' id='par_1_79' title="bbox 560 4811 2165 4893">
     <span class='ocr_line' id='line_1_79' title="bbox 560 4811 2165 4893; baseline 0.002 -22"><span class='ocrx_word' id='word_1_661' title='bbox 560 4817 686 4885; x_wconf 85' lang='lat' dir='ltr'><strong><em>quia</em></strong></span> <span class='ocrx_word' id='word_1_662' title='bbox 724 4814 929 4871; x_wconf 81' lang='lat' dir='ltr'><strong><em>verbum</em></strong></span> <span class='ocrx_word' id='word_1_663' title='bbox 967 4813 1259 4869; x_wconf 87' lang='lat' dir='ltr'><strong><em>breviatum</em></strong></span> <span class='ocrx_word' id='word_1_664' title='bbox 1296 4814 1448 4885; x_wconf 83' lang='lat' dir='ltr'><strong><em>faciet</em></strong></span> <span class='ocrx_word' id='word_1_665' title='bbox 1486 4811 1743 4872; x_wconf 83' lang='lat' dir='ltr'><strong><em>Dominus</em></strong></span> <span class='ocrx_word' id='word_1_666' title='bbox 1780 4834 1937 4893; x_wconf 84' lang='lat' dir='ltr'><strong><em>super</em></strong></span> <span class='ocrx_word' id='word_1_667' title='bbox 1974 4829 2165 4876; x_wconf 87' lang='lat' dir='ltr'><strong><em>terram</em></strong></span> 
     </span>
    </p>
   </div>
   <div class='ocr_carea' id='block_1_80' title="bbox 564 4908 2168 4983">
    <p class='ocr_par' dir='ltr' id='par_1_80' title="bbox 564 4908 2168 4983">
     <span class='ocr_line' id='line_1_80' title="bbox 564 4908 2168 4983; baseline 0.004 -18"><span class='ocrx_word' id='word_1_668' title='bbox 564 4909 743 4983; x_wconf 73' lang='lat' dir='ltr'><strong><em>(Rom.</em></strong></span> <span class='ocrx_word' id='word_1_669' title='bbox 770 4909 993 4975; x_wconf 70' lang='lat' dir='ltr'><strong><em>tx,27).</em></strong></span> <span class='ocrx_word' id='word_1_670' title='bbox 1038 4908 1106 4964; x_wconf 84' lang='lat' dir='ltr'><strong><em>Et</em></strong></span> <span class='ocrx_word' id='word_1_671' title='bbox 1159 4909 1298 4964; x_wconf 88' lang='lat' dir='ltr'><strong><em>sicut</em></strong></span> <span class='ocrx_word' id='word_1_672' title='bbox 1339 4910 1473 4966; x_wconf 85' lang='lat' dir='ltr'><strong><em>dixit</em></strong></span> <span class='ocrx_word' id='word_1_673' title='bbox 1512 4909 1716 4969; x_wconf 76' lang='lat' dir='ltr'><strong><em>Isaias:</em></strong></span> <span class='ocrx_word' id='word_1_674' title='bbox 1764 4911 1883 4967; x_wconf 83' lang='lat' dir='ltr'><strong><em>Nisi</em></strong></span> <span class='ocrx_word' id='word_1_675' title='bbox 1913 4913 2168 4979; x_wconf 80' lang='lat' dir='ltr'><strong><em>Dominus</em></strong></span> 
     </span>
    </p>
   </div>
   <div class='ocr_carea' id='block_1_81' title="bbox 559 5001 2166 5081">
    <p class='ocr_par' dir='ltr' id='par_1_81' title="bbox 559 5001 2166 5081">
     <span class='ocr_line' id='line_1_81' title="bbox 559 5001 2166 5081; baseline 0.002 -20"><span class='ocrx_word' id='word_1_676' title='bbox 559 5003 777 5061; x_wconf 81' lang='lat' dir='ltr'><strong><em>sabaoth</em></strong></span> <span class='ocrx_word' id='word_1_677' title='bbox 815 5001 1109 5073; x_wconf 72' lang='lat' dir='ltr'><strong><em>reliquisset</em></strong></span> <span class='ocrx_word' id='word_1_678' title='bbox 1150 5002 1295 5059; x_wconf 89' lang='lat' dir='ltr'><strong><em>nobis</em></strong></span> <span class='ocrx_word' id='word_1_679' title='bbox 1333 5020 1536 5071; x_wconf 88' lang='lat' dir='ltr'><strong><em>semen,</em></strong></span> <span class='ocrx_word' id='word_1_680' title='bbox 1576 5006 1711 5061; x_wconf 79' lang='lat' dir='ltr'><strong><em>sicut</em></strong></span> <span class='ocrx_word' id='word_1_681' title='bbox 1757 5005 1990 5063; x_wconf 77' lang='lat' dir='ltr'><strong><em>Sodoma</em></strong></span> <span class='ocrx_word' id='word_1_682' title='bbox 2039 5010 2166 5081; x_wconf 76' lang='lat' dir='ltr'><strong><em>facti</em></strong></span> 
     </span>
    </p>
   </div>
   <div class='ocr_carea' id='block_1_82' title="bbox 554 5092 2160 5174">
    <p class='ocr_par' dir='ltr' id='par_1_82' title="bbox 554 5092 2160 5174">
     <span class='ocr_line' id='line_1_82' title="bbox 554 5092 2160 5174; baseline 0.005 -23"><span class='ocrx_word' id='word_1_683' title='bbox 554 5104 786 5152; x_wconf 84' lang='lat' dir='ltr'><strong><em>essemus</em></strong></span> <span class='ocrx_word' id='word_1_684' title='bbox 805 5137 820 5161; x_wconf 91' lang='lat'><strong><em>,</em></strong></span> <span class='ocrx_word' id='word_1_685' title='bbox 844 5102 892 5150; x_wconf 89' lang='lat' dir='ltr'><strong><em>et</em></strong></span> <span class='ocrx_word' id='word_1_686' title='bbox 912 5092 1220 5151; x_wconf 72' lang='lat' dir='ltr'><strong><em>Gomorrlta:</em></strong></span> <span class='ocrx_word' id='word_1_687' title='bbox 1243 5096 1439 5151; x_wconf 88' lang='lat' dir='ltr'><strong><em>similes</em></strong></span> <span class='ocrx_word' id='word_1_688' title='bbox 1467 5096 1747 5167; x_wconf 79' lang='lat' dir='ltr'><strong><em>fuissemus</em></strong></span> <span class='ocrx_word' id='word_1_689' title='bbox 1771 5098 1791 5171; x_wconf 93' lang='lat'><strong>(</strong></span> <span class='ocrx_word' id='word_1_690' title='bbox 1812 5097 1944 5156; x_wconf 87' lang='lat' dir='ltr'><strong><em>lsai.</em></strong></span> <span class='ocrx_word' id='word_1_691' title='bbox 1975 5117 1992 5156; x_wconf 87' lang='grc' dir='ltr'><strong>ι</strong></span> <span class='ocrx_word' id='word_1_692' title='bbox 2014 5145 2028 5167; x_wconf 84' lang='grc'><strong>.</strong></span> <span class='ocrx_word' id='word_1_693' title='bbox 2064 5101 2160 5174; x_wconf 84' lang='lat'><strong><em>9).</em></strong></span> 
     </span>
    </p>
   </div>
   <div class='ocr_carea' id='block_1_83' title="bbox 556 5188 2161 5264">
    <p class='ocr_par' dir='ltr' id='par_1_83' title="bbox 556 5188 2161 5264">
     <span class='ocr_line' id='line_1_83' title="bbox 556 5188 2161 5264; baseline 0.003 -17"><span class='ocrx_word' id='word_1_694' title='bbox 556 5190 660 5249; x_wconf 80' lang='lat' dir='ltr'><strong><em>libi</em></strong></span> <span class='ocrx_word' id='word_1_695' title='bbox 700 5206 834 5263; x_wconf 90' lang='lat' dir='ltr'><strong><em>ergo</em></strong></span> <span class='ocrx_word' id='word_1_696' title='bbox 865 5188 997 5245; x_wconf 87' lang='lat' dir='ltr'><strong><em>tanti</em></strong></span> <span class='ocrx_word' id='word_1_697' title='bbox 1029 5188 1125 5244; x_wconf 72' lang='lat' dir='ltr'><strong><em>viri</em></strong></span> <span class='ocrx_word' id='word_1_698' title='bbox 1167 5191 1423 5261; x_wconf 70' lang='lat' dir='ltr'><strong><em>praecedit</em></strong></span> <span class='ocrx_word' id='word_1_699' title='bbox 1458 5192 1759 5255; x_wconf 79' lang='lat' dir='ltr'><strong><em>auctoritas</em></strong></span> <span class='ocrx_word' id='word_1_700' title='bbox 1784 5237 1798 5264; x_wconf 89' lang='lat'><strong><em>,</em></strong></span> <span class='ocrx_word' id='word_1_701' title='bbox 1842 5205 2020 5251; x_wconf 88' lang='lat' dir='ltr'><strong><em>cesset</em></strong></span> <span class='ocrx_word' id='word_1_702' title='bbox 2056 5197 2161 5263; x_wconf 82' lang='lat' dir='ltr'><strong><em>alia</em></strong></span> 
     </span>
    </p>
   </div>
   <div class='ocr_carea' id='block_1_84' title="bbox 550 5281 2157 5359">
    <p class='ocr_par' dir='ltr' id='par_1_84' title="bbox 550 5281 2157 5359">
     <span class='ocr_line' id='line_1_84' title="bbox 550 5281 2157 5359; baseline 0.001 -18"><span class='ocrx_word' id='word_1_703' title='bbox 550 5285 736 5341; x_wconf 88' lang='lat' dir='ltr'><strong><em>omnis</em></strong></span> <span class='ocrx_word' id='word_1_704' title='bbox 763 5284 1164 5355; x_wconf 85' lang='lat' dir='ltr'><strong><em>interpretatio.</em></strong></span> <span class='ocrx_word' id='word_1_705' title='bbox 1199 5281 1268 5338; x_wconf 83' lang='lat' dir='ltr'><strong><em>Et</em></strong></span> <span class='ocrx_word' id='word_1_706' title='bbox 1300 5299 1488 5345; x_wconf 74' lang='lat' dir='ltr'><strong><em>revera</em></strong></span> <span class='ocrx_word' id='word_1_707' title='bbox 1520 5282 1564 5338; x_wconf 89' lang='lat' dir='ltr'><strong><em>si</em></strong></span> <span class='ocrx_word' id='word_1_708' title='bbox 1595 5284 1835 5356; x_wconf 80' lang='lat' dir='ltr'><strong><em>lcgamns</em></strong></span> <span class='ocrx_word' id='word_1_709' title='bbox 1862 5285 2157 5359; x_wconf 81' lang='lat' dir='ltr'><strong><em>Jusepltum</em></strong></span> 
     </span>
    </p>
   </div>
   <div class='ocr_carea' id='block_1_85' title="bbox 551 5378 2163 5455">
    <p class='ocr_par' dir='ltr' id='par_1_85' title="bbox 551 5378 2163 5455">
     <span class='ocr_line' id='line_1_85' title="bbox 551 5378 2163 5455; baseline 0.002 -20"><span class='ocrx_word' id='word_1_710' title='bbox 551 5380 666 5455; x_wconf 83' lang='lat' dir='ltr'><strong><em>(lib.</em></strong></span> <span class='ocrx_word' id='word_1_711' title='bbox 691 5397 746 5448; x_wconf 93' lang='lat' dir='ltr'><strong><em>x,</em></strong></span> <span class='ocrx_word' id='word_1_712' title='bbox 772 5380 953 5454; x_wconf 63' lang='grc' dir='ltr'><strong><em>σαμε)</em></strong></span> <span class='ocrx_word' id='word_1_713' title='bbox 975 5424 989 5449; x_wconf 85' lang='grc'><em>,</em></span> <span class='ocrx_word' id='word_1_714' title='bbox 1024 5391 1078 5437; x_wconf 86' lang='grc' dir='ltr'>ει</span> <span class='ocrx_word' id='word_1_715' title='bbox 1105 5388 1307 5453; x_wconf 79' lang='lat' dir='ltr'><strong><em>quanta</em></strong></span> <span class='ocrx_word' id='word_1_716' title='bbox 1339 5378 1620 5434; x_wconf 87' lang='lat' dir='ltr'><strong><em>hominum</em></strong></span> <span class='ocrx_word' id='word_1_717' title='bbox 1652 5381 1705 5435; x_wconf 91' lang='lat' dir='ltr'><strong><em>in</em></strong></span> <span class='ocrx_word' id='word_1_718' title='bbox 1738 5381 2071 5455; x_wconf 81' lang='lat' dir='ltr'><strong><em>Jerusalem,</em></strong></span> <span class='ocrx_word' id='word_1_719' title='bbox 2106 5393 2163 5443; x_wconf 84' lang='lat' dir='ltr'><strong><em>et</em></strong></span> 
     </span>
    </p>
   </div>
   <div class='ocr_carea' id='block_1_86' title="bbox 548 5472 2162 5553">
    <p class='ocr_par' dir='ltr' id='par_1_86' title="bbox 548 5472 2162 5553">
     <span class='ocr_line' id='line_1_86' title="bbox 548 5472 2162 5553; baseline 0.002 -26"><span class='ocrx_word' id='word_1_720' title='bbox 548 5474 605 5528; x_wconf 90' lang='lat' dir='ltr'><strong><em>in</em></strong></span> <span class='ocrx_word' id='word_1_721' title='bbox 636 5472 825 5529; x_wconf 70' lang='lat' dir='ltr'><strong><em>indica</em></strong></span> <span class='ocrx_word' id='word_1_722' title='bbox 854 5472 1020 5530; x_wconf 78' lang='lat' dir='ltr'><strong><em>fuerit</em></strong></span> <span class='ocrx_word' id='word_1_723' title='bbox 1051 5472 1362 5539; x_wconf 88' lang='lat' dir='ltr'><strong><em>multitudo,</em></strong></span> <span class='ocrx_word' id='word_1_724' title='bbox 1399 5473 1620 5553; x_wconf 83' lang='lat' dir='ltr'><strong><em>quando</em></strong></span> <span class='ocrx_word' id='word_1_725' title='bbox 1652 5487 1844 5543; x_wconf 65' lang='lat' dir='ltr'><strong><em>passus</em></strong></span> <span class='ocrx_word' id='word_1_726' title='bbox 1872 5484 1955 5529; x_wconf 89' lang='lat' dir='ltr'><strong><em>est</em></strong></span> <span class='ocrx_word' id='word_1_727' title='bbox 1984 5475 2162 5531; x_wconf 78' lang='lat' dir='ltr'><strong><em>Domi.—</em></strong></span> 
     </span>
    </p>
   </div>
   <div class='ocr_carea' id='block_1_87' title="bbox 547 5564 2156 5641">
    <p class='ocr_par' dir='ltr' id='par_1_87' title="bbox 547 5564 2156 5641">
     <span class='ocr_line' id='line_1_87' title="bbox 547 5564 2156 5641; baseline 0.004 -22"><span class='ocrx_word' id='word_1_728' title='bbox 547 5578 687 5632; x_wconf 87' lang='lat' dir='ltr'><strong><em>nus;</em></strong></span> <span class='ocrx_word' id='word_1_729' title='bbox 722 5566 1079 5641; x_wconf 86' lang='lat' dir='ltr'><strong><em>intelligimus</em></strong></span> <span class='ocrx_word' id='word_1_730' title='bbox 1108 5581 1195 5621; x_wconf 81' lang='lat' dir='ltr'><strong><em>vix</em></strong></span> <span class='ocrx_word' id='word_1_731' title='bbox 1230 5579 1430 5637; x_wconf 87' lang='lat' dir='ltr'><strong><em>paucos</em></strong></span> <span class='ocrx_word' id='word_1_732' title='bbox 1458 5564 1512 5620; x_wconf 92' lang='lat' dir='ltr'><strong><em>in</em></strong></span> <span class='ocrx_word' id='word_1_733' title='bbox 1540 5564 1821 5634; x_wconf 71' lang='lat' dir='ltr'><strong><em>ApOstolis</em></strong></span> <span class='ocrx_word' id='word_1_734' title='bbox 1843 5577 1897 5631; x_wconf 80' lang='lat' dir='ltr'><strong><em>et</em></strong></span> <span class='ocrx_word' id='word_1_735' title='bbox 1928 5571 2156 5641; x_wconf 68' lang='lat' dir='ltr'><strong><em>Aposto-</em></strong></span> 
     </span>
    </p>
   </div>
   <div class='ocr_carea' id='block_1_88' title="bbox 615 5764 2151 5849">
    <p class='ocr_par' dir='ltr' id='par_1_88' title="bbox 615 5764 2151 5849">
     <span class='ocr_line' id='line_1_88' title="bbox 615 5764 2151 5849; baseline 0.007 -26"><span class='ocrx_word' id='word_1_736' title='bbox 615 5770 824 5849; x_wconf 56' lang='lat' dir='ltr'><strong><em>{Prius</em></strong></span> <span class='ocrx_word' id='word_1_737' title='bbox 846 5780 967 5849; x_wconf 71' lang='lat' dir='ltr'><strong><em>erat</em></strong></span> <span class='ocrx_word' id='word_1_738' title='bbox 994 5777 1373 5849; x_wconf 75' lang='lat' dir='ltr'><strong><em>convertentur.</em></strong></span> <span class='ocrx_word' id='word_1_739' title='bbox 1400 5766 1683 5849; x_wconf 62' lang='lat' dir='ltr'><strong><em>Eiusmodi</em></strong></span> <span class='ocrx_word' id='word_1_740' title='bbox 1720 5764 1825 5849; x_wconf 66' lang='lat' dir='ltr'><strong><em>Ill!</em></strong></span> <span class='ocrx_word' id='word_1_741' title='bbox 1952 5768 2151 5849; x_wconf 59' lang='lat' dir='ltr'><strong><em>quibus</em></strong></span> 
     </span>
    </p>
   </div>
   <div class='ocr_carea' id='block_1_89' title="bbox 534 5837 2139 5912">
    <p class='ocr_par' dir='ltr' id='par_1_89' title="bbox 534 5837 2139 5912">
     <span class='ocr_line' id='line_1_89' title="bbox 534 5837 2139 5912; baseline -0.001 -12"><span class='ocrx_word' id='word_1_742' title='bbox 534 5837 673 5900; x_wconf 73' lang='lat' dir='ltr'><strong><em>nihil</em></strong></span> <span class='ocrx_word' id='word_1_743' title='bbox 697 5841 815 5900; x_wconf 75' lang='lat' dir='ltr'><strong><em>fere</em></strong></span> <span class='ocrx_word' id='word_1_744' title='bbox 842 5841 1127 5899; x_wconf 70' lang='lat' dir='ltr'><strong><em>Loetmm</em></strong></span> <span class='ocrx_word' id='word_1_745' title='bbox 1156 5843 1387 5899; x_wconf 66' lang='lat' dir='ltr'><strong><em>interest</em></strong></span> <span class='ocrx_word' id='word_1_746' title='bbox 1428 5839 1729 5907; x_wconf 70' lang='lat' dir='ltr'><strong><em>monuisse,</em></strong></span> <span class='ocrx_word' id='word_1_747' title='bbox 1760 5839 1911 5896; x_wconf 71' lang='lat' dir='ltr'><strong><em>taciti</em></strong></span> <span class='ocrx_word' id='word_1_748' title='bbox 1937 5837 2139 5912; x_wconf 55' lang='lat' dir='ltr'><strong><em>passim</em></strong></span> 
     </span>
    </p>
   </div>
   <div class='ocr_carea' id='block_1_90' title="bbox 2274 3326 3868 3399">
    <p class='ocr_par' dir='ltr' id='par_1_90' title="bbox 2274 3326 3868 3399">
     <span class='ocr_line' id='line_1_90' title="bbox 2274 3326 3868 3399; baseline -0.004 -14"><span class='ocrx_word' id='word_1_749' title='bbox 2274 3339 2334 3385; x_wconf 90' lang='lat' dir='ltr'><strong><em>ut</em></strong></span> <span class='ocrx_word' id='word_1_750' title='bbox 2358 3327 2570 3386; x_wconf 83' lang='lat' dir='ltr'><strong><em>cunctis</em></strong></span> <span class='ocrx_word' id='word_1_751' title='bbox 2618 3329 2672 3395; x_wconf 86' lang='lat' dir='ltr'><strong><em>in</em></strong></span> <span class='ocrx_word' id='word_1_752' title='bbox 2704 3328 2935 3393; x_wconf 79' lang='lat' dir='ltr'><strong><em>circuitu</em></strong></span> <span class='ocrx_word' id='word_1_753' title='bbox 2968 3327 3036 3385; x_wconf 87' lang='lat' dir='ltr'><strong><em>ab</em></strong></span> <span class='ocrx_word' id='word_1_754' title='bbox 3066 3326 3293 3398; x_wconf 75' lang='lat' dir='ltr'><strong><em>Assyrio</em></strong></span> <span class='ocrx_word' id='word_1_755' title='bbox 3319 3327 3577 3399; x_wconf 85' lang='lat' dir='ltr'><strong><em>gentibus</em></strong></span> <span class='ocrx_word' id='word_1_756' title='bbox 3617 3328 3868 3399; x_wconf 71' lang='lat' dir='ltr'><strong><em>subjuga-</em></strong></span> 
     </span>
    </p>
   </div>
   <div class='ocr_carea' id='block_1_91' title="bbox 2274 3417 3869 3497">
    <p class='ocr_par' dir='ltr' id='par_1_91' title="bbox 2274 3417 3869 3497">
     <span class='ocr_line' id='line_1_91' title="bbox 2274 3417 3869 3497; baseline -0.003 -19"><span class='ocrx_word' id='word_1_757' title='bbox 2274 3423 2362 3487; x_wconf 87' lang='lat' dir='ltr'><strong><em>tis,</em></strong></span> <span class='ocrx_word' id='word_1_758' title='bbox 2397 3431 2451 3477; x_wconf 90' lang='lat' dir='ltr'><strong><em>tu</em></strong></span> <span class='ocrx_word' id='word_1_759' title='bbox 2483 3420 2635 3487; x_wconf 82' lang='lat' dir='ltr'><strong><em>solus</em></strong></span> <span class='ocrx_word' id='word_1_760' title='bbox 2657 3420 2725 3485; x_wconf 83' lang='lat' dir='ltr'><strong><em>de</em></strong></span> <span class='ocrx_word' id='word_1_761' title='bbox 2754 3422 2873 3491; x_wconf 86' lang='lat' dir='ltr'><strong><em>ejus</em></strong></span> <span class='ocrx_word' id='word_1_762' title='bbox 2897 3419 3147 3479; x_wconf 85' lang='lat' dir='ltr'><strong><em>manibus</em></strong></span> <span class='ocrx_word' id='word_1_763' title='bbox 3167 3418 3446 3487; x_wconf 83' lang='lat' dir='ltr'><strong><em>libereris.</em></strong></span> <span class='ocrx_word' id='word_1_764' title='bbox 3470 3417 3736 3487; x_wconf 74' lang='lat' dir='ltr'><strong><em>Ausculta</em></strong></span> <span class='ocrx_word' id='word_1_765' title='bbox 3759 3432 3869 3497; x_wconf 64' lang='lat' dir='ltr'><strong><em>qua:</em></strong></span> 
     </span>
    </p>
   </div>
   <div class='ocr_carea' id='block_1_92' title="bbox 2272 3511 3870 3589">
    <p class='ocr_par' dir='ltr' id='par_1_92' title="bbox 2272 3511 3870 3589">
     <span class='ocr_line' id='line_1_92' title="bbox 2272 3511 3870 3589; baseline -0.003 -17"><span class='ocrx_word' id='word_1_766' title='bbox 2272 3516 2395 3572; x_wconf 89' lang='lat' dir='ltr'><strong><em>dico</em></strong></span> <span class='ocrx_word' id='word_1_767' title='bbox 2429 3532 2442 3570; x_wconf 92' lang='lat'><strong>:</strong></span> <span class='ocrx_word' id='word_1_768' title='bbox 2480 3514 2594 3571; x_wconf 86' lang='lat' dir='ltr'><strong><em>noli</em></strong></span> <span class='ocrx_word' id='word_1_769' title='bbox 2628 3513 2841 3581; x_wconf 87' lang='lat' dir='ltr'><strong><em>timere,</em></strong></span> <span class='ocrx_word' id='word_1_770' title='bbox 2877 3514 3107 3586; x_wconf 83' lang='lat' dir='ltr'><strong><em>populus</em></strong></span> <span class='ocrx_word' id='word_1_771' title='bbox 3139 3528 3313 3581; x_wconf 82' lang='lat' dir='ltr'><strong><em>utens,</em></strong></span> <span class='ocrx_word' id='word_1_772' title='bbox 3347 3512 3492 3589; x_wconf 87' lang='lat' dir='ltr'><strong><em>quod</em></strong></span> <span class='ocrx_word' id='word_1_773' title='bbox 3539 3512 3716 3579; x_wconf 74' lang='lat' dir='ltr'><strong><em>Assur</em></strong></span> <span class='ocrx_word' id='word_1_774' title='bbox 3760 3511 3870 3579; x_wconf 78' lang='lat' dir='ltr'><strong><em>\‘in-</em></strong></span> 
     </span>
    </p>
   </div>
   <div class='ocr_carea' id='block_1_93' title="bbox 2272 3604 3867 3685">
    <p class='ocr_par' dir='ltr' id='par_1_93' title="bbox 2272 3604 3867 3685">
     <span class='ocr_line' id='line_1_93' title="bbox 2272 3604 3867 3685; baseline -0.001 -23"><span class='ocrx_word' id='word_1_775' title='bbox 2272 3616 2431 3662; x_wconf 79' lang='lat' dir='ltr'><strong><em>centu</em></strong></span> <span class='ocrx_word' id='word_1_776' title='bbox 2459 3606 2712 3679; x_wconf 84' lang='lat' dir='ltr'><strong><em>capiaris.</em></strong></span> <span class='ocrx_word' id='word_1_777' title='bbox 2747 3605 2900 3665; x_wconf 87' lang='lat' dir='ltr'><strong><em>Licet</em></strong></span> <span class='ocrx_word' id='word_1_778' title='bbox 2925 3605 3070 3665; x_wconf 89' lang='lat' dir='ltr'><strong><em>cnim</em></strong></span> <span class='ocrx_word' id='word_1_779' title='bbox 3102 3621 3246 3661; x_wconf 88' lang='lat' dir='ltr'><strong><em>anno</em></strong></span> <span class='ocrx_word' id='word_1_780' title='bbox 3272 3614 3470 3685; x_wconf 76' lang='lat' dir='ltr'><strong><em>quarto</em></strong></span> <span class='ocrx_word' id='word_1_781' title='bbox 3496 3604 3714 3669; x_wconf 83' lang='lat' dir='ltr'><strong><em>decimo</em></strong></span> <span class='ocrx_word' id='word_1_782' title='bbox 3734 3605 3867 3676; x_wconf 73' lang='lat' dir='ltr'><strong><em>rogis</em></strong></span> 
     </span>
    </p>
   </div>
   <div class='ocr_carea' id='block_1_94' title="bbox 2276 3697 3866 3775">
    <p class='ocr_par' dir='ltr' id='par_1_94' title="bbox 2276 3697 3866 3775">
     <span class='ocr_line' id='line_1_94' title="bbox 2276 3697 3866 3775; baseline -0.003 -18"><span class='ocrx_word' id='word_1_783' title='bbox 2276 3701 2525 3767; x_wconf 78' lang='lat' dir='ltr'><strong><em>Ezechiae</em></strong></span> <span class='ocrx_word' id='word_1_784' title='bbox 2555 3699 2642 3775; x_wconf 84' lang='lat' dir='ltr'><strong><em>(IV</em></strong></span> <span class='ocrx_word' id='word_1_785' title='bbox 2668 3700 2795 3773; x_wconf 80' lang='lat' dir='ltr'><strong><em>Reg.</em></strong></span> <span class='ocrx_word' id='word_1_786' title='bbox 2832 3697 2992 3772; x_wconf 84' lang='lat' dir='ltr'><strong><em>xvitt)</em></strong></span> <span class='ocrx_word' id='word_1_787' title='bbox 3033 3714 3365 3765; x_wconf 80' lang='lat' dir='ltr'><strong><em>ascensurus</em></strong></span> <span class='ocrx_word' id='word_1_788' title='bbox 3391 3700 3465 3761; x_wconf 90' lang='lat' dir='ltr'><strong><em>sit</em></strong></span> <span class='ocrx_word' id='word_1_789' title='bbox 3498 3698 3866 3765; x_wconf 75' lang='lat' dir='ltr'><strong><em>Senttaelterib</em></strong></span> 
     </span>
    </p>
   </div>
   <div class='ocr_carea' id='block_1_95' title="bbox 2272 3788 3864 3873">
    <p class='ocr_par' dir='ltr' id='par_1_95' title="bbox 2272 3788 3864 3873">
     <span class='ocr_line' id='line_1_95' title="bbox 2272 3788 3864 3873; baseline -0.004 -22"><span class='ocrx_word' id='word_1_790' title='bbox 2272 3810 2371 3851; x_wconf 87' lang='lat' dir='ltr'><strong><em>rex</em></strong></span> <span class='ocrx_word' id='word_1_791' title='bbox 2403 3793 2661 3866; x_wconf 82' lang='lat' dir='ltr'><strong><em>Assyrius</em></strong></span> <span class='ocrx_word' id='word_1_792' title='bbox 2684 3808 2849 3873; x_wconf 86' lang='lat' dir='ltr'><strong><em>super</em></strong></span> <span class='ocrx_word' id='word_1_793' title='bbox 2871 3806 3063 3851; x_wconf 85' lang='lat' dir='ltr'><strong><em>omnes</em></strong></span> <span class='ocrx_word' id='word_1_794' title='bbox 3094 3792 3348 3857; x_wconf 79' lang='lat' dir='ltr'><strong><em>civitates</em></strong></span> <span class='ocrx_word' id='word_1_795' title='bbox 3374 3788 3403 3828; x_wconf 72' lang='grc' dir='ltr'><strong><em>ι)</em></strong></span> <span class='ocrx_word' id='word_1_796' title='bbox 3428 3788 3584 3858; x_wconf 67' lang='lat' dir='ltr'><strong><em>inda:</em></strong></span> <span class='ocrx_word' id='word_1_797' title='bbox 3615 3794 3864 3857; x_wconf 75' lang='lat' dir='ltr'><strong><em>munitas,</em></strong></span> 
     </span>
    </p>
   </div>
   <div class='ocr_carea' id='block_1_96' title="bbox 2273 3884 3864 3959">
    <p class='ocr_par' dir='ltr' id='par_1_96' title="bbox 2273 3884 3864 3959">
     <span class='ocr_line' id='line_1_96' title="bbox 2273 3884 3864 3959; baseline -0.003 -17"><span class='ocrx_word' id='word_1_798' title='bbox 2273 3896 2328 3942; x_wconf 87' lang='lat' dir='ltr'><strong><em>ut</em></strong></span> <span class='ocrx_word' id='word_1_799' title='bbox 2353 3886 2534 3959; x_wconf 72' lang='lat' dir='ltr'><strong><em>capiat</em></strong></span> <span class='ocrx_word' id='word_1_800' title='bbox 2566 3902 2682 3955; x_wconf 90' lang='lat' dir='ltr'><strong><em>eas,</em></strong></span> <span class='ocrx_word' id='word_1_801' title='bbox 2723 3894 2779 3945; x_wconf 88' lang='lat' dir='ltr'><strong><em>et</em></strong></span> <span class='ocrx_word' id='word_1_802' title='bbox 2815 3886 3084 3943; x_wconf 87' lang='lat' dir='ltr'><strong><em>missurus</em></strong></span> <span class='ocrx_word' id='word_1_803' title='bbox 3113 3884 3420 3952; x_wconf 73' lang='lat' dir='ltr'><strong><em>Rabsacen.</em></strong></span> <span class='ocrx_word' id='word_1_804' title='bbox 3450 3884 3542 3957; x_wconf 83' lang='lat' dir='ltr'><strong><em>qui</em></strong></span> <span class='ocrx_word' id='word_1_805' title='bbox 3586 3884 3864 3953; x_wconf 77' lang='lat' dir='ltr'><strong><em>obsessum</em></strong></span> 
     </span>
    </p>
   </div>
   <div class='ocr_carea' id='block_1_97' title="bbox 2273 3976 3865 4055">
    <p class='ocr_par' dir='ltr' id='par_1_97' title="bbox 2273 3976 3865 4055">
     <span class='ocr_line' id='line_1_97' title="bbox 2273 3976 3865 4055; baseline -0.002 -20"><span class='ocrx_word' id='word_1_806' title='bbox 2273 3980 2325 4035; x_wconf 92' lang='lat' dir='ltr'><strong><em>in</em></strong></span> <span class='ocrx_word' id='word_1_807' title='bbox 2353 3978 2656 4037; x_wconf 83' lang='lat' dir='ltr'><strong><em>Jerusalem</em></strong></span> <span class='ocrx_word' id='word_1_808' title='bbox 2685 3978 2945 4055; x_wconf 68' lang='lat' dir='ltr'><strong><em>pottulum</em></strong></span> <span class='ocrx_word' id='word_1_809' title='bbox 2987 3986 3222 4047; x_wconf 83' lang='lat' dir='ltr'><strong><em>terreat;</em></strong></span> <span class='ocrx_word' id='word_1_810' title='bbox 3257 3988 3440 4045; x_wconf 74' lang='lat' dir='ltr'><strong><em>tamen</em></strong></span> <span class='ocrx_word' id='word_1_811' title='bbox 3479 3976 3583 4035; x_wconf 85' lang='lat' dir='ltr'><strong><em>ltoc</em></strong></span> <span class='ocrx_word' id='word_1_812' title='bbox 3605 3977 3750 4045; x_wconf 75' lang='lat' dir='ltr'><strong><em>scire</em></strong></span> <span class='ocrx_word' id='word_1_813' title='bbox 3774 3977 3865 4040; x_wconf 82' lang='lat' dir='ltr'><strong><em>de-</em></strong></span> 
     </span>
    </p>
   </div>
   <div class='ocr_carea' id='block_1_98' title="bbox 2273 4072 3867 4151">
    <p class='ocr_par' dir='ltr' id='par_1_98' title="bbox 2273 4072 3867 4151">
     <span class='ocr_line' id='line_1_98' title="bbox 2273 4072 3867 4151; baseline -0.004 -19"><span class='ocrx_word' id='word_1_814' title='bbox 2273 4075 2392 4144; x_wconf 85' lang='lat' dir='ltr'><strong><em>bes,</em></strong></span> <span class='ocrx_word' id='word_1_815' title='bbox 2416 4073 2563 4151; x_wconf 86' lang='lat' dir='ltr'><strong><em>quud</em></strong></span> <span class='ocrx_word' id='word_1_816' title='bbox 2588 4090 2697 4131; x_wconf 90' lang='lat' dir='ltr'><strong><em>non</em></strong></span> <span class='ocrx_word' id='word_1_817' title='bbox 2730 4084 2781 4130; x_wconf 91' lang='lat' dir='ltr'><strong><em>te</em></strong></span> <span class='ocrx_word' id='word_1_818' title='bbox 2796 4073 3115 4145; x_wconf 84' lang='lat' dir='ltr'><strong><em>gladio,sed</em></strong></span> <span class='ocrx_word' id='word_1_819' title='bbox 3143 4072 3291 4144; x_wconf 71' lang='lat' dir='ltr'><strong><em>virga</em></strong></span> <span class='ocrx_word' id='word_1_820' title='bbox 3321 4085 3681 4147; x_wconf 72' lang='lat' dir='ltr'><strong><em>percussurus</em></strong></span> <span class='ocrx_word' id='word_1_821' title='bbox 3707 4073 3799 4139; x_wconf 82' lang='lat' dir='ltr'><strong><em>sit,</em></strong></span> <span class='ocrx_word' id='word_1_822' title='bbox 3819 4080 3867 4125; x_wconf 86' lang='lat' dir='ltr'><strong><em>et</em></strong></span> 
     </span>
    </p>
   </div>
   <div class='ocr_carea' id='block_1_99' title="bbox 2271 4165 3865 4247">
    <p class='ocr_par' dir='ltr' id='par_1_99' title="bbox 2271 4165 3865 4247">
     <span class='ocr_line' id='line_1_99' title="bbox 2271 4165 3865 4247; baseline -0.004 -20"><span class='ocrx_word' id='word_1_823' title='bbox 2271 4186 2506 4247; x_wconf 79' lang='lat' dir='ltr'><strong><em>pergens</em></strong></span> <span class='ocrx_word' id='word_1_824' title='bbox 2533 4180 2725 4233; x_wconf 74' lang='lat' dir='ltr'><strong><em>contra</em></strong></span> <span class='ocrx_word' id='word_1_825' title='bbox 2748 4168 3047 4231; x_wconf 83' lang='lat' dir='ltr'><strong><em>&#39;l‘aracltam</em></strong></span> <span class='ocrx_word' id='word_1_826' title='bbox 3074 4183 3256 4247; x_wconf 81' lang='lat' dir='ltr'><strong><em>regem</em></strong></span> <span class='ocrx_word' id='word_1_827' title='bbox 3282 4165 3602 4239; x_wconf 51' lang='lat' dir='ltr'><strong><em>Ethiopian,</em></strong></span> <span class='ocrx_word' id='word_1_828' title='bbox 3627 4176 3684 4225; x_wconf 85' lang='lat' dir='ltr'><strong><em>et</em></strong></span> <span class='ocrx_word' id='word_1_829' title='bbox 3707 4166 3865 4239; x_wconf 57' lang='lat' dir='ltr'><strong><em>Egy-</em></strong></span> 
     </span>
    </p>
   </div>
   <div class='ocr_carea' id='block_1_100' title="bbox 2274 4260 3865 4344">
    <p class='ocr_par' dir='ltr' id='par_1_100' title="bbox 2274 4260 3865 4344">
     <span class='ocr_line' id='line_1_100' title="bbox 2274 4260 3865 4344; baseline -0.005 -23"><span class='ocrx_word' id='word_1_830' title='bbox 2274 4266 2416 4344; x_wconf 82' lang='lat' dir='ltr'><strong><em>ptios</em></strong></span> <span class='ocrx_word' id='word_1_831' title='bbox 2431 4280 2493 4320; x_wconf 89' lang='lat' dir='ltr'><strong><em>ac</em></strong></span> <span class='ocrx_word' id='word_1_832' title='bbox 2518 4280 2669 4321; x_wconf 84' lang='lat' dir='ltr'><strong><em>mare</em></strong></span> <span class='ocrx_word' id='word_1_833' title='bbox 2686 4263 2929 4329; x_wconf 76' lang='lat' dir='ltr'><strong><em>Rubrum</em></strong></span> <span class='ocrx_word' id='word_1_834' title='bbox 2949 4277 3047 4335; x_wconf 83' lang='lat' dir='ltr'><strong><em>per</em></strong></span> <span class='ocrx_word' id='word_1_835' title='bbox 3065 4264 3204 4326; x_wconf 76' lang='lat' dir='ltr'><strong><em>viam</em></strong></span> <span class='ocrx_word' id='word_1_836' title='bbox 3219 4260 3464 4339; x_wconf 57' lang='grc' dir='ltr'><strong><em>Ᾰῖῖὸγιιιί,</em></strong></span> <span class='ocrx_word' id='word_1_837' title='bbox 3480 4260 3734 4330; x_wconf 70' lang='lat' dir='ltr'><strong><em>baculum</em></strong></span> <span class='ocrx_word' id='word_1_838' title='bbox 3754 4269 3865 4315; x_wconf 83' lang='lat' dir='ltr'><strong><em>tan-</em></strong></span> 
     </span>
    </p>
   </div>
   <div class='ocr_carea' id='block_1_101' title="bbox 2273 4355 3865 4437">
    <p class='ocr_par' dir='ltr' id='par_1_101' title="bbox 2273 4355 3865 4437">
     <span class='ocr_line' id='line_1_101' title="bbox 2273 4355 3865 4437; baseline -0.003 -22"><span class='ocrx_word' id='word_1_839' title='bbox 2273 4368 2386 4423; x_wconf 85' lang='lat' dir='ltr'><strong><em>tum</em></strong></span> <span class='ocrx_word' id='word_1_840' title='bbox 2400 4374 2556 4417; x_wconf 87' lang='lat' dir='ltr'><strong><em>suum</em></strong></span> <span class='ocrx_word' id='word_1_841' title='bbox 2575 4360 2953 4419; x_wconf 84' lang='lat' dir='ltr'><strong><em>elcvetcontra</em></strong></span> <span class='ocrx_word' id='word_1_842' title='bbox 2975 4367 3047 4423; x_wconf 88' lang='lat' dir='ltr'><strong><em>te,</em></strong></span> <span class='ocrx_word' id='word_1_843' title='bbox 3063 4366 3119 4421; x_wconf 81' lang='lat' dir='ltr'><strong><em>et</em></strong></span> <span class='ocrx_word' id='word_1_844' title='bbox 3150 4356 3317 4421; x_wconf 66' lang='lat' dir='ltr'><strong><em>ferire</em></strong></span> <span class='ocrx_word' id='word_1_845' title='bbox 3339 4372 3448 4423; x_wconf 78' lang='lat' dir='ltr'><strong><em>non</em></strong></span> <span class='ocrx_word' id='word_1_846' title='bbox 3469 4356 3661 4437; x_wconf 77' lang='lat' dir='ltr'><strong><em>possit.</em></strong></span> <span class='ocrx_word' id='word_1_847' title='bbox 3678 4355 3865 4415; x_wconf 81' lang='lat' dir='ltr'><strong><em>Adhuc</em></strong></span> 
     </span>
    </p>
   </div>
   <div class='ocr_carea' id='block_1_102' title="bbox 2272 4448 3861 4524">
    <p class='ocr_par' dir='ltr' id='par_1_102' title="bbox 2272 4448 3861 4524">
     <span class='ocr_line' id='line_1_102' title="bbox 2272 4448 3861 4524; baseline -0.001 -15"><span class='ocrx_word' id='word_1_848' title='bbox 2272 4455 2417 4509; x_wconf 91' lang='lat' dir='ltr'><strong><em>enim</em></strong></span> <span class='ocrx_word' id='word_1_849' title='bbox 2453 4452 2756 4523; x_wconf 75' lang='lat' dir='ltr'><strong><em>paululum,</em></strong></span> <span class='ocrx_word' id='word_1_850' title='bbox 2781 4462 2834 4513; x_wconf 84' lang='lat' dir='ltr'><strong><em>et</em></strong></span> <span class='ocrx_word' id='word_1_851' title='bbox 2867 4466 3119 4517; x_wconf 81' lang='lat' dir='ltr'><strong><em>reversus</em></strong></span> <span class='ocrx_word' id='word_1_852' title='bbox 3141 4451 3208 4517; x_wconf 84' lang='lat' dir='ltr'><strong><em>de</em></strong></span> <span class='ocrx_word' id='word_1_853' title='bbox 3236 4448 3474 4524; x_wconf 58' lang='lat' dir='ltr'><strong><em>(Egypto</em></strong></span> <span class='ocrx_word' id='word_1_854' title='bbox 3502 4466 3626 4517; x_wconf 82' lang='lat' dir='ltr'><strong><em>cum</em></strong></span> <span class='ocrx_word' id='word_1_855' title='bbox 3659 4448 3861 4515; x_wconf 74' lang='lat' dir='ltr'><strong><em>inﬁnita</em></strong></span> 
     </span>
    </p>
   </div>
   <div class='ocr_carea' id='block_1_103' title="bbox 2270 4542 3863 4623">
    <p class='ocr_par' dir='ltr' id='par_1_103' title="bbox 2270 4542 3863 4623">
     <span class='ocr_line' id='line_1_103' title="bbox 2270 4542 3863 4623; baseline -0.004 -21"><span class='ocrx_word' id='word_1_856' title='bbox 2270 4547 2543 4603; x_wconf 80' lang='lat' dir='ltr'><strong><em>exercitus</em></strong></span> <span class='ocrx_word' id='word_1_857' title='bbox 2560 4546 3090 4618; x_wconf 84' lang='lat' dir='ltr'><strong><em>ntnltitutliue,atqne</em></strong></span> <span class='ocrx_word' id='word_1_858' title='bbox 3102 4546 3352 4605; x_wconf 82' lang='lat' dir='ltr'><strong><em>obsidere</em></strong></span> <span class='ocrx_word' id='word_1_859' title='bbox 3365 4552 3419 4599; x_wconf 89' lang='lat' dir='ltr'><strong><em>te</em></strong></span> <span class='ocrx_word' id='word_1_860' title='bbox 3432 4542 3863 4623; x_wconf 79' lang='lat' dir='ltr'><strong><em>cupiens,5tatim</em></strong></span> 
     </span>
    </p>
   </div>
   <div class='ocr_carea' id='block_1_104' title="bbox 2274 4632 3860 4711">
    <p class='ocr_par' dir='ltr' id='par_1_104' title="bbox 2274 4632 3860 4711">
     <span class='ocr_line' id='line_1_104' title="bbox 2274 4632 3860 4711; baseline -0.003 -18"><span class='ocrx_word' id='word_1_861' title='bbox 2274 4653 2393 4693; x_wconf 83' lang='lat' dir='ltr'><strong><em>mea</em></strong></span> <span class='ocrx_word' id='word_1_862' title='bbox 2422 4638 2797 4711; x_wconf 79' lang='lat' dir='ltr'><strong><em>indignatione</em></strong></span> <span class='ocrx_word' id='word_1_863' title='bbox 2827 4639 3071 4707; x_wconf 83' lang='lat' dir='ltr'><strong><em>ferietur,</em></strong></span> <span class='ocrx_word' id='word_1_864' title='bbox 3118 4646 3175 4701; x_wconf 83' lang='lat' dir='ltr'><strong><em>et</em></strong></span> <span class='ocrx_word' id='word_1_865' title='bbox 3219 4638 3495 4710; x_wconf 80' lang='lat' dir='ltr'><strong><em>ﬂagellum</em></strong></span> <span class='ocrx_word' id='word_1_866' title='bbox 3531 4635 3694 4703; x_wconf 80' lang='lat' dir='ltr'><strong><em>illud,</em></strong></span> <span class='ocrx_word' id='word_1_867' title='bbox 3726 4632 3860 4702; x_wconf 85' lang='lat' dir='ltr'><strong><em>quod</em></strong></span> 
     </span>
    </p>
   </div>
   <div class='ocr_carea' id='block_1_105' title="bbox 2268 4724 3858 4804">
    <p class='ocr_par' dir='ltr' id='par_1_105' title="bbox 2268 4724 3858 4804">
     <span class='ocr_line' id='line_1_105' title="bbox 2268 4724 3858 4804; baseline -0.008 -14"><span class='ocrx_word' id='word_1_868' title='bbox 2268 4730 2543 4804; x_wconf 77' lang='lat' dir='ltr'><strong><em>quandam</em></strong></span> <span class='ocrx_word' id='word_1_869' title='bbox 2573 4732 2861 4788; x_wconf 85' lang='lat' dir='ltr'><strong><em>adversum</em></strong></span> <span class='ocrx_word' id='word_1_870' title='bbox 2896 4730 3218 4799; x_wconf 76' lang='lat' dir='ltr'><strong><em>Madianitas</em></strong></span> <span class='ocrx_word' id='word_1_871' title='bbox 3245 4731 3346 4789; x_wconf 79' lang='lat' dir='ltr'><strong><em>sub</em></strong></span> <span class='ocrx_word' id='word_1_872' title='bbox 3375 4729 3634 4787; x_wconf 79' lang='lat' dir='ltr'><strong><em>Gedeone</em></strong></span> <span class='ocrx_word' id='word_1_873' title='bbox 3662 4724 3858 4800; x_wconf 78' lang='lat' dir='ltr'><strong><em>(Jadic.</em></strong></span> 
     </span>
    </p>
   </div>
   <div class='ocr_carea' id='block_1_106' title="bbox 2267 4808 3863 4899">
    <p class='ocr_par' dir='ltr' id='par_1_106' title="bbox 2267 4808 3863 4899">
     <span class='ocr_line' id='line_1_106' title="bbox 2267 4808 3863 4899; baseline -0.004 -18"><span class='ocrx_word' id='word_1_874' title='bbox 2267 4808 2387 4897; x_wconf 81' lang='lat' dir='ltr'><strong><em>vn),</em></strong></span> <span class='ocrx_word' id='word_1_875' title='bbox 2436 4828 2528 4899; x_wconf 84' lang='lat' dir='ltr'><strong><em>qui</em></strong></span> <span class='ocrx_word' id='word_1_876' title='bbox 2577 4829 2752 4895; x_wconf 71' lang='lat' dir='ltr'><strong><em>altera</em></strong></span> <span class='ocrx_word' id='word_1_877' title='bbox 2783 4828 3008 4882; x_wconf 90' lang='lat' dir='ltr'><strong><em>nomine</em></strong></span> <span class='ocrx_word' id='word_1_878' title='bbox 3038 4824 3331 4881; x_wconf 80' lang='lat' dir='ltr'><strong><em>vocabatur</em></strong></span> <span class='ocrx_word' id='word_1_879' title='bbox 3371 4822 3651 4886; x_wconf 79' lang='lat' dir='ltr'><strong><em>.lcrobaul,</em></strong></span> <span class='ocrx_word' id='word_1_880' title='bbox 3692 4819 3863 4876; x_wconf 84' lang='lat' dir='ltr'><strong><em>susci-</em></strong></span> 
     </span>
    </p>
   </div>
   <div class='ocr_carea' id='block_1_107' title="bbox 2269 4912 3858 4990">
    <p class='ocr_par' dir='ltr' id='par_1_107' title="bbox 2269 4912 3858 4990">
     <span class='ocr_line' id='line_1_107' title="bbox 2269 4912 3858 4990; baseline -0.004 -15"><span class='ocrx_word' id='word_1_881' title='bbox 2269 4921 2417 4975; x_wconf 68' lang='lat' dir='ltr'><strong><em>tari:</em></strong></span> <span class='ocrx_word' id='word_1_882' title='bbox 2450 4920 2667 4990; x_wconf 79' lang='lat' dir='ltr'><strong><em>quando</em></strong></span> <span class='ocrx_word' id='word_1_883' title='bbox 2697 4918 2843 4977; x_wconf 86' lang='lat' dir='ltr'><strong><em>Oreb</em></strong></span> <span class='ocrx_word' id='word_1_884' title='bbox 2883 4928 2938 4983; x_wconf 85' lang='lat' dir='ltr'><strong><em>et</em></strong></span> <span class='ocrx_word' id='word_1_885' title='bbox 2993 4917 3173 4979; x_wconf 85' lang='lat' dir='ltr'><strong><em>Zebee</em></strong></span> <span class='ocrx_word' id='word_1_886' title='bbox 3224 4916 3499 4988; x_wconf 81' lang='lat' dir='ltr'><strong><em>principes</em></strong></span> <span class='ocrx_word' id='word_1_887' title='bbox 3540 4912 3858 4975; x_wconf 73' lang='lat' dir='ltr'><strong><em>Medianita-</em></strong></span> 
     </span>
    </p>
   </div>
   <div class='ocr_carea' id='block_1_108' title="bbox 2269 5008 3857 5091">
    <p class='ocr_par' dir='ltr' id='par_1_108' title="bbox 2269 5008 3857 5091">
     <span class='ocr_line' id='line_1_108' title="bbox 2269 5008 3857 5091; baseline 0.001 -23"><span class='ocrx_word' id='word_1_888' title='bbox 2269 5028 2390 5069; x_wconf 87' lang='lat' dir='ltr'><strong><em>rum</em></strong></span> <span class='ocrx_word' id='word_1_889' title='bbox 2420 5012 2586 5075; x_wconf 82' lang='lat' dir='ltr'><strong><em>occisi</em></strong></span> <span class='ocrx_word' id='word_1_890' title='bbox 2627 5022 2752 5073; x_wconf 86' lang='lat' dir='ltr'><strong><em>sunt</em></strong></span> <span class='ocrx_word' id='word_1_891' title='bbox 2783 5026 2949 5089; x_wconf 86' lang='lat' dir='ltr'><strong><em>super</em></strong></span> <span class='ocrx_word' id='word_1_892' title='bbox 2991 5026 3199 5091; x_wconf 83' lang='lat' dir='ltr'><strong><em>petram</em></strong></span> <span class='ocrx_word' id='word_1_893' title='bbox 3246 5010 3622 5074; x_wconf 75' lang='lat' dir='ltr'><strong><em>durissimum,</em></strong></span> <span class='ocrx_word' id='word_1_894' title='bbox 3658 5008 3711 5063; x_wconf 87' lang='lat' dir='ltr'><strong><em>id</em></strong></span> <span class='ocrx_word' id='word_1_895' title='bbox 3757 5014 3857 5069; x_wconf 72' lang='lat' dir='ltr'><strong><em>est.</em></strong></span> 
     </span>
    </p>
   </div>
   <div class='ocr_carea' id='block_1_109' title="bbox 2270 5100 3860 5188">
    <p class='ocr_par' dir='ltr' id='par_1_109' title="bbox 2270 5100 3860 5188">
     <span class='ocr_line' id='line_1_109' title="bbox 2270 5100 3860 5188; baseline -0.001 -25"><span class='ocrx_word' id='word_1_896' title='bbox 2270 5108 2505 5174; x_wconf 83' lang='lat' dir='ltr'><strong><em>silicem,</em></strong></span> <span class='ocrx_word' id='word_1_897' title='bbox 2537 5122 2659 5178; x_wconf 73' lang='lat' dir='ltr'><strong><em>qua:</em></strong></span> <span class='ocrx_word' id='word_1_898' title='bbox 2698 5107 2967 5173; x_wconf 85' lang='lat' dir='ltr'><strong><em>llebraice</em></strong></span> <span class='ocrx_word' id='word_1_899' title='bbox 3003 5105 3314 5188; x_wconf 75' lang='lat' dir='ltr'><strong><em>appellatur</em></strong></span> <span class='ocrx_word' id='word_1_900' title='bbox 3352 5118 3456 5163; x_wconf 74' lang='lat' dir='ltr'><strong><em>sua</em></strong></span> <span class='ocrx_word' id='word_1_901' title='bbox 3496 5100 3657 5175; x_wconf 69' lang='lat' dir='ltr'><strong><em>(Tal),</em></strong></span> <span class='ocrx_word' id='word_1_902' title='bbox 3690 5100 3764 5161; x_wconf 74' lang='lat' dir='ltr'><strong><em>ita</em></strong></span> <span class='ocrx_word' id='word_1_903' title='bbox 3803 5106 3860 5153; x_wconf 84' lang='grc' dir='ltr'><strong>υι</strong></span> 
     </span>
    </p>
   </div>
   <div class='ocr_carea' id='block_1_110' title="bbox 2263 5195 3858 5275">
    <p class='ocr_par' dir='ltr' id='par_1_110' title="bbox 2263 5195 3858 5275">
     <span class='ocr_line' id='line_1_110' title="bbox 2263 5195 3858 5275; baseline -0.011 -9"><span class='ocrx_word' id='word_1_904' title='bbox 2263 5216 2329 5265; x_wconf 74' lang='lat' dir='ltr'><strong><em>ex</em></strong></span> <span class='ocrx_word' id='word_1_905' title='bbox 2363 5208 2515 5275; x_wconf 67' lang='lat' dir='ltr'><strong><em>petra</em></strong></span> <span class='ocrx_word' id='word_1_906' title='bbox 2547 5209 2603 5263; x_wconf 81' lang='lat' dir='ltr'><strong><em>et</em></strong></span> <span class='ocrx_word' id='word_1_907' title='bbox 2632 5216 2696 5264; x_wconf 69' lang='lat' dir='ltr'><strong><em>ex</em></strong></span> <span class='ocrx_word' id='word_1_908' title='bbox 2730 5215 2880 5271; x_wconf 71' lang='lat' dir='ltr'><strong><em>rese.</em></strong></span> <span class='ocrx_word' id='word_1_909' title='bbox 2908 5201 2997 5269; x_wconf 84' lang='lat' dir='ltr'><strong><em>uni</em></strong></span> <span class='ocrx_word' id='word_1_910' title='bbox 3032 5200 3086 5261; x_wconf 86' lang='lat' dir='ltr'><strong><em>iu</em></strong></span> <span class='ocrx_word' id='word_1_911' title='bbox 3116 5214 3178 5259; x_wconf 79' lang='lat' dir='ltr'><strong><em>ea</em></strong></span> <span class='ocrx_word' id='word_1_912' title='bbox 3208 5198 3424 5257; x_wconf 83' lang='lat' dir='ltr'><strong><em>oecisus</em></strong></span> <span class='ocrx_word' id='word_1_913' title='bbox 3452 5204 3561 5259; x_wconf 83' lang='lat' dir='ltr'><strong><em>est.</em></strong></span> <span class='ocrx_word' id='word_1_914' title='bbox 3592 5195 3750 5261; x_wconf 79' lang='lat' dir='ltr'><strong><em>locus</em></strong></span> <span class='ocrx_word' id='word_1_915' title='bbox 3774 5207 3858 5262; x_wconf 83' lang='lat' dir='ltr'><strong><em>pe-</em></strong></span> 
     </span>
    </p>
   </div>
   <div class='ocr_carea' id='block_1_111' title="bbox 2261 5287 3855 5378">
    <p class='ocr_par' dir='ltr' id='par_1_111' title="bbox 2261 5287 3855 5378">
     <span class='ocr_line' id='line_1_111' title="bbox 2261 5287 3855 5378; baseline -0.001 -33"><span class='ocrx_word' id='word_1_916' title='bbox 2261 5301 2356 5378; x_wconf 76' lang='lat' dir='ltr'><strong><em>tra:</em></strong></span> <span class='ocrx_word' id='word_1_917' title='bbox 2380 5290 2722 5359; x_wconf 81' lang='lat' dir='ltr'><strong><em>Orebttomett</em></strong></span> <span class='ocrx_word' id='word_1_918' title='bbox 2753 5292 2907 5375; x_wconf 72' lang='lat'><strong><em>151</em></strong></span> <span class='ocrx_word' id='word_1_919' title='bbox 2933 5293 3228 5363; x_wconf 74' lang='lat' dir='ltr'><strong><em>acceperit.</em></strong></span> <span class='ocrx_word' id='word_1_920' title='bbox 3263 5288 3638 5359; x_wconf 66' lang='lat' dir='ltr'><strong><em>Levabitel&#39;xtt</em></strong></span> <span class='ocrx_word' id='word_1_921' title='bbox 3658 5287 3855 5365; x_wconf 64' lang='lat' dir='ltr'><strong><em>Virgilii!</em></strong></span> 
     </span>
    </p>
   </div>
   <div class='ocr_carea' id='block_1_112' title="bbox 2260 5377 3858 5466">
    <p class='ocr_par' dir='ltr' id='par_1_112' title="bbox 2260 5377 3858 5466">
     <span class='ocr_line' id='line_1_112' title="bbox 2260 5377 3858 5466; baseline -0.003 -25"><span class='ocrx_word' id='word_1_922' title='bbox 2260 5400 2413 5443; x_wconf 88' lang='lat' dir='ltr'><strong><em>suam</em></strong></span> <span class='ocrx_word' id='word_1_923' title='bbox 2438 5402 2599 5457; x_wconf 76' lang='lat' dir='ltr'><strong><em>super</em></strong></span> <span class='ocrx_word' id='word_1_924' title='bbox 2633 5402 2781 5451; x_wconf 80' lang='lat' dir='ltr'><strong><em>mare</em></strong></span> <span class='ocrx_word' id='word_1_925' title='bbox 2818 5388 3059 5453; x_wconf 72' lang='lat' dir='ltr'><strong><em>Rubrum</em></strong></span> <span class='ocrx_word' id='word_1_926' title='bbox 3094 5400 3321 5466; x_wconf 75' lang='lat' dir='ltr'><strong><em>pergens</em></strong></span> <span class='ocrx_word' id='word_1_927' title='bbox 3352 5382 3619 5452; x_wconf 68' lang='lat' dir='ltr'><strong><em>adversus</em></strong></span> <span class='ocrx_word' id='word_1_928' title='bbox 3646 5377 3858 5439; x_wconf 45' lang='lat' dir='ltr'><strong><em>Eubius</em></strong></span> 
     </span>
    </p>
   </div>
   <div class='ocr_carea' id='block_1_113' title="bbox 2262 5467 3855 5557">
    <p class='ocr_par' dir='ltr' id='par_1_113' title="bbox 2262 5467 3855 5557">
     <span class='ocr_line' id='line_1_113' title="bbox 2262 5467 3855 5557; baseline -0.012 -9"><span class='ocrx_word' id='word_1_929' title='bbox 2262 5493 2377 5557; x_wconf 63' lang='lat' dir='ltr'><strong><em>P68.</em></strong></span> <span class='ocrx_word' id='word_1_930' title='bbox 2405 5490 2459 5547; x_wconf 71' lang='lat' dir='ltr'><strong><em>Cl</em></strong></span> <span class='ocrx_word' id='word_1_931' title='bbox 2488 5479 2690 5543; x_wconf 69' lang='lat' dir='ltr'><strong><em>levabit</em></strong></span> <span class='ocrx_word' id='word_1_932' title='bbox 2719 5489 3002 5549; x_wconf 70' lang='lat' dir='ltr'><strong><em>revertens</em></strong></span> <span class='ocrx_word' id='word_1_933' title='bbox 3031 5480 3098 5537; x_wconf 83' lang='lat' dir='ltr'><strong><em>atl</em></strong></span> <span class='ocrx_word' id='word_1_934' title='bbox 3118 5488 3172 5543; x_wconf 76' lang='lat' dir='ltr'><strong><em>te</em></strong></span> <span class='ocrx_word' id='word_1_935' title='bbox 3198 5494 3291 5549; x_wconf 66' lang='lat' dir='ltr'><strong><em>per</em></strong></span> <span class='ocrx_word' id='word_1_936' title='bbox 3311 5475 3452 5535; x_wconf 83' lang='lat' dir='ltr'><strong><em>viam</em></strong></span> <span class='ocrx_word' id='word_1_937' title='bbox 3475 5471 3696 5551; x_wconf 60' lang='lat' dir='ltr'><strong><em>Egypti</em></strong></span> <span class='ocrx_word' id='word_1_938' title='bbox 3724 5489 3738 5525; x_wconf 89' lang='lat'><strong>:</strong></span> <span class='ocrx_word' id='word_1_939' title='bbox 3762 5467 3855 5529; x_wconf 81' lang='lat' dir='ltr'><strong><em>sed</em></strong></span> 
     </span>
    </p>
   </div>
   <div class='ocr_carea' id='block_1_114' title="bbox 2258 5564 3856 5651">
    <p class='ocr_par' dir='ltr' id='par_1_114' title="bbox 2258 5564 3856 5651">
     <span class='ocr_line' id='line_1_114' title="bbox 2258 5564 3856 5651; baseline -0.008 -18"><span class='ocrx_word' id='word_1_940' title='bbox 2258 5571 2444 5639; x_wconf 75' lang='lat' dir='ltr'><strong><em>statim</em></strong></span> <span class='ocrx_word' id='word_1_941' title='bbox 2473 5581 2529 5640; x_wconf 77' lang='lat' dir='ltr'><strong><em>ul</em></strong></span> <span class='ocrx_word' id='word_1_942' title='bbox 2559 5571 2627 5637; x_wconf 79' lang='lat' dir='ltr'><strong><em>tle</em></strong></span> <span class='ocrx_word' id='word_1_943' title='bbox 2654 5570 2891 5649; x_wconf 50' lang='grc' dir='ltr'><strong><em>φθεῖριο</em></strong></span> <span class='ocrx_word' id='word_1_944' title='bbox 2920 5572 3158 5651; x_wconf 76' lang='lat' dir='ltr'><strong><em>venerit,</em></strong></span> <span class='ocrx_word' id='word_1_945' title='bbox 3183 5568 3463 5631; x_wconf 77' lang='lat' dir='ltr'><strong><em>auferetur</em></strong></span> <span class='ocrx_word' id='word_1_946' title='bbox 3493 5581 3634 5637; x_wconf 67' lang='lat' dir='ltr'><strong><em>unus</em></strong></span> <span class='ocrx_word' id='word_1_947' title='bbox 3661 5566 3729 5623; x_wconf 87' lang='lat' dir='ltr'><strong><em>de</em></strong></span> <span class='ocrx_word' id='word_1_948' title='bbox 3761 5564 3856 5623; x_wconf 82' lang='lat' dir='ltr'><strong><em>ltu-</em></strong></span> 
     </span>
    </p>
   </div>
   <div class='ocr_carea' id='block_1_115' title="bbox 2257 5771 2888 5855">
    <p class='ocr_par' dir='ltr' id='par_1_115' title="bbox 2257 5771 2888 5855">
     <span class='ocr_line' id='line_1_115' title="bbox 2257 5771 2888 5855; baseline 0 0"><span class='ocrx_word' id='word_1_949' title='bbox 2257 5771 2611 5855; x_wconf 54' lang='lat' dir='ltr'><strong><em>recedamus</em></strong></span> <span class='ocrx_word' id='word_1_950' title='bbox 2630 5787 2734 5855; x_wconf 62' lang='lat' dir='ltr'><strong><em>ere</em></strong></span> <span class='ocrx_word' id='word_1_951' title='bbox 2758 5786 2888 5855; x_wconf 68' lang='grc' dir='ltr'>ηιεετ</span> 
     </span>
    </p>
   </div>
   <div class='ocr_carea' id='block_1_116' title="bbox 2320 5841 3751 5929">
    <p class='ocr_par' dir='ltr' id='par_1_116' title="bbox 2320 5841 3751 5929">
     <span class='ocr_line' id='line_1_116' title="bbox 2320 5841 3751 5929; baseline -0.006 -29"><span class='ocrx_word' id='word_1_952' title='bbox 2320 5843 2348 5882; x_wconf 72' lang='grc' dir='ltr'>δ</span> <span class='ocrx_word' id='word_1_953' title='bbox 2384 5843 2583 5913; x_wconf 64' lang='grc' dir='ltr'><strong><em>νείκη</em></strong></span> <span class='ocrx_word' id='word_1_954' title='bbox 2610 5841 2842 5901; x_wconf 67' lang='lat' dir='ltr'><strong><em>ciiitatss</em></strong></span> <span class='ocrx_word' id='word_1_955' title='bbox 2864 5841 3072 5915; x_wconf 62' lang='lat' dir='ltr'><strong><em>Iudicat</em></strong></span> <span class='ocrx_word' id='word_1_956' title='bbox 3100 5843 3347 5915; x_wconf 79' lang='lat' dir='ltr'><strong><em>munitas,</em></strong></span> <span class='ocrx_word' id='word_1_957' title='bbox 3374 5852 3425 5915; x_wconf 72' lang='lat' dir='ltr'><strong><em>et</em></strong></span> <span class='ocrx_word' id='word_1_958' title='bbox 3453 5841 3616 5929; x_wconf 68' lang='lat' dir='ltr'><strong><em>capiet</em></strong></span> <span class='ocrx_word' id='word_1_959' title='bbox 3643 5856 3751 5911; x_wconf 70' lang='lat' dir='ltr'><strong><em>sas.</em></strong></span> 
     </span>
    </p>
   </div>
  </div>
