4052 6442
484 301 588 363 HS

1714 294 1772 351 Β.
1815 289 2089 350 EUSEBII
2128 288 2513 348 HIEBONYMI

3679 272 3783 337 ιιι

480 434 588 488 que
617 416 708 472 ille
738 413 959 487 fugerit,
993 412 1328 468 habitatores
1365 409 1581 476 Gebim,
1616 409 1669 466 id
1699 417 1803 476 est,
1836 409 2086 465 excelsas
2114 416 2163 472 Α
2199 406 2355 480 155
2385 413 2443 460 et
2467 404 2642 474 ipsum
2686 401 2839 473 juxta
2880 398 3299 470 inscriptionem
3344 394 3506 451 trium
3545 391 3781 488 psalmo-

484 525 728 583 quaSque
765 509 998 563 virtutes
1028 521 1284 562 sermone
1323 504 1646 576 prophetico
1677 502 1984 574 provocari,
2026 509 2083 557 ut

484 606 842 661 consolentur
884 602 1214 674 fugientem,
1259 599 1605 670 doceantque
1645 614 1712 653 ne
1754 597 1946 666 fugiat,
1983 590 2119 652 π

485 709 707 756 maneat
733 701 784 754 in
807 698 916 762 via,
943 706 998 753 et
1021 697 1116 752 Dei
1149 695 1498 766 praestolatur
1529 691 1997 757 misericordiam;
2030 699 2088 746 et

484 811 594 852 non
621 793 796 849 solum
829 791 1105 847 consolari
1138 789 1460 861 fugientem,
1499 803 1596 842 seu
1631 790 1682 841 in
1713 786 1871 841 bouis
1899 782 2085 853 cperi-

484 890 587 945 hus
617 887 782 942 tiliam
809 885 940 942 Sion
968 898 1227 939 revocare
1254 898 1281 935 a
1316 883 1488 950 luctu,
1523 889 1578 935 et
1615 881 1681 934 ad
1711 879 1941 934 salutem
1973 891 2088 946 pa:-

482 983 730 1038 nitentize
761 993 1083 1051 provocare,
1116 985 1175 1033 et
1212 976 1314 1031 hos
1341 992 1464 1030 esse
1492 975 1666 1030 colles
1697 973 1749 1028 in
1780 971 2086 1028 Jerusalem

483 1076 555 1132 de
581 1075 780 1145 quibus
812 1073 865 1126 in
898 1071 1207 1140 posteriore
1238 1077 1391 1138 parte
1425 1065 1584 1140 154.
1610 1065 1768 1136 hujus
1807 1063 2089 1136 propheta:

483 1168 758 1240 legimus:
793 1163 1182 1228 Consolamini,
1223 1159 1564 1216 consulamini
1604 1157 1854 1229 papulum
1893 1172 2084 1223 meum,

481 1262 771 1316 sacerdotes
796 1274 815 1312 :
845 1266 871 1294 ⁸
899 1254 1174 1324 loquimini
1195 1253 1264 1306 ad
1290 1269 1378 1308 cor
1400 1249 1694 1306 Jerusalem
1722 1248 1859 1321 (Isa.
1885 1263 1975 1313 xu,
2006 1245 2087 1317 I).

486 1353 616 1409 Haec
645 1352 811 1417 dixit,
845 1349 974 1421 quia
1013 1348 1090 1404 rei
1133 1347 1367 1403 veritate
1397 1345 1728 1402 constrictus
1766 1343 1913 1399 aliud
1944 1340 2088 1413 quod

488 1448 696 1504 diceret
729 1460 835 1499 non
868 1442 1120 1498 habebat.

563 1537 697 1594 Ecce
727 1535 1036 1590 Dominator
1067 1532 1318 1586 Dominus
1349 1531 1664 1586 exercituum
1693 1529 1987 1598 confringet
2016 1527 2093 1581 la-

493 1632 776 1707 gunculam
801 1631 852 1682 in
885 1638 1102 1690 terrore,
1123 1633 1171 1679 et
1200 1625 1388 1680 excelsi
1417 1633 1623 1678 statura
1657 1623 2014 1686 succidentur,
2042 1628 2091 1673 et

491 1724 735 1780 sublimes
760 1719 1190 1782 humiliubuntur,
1231 1727 1276 1772 et
1304 1716 1658 1771 subvertentur
1682 1714 1940 1768 condensa
1983 1710 2092 1767 sal-

2189 515 2309 554 rum
2336 498 2668 554 dominicam
2699 495 2970 568 significat
3013 493 3346 564 passionem,
3397 489 3517 559 ipso
3565 485 3781 540 dicente

2190 593 2242 648 in
2275 594 2410 648 Isaia
2445 611 2457 646 :
2487 591 2751 646 Torcular
2794 589 3203 672 eam
3235 596 3283 641 et
3327 584 3392 638 de
3435 582 3669 656 gentibus
3707 579 3784 633 uir

2189 703 2290 740 non
2312 696 2420 740 erat
2443 701 2641 741 mecum
2679 682 2816 756 (Isa.
2847 668 3109 753 ζ’λῖιιςῖ).
3148 678 3292 735 LXX
3323 687 3506 731 autem
3554 689 3649 745 pro
3685 683 3786 726 tor-

2188 781 2374 844 culari,
2407 795 2605 836 novum
2629 793 2849 836 sensum
2883 776 3201 840 inferentes,
3235 773 3491 846 gloriosos
3516 771 3786 840 interpre-

2191 873 2286 928 tati
2315 882 2464 930 sunt.

2265 965 2418 1040 (Cap.
2444 968 2539 1024 XI.
2566 998 2636 1010 —
2661 967 2800 1023 Vers
2838 967 2890 1031 I,
2923 963 3008 1037 2.)
3032 963 3103 1020 Et
3130 961 3422 1038 egredietur
3443 960 3588 1034 uirga
3610 957 3673 1012 de
3699 974 3784 1012 rae

2192 1060 2306 1115 dice
2333 1063 2498 1127 Iesse,
2525 1072 2571 1116 et
2600 1064 2695 1133 ﬂos
2723 1062 2786 1115 de
2825 1060 3003 1114 radice
3027 1059 3139 1128 ejus
3161 1055 3402 1112 ascendet
3439 1070 3459 1109 :
3490 1051 3559 1108 Et
3588 1053 3789 1121 requie-

2191 1169 2296 1218 scet
2321 1176 2478 1227 super
2513 1176 2630 1214 eum
2663 1158 2893 1228 Spiritus
2918 1157 3159 1222 Domini,
3194 1155 3409 1228 spiritus
3449 1152 3722 1216 sapientia:
3741 1160 3788 1204 et

2189 1255 2482 1310 intellectus
2511 1269 2530 1306 :
2558 1252 2774 1323 spiritus
2821 1249 3029 1304 consilii
3066 1258 3114 1303 et
3156 1246 3481 1318 fortitudinis
3511 1261 3531 1300 :
3570 1245 3789 1316 spiritus

2192 1348 2425 1403 scientia:
2443 1354 2488 1399 et
2513 1344 2718 1415 pietatis
2741 1359 2760 1396 :
2787 1352 2834 1395 et
2854 1339 3074 1412 replebit
3095 1357 3207 1394 eum
3224 1339 3442 1409 spiritus
3464 1337 3664 1392 timoris
3691 1337 3790 1392 Do-

2193 1443 2340 1496 mini.
2390 1440 2569 1508 Usque
2607 1436 2674 1491 ad
2715 1435 3037 1505 principium
3074 1433 3352 1498 Visionis,
3394 1431 3484 1488 vel
3536 1430 3788 1500 ponderis

2193 1533 2508 1604 Babylonis,
2537 1529 2678 1601 quod
2701 1528 2839 1584 vidit
2869 1528 3034 1582 Isaias
3057 1527 3204 1581 filius
3225 1524 3392 1580 Amos
3419 1566 3434 1590 ,
3464 1525 3647 1579 cumis
3675 1523 3790 1578 lucc

2193 1627 2478 1699 prophetia
2521 1625 2591 1680 de
2612 1624 2832 1680 Christo
2871 1633 2976 1689 est,
3003 1637 3163 1693 quam
3195 1636 3292 1691 per
3319 1629 3501 1690 partes
3536 1619 3789 1673 volumus

2195 1721 2513 1790 explanare,
2544 1733 2611 1772 ne
2639 1717 2799 1771 simul
2825 1717 3106 1786 proposita
3130 1725 3295 1783 atque
3323 1713 3554 1768 disserta
3573 1710 3790 1767 lectoris

490 1830 574 1872 tus
603 1820 763 1888 ferro,
797 1824 843 1869 et
872 1811 1102 1867 Libanus
1129 1826 1245 1864 cum
1274 1810 1487 1864 excelsis
1522 1807 1692 1861 cadet.
1735 1807 1931 1860 Putant
1969 1803 2092 1875 qui-
2122 1819 2172 1880 B
2197 1813 2496 1871 confundat
2527 1812 2870 1868 memoriam.
2924 1810 3142 1880 Virgam
3181 1818 3237 1865 ει
3279 1809 3469 1864 norem
3509 1807 3576 1863 de
3608 1807 3792 1862 radice

492 1913 619 1968 dam
647 1911 794 1964 hunc
818 1913 998 1962 locum
1035 1903 1215 1958 adhuc
1243 1902 1348 1957 dici
1392 1902 1460 1955 de
1485 1900 1742 1972 Assyrio,
1797 1897 1940 1965 quod
2003 1896 2094 1950 illo

488 2007 751 2071 contrito,
781 2015 975 2058 omnes
1006 2000 1060 2056 in
1087 1998 1318 2056 circuitu
1348 1994 1626 2058 nationes,
1653 2005 1775 2060 quas
1804 1989 1996 2044 ditioni
2030 1989 2094 2043 il-

492 2103 600 2156 lius
651 2097 1050 2168 subjacebant,
1102 2092 1454 2148 succidantur
1501 2100 1555 2144 et
1607 2087 1987 2150 humiliantur,
2038 2091 2096 2138 et

492 2197 664 2253 saltus
677 2192 1037 2250 densissimus
1051 2189 1430 2244 subvertatur:
1451 2199 1549 2256 per
1569 2199 1727 2252 quem
1744 2187 2094 2256 μεταφορικῶς

491 2292 754 2364 populum
786 2298 842 2343 et
875 2285 1151 2356 principes
1183 2280 1414 2351 intelligi
1439 2280 1644 2333 volunt.
1673 2275 1934 2330 Libanum
1959 2287 2096 2344 quo-

488 2402 594 2458 que
616 2399 738 2440 cum
771 2379 1006 2438 excelsis
1036 2378 1151 2434 suis
1188 2376 1406 2442 cadere,
1433 2382 1492 2428 ut
1515 2372 1650 2427 nihil
1675 2369 1898 2425 omnino
1929 2369 2096 2438 Assy-

493 2479 594 2536 ria!
622 2477 866 2535 resideat
895 2474 1202 2544 potestatis.
1236 2469 1340 2524 Alii
1363 2481 1498 2523 vero
1527 2466 1596 2521 ab
1628 2466 1731 2521 hoc
1756 2466 1874 2519 loco
1904 2461 2097 2516 volunt

491 2572 824 2644 principium
881 2565 1006 2624 esse
1044 2565 1113 2621 de
1151 2563 1375 2619 Christo
1416 2579 1428 2615 :
1479 2559 1718 2614 maxime
1757 2572 1879 2612 cum
1924 2562 1981 2610 et
2028 2567 2093 2608 ea

489 2682 611 2740 quae
667 2670 994 2732 sequuntur,
1031 2666 1087 2714 et
1135 2672 1236 2711 nos
1285 2656 1353 2710 de
1385 2654 1518 2719 illo,
1549 2661 1606 2707 et
1651 2649 1680 2688 δ
1733 2646 2093 2705 Circumcisio

491 2739 694 2825 scripta
747 2754 1007 2809 fateatur.
1047 2751 1269 2805 Dixerat
1314 2761 1476 2816 supra
1528 2758 1724 2798 nomen
1764 2741 1831 2797 de
1871 2739 2092 2808 Virgine

495 2850 653 2920 pueri
685 2845 976 2911 nascituri,
1033 2842 1179 2912 quod
1234 2839 1602 2910 appellaretur
1642 2831 1985 2897 Emmanuel;
2038 2838 2096 2885 et

489 2956 682 3016 postea
695 2942 1063 3010 PrOphetisste
1074 2945 1372 3006 conceptus
1390 2943 1550 2988 utero
1569 2940 1877 2998 vocaretur,
1899 2927 2093 2984 accele-

489 3054 574 3105 ra,
598 3036 770 3105 spolia
790 3033 1027 3095 detrahe,
1063 3031 1252 3103 festina
1290 3027 1514 3100 praedari
1569 3024 1708 3096 (Isa.
1738 3039 1850 3089 vut,
1905 3023 1985 3089 5),
2038 3029 2094 3076 et

487 3134 610 3202 ipse
638 3139 786 3185 esset
814 3126 951 3195 lapis
977 3121 1302 3180 offensionis
1329 3130 1383 3175 et
1429 3128 1579 3190 petra
1607 3116 1850 3175 scandali
1878 3114 2090 3169 duabus
2114 3126 2117 3128 '

2198 1908 2374 1972 .lcsse,
2412 1906 2588 1976 ipsum
2620 1903 2906 1958 Dominum
2936 1902 3106 1957 Judaai
3147 1903 3580 1972 interpretantur
3611 1917 3626 1954 :
3652 1897 3792 1969 quod

2197 1996 2407 2052 scilicet
2433 1995 2486 2049 in
2520 1995 2667 2064 virga
2695 1993 2975 2064 regnantis
3001 1993 3263 2063 potentia,
3303 1993 3356 2047 in
3386 1992 3524 2046 flore
3550 1990 3789 2063 pulchri-

2198 2089 2326 2142 tudo
2349 2097 2700 2142 monstretur.
2735 2086 2842 2142 Nos
2867 2095 3048 2142 autem
3068 2086 3276 2157 virgam
3305 2087 3374 2142 de
3399 2086 3587 2142 radice
3616 2085 3788 2152 Jcsse,

2196 2188 2438 2235 sanctam
2468 2179 2694 2234 Mariam
2742 2178 3014 2249 Virginem
3063 2177 3466 2250 intelligamus,
3517 2193 3644 2247 quae
3678 2177 3796 2233 nul.

2195 2275 2306 2330 lum
2339 2275 2530 2329 habuit
2555 2275 2654 2331 sibi
2688 2274 2936 2329 fruticem
2959 2277 3326 2331 colimrentem
3358 2293 3373 2340 ;
3403 2275 3471 2330 de
3498 2291 3602 2347 qua
3631 2285 3687 2332 et
3710 2291 3795 2330 su-

2198 2385 2291 2438 pra
2336 2369 2613 2439 legimus:
2653 2367 2786 2423 Ecce
2845 2369 3006 2443 Virgo
3037 2370 3292 2442 concipiet
3338 2379 3387 2425 et
3432 2371 3598 2441 pariet
3628 2369 3795 2441 [ilium

2200 2463 2337 2537 (Isa.
2363 2480 2457 2529 vu,
2490 2463 2603 2535 ll).
2641 2463 2704 2519 Et
2738 2463 2927 2518 florem
2970 2463 3260 2519 Dominum
3304 2463 3672 2531 Salvatorem,
3705 2463 3794 2534 qui

2195 2557 2327 2612 dicit
2357 2557 2409 2610 in
2438 2555 2666 2612 Cantica
2696 2557 3045 2611 Canticorum
3087 2575 3100 2611 :
3157 2555 3268 2629 Ego
3305 2557 3406 2626 ﬂos
3450 2558 3624 2626 campi
3651 2566 3702 2612 et
3729 2558 3793 2611 li-

2195 2651 2323 2704 lium
2352 2649 2669 2704 convallium
2700 2648 2875 2722 (Cant.
2908 2667 2968 2714 ιι,
3003 2652 3078 2722 I).
3103 2650 3208 2706 Pro
3233 2651 3429 2716 radice,
3479 2667 3645 2722 quam
3694 2651 3794 2708 soli

2194 2742 2338 2798 LXX
2363 2743 2776 2807 transtulerunt,
2805 2743 2855 2797 in
2885 2742 3160 2798 Hebraico
3189 2744 3453 2814 scriptum
3477 2743 3792 2814 hahet'W‘lJ)

2193 2857 2366 2907 cum,
2437 2839 2580 2910 quod
2637 2838 2832 2906 Aquila
2878 2847 2933 2895 et
2976 2837 3337 2911 Symmachus
3390 2847 3446 2894 ct
3491 2838 3794 2896 'I'heodotio

2193 2936 2378 3012 κορμὸν
2406 2933 2747 3004 interpretati
2778 2942 2937 3000 sunt,
2994 2933 3045 2987 id
3093 2941 3208 3001 est,
3261 2942 3530 2989 truncum.
3589 2933 3665 2987 Et
3692 2947 3791 3006 pro

2192 3026 2328 3082 ﬂore
2373 3025 2465 3096 qui
2514 3025 2781 3082 llebraice
2821 3025 3026 3081 dicitur
3073 3025 3217 3099 (Ἕω)
3249 3022 3278 3063 ἀ
3320 3041 3488 3082 NESEB
3516 3068 3533 3094 ,
3581 3042 3791 3097 germen

2192 3120 2614 3186 transmlerunt,
2646 3128 2705 3174 ut
2735 3118 3121 3185 ostenderent,
3146 3118 3290 3188 quod
3319 3119 3491 3173 multo
3513 3128 3636 3188 post
3667 3128 3792 3173 tem-

491 3223 749 3280 domibus
774 3217 942 3275 Israel
974 3233 987 3268 :
1022 3215 1178 3284 cujus
1221 3213 1561 3283 principatus
1590 3217 1738 3265 esset
1763 3208 1816 3263 in
1859 3207 2089 3260 humero
2116 3215 2159 3275 (ζ
2194 3231 2325 3286 pore
2355 3214 2700 3287 Babylonicae
2726 3215 3076 3285 captivitatis,
3111 3213 3262 3268 nullo
3304 3213 3374 3268 de
3421 3213 3593 3281 stirpe
3620 3211 3787 3268 David

487 3317 632 3386 ejus,
666 3322 722 3369 et
758 3319 1047 3366 vocaretur
1089 3323 1188 3363 sex
1229 3304 1586 3360 nominibus:
1634 3300 1991 3365 admirabilis,
2035 3309 2091 3354 et

487 3407 870 3473 consiliarius,
903 3414 958 3458 et
997 3404 1164 3468 Deus,
1211 3409 1267 3456 et
1295 3398 1453 3454 fortis
1474 3439 1488 3465 ,
1516 3409 1571 3452 et
1601 3407 1754 3466 pater
1785 3395 1951 3450 futuri
1988 3409 2092 3448 sae-

487 3501 628 3565 culi,
683 3507 740 3553 et
790 3480 1048 3566 princeps
1099 3492 1248 3562 pacis
1294 3509 1308 3545 :
1346 3500 1402 3545 et
1446 3487 1588 3558 quod
1634 3486 2090 3556 multiphcaretur

488 3595 611 3664 ejus
634 3590 944 3661 imperium,
994 3596 1050 3641 et
1081 3586 1230 3656 pacis
1261 3600 1368 3638 non
1401 3591 1548 3638 esset
1593 3581 1880 3636 terminus.
1935 3578 2090 3635 Nunc

487 3689 540 3742 in
573 3684 798 3755 prologo
831 3682 1096 3735 adventus
1126 3677 1273 3748 ejus,
1312 3676 1464 3746 prius
1495 3691 1654 3746 quam
1687 3675 1896 3729 dicatur
1944 3671 2088 3744 quod

483 3779 551 3834 de
577 3778 733 3836 Jcsse
755 3785 810 3832 et
841 3771 1011 3829 David
1039 3773 1111 3826 sit
1148 3785 1353 3841 genere
1380 3770 1694 3824 nasciturus
1733 3809 1749 3834 ,
1783 3783 1883 3839 per
1915 3779 2089 3823 trans-

487 3871 747 3926 lationem
811 3865 1000 3921 fracta:
1052 3863 1356 3934 lagunculae
1405 3861 1586 3932 passio
1652 3861 1798 3915 illius
1863 3859 2091 3916 demon-

483 3975 692 4020 stratur
735 3959 968 4031 :quod,
1042 3959 1264 4013 volente
1323 3956 1472 4022 Deo,
1528 3954 1736 4010 idcirco
1791 3968 1919 4009 caro
1969 3954 2089 4024 ejus

484 4057 651 4112 morti
683 4052 1013 4117 tradita-sit,
1049 4061 1105 4105 ut
1131 4049 1446 4105 Iudaeorum
1491 4048 1801 4103 sublimitas
1831 4047 2087 4104 destrua-

482 4160 591 4215 tur,
623 4159 677 4204 et
703 4146 906 4202 excelsi
937 4142 1211 4215 quomlam
1249 4141 1302 4196 in
1347 4150 1548 4196 terram
1593 4149 1890 4205 corruant;
1918 4150 1973 4195 et
2000 4139 2088 4195 Li-

482 4242 660 4296 banus
683 4253 806 4294 cum
837 4237 950 4292 suis
980 4234 1160 4290 cedris
1189 4232 1504 4288 succidatur
1525 4276 1539 4299 ,
1565 4231 1634 4287 de
1663 4248 1776 4303 quo
1800 4232 1856 4287 in
1881 4230 2088 4287 Zacha-

487 4334 565 4388 ria
586 4333 816 4404 legimus
851 4348 864 4384 :
893 4330 1074 4395 Aperi,
1101 4327 1296 4382 Libane
1319 4372 1332 4392 ,
1374 4338 1550 4399 portas
1579 4337 1695 4381 tuas
1717 4371 1731 4391 ,
1771 4336 1820 4381 et
1853 4328 2089 4381 comedat

484 4428 620 4500 ignis
660 4425 839 4480 cedros
861 4428 1032 4480 tuasf:
1062 4421 1228 4488 ulula,
1252 4420 1413 4480 abies,
1445 4420 1569 4491 quia
1610 4420 1791 4474 cecidit
1850 4419 2036 4474 cedrus
2070 4460 2085 4486 ,

481 4519 728 4590 quoniam
755 4514 1017 4588 magniﬁci
1035 4514 1221 4567 uastati
1245 4522 1364 4566 sunt
1398 4510 1586 4582 (Zach.
1615 4527 1698 4577 xl,
1728 4512 1777 4574 1,
1813 4509 1893 4583 2).
1929 4509 2084 4580 Quod

2189 3308 2398 3378 antiqui
2453 3308 2606 3376 regni
2637 3307 2876 3378 gloriam
2907 3307 3226 3379 possidente
3251 3349 3266 3372 ,
3314 3307 3470 3378 quasi
3496 3305 3566 3361 de
3597 3317 3788 3362 trunco

2191 3402 2378 3466 Maria,
2414 3411 2468 3456 et
2501 3402 2570 3457 de
2593 3401 2757 3458 Maria
2787 3400 3035 3457 Christus
3064 3408 3294 3457 exortus
3326 3400 3418 3454 sit.
3461 3397 3596 3455 Illud
3645 3396 3787 3467 quod

2191 3495 2244 3550 in
2273 3494 2570 3565 Evangelia
2617 3495 2856 3550 Matthazi
2887 3509 3082 3549 omnes
3106 3502 3363 3564 qumrunt
3393 3490 3786 3557 Ecclesiasuci,

2190 3597 2245 3642 et
2273 3605 2379 3644 non
2412 3587 2696 3644 inveniunt
2719 3587 2808 3642 ubi
2853 3588 3116 3658 scriptum
3144 3586 3235 3654 sit,
3289 3585 3552 3654 Quoniam
3609 3582 3787 3637 Nasa—

2190 3696 2324 3736 razus
2349 3680 2617 3735 vocabitur
2654 3678 2870 3752 (Matth.
2922 3695 2980 3742 ll,
3017 3679 3138 3750 2'5),
3170 3679 3370 3734 eruditi
3433 3677 3788 3734 Hebraeorum

2190 3771 2257 3827 de
2298 3771 2401 3826 hoc
2428 3772 2548 3829 loco
2580 3783 2918 3841 assumptum
2951 3779 3168 3843 putant.
3201 3769 3308 3826 Sed
3331 3769 3616 3826 sciendum
3639 3767 3786 3840 quod

2190 3863 2278 3919 hic
2304 3878 2496 3930 nassa,
2531 3879 2628 3935 per
2652 3880 2786 3920 SAM-1
2815 3863 3048 3920 litteram
3098 3863 3380 3920 scribatur
3410 3865 3604 3933 :cujus
3657 3877 3787 3934 pro-

2188 3957 2478 4028 prietatem
2526 3966 2580 4013 et
2622 3971 2815 4012 sonum
2842 3958 2985 4013 inter
3015 3974 3044 4010 z
3069 3965 3126 4013 et
3157 3975 3182 4014 s
3217 3957 3443 4014 Latinus
3463 3971 3644 4013 sermo
3679 3971 3787 4012 non

2191 4052 2466 4121 exprimit.
2491 4051 2589 4106 Est
2612 4052 2756 4107 enim
2784 4052 3070 4121 stridulus,
3100 4063 3158 4109 et
3186 4054 3393 4110 strictis
3421 4053 3680 4109 dentibus
3701 4053 3788 4107 vix

2189 4146 2385 4216 linguae
2411 4146 2774 4218 impressione
2797 4149 3073 4218 profertur
3122 4167 3136 4202 :
3183 4165 3248 4206 ex
3301 4167 3405 4220 qua
3437 4151 3600 4206 etiam
3653 4149 3786 4207 Sion

2189 4239 2318 4294 urbs
2348 4240 2621 4296 scribitur.
2654 4242 2826 4296 Porro
2851 4241 3112 4306 Nazarasi,
3148 4258 3287 4314 quos
3318 4242 3460 4299 LXX
3489 4245 3790 4315 sanctiﬁca-

2187 4341 2287 4392 tos,
2311 4331 2669 4402 Symmachus
2698 4344 2984 4406 separatos,
3011 4337 3444 4399 transtulerunt,
3490 4353 3587 4407 per
3617 4346 3640 4375 θ
3668 4351 3790 4393 zsut

2187 4421 2259 4494 (τ)
2290 4423 2449 4496 156
2476 4439 2696 4494 semper
2712 4426 3028 4482 scribuntur
3047 4429 3401 4484 elementum.
3427 4428 3605 4496 Super
3647 4429 3789 4485 hunc

2186 4516 2351 4587 igitur
2382 4520 2597 4586 florem,
2632 4519 2723 4590 qui
2746 4520 2815 4576 de
2848 4530 3041 4576 trunco
3088 4532 3143 4578 ct
3182 4524 3252 4580 de
3274 4524 3460 4580 radice
3485 4523 3640 4579 Jesse
3695 4536 3789 4594 per

483 4623 668 4669 autem
697 4627 723 4662 ll
756 4608 918 4664 Paer
947 4606 1219 4661 COIIII‘ILIIS
1249 4614 1307 4660 et
1343 4619 1640 4672 percussus
1670 4619 1793 4660 esse
1844 4603 2078 4670 dicatur,
2110 4607 2165 4669 Ι)
2189 4613 2410 4669 Mariam
2439 4613 2718 4686 Virginem
2753 4629 2978 4685 repente
3001 4628 3321 4689 consurget,
3345 4619 3654 4689 requiesce],
3676 4616 3790 4686 δρία

483 4717 538 4762 et
569 4703 701 4759 illud
735 4701 936 4758 indicio
963 4709 1084 4754 est:
1120 4695 1416 4752 Percutiam
1441 4707 1732 4764 pastorem,
1763 4705 1808 4750 et
1827 4712 1944 4750 oves
1973 4695 2083 4751 dis-

477 4797 790 4868 sipabuntur
821 4793 968 4864 (Zac.
993 4807 1109 4858 xm,
1136 4791 1213 4862 7).
1249 4790 1479 4844 Etaliud
1508 4789 1880 4845 testimonium
1908 4808 1920 4844 :
1943 4791 2084 4859 Quo-

481 4895 622 4948 niam
662 4907 814 4956 quem
867 4899 922 4943 tu
967 4886 1301 4960 percussisti,
1342 4886 1442 4957 ipsi
1483 4887 1735 4957 persecuti
1761 4896 1880 4941 sunt
1908 4885 2082 4958 (Psal.

477 5003 667 5052 vatu,
696 4986 777 5055 9.).
827 4983 1063 5036 Verbum
1097 4981 1424 5036 Hebraicum
1455 4982 1649 5050 (MRD)
1681 4996 1854 5036 rnuna
1886 5023 1901 5046 ,
1935 4982 2080 5050 quod

478 5077 673 5149 Aquila
708 5087 730 5115 ε
759 5082 1025 5152 κεραμεῖον
1049 5073 1442 5141 interpretatus
1471 5081 1576 5140 est,
1598 5071 1907 5128 Theodouo
1933 5073 2084 5145 Sym-

474 5170 812 5242 machusquc
860 5173 1144 5224 verterunt
1182 5167 1356 5231 ληνὸν,
1392 5165 1446 5220 id
1479 5173 1584 5232 est,
1639 5168 1902 5234 torcular,
1934 5169 2078 5239 quod

541 5326 567 5354 ει
597 5308 1054 5382 s-ippletVietor.
1084 5307 1209 5360 dicit
1242 5305 1380 5382 Deus
1422 5322 1488 5361 ex
1536 5320 1694 5362 sacro
1737 5315 1886 5362 textu
1929 5309 2066 5379 ipso,

475 5401 583 5444 n0n
611 5377 1026 5456 Hii-icityznian.
1061 5377 1486 5456 exemplaribus.

540 5458 568 5497 ιι
595 5456 658 5511 Et
680 5448 1037 5516 Circrlmrisio,
1067 5458 1176 5504 etc.
1219 5449 1271 5503 Id
1305 5460 1382 5500 est
1415 5448 1612 5516 Judaei,
1647 5465 1785 5516 quos
1834 5451 2068 5505 Circum-

467 5529 712 5583 cisionem
773 5534 933 5578 Vocat
998 5523 1148 5592 juxta
1214 5520 1554 5587 Apostolum.
1607 5522 1760 5588 Quod
1818 5539 1924 5577 non
1987 5525 2069 5577 iu-

473 5600 722 5655 telliuens
769 5597 1040 5650 Marianas
1097 5592 1398 5655 Victorius,
1441 5592 1774 5647 existimavit
1824 5592 2070 5649 Circum-

468 5669 730 5726 cisinnem
755 5683 875 5722 eve
901 5667 1192 5730 “ericopen
1217 5677 1310 5713 seu
1337 5661 1616 5731 periodum
1643 5666 1912 5719 sermonis
1935 5665 2063 5721 Pro-

470 5741 711 5814 phcltci__:
756 5738 853 5793 sed
887 5734 1484 5814 iucotigrttettliseu-su,
1517 5750 1600 5814 ne.
1626 5734 1812 5814 dicam
1837 5737 2064 5804 ineptis.

465 5806 623 5876 sime.
663 5810 930 5867 Maurus.
962 5839 1028 5848 -—
1057 5808 1202 5865 Gens
1244 5806 1494 5860 videlicet
1553 5807 1879 5865 circumcisa
1900 5849 1915 5874 ,
1947 5811 2062 5866 sive

2186 4709 2328 4764 ritus
2359 4708 2596 4772 Domini,
2621 4710 2745 4779 quia
2777 4711 2828 4764 in
2855 4711 2976 4781 ipso
3005 4713 3339 4784 complacuit
3361 4728 3579 4770 omnem
3607 4711 3785 4784 pleni.

2191 4801 2433 4858 tudinem
2475 4803 2778 4858 divinitatis
2828 4803 3078 4861 habitare
3125 4807 3487 4878 corporaliter
3529 4822 3545 4860 :
3580 4822 3784 4878 nequa-

2190 4911 2351 4966 quam
2379 4911 2476 4966 per
2499 4907 2699 4966 partes,
2736 4906 2796 4953 ut
2843 4899 2896 4954 in
2948 4902 3161 4958 caeteris
3209 4900 3456 4968 Sanctis;
3503 4901 3600 4958 sed
3639 4903 3782 4971 juxta

2189 4989 2539 5060 Evangelium
2563 4991 2705 5059 quod
2737 4991 2966 5050 Hebraeo
2995 5011 3254 5052 sermone
3281 4996 3653 5066 conscriptum
3708 4995 3783 5052 le-

2188 5095 2319 5153 gum
2345 5083 2583 5140 Nazarazi
2619 5103 2633 5140 :
2659 5085 2948 5143 Descendet
2973 5107 3129 5163 super
3153 5106 3272 5145 eum
3302 5091 3473 5145 omnis
3504 5093 3620 5163 fons
3655 5090 3781 5159 Spi-

2188 5176 2318 5230 ritus
2334 5179 2523 5232 sancti.
2559 5179 2825 5236 Dominus
2851 5192 3034 5239 autem
3061 5183 3299 5255 Spiritus
3322 5194 3426 5251 est,
3453 5194 3510 5241 et
3543 5186 3635 5242 ubi
3664 5184 3782 5256 δρία

2180 5311 2376 5388 Judrri,
2401 5316 2546 5386 quod
2571 5329 2619 5372 et
2647 5318 2898 5376 Martian.
2925 5331 3079 5379 notat
3098 5333 3286 5379 contra
3306 5323 3627 5388 Victorium,
3652 5341 3776 5381 seu-

2172 5384 2428 5526 ;iéiutcm,
2477 5391 2783 5460 significare
2826 5409 2945 5450 eam
2999 5410 3187 5451 vocem
3245 5399 3552 5468 prophetici
3601 5384 3776 5453 textus

2189 5507 2191 5509 ,
2275 5475 2489 5524 teopen.

2189 5475 2489 5524 lel‘lmipen,

2245 5531 2404 5619 ssub
2433 5533 2754 5619 diminutiva
2771 5534 2945 5592 forma
2974 5537 3166 5608 Vatic.,
3191 5539 3504 5619 κεραμίδων,
3523 5541 3666 5614 quod
3695 5548 3776 5598 est

2170 5601 2437 5672 vasculum
2460 5604 2641 5672 ﬁctile,

2238 5669 2264 5709 ἀ
2301 5672 2434 5729 Vide
2460 5669 2600 5732 infra
2630 5678 2697 5732 ad
2722 5694 2845 5743 cap.
2876 5696 3033 5743 xvm,
3069 5682 3158 5738 l9.

2243 5754 2264 5778 ε’
2293 5745 2448 5815 Saepe
2470 5748 2706 5806 diximus
2736 5750 2836 5806 Zai
2861 5768 2957 5821 pro
2989 5752 3120 5808 Znin
3145 5753 3247 5825 legi
3271 5756 3323 5810 in
3354 5773 3485 5812 mss.
