4052 6442
304 417 415 475 με

303 534 447 592 ritus
484 533 696 590 Domini
720 577 734 598 .
761 534 835 591 ibi
861 534 1205 605 libertrsatgL
1222 535 1346 605 ger.
1382 552 1462 605 tu,
1492 537 1602 605 17).
1627 535 1685 592 1η
1707 536 1900 593 eodem

302 626 546 685 Matthxi
572 627 848 684 volumine
879 602 1209 700 legimt‘tb-f‘,
1308 602 1458 706 quod
1483 628 1537 685 in
1561 602 1906 697 conseii'd'en—

300 721 453 778 tibus
482 720 744 776 scribitur
772 738 788 778 :
816 720 951 777 Ecce
978 739 1106 795 puer
1128 738 1272 777 meus
1315 739 1468 794 quem
1507 723 1640 794 elegi
1668 738 1688 778 :
1713 724 1907 778 electus

296 833 450 873 meus
470 818 525 872 in
550 833 653 888 quo
682 818 999 888 complacuit
1019 819 1211 873 anima:
1242 834 1369 873 mete
1398 834 1631 890 :ponam
1659 818 1907 889 spiritum

297 926 476 966 meum
496 927 656 983 super
675 909 828 965 illum
860 927 879 965 :
901 911 1164 981 judicium
1180 911 1413 985 gentibus
1439 914 1665 982 proferet
1685 909 1903 983 (Matth.

291 1019 399 1071 xu,
430 1003 545 1073 18),
569 1003 637 1058 ad
661 1004 970 1059 Salvatoris
993 1003 1188 1060 referri
1232 1004 1651 1076 intelligentiam
1670 1048 1684 1071 ,
1721 1006 1774 1058 in
1798 1019 1906 1073 quo

290 1094 566 1168 requievit
588 1094 831 1166 Spiritus
849 1096 1091 1161 Domini.
1120 1097 1171 1153 id
1194 1108 1301 1167 est,
1335 1106 1539 1153 aeterna
1569 1097 1906 1154 habitatione

296 1192 611 1264 permansit
638 1209 652 1247 :
684 1208 796 1249 non
826 1200 888 1249 ut
906 1193 1175 1259 avolaret,
1209 1204 1267 1251 et
1293 1210 1514 1250 rursum
1554 1193 1622 1249 ad
1651 1209 1777 1250 eum
1808 1194 1905 1250 de-

293 1285 627 1353 acenderet;
661 1285 758 1342 sed
789 1286 944 1357 juxta
974 1285 1201 1343 Joannis
1241 1287 1499 1358 Baptista:
1532 1286 1903 1343 testimonium

284 1380 501 1453 jugiter
531 1390 905 1451 permaneret,
930 1383 1022 1454 qui
1055 1382 1133 1437 ait
1162 1390 1225 1437 ει
1256 1382 1381 1438 Vidi
1408 1383 1668 1457 Spiritum
1689 1384 1904 1439 descen-

290 1476 507 1531 dentem
535 1475 691 1547 quasi
710 1474 1003 1531 columbam
1044 1475 1110 1531 de
1131 1478 1262 1533 caelo
1281 1518 1296 1542 ,
1322 1487 1375 1533 et
1404 1489 1697 1534 manentem
1737 1480 1792 1534 in
1819 1496 1901 1548 eo,

285 1578 353 1626 et
376 1583 471 1642 ego
491 1568 783 1625 nesciebam
812 1568 966 1625 illum
992 1588 1008 1626 :
1030 1570 1127 1625 sed
1154 1570 1242 1642 qui
1273 1588 1353 1626 me
1382 1572 1524 1627 misit
1552 1572 1821 1642 baptizare
1848 1573 1902 1627 in

284 1676 439 1731 aqua
459 1701 475 1727 ,
505 1660 600 1715 ille
641 1660 770 1715 mihi
817 1662 953 1717 dixit
991 1679 1012 1718 :
1040 1662 1214 1735 Super
1252 1680 1406 1737 quem
1428 1665 1617 1719 videris
1649 1664 1907 1735 Spiritum

284 1754 690 1810 descendentem
718 1765 768 1811 et
786 1764 1076 1812 manentem
1103 1757 1159 1812 in
1177 1774 1259 1825 eo,
1286 1757 1397 1828 ipse
1432 1768 1506 1813 est
1542 1759 1633 1829 qui
1672 1758 1906 1828 baptizat

282 1848 356 1903 in
384 1845 590 1920 Spiritu
613 1860 794 1903 sancto
825 1847 1007 1921 (Joan.
1054 1864 1236 1916 xxxlt,
1270 1848 1386 1923 33).
1427 1851 1601 1907 Porro
1638 1852 1691 1906 in
1725 1852 1906 1908 Evan-

875 417 1532 479 COMMENTARIOBUM
1568 418 1637 475 IN
1674 418 1912 477 ISAIAM
1948 416 2375 479 PROPHETAM
2417 421 2551 480 LIB.
2591 421 2681 479 IV.
2722 419 2879 479 CAP.
2922 422 3016 479 Xl.

1988 609 2017 641 5|

3495 422 3603 481 “6

2007 541 2215 635 raised
2239 540 2511 609 accepistis
2542 538 2799 635 Spiritum
2830 539 3151 609 adoptionis,
3185 539 3241 594 in
3269 555 3372 611 quo
3417 540 3615 593 clama-

2008 609 2126 688 iti'u';
2161 633 2304 689 Abba
2340 633 2503 688 Pater
2547 613 2719 711 (Ἆῗὲξ,
2780 649 2909 702 vttt,
2960 632 3094 705 15).
3140 634 3208 690 Et
3246 609 3300 690 in
3348 633 3616 690 Malacltia

2009 725 2238 795 legimus
2268 745 2281 781 :
2315 726 2376 783 Si
2402 736 2546 799 pater
2574 716 2828 801 eg?sum,
2862 728 2949 782 ubi
2978 737 3052 783 est
3079 726 3247 799 gloria
3293 728 3447 783 mea?
3476 737 3524 782 et
3565 728 3614 782 si

2011 817 2264 873 Dominus
2284 836 2379 892 ego
2392 836 2524 875 sum.
2550 819 2639 873 ubi
2662 829 2738 875 est
2763 822 2916 875 timor
2933 825 3103 883 meus(
3116 820 3347 876 Malach.
3377 837 3415 885 ι,
3436 820 3521 890 6)?
3543 821 3611 877 de

2006 928 2116 984 quo
2147 915 2344 969 timore
2364 921 2618 969 cantatur
2644 916 2697 968 in
2727 914 2987 981 Psalmo;
3028 914 3241 981 Venite,
3265 914 3386 985 ﬁlii,
3437 915 3614 970 audite

2007 1022 2088 1061 me
2115 1021 2134 1061 :
2162 1006 2395 1061 timorem
2424 1006 2634 1062 Domini
2659 1006 2854 1061 docebo
2880 1024 2967 1063 vos
3006 1007 3128 1079 (Ps.
3158 1024 3348 1076 sunt,
3387 1006 3499 1081 12).

2079 1100 2267 1174 (Vers.
2298 1101 2334 1157 5
2361 1102 2541 1174 seqq.)
2576 1100 2700 1156 Non
2741 1104 3025 1157 secundum
3053 1103 3305 1158 visionem
3336 1101 3612 1159 oculorum

1996 1192 2283 1264 judicabit,
2333 1212 2495 1267 neque
2518 1195 2806 1250 secundum
2849 1196 3091 1250 auditum
3119 1197 3332 1251 aurium
3378 1206 3560 1269 arguet
3593 1213 3614 1252 :

2004 1287 2096 1342 sed
2119 1288 2377 1358 judicabit
2398 1289 2451 1342 in
2472 1288 2682 1359 justitia
2702 1305 2976 1362 pauperes,
3009 1298 3057 1343 et
3089 1299 3271 1362 arguet
3290 1290 3345 1344 in
3368 1290 3614 1362 tequitate

2007 1397 2103 1452 pro
2131 1384 2409 1436 mansuetis
2437 1390 2609 1446 terra,
2634 1392 2683 1436 et
2708 1382 2960 1455 percutiet
2990 1391 3182 1436 terram
3202 1383 3348 1453 virga
3377 1383 3482 1437 oris
3504 1381 3609 1448 sui,

2004 1485 2053 1531 et
2081 1476 2268 1548 spiritu
2313 1473 2570 1530 labiorum
2595 1490 2812 1530 suorum
2854 1475 3130 1543 interﬁciet
3156 1476 3397 1548 impium.
3424 1473 3492 1529 Et
3515 1473 3616 1530 erit

1995 1568 2209 1639 justitia
2236 1566 2506 1642 cingulum
2545 1567 2843 1624 lumborum
2868 1572 3006 1643 ejus,
3037 1578 3087 1623 et
3134 1569 3267 1639 ﬁdes
3298 1568 3611 1622 cinctorium

2002 1676 2184 1715 renum
2226 1662 2363 1731 ejus.
2398 1660 2525 1716 limo
2556 1677 2658 1716 nos
2705 1662 2773 1716 ad
2806 1663 3043 1732 primum
3076 1660 3373 1716 adventum
3409 1660 3610 1716 referi-

2005 1766 2127 1807 mus
2174 1751 2720 1809 Salvatoriszludaﬁ
2756 1753 2810 1809 in
2863 1753 2972 1808 line
3019 1752 3210 1809 mundi
3256 1752 3609 1809 contendunt

2004 1843 2215 1899 futura.
2249 1844 2422 1900 Porro
2472 1844 2617 1900 LXX
2666 1847 3117 1903 transtulerunt:
3154 1845 3281 1901 Non
3329 1845 3616 1901 secundum

282 1938 474 2012 gelio,
506 1940 661 2009 cujus
686 1956 854 2012 supra
888 1941 1120 1997 fecimus
1151 1943 1523 2010 mentionem,
1551 1943 1670 2000 haec
1696 1944 1901 2016 scripta

2012 1937 2228 2011 gloriam
2245 1937 2531 2009 judicabt’t,
2560 1955 2724 2011 neque
2758 1940 2923 2007 juxta
2942 1954 3230 1994 sermonem
3274 1949 3497 2013 arguet:
3521 1939 3614 1994 sed

282 2033 606 2103 reperimus
637 2051 650 2087 :
683 2031 734 2087 F
737 2042 909 2088 actum
925 2042 1003 2089 est
1039 2043 1209 2088 autem
1237 2051 1352 2089 cum
1383 2035 1698 2089 ascendisset
1724 2033 1905 2089 Domi-

283 2141 401 2181 nus
429 2126 491 2182 de
532 2143 696 2199 aqua,
728 2126 993 2182 descendit
1031 2130 1150 2199 fons
1175 2130 1344 2183 omnis
1367 2126 1602 2199 Spiritus
1629 2128 1821 2193 sancti,
1854 2136 1904 2182 et

282 2219 546 2287 requievit
570 2234 726 2290 super
763 2235 901 2284 eum,
927 2229 973 2273 et
999 2219 1132 2274 dixit
1173 2218 1295 2274 illi:
1322 2218 1435 2274 Fili
1451 2220 1544 2286 mi,
1576 2220 1633 2275 iu
1664 2220 1902 2275 omnibus

280 2308 564 2384 prophetis
582 2310 939 2384 exspectabam
966 2319 1037 2379 te,
1068 2318 1125 2364 ut
1152 2312 1372 2376 venires,
1401 2322 1449 2366 et
1462 2311 1826 2384 requiescerent
1848 2313 1905 2368 in

283 2413 370 2460 te.
400 2401 480 2459 Tu
506 2420 559 2459 es
583 2404 723 2459 enim
750 2404 955 2473 requies
982 2420 1116 2471 mea,
1144 2412 1198 2458 tu
1224 2421 1278 2459 es
1304 2405 1449 2475 ﬁlius
1478 2421 1623 2460 meus
1644 2407 1905 2480 primoge-

279 2496 459 2563 nitus,
482 2496 569 2567 qui
589 2512 777 2569 regnas
796 2496 852 2550 in
870 2497 1263 2569 sempiternum.
1292 2495 1396 2564 Qui
1422 2497 1661 2568 Spiritus
1686 2497 1899 2553 Domini

280 2588 603 2657 appellatur
625 2601 680 2643 et
707 2586 947 2658 Spiritus
982 2587 1295 2659 sapientiai;
1327 2591 1504 2645 omnia
1527 2592 1674 2646 enim
1705 2607 1797 2662 per
1816 2591 1901 2664 ip-

280 2696 415 2735 sum
446 2682 587 2751 facta
608 2688 772 2747 sunt;
794 2691 843 2734 et
864 2679 978 2734 sine
999 2680 1114 2752 ipso
1135 2684 1334 2752 factum
1356 2694 1429 2736 est
1447 2680 1601 2744 nihil,
1634 2681 1775 2751 quod
1793 2686 1904 2754 [ac-

285 2781 413 2827 tum
438 2781 512 2827 est
542 2768 745 2845 (Joan.
780 2787 818 2840 t,
852 2771 951 2844 ὅ),
987 2772 1053 2827 Et
1082 2773 1137 2827 in
1166 2773 1395 2831 Psalmis
1431 2774 1646 2829 canitur
1682 2793 1694 2829 :
1734 2773 1904 2841 Quam

280 2864 631 2939 magniﬁcam
652 2874 773 2920 sunt
802 2880 960 2934 opera
991 2875 1103 2934 tua,
1132 2864 1391 2921 Domine!
1407 2869 1581 2923 omnia
1610 2869 1665 2923 in
1693 2870 1903 2937 sapien-

285 2959 377 3013 tia
426 2958 596 3031 fecisti
652 2955 782 3030 (Ps.
839 2973 963 3023 χει,
1014 2958 1133 3031 24).
1185 2960 1254 3015 Et
1297 2961 1598 3032 Apostolus
1640 2962 1833 3019 scribit
1884 2978 1900 3018 :

283 3050 538 3107 Christus
564 3050 663 3106 Dei
689 3052 853 3107 virtus
904 3060 953 3106 et
985 3051 1083 3107 Dei
1121 3054 1381 3120 sapientia
1407 3053 1450 3127 (Ι
1474 3053 1595 3109 Cor.
1628 3054 1689 3127 t).
1723 3055 1785 3109 Et
1847 3056 1901 3111 in

283 3144 610 3202 Proverbiis
638 3145 839 3215 legitur
883 3162 899 3200 :
944 3143 1087 3199 Deus
1126 3147 1180 3200 in
1209 3147 1469 3214 sapientia
1513 3164 1610 3203 sua
1656 3147 1903 3218 {undavit

285 3249 514 3302 terram.
545 3247 593 3294 et
618 3239 824 3309 pararit
849 3237 1004 3292 caelos
1030 3238 1085 3292 in
1116 3240 1394 3308 prudentia
1446 3237 1632 3311 (Prov.
1664 3255 1749 3307 ιιι,
1783 3238 1895 3311 19).

1997 2031 2265 2102 judicabit
2289 2029 2479 2085 humili
2506 2029 2617 2103 [AL
2647 2030 2847 2086 humile
2867 2029 3155 2105 judicium]
3171 2031 3401 2103 judicio,
3443 2042 3494 2085 et
3523 2047 3614 2085 ar-

2005 2132 2123 2193 guet
2149 2118 2375 2175 humiles
2406 2129 2577 2177 terrae.
2609 2120 2638 2160 ι’
2669 2120 2887 2177 Nullius
2909 2122 3056 2176 enim
3084 2136 3378 2193 personam
3411 2120 3615 2190 accipit

2005 2214 2058 2268 in
2081 2213 2295 2282 judicio
2327 2233 2341 2270 :
2376 2215 2473 2270 sed
2504 2215 2719 2271 Scribis
2748 2224 2805 2272 et
2834 2214 3133 2271 Pharisaeis
3173 2231 3238 2271 ac
3266 2215 3615 2286 principibus

2005 2305 2254 2378 loquitur
2278 2325 2293 2362 :
2329 2306 2420 2362 Va:
2444 2307 2608 2377 vobis,
2634 2308 2920 2382 hypocrita:
2943 2324 2961 2363 :
2990 2306 3080 2373 Et,
3104 2307 3385 2379 Auferetur
3416 2323 3448 2361 a
3470 2308 3614 2361 vobis

2003 2415 2224 2470 regnum
2274 2397 2395 2467 Dei,
2453 2410 2501 2455 et
2552 2400 2763 2455 dabitur
2817 2401 2958 2474 genti
3010 2401 3222 2472 facienti
3253 2404 3454 2471 fructus
3494 2400 3613 2470 ejus

2005 2493 2226 2568 (Matth.
2252 2509 2409 2559 xxtn,
2441 2495 2530 2564 15,
2549 2504 2598 2551 et
2621 2494 2957 2561 xxt,3).Nec
2977 2495 3277 2551 secundum
3298 2508 3616 2549 sermonem

2006 2598 2063 2644 et
2099 2587 2348 2642 auditum
2372 2587 2589 2643 aurium
2618 2589 2909 2658 corripuit.
2936 2587 3048 2643 Illis
3075 2591 3219 2643 enim
3250 2587 3564 2643 dicentibus
3596 2605 3610 2642 :

2007 2678 2279 2752 Magister,
2310 2681 2500 2735 scimus
2523 2682 2648 2752 quia
2669 2696 2829 2735 uerna:
2857 2696 2931 2746 es,
2958 2691 3009 2734 et
3038 2682 3173 2735 viam
3196 2678 3296 2734 Dei
3323 2682 3377 2734 in
3399 2681 3613 2735 veritate

2005 2773 2180 2840 doces,
2210 2783 2258 2828 et
2280 2790 2385 2828 non
2414 2773 2485 2827 ad
2506 2783 2553 2828 te
2581 2775 2802 2846 pertinet
2826 2776 2889 2827 de
2910 2771 3089 2844 aliqua
3120 2789 3139 2828 :
3164 2789 3329 2845 neque
3367 2773 3507 2828 enim
3531 2774 3611 2826 oi-

2003 2868 2093 2922 des
2141 2868 2196 2921 in
2242 2868 2430 2939 faciem
2463 2866 2731 2922 hominum
2781 2864 3016 2939 (Matth.
3072 2883 3210 2933 χχιι,
3269 2866 3612 2939 i6):158

2003 2958 2184 3013 sciens
2229 2958 2495 3014 malitiam
2526 2974 2744 3024 eorum,
2777 2958 3190 3031 respondebat:
3221 2957 3361 3026 Quid
3393 2976 3472 3014 me
3499 2969 3613 3014 ten-

2006 3053 2149 3114 tatis.
2176 3053 2460 3127 hypocrita:
2477 3054 2503 3108 ?
2525 3062 2582 3109 et
2599 3062 2806 3109 caetera
2830 3053 2918 3109 his
2948 3054 3184 3109 similia.
3202 3053 3499 3110 Judtcabat
3521 3070 3619 3110 au-

2004 3156 2113 3203 tem
2146 3148 2203 3202 in
2245 3147 2460 3218 justitia
2497 3164 2776 3220 pauperes
2828 3149 3058 3221 spiritu,
3088 3166 3322 3220 quorum
3373 3162 3456 3207 εει
3488 3166 3610 3222 reg-

2005 3256 2134 3297 num
2170 3242 2313 3297 Dei:
2351 3252 2407 3298 et
2452 3242 2724 3313 arguebat
2770 3244 2823 3298 in
2876 3242 3140 3314 :equitate
3184 3257 3506 3299 mansuetos
3557 3252 3614 3298 et

283 3334 368 3390 Et
392 3332 666 3404 quomodo
693 3331 836 3387 idem
862 3345 1047 3387 sermo
1071 3330 1168 3386 Dei
1200 3343 1426 3387 vocatur
1455 3332 1572 3401 lux,
1593 3342 1650 3388 et
1675 3332 1810 3400 vita,
1843 3340 1900 3388 et
1926 3325 1974 3389 C
2006 3334 2245 3391 humiles
2284 3344 2447 3391 terra:
2473 3377 2487 3399 ,
2532 3336 2724 3392 dicens
2757 3336 2825 3392 ad
2852 3335 3152 3408 Apostolos
3176 3355 3189 3392 :
3235 3336 3420 3391 Adhuc
3447 3346 3494 3393 et
3524 3354 3610 3391 vos

284 3425 633 3484 resurrectio
665 3442 679 3480 :
713 3424 794 3481 sic
816 3422 1041 3494 spiritus
1076 3425 1356 3495 sapientia:
1380 3431 1438 3480 et
1481 3425 1812 3488 intellectus.
1848 3436 1901 3481 et

285 3520 521 3580 consilii
548 3531 604 3577 et
632 3518 991 3587 fortitudinis,
1014 3529 1071 3575 et
1096 3519 1359 3589 scientias,
1390 3531 1444 3577 et
1467 3522 1706 3593 pietatis,
1732 3537 1795 3578 ac
1836 3522 1902 3577 ti-

286 3615 473 3672 moris
508 3612 724 3667 Domini
771 3623 1156 3683 nuncupatur:
1188 3629 1295 3668 non
1344 3615 1488 3685 quod
1524 3614 1777 3671 diversus
1830 3616 1904 3673 sit

298 3706 462 3783 157
492 3706 644 3777 juxta
704 3704 1043 3762 differentias
1081 3708 1362 3764 nominum
1396 3751 1410 3775 ,
1439 3709 1533 3766 sed
1573 3725 1713 3766 unus
1738 3719 1904 3779 atque

292 3803 447 3859 idem
475 3808 790 3855 cunctarum
817 3799 1079 3855 virtutum
1103 3799 1223 3856 fons
1250 3802 1320 3856 sit
1350 3811 1514 3873 atque
1546 3803 1895 3873 principium.

292 3895 523 3966 Absque
543 3892 766 3952 Christo
796 3895 962 3967 igitur
996 3908 1096 3949 nec
1124 3896 1342 3965 sapiens
1364 3896 1489 3966 quis
1520 3910 1644 3951 esse
1695 3905 1899 3966 potest,

295 4002 405 4043 nec
433 3987 764 4060 intelligens,
798 4002 901 4043 nec
924 3985 1290 4052 consiliarius,
1323 4002 1424 4042 nec
1454 3989 1629 4054 tortis,
1650 4004 1751 4043 nec
1779 4003 1902 4043 eru-

294 4079 469 4140 ditus.
502 4093 605 4136 nec
625 4079 746 4149 pius
765 4121 781 4145 ,
812 4094 913 4135 nec
937 4079 1132 4150 plenus
1162 4079 1374 4133 timoris
1400 4078 1523 4133 Dei.
1559 4078 1625 4133 Et
1654 4079 1759 4134 hoc
1806 4096 1902 4133 no-

298 4172 525 4227 tandnm
551 4173 698 4243 quod
726 4171 967 4241 Spiritus
995 4170 1240 4235 Domini,
1273 4171 1556 4239 sapientia:
1582 4214 1595 4237 ,
1629 4179 1686 4226 et
1735 4172 1903 4227 intel-

297 4265 494 4335 lectus,
519 4265 761 4332 consilii,
780 4276 835 4321 et
856 4264 1209 4331 fortitudinis,
1231 4264 1565 4329 etscientim,
1589 4263 1898 4335 etpietatis,

299 4372 353 4417 et
377 4361 590 4417 timoris
614 4345 846 4427 Domini,
880 4359 932 4414 itl
970 4369 1073 4423 est,
1110 4358 1461 4427 septenarius
1500 4372 1782 4424 numerus,
1809 4359 1904 4428 qui

300 4465 513 4528 septem
555 4456 700 4512 oculi
746 4454 799 4531 in
846 4471 955 4510 uno
1009 4454 1187 4525 lapide
1222 4452 1484 4508 dicuntur
1528 4452 1582 4509 in
1635 4451 1905 4508 Zacharia

302 4546 461 4618 (Cap.
488 4546 605 4621 tu),
641 4548 948 4620 requiescat
992 4563 1158 4617 super
1207 4546 1412 4617 virgam
1442 4555 1497 4601 et
1526 4545 1719 4601 liorem
1741 4585 1758 4613 ,
1811 4546 1906 4616 qtti

303 4641 371 4697 de
400 4640 573 4710 lesse,
607 4656 671 4696 ac
703 4656 802 4711 per
825 4640 929 4696 hoc
950 4640 1119 4696 David
1150 4640 1320 4710 stirpe
1341 4638 1604 4695 surrexit.
1638 4637 1907 4709 Speciali-

2005 3428 2306 3502 insipientes
2337 3430 2457 3484 estis
2478 3435 2503 3486 1
2530 3428 2602 3486 Ει
2630 3431 2829 3486 iterum
2864 3448 2879 3485 :
2910 3429 3149 3486 Necdum
3171 3433 3314 3486 scitis
3342 3447 3500 3503 neque
3528 3432 3613 3487 in-

2004 3522 2281 3595 telligitis.‘
2323 3522 2385 3578 Et
2420 3523 2489 3579 ad
2542 3524 2764 3581 Petrum
2813 3527 3133 3596 specialiter
3164 3543 3177 3580 :
3207 3524 3432 3580 Modicte
3460 3525 3606 3596 ﬁdei,

2006 3633 2165 3686 quare
2195 3615 2442 3670 dubitasti
2482 3615 2680 3690 (Marc.
2728 3633 2844 3683 vnt,
2881 3618 3013 3692 i7)?
3040 3617 3142 3674 Vel
3177 3630 3335 3675 certe
3383 3634 3482 3690 pro
3510 3618 3613 3674 hu-

2009 3709 2230 3763 milibus
2279 3720 2447 3781 atque
2497 3714 2806 3767 mansuetis
2857 3713 2998 3769 alios
3042 3714 3329 3784 arguebat,
3369 3714 3461 3784 qui
3514 3729 3612 3770 eos

2006 3803 2321 3871 opprimere
2341 3804 2863 3877 conabantur(blat.
2888 3822 3000 3872 xtv,
3024 3808 3138 3876 3t).
3165 3806 3443 3861 Percussit
3469 3823 3609 3877 quo-

2007 3911 2115 3967 que
2145 3896 2333 3951 omnia
2360 3906 2575 3952 terrena
2608 3914 2776 3968 opera
2809 3900 2985 3969 virga,
3018 3899 3137 3953 sive
3161 3906 3222 3951 ut
3251 3896 3395 3952 LXX
3426 3910 3610 3953 trans-

2012 3988 2277 4053 tulerunt,
2308 3988 2461 4042 verba
2505 3990 2609 4043 oris
2640 3990 2743 4055 sui,
2768 3990 3003 4060 loquens
3034 3988 3089 4043 itt
3121 3989 3426 4059 Evangelio
3451 4007 3464 4043 :
3492 3990 3609 4045 No-

2008 4078 2099 4133 lite
2129 4091 2332 4147 putare,
2363 4081 2485 4148 quia
2515 4081 2735 4135 venerim
2764 4081 2963 4137 mittere
2983 4098 3163 4154 pacem
3186 4097 3341 4154 super
3369 4090 3559 4136 terram
3588 4101 3606 4136 :

2010 4188 2113 4226 non
2142 4174 2277 4227 enim
2304 4173 2418 4227 veni
2445 4173 2643 4228 mittere
2680 4190 2879 4246 pacem,
2912 4174 3004 4227 sed
3033 4173 3287 4242 gladium.
3317 4170 3385 4226 Et
3416 4174 3607 4241 spiritu

2009 4264 2267 4320 labiorum
2290 4282 2505 4321 suorum
2545 4268 2820 4335 inter/iciet
2850 4267 3071 4335 impium
3116 4263 3278 4338 (Mat.
3336 4281 3393 4333 χ,
3425 4265 3515 4330 54.
3565 4276 3613 4319 et

2014 4355 2145 4412 Luc.
2177 4374 2273 4427 χιι,
2300 4360 2397 4430 5i)
2425 4378 2439 4413 :
2466 4360 2534 4416 de
2565 4375 2676 4432 quo
2708 4362 2761 4415 in
2789 4377 2937 4414 nouo
2966 4359 3178 4430 psalmo
3200 4359 3441 4431 legimus
3472 4376 3484 4413 ς
3516 4357 3617 4413 In-

2010 4452 2231 4521 crepasti
2251 4460 2446 4523 gentes,
2472 4462 2522 4506 et
2566 4453 2718 4524 periit
2746 4453 2936 4524 impius
2958 4469 2977 4506 :
3000 4468 3185 4507 nomen
3215 4468 3393 4508 eorum
3433 4452 3613 4508 delesti

2011 4542 2066 4596 in
2089 4540 2339 4597 sarculum
2381 4552 2429 4598 et
2452 4543 2508 4597 in
2528 4545 2779 4599 saeculum
2802 4545 2983 4599 saeculi
3010 4543 3129 4611 (Ps.
3154 4560 3233 4609 ιι,
3267 4542 3345 4615 6).
3379 4544 3444 4599 Ει
3474 4543 3617 4600 Pau—

2013 4635 2097 4690 lus
2130 4637 2426 4706 Apostolus
2450 4638 2651 4693 scribit
2682 4656 2694 4692 :
2725 4637 2889 4705 Quem
2941 4637 3199 4693 Dominus
3228 4637 3385 4694 .lesus
3413 4638 3617 4709 interﬁ-

306 4745 389 4792 ter
417 4744 603 4792 autem
630 4734 857 4805 spiritus
886 4732 1097 4788 timoris
1144 4732 1359 4786 Domini
1408 4730 1723 4801 impleverit
1776 4745 1902 4786 eum
1931 4721 1985 4783 D
2009 4730 2105 4785 ciet
2119 4731 2311 4801 spiritu
2332 4731 2438 4785 oris
2459 4731 2539 4785 sui
2560 4729 2630 4801 (ll
2653 4729 2830 4785 Thess.
2852 4746 2912 4796 tt,
2931 4732 2993 4796 8;
3016 4728 3322 4803 Ephes.m).
3344 4731 3619 4788 Percu~so

306 4838 533 4901 prapter
551 4843 648 4885 eos
669 4827 761 4897 qui
786 4830 981 4884 timore
1005 4826 1217 4881 Domini
1239 4825 1486 4895 indigent
1511 4843 1522 4879 :
1545 4824 1672 4895 quia
1697 4822 1908 4894 parvuli

304 4930 454 4991 sunt,
480 4934 640 4989 quem
681 4918 829 4975 foras
860 4918 1021 4973 mittit
1071 4915 1310 4988 perlecta
1338 4915 1578 4972 dilectio.
1611 4914 1714 4982 Qui
1759 4915 1908 4969 enim

306 5014 483 5083 timet,
517 5028 735 5084 prunam
773 5012 959 5079 habet,
1004 5020 1061 5067 et
1090 5016 1312 5066 nonest
1349 5008 1625 5081 perlectus
1672 5008 1718 5080 (l
1744 5007 1906 5062 Joan.

305 5122 383 5172 tv,
420 5104 531 5179 18).
565 5105 724 5163 Unde
764 5114 819 5161 et
849 5104 1149 5176 Apostolus
1180 5104 1421 5175 loquitur
1456 5103 1525 5159 ad
1567 5103 1862 5159 credentes
1892 5121 1907 5158 :

307 5202 434 5259 Non
459 5204 595 5259 enim
623 5202 895 5273 accepistis
915 5201 1162 5272 spiritum
1182 5201 1450 5255 servitutis
1475 5199 1665 5254 iterum
1686 5199 1740 5253 in
1759 5199 1911 5255 timo-

383 5400 411 5429 ι
450 5389 578 5446 “me
616 5389 686 5444 de
714 5388 997 5457 Baptismo
1017 5386 1324 5443 Salvatoris
1342 5384 1570 5440 historia
1594 5401 1662 5440 ex
1694 5385 1922 5441 Ehioni—

311 5472 489 5518 tarum
512 5461 702 5517 codice
730 5462 916 5530 (quem
960 5460 1216 5530 eumdem
1234 5471 1375 5530 cum
1410 5457 1513 5511 hoc
1542 5459 1660 5527 ipso
1681 5458 1919 5530 Nazare-

312 5549 511 5589 norum
541 5533 710 5588 fuisse
741 5528 906 5586 tradit
932 5530 1081 5585 Hier.
1124 5531 1176 5583 in
1204 5528 1391 5583 Matth.
1424 5543 1545 5596 cap.
1595 5528 1698 5654 ιιι)
1732 5531 1920 5584 recita-

314 5618 406 5654 mr
431 5607 500 5654 ab
527 5603 859 5654 Eniohanio.
887 5602 1089 5654 hatres.
1110 5616 1240 5654 xxx.
1267 5598 1295 5654 ὅ
1319 5600 1407 5654 15.
1438 5601 1652 5654 latttrlsi
1698 5600 1920 5654 trevins.

314 5618 406 5661 tur
431 5607 500 5661 ab
527 5603 859 5672 Epiphanio,
887 5602 1089 5657 hatres.
1110 5598 1296 5672 xxx._§
1319 5600 1407 5666 15,
1438 5601 1659 5672 tametsi
1679 5598 1920 5666 brevius,

313 5690 367 5734 et
400 5668 831 5746 paulo'diversis
859 5674 1174 5746 sententiis.
1198 5668 1575 5746 “aequatur
1614 5668 1918 5746 Na_z_areno-_

314 5741 437 5804 rum
466 5747 794 5817 Evangelio,‘
815 5757 929 5801 tum
954 5744 1111 5811 alibi,
1138 5751 1250 5798 tum
1283 5743 1349 5798 ad
1379 5741 1658 5797 laudatum
1685 5742 1925 5798 Matthmi

314 5821 498 5876 locum
528 5820 788 5873 dicimus.

389 5890 420 5931 ιι
454 5889 652 5975 ριειλρθ
681 5891 986 5975 scripserat
1019 5886 1319 5975 Eusebius:
1344 5882 1688 5975 ἣξηδενὸςρὰρ
1716 5885 1929 5975 τξρόσιιι-

318 5982 420 6020 πον
454 5963 726 6035 λαμϐάνων
748 6002 762 6029 ,
802 5957 994 6033 ἤλεγχε
1027 5959 1124 6013 σύν
1162 5957 1432 6031 παρῥησίᾳ
1468 5957 1804 6035 πολλῇ⁶’πόοἱ’σ
1838 5960 1926 6029 μὶν

2015 4829 2198 4876 autem
2230 4822 2423 4891 impio,
2456 4822 2740 4877 accinctus
2776 4832 2860 4877 est
2899 4822 3170 4879 Dominus
3195 4823 3405 4894 iustitia
3435 4837 3491 4880 et
3527 4838 3626 4881 ve-

2016 4915 2181 4970 ritate
2210 4926 2263 4970 et
2290 4914 2418 4970 lide.
2464 4913 2586 4984 Ipse
2612 4914 2758 4971 enim
2789 4914 2969 4969 factus
3016 4925 3102 4971 est
3129 4916 3289 4972 nobis
3330 4931 3359 4971 a
3387 4915 3501 4973 Deo
3529 4932 3617 4973 sa-

2018 5008 2256 5079 pientia,
2306 5018 2359 5064 et
2395 5008 2644 5078 iustitia,
2698 5018 2753 5063 et
2804 5009 3178 5065 sanctiﬁcatio
3221 5018 3277 5066 et
3317 5011 3627 5081 redemptio

2019 5100 2062 5173 (l
2087 5100 2206 5157 Cor.
2233 5099 2392 5174 t),qui
2411 5109 2468 5157 et
2499 5102 2552 5156 in
2582 5100 2883 5172 Evangelio
2907 5102 3151 5173 loquitur
3177 5120 3191 5157 :
3212 5101 3326 5179 Ego
3346 5120 3460 5159 sum
3486 5103 3581 5158 lua:
3601 5144 3618 5170 ,

2012 5206 2060 5252 et
2089 5196 2222 5264 vita,
2253 5203 2301 5250 et
2319 5195 2507 5250 veritas
2531 5192 2716 5267 (Joan.
2742 5210 2857 5260 vni.
2886 5194 2920 5253 6
2956 5208 3006 5253 et
3030 5200 3165 5270 xw).
3193 5198 3261 5254 Et
3286 5197 3354 5254 de
3381 5196 3617 5254 Psalmis

2034 5388 2524 5475 τοῇςμηιαμματξῖς
2556 5389 2644 5475 θεαὶ
2677 5389 3021 5475 ςαριςοεξογς,
3051 5384 3183 5475 τότε
3203 5386 3262 5475 di
3296 5390 3417 5475 τούξ
3446 5388 3637 5475 ᾲηχιεξ

2027 5465 2138 5536 psi;
2163 5456 2313 5536 {udos
2331 5456 2379 5512 ἐν
2406 5465 2482 5532 τῷ
2503 5465 2627 5536 uadi,
2652 5456 2723 5521 οἷς
2743 5460 3042 5536 καὶῂέλὲσγιν,
3058 5456 3365 5536 ’Λρθήσεται
3384 5456 3640 5536 aqua»

2029 5527 2059 5589 ἧ
2078 5531 2362 5609 ⁵βασιλ(ίέ2
2395 5527 2779 5609 τεῇ-δοθήσεται
2818 5527 2957 5609 {Orsi
2980 5527 3211 5609 ποιςιῦντι
3242 5534 3372 5609 ’τοὺςΔ
3405 5527 3642 5609 nupti-ot):

2032 5600 2209 5685 αὖτῆςς
2254 5601 2362 5656 ἀλλ’
2384 5600 2497 5685 ορδὲ
2534 5606 2667 5685 δᾳτὰ
2704 5610 2798 5663 τὴν
2829 5602 3005 5685 latitius
3026 5602 3280 5685 ‘nleyz‘w'
3325 5604 3385 5685 oi.
3409 5600 3502 5685 μὲἷέ
3539 5609 3640 5685 γὰρ

2033 5678 2336 5748 προσὴεσᾳν
2349 5662 2778 5748 gurguliqowec.
2803 5672 3082 5748 subcinctis
3097 5718 3119 5748 ,Δ
3135 5662 3339 5747 bidentes
3358 5662 3437 5732 ὄιέι
3453 5662 3642 5742 ὁ).ηόἡὲ

2034 5738 2106 5823 ᾧ.
2128 5748 2215 5823 καί
2246 5744 2310 5799 τὰ
2340 5738 2486 5823 igitr"
2506 5743 2533 5798 ὁ
2557 5738 2609 5801 δέ
2640 5749 2697 5801 οὐ
2720 5746 2853 5823 κριτὰ
2880 5750 2988 5823 τῆξ.
3007 5744 3182 5802 λαλίαν
3220 5738 3385 5802 abstitit
3421 5738 3635 5823 θῦε-γχῦ

2038 5812 2116 5896 ὃςιό
2144 5814 2287 5876 εἰδὼς
2313 5818 2687 5896 germanumet;
2708 5817 2902 5896 αὑτῷν,
2938 5813 3114 5896 ἔλεγες
3147 5820 3208 5896 T_i
3236 5838 3300 5896 μς
3324 5812 3596 5896 πειράζὲἆῖ
3615 5864 3631 5888 ,

2040 5885 2327 6010 omittat
2349 5902 2363 5952 ;
2395 5892 2526 5955 Quae
2557 5885 2780 5944 t'otitletn
2815 5890 2929 5944 lete
2954 5885 3139 5947 verbis
3182 5885 3376 5947 Latine
3411 5885 3642 5947 'llteron.

2040 5970 2091 6010 re
2169 5975 2181 6010 ι
2216 5998 2225 6010 .

2031 5963 2225 6012 Nidd“.
