4052 6476
461 347 554 402 liii
1699 349 1755 405 S.
1803 347 2078 405 EUSEBll
2121 343 2501 402 HlEllONYMl
3657 345 3765 404 15-2

456 478 580 524 tes:
611 468 856 523 volabunt
909 471 964 523 in
1002 470 1219 524 navibus
1249 469 1677 542 alienigenarum,
1717 485 1859 524 mare
1902 468 2059 522 simul
2085 465 2135 526 Α
2165 467 2356 536 pitres,
2400 472 2648 530 noctuas,
2691 481 2879 533 canes,
2913 478 2967 532 et
2997 467 3205 534 hircos,
3246 476 3302 519 et
3333 468 3544 532 asinos,
3575 462 3766 519 divino

456 561 828 629 prwdabuntur
855 577 875 616 :
902 560 1046 632 quod
1076 561 1144 616 de
1174 561 1337 615 unius
1363 561 1518 616 Pauli
1545 560 1785 632 apostoli
1807 558 2061 630 exemplo

452 655 846 725 intelligamus.
877 656 968 723 qui
1003 671 1102 727 per
1129 654 1520 724 Pamphiliam,
1552 663 1610 711 et
1637 655 1843 717 Asiam,
1872 661 1928 706 et
1951 651 2062 706 Ma-

452 749 764 816 cedoniam,
798 746 956 820 165
977 757 1033 804 et
1063 748 1346 813 Achaiam,
1372 756 1428 803 et
1457 747 1705 803 diversas
1737 746 1948 801 insulas
1980 753 2054 799 at-

455 859 562 914 que
605 842 942 914 provincias,
988 841 1054 896 ad
1086 842 1296 896 Italiam
1329 856 1550 912 quoque
1580 840 1718 909 (Act.
1760 838 1978 910 xxvut),
2009 848 2064 893 et

452 947 513 993 ιιι
560 939 679 1008 ipse
704 937 920 1004 scribit,
953 935 1021 990 ad
1051 935 1371 1004 HiSpauias,
1418 934 1846 1004 alienigenarum
1880 942 2063 1002 porta-

455 1042 544 1086 tus
573 1041 657 1086 est
687 1030 915 1086 navibus
950 1028 1129 1100 (Rom.
1155 1029 1273 1096 xv).
1300 1027 1470 1098 Igitur
1503 1026 1760 1098 Ephraitn
1789 1035 1844 1081 et
1869 1024 2059 1091 ludas,

455 1125 510 1180 id
537 1136 640 1188 est,
673 1125 764 1195 qui
798 1123 866 1178 de
891 1120 1181 1177 duodecim
1214 1120 1460 1176 tribubus
1493 1120 1546 1174 in
1573 1119 1850 1174 Christum
1875 1116 2061 1173 credi-

453 1221 653 1274 derunt
681 1235 747 1274 ex
784 1216 1011 1282 ludatis,
1042 1216 1207 1271 simul
1242 1215 1630 1286 prardabuntttr
1654 1213 1964 1276 Orientem,
2009 1222 2062 1268 et

450 1313 510 1367 in
542 1311 783 1367 ldumtea
814 1319 873 1366 et
900 1308 1060 1364 Moab
1082 1308 1387 1364 extendent
1419 1323 1612 1362 manus
1637 1321 1784 1373 suas,
1813 1306 1969 1376 juxta
1999 1305 2064 1361 il-

452 1403 550 1458 lud
574 1402 720 1472 quod
751 1402 852 1457 sub
883 1416 1118 1474 persona
1155 1399 1322 1456 David
1346 1399 1602 1456 Christus
1622 1399 1852 1470 mystice
1886 1399 2062 1470 loqui-

456 1504 546 1550 tur
566 1513 580 1549 :
607 1493 674 1549 1η
692 1494 716 1548 l
727 1495 1269 1565 duinteamlextendam
1292 1493 1698 1548 calceantenlum
1713 1509 1879 1548 meum
1895 1511 1913 1548 :
1935 1495 2062 1548 mihi

456 1589 763 1660 alienigenis
792 1589 1010 1642 servient
1039 1585 1158 1660 (Ps.
1189 1603 1303 1654 ιιι,
1335 1586 1448 1659 l0).
1482 1586 1576 1641 llic
1604 1586 1753 1642 enim
1779 1597 1967 1658 gentes
1997 1602 2063 1642 eo

459 1693 709 1754 tempore
738 1698 849 1754 quo
878 1683 1047 1737 lsaias
1095 1682 1485 1753 prOphelabat,
1529 1681 1866 1737 adversariae
1906 1691 2064 1738 erant

459 1777 661 1848 popqu
691 1775 1036 1844 Iudaeorum,
1069 1785 1123 1830 et
1166 1775 1370 1831 idcirco
1403 1789 1545 1828 nunc
1572 1773 1704 1829 dicit
1737 1773 1878 1844 quod
1910 1781 2062 1844 post-

2163 560 2386 616 nomine
2416 570 2835 627 consecrarent,
2867 559 2938 616 de
2968 560 3181 616 inﬁnita
3209 558 3360 630 regni
3389 556 3632 630 potentia
3667 571 3770 626 per

2162 654 2406 724 singulos
2419 653 2649 708 Romani
2673 655 2888 723 imperii
2910 653 3123 723 judices
3141 652 3507 715 distribuerit,
3523 661 3580 706 ut
3598 651 3763 704 alium

2157 748 2398 819 judicem
2430 749 2626 804 habeat
2653 749 2862 814 Tltebe,
2887 749 3054 804 alium
3081 749 3274 821 Libya,
3305 747 3468 802 alium
3495 746 3772 814 Pentapo-

2163 845 2251 910 lis,
2300 845 2464 900 alium
2506 844 2792 918 Egyptus,
2827 844 2992 899 alium
3035 843 3392 907 Alexandria,
3426 851 3482 896 ct
3528 841 3771 896 diversa:

2165 937 2441 1007 regiones,
2489 935 2516 974 δ
2545 952 2680 1008 quas
2705 935 2893 1012 νόμους
2929 936 3170 1009 Egyptii
3201 945 3422 991 vocant.
3473 935 3770 1006 Propterea

2163 1039 2344 1084 autem
2375 1031 2476 1086 sub
2508 1033 2825 1101 metaphora
2858 1031 3011 1085 Nilus
3040 1031 3250 1084 divisus
3284 1030 3335 1083 in
3373 1037 3561 1098 partes
3583 1035 3690 1090 est,
3716 1033 3773 1082 et

2164 1121 2368 1176 scissus
2405 1120 2516 1194 [ΑΙ.
2560 1121 2743 1194 ctcsus]
2787 1122 2838 1177 in
2879 1121 3051 1188 rivos,
3094 1131 3152 1176 ιιι
3193 1120 3366 1192 possit
3408 1121 3617 1189 absque
3654 1117 3770 1173 ullo

2164 1215 2556 1285 impedimento
2598 1215 2962 1282 Evangelicns
3007 1229 3190 1269 st-rmo
3226 1213 3567 1280 discurrere,
3604 1220 3662 1267 et
3701 1210 3768 1267 ad

2167 1311 2396 1382 populos
2416 1309 2636 1382 Egypti
2666 1311 2889 1365 ultimos
2910 1311 3224 1382 pervenire.
3252 1309 3314 1364 Et
3331 1305 3607 1379 quomodo
3630 1314 3773 1361 tem-

2167 1403 2392 1474 poribus
2421 1403 2592 1476 Moysi
2619 1402 2863 1459 Rubrum
2897 1402 3160 1459 siccatum
3195 1411 3280 1458 est
3302 1417 3474 1468 mare,
3505 1410 3566 1456 ut
3590 1414 3774 1472 popu-

2164 1501 2249 1557 lus
2271 1500 2339 1555 de
2364 1497 2602 1571 Egypto
2635 1497 3041 1569 transfugeret:
3073 1498 3152 1554 sic
3174 1512 3206 1553 e
3229 1497 3507 1554 contrario
3547 1492 3775 1566 Egypti

2168 1594 2394 1650 ﬂumina
2417 1593 2792 1661 siccabuntur,
2823 1603 2883 1648 ut
2909 1591 3154 1663 reliquizu
3189 1591 3372 1662 populi
3408 1590 3525 1656 Dei,
3557 1604 3682 1658 quae
3706 1587 3776 1642 ab

2167 1689 2410 1762 Assyriis
2439 1697 2490 1744 et
2521 1688 2756 1743 diversis
2783 1687 3039 1758 gentibus
3069 1686 3454 1749 salvabttntur,
3487 1690 3778 1738 transeant

2168 1783 2223 1838 in
2238 1781 2552 1854 :Egyptum,
2574 1796 2912 1852 nequaquam
2937 1780 3207 1852 fugientes
3221 1795 3342 1834 eam
3354 1821 3368 1844 ,
3382 1777 3476 1833 sed
3495 1777 3776 1848 capientes

461 1885 624 1941 quam
667 1869 971 1925 surrexerit
1012 1868 1165 1924 radix
1193 1868 1372 1947 Jessc,
1403 1877 1460 1923 ut
1485 1877 1677 1939 regnet
1707 1867 2063 1942 ingentibus,
2096 1859 2144 1919 Β
2170 1887 2225 1932 et
2262 1891 2361 1931 suo
2385 1876 2659 1932 calcantes
2691 1875 2848 1945 pede.
2884 1874 3128 1930 Prudens
3157 1883 3213 1929 et
3241 1871 3569 1929 Christianus
3600 1871 3778 1926 tectot-

456 1972 514 2017 et
542 1962 806 2018 vexillum
824 1959 1017 2017 Crucis
1038 1963 1108 2017 ob
1134 1962 1366 2018 salutem
1399 1962 1564 2018 tOtius
1586 1962 1737 2018 orbis
1766 1961 1929 2018 luerit
1949 1961 2061 2017 ele-

456 2066 666 2124 vatum,
697 2067 826 2112 tunc
858 2056 1024 2112 etiam
1055 2055 1294 2112 ldumtea
1320 2065 1378 2113 et
1407 2057 1566 2113 Moab
1594 2067 1652 2112 et
1681 2056 1776 2112 lilii
1807 2058 2062 2121 Ammon,

459 2150 641 2204 omnis
686 2149 899 2205 scilicet
941 2149 1158 2204 Arabite
1202 2149 1433 2203 latitudo
1472 2149 1606 2204 dent
1646 2147 1922 2220 Apostolis
1953 2164 2066 2205 ma-

461 2257 590 2307 nus,
623 2251 680 2298 et
719 2242 774 2297 in
819 2240 955 2298 locis
993 2241 1321 2298 idololatria:
1351 2241 1556 2296 Christi
1592 2241 1848 2297 Ecclesiae
1880 2243 2065 2298 susci-

463 2346 675 2394 tentur.

536 2429 604 2484 Et
633 2427 883 2484 desolabit
915 2427 1172 2484 Dominus
1199 2429 1436 2501 linguam
1463 2430 1624 2484 maris
1648 2427 1892 2502 zEgypti,
1922 2441 1966 2484 et
1991 2429 2070 2485 le-

463 2521 605 2578 vabit
627 2538 839 2576 manum
858 2539 1015 2592 super
1036 2523 1232 2593 ﬂumen
1253 2522 1306 2576 in
1341 2523 1646 2594 fortitudine
1662 2523 1877 2594 spiritus
1899 2523 2005 2590 sui,
2025 2532 2072 2577 et

463 2618 714 2687 percutiet
745 2632 862 2670 eum
889 2617 944 2670 in
965 2617 1090 2671 rivis
1118 2625 1314 2685 septem
1336 2632 1356 2671 :
1377 2617 1452 2670 ita
1481 2627 1538 2670 ut
1561 2625 1828 2672 transeant
1854 2632 1946 2688 per
1959 2632 2074 2670 eum

469 2709 694 2764 calciati.
722 2708 789 2764 Et
816 2710 913 2764 erit
941 2710 1021 2763 via
1048 2709 1252 2764 residuo
1282 2709 1478 2782 papula
1503 2726 1616 2764 meo
1641 2710 1732 2780 qui
1761 2707 2076 2779 relinquetur

463 2806 528 2859 ab
557 2804 807 2875 Assyriis,
832 2805 968 2859 sicut
990 2805 1092 2876 fuit
1115 2803 1286 2860 Israel
1304 2805 1360 2858 in
1374 2805 1458 2859 die
1483 2821 1584 2875 qua
1599 2804 1833 2860 ascendit
1861 2803 1924 2858 de
1935 2812 2076 2858 terra

469 2897 716 2969 Egypti.
750 2897 1043 2966 Quomodo
1067 2897 1302 2954 ldumaaa
1333 2906 1390 2954 et
1416 2898 1605 2964 Moab,
1636 2906 1693 2954 et
1717 2897 1815 2952 lilii
1845 2897 2078 2953 Ammon

465 2989 689 3045 tradent
711 3004 906 3045 manus
935 3005 1067 3046 suas
1096 2990 1402 3062 Apostolis,
1441 3003 1500 3049 ut
1527 2990 1791 3048 obediant
1831 2990 2081 3061 Evange-

465 3084 589 3140 licae
614 3083 1016 3155 przedicationi,
1051 3085 1130 3140 sic
1155 3085 1276 3155 ipse
1310 3085 1573 3140 Dominus
1597 3085 1690 3156 qui
1716 3085 1770 3139 in
1801 3083 2083 3154 Apostolis

468 3176 587 3231 suis
620 3176 715 3231 illa
755 3177 1005 3248 perfecit,
1039 3175 1313 3231 desolabit
1359 3191 1467 3232 non
1516 3191 1669 3232 mare
1709 3176 1864 3246 juxta
1913 3173 2080 3241 LXX,

2171 1969 2308 2024 hanc
2331 1968 2528 2024 habeat
2560 1967 3052 2038 repromissionum
3078 1966 3474 2038 prophetaliutn
3506 1965 3774 2035 regulam,

2169 2071 2229 2117 ut
2258 2077 2378 2132 qua:
2414 2059 2584 2116 Judaei
2615 2071 2669 2116 et
2701 2061 2896 2125 nostri,
2932 2060 3098 2115 immo
3127 2074 3233 2114 non
3277 2058 3447 2114 nostri
3479 2056 3780 2114 Judaizan-

2172 2164 2276 2218 tes,
2324 2152 2615 2208 carnaliter
2655 2152 2833 2208 l‘ulura
2883 2151 3241 2219 contendunt,
3277 2166 3376 2206 nos
3421 2151 3779 2222 spiritualiter

2166 2251 2278 2317 jam
2305 2256 2575 2301 transacta
2605 2246 2921 2310 doceamus,
2970 2260 3038 2300 ne
3077 2260 3172 2312 per
3200 2243 3543 2300 occasionem
3591 2242 3780 2298 istius-

2173 2342 2319 2397 modi
2349 2340 2655 2396 fabularum
2679 2349 2734 2395 et
2774 2339 3236 2396 inextricabilium
3261 2337 3416 2409 juxta
3454 2337 3779 2408 Apostolum

2174 2434 2244 2507 (ll
2273 2433 2411 2489 Tim.
2441 2434 2502 2503 ιι)
2530 2432 2917 2504 quatstiouum,
2965 2431 3247 2502 juduizare
3273 2446 3555 2502 cogamur.

2246 2528 2417 2600 (CAP.
2447 2526 2800 2583 Xll.—Vers.
2829 2528 2878 2592 1,
2899 2526 2954 2584 1
2980 2527 2998 2596 )
3023 2524 3087 2580 Et
3119 2527 3260 2580 dices
3289 2526 3343 2579 in
3371 2525 3454 2580 die
3480 2525 3572 2579 illa
3605 2540 3624 2579 :
3649 2522 3784 2578 Con-

2175 2620 2356 2691 ﬁtebor
2386 2620 2502 2684 tibi,
2539 2619 2780 2684 Domine,
2811 2621 3060 2690 quoniam
3090 2618 3255 2672 iratus
3284 2635 3338 2672 es
3374 2617 3499 2672 mihi
3521 2632 3540 2671 :
3563 2631 3784 2670 conver-

2175 2730 2266 2768 sus
2307 2722 2382 2766 est
2421 2716 2570 2784 furor
2617 2723 2756 2775 tuus,
2807 2722 2854 2766 et
2899 2709 3202 2765 consolatus
3231 2727 3284 2765 es
3328 2727 3427 2765 me.
3474 2708 3610 2764 Ecce
3639 2707 3782 2764 Deus

2182 2806 2429 2862 Salvator
2457 2822 2622 2872 meus,
2652 2804 2972 2875 ﬁducialiter
2998 2820 3176 2878 agam,
3201 2812 3249 2858 et
3287 2819 3388 2857 non
3418 2802 3630 2868 timebo,
3663 2801 3785 2873 quia

2181 2898 2434 2969 fortitudo
2463 2914 2600 2965 mea,
2635 2908 2683 2953 et
2713 2898 2829 2952 laus
2872 2912 2986 2951 mea
3031 2895 3290 2950 Dominus
3333 2893 3498 2961 Deus,
3538 2904 3586 2948 et
3618 2899 3786 2964 factus

2182 3004 2256 3050 est
2279 2995 2406 3049 mihi
2435 2995 2490 3048 in
2519 2994 2758 3048 salutem.
2793 3003 2815 3031 ο
2840 2992 2941 3059 Qui
2972 2992 3124 3062 prius
3150 2991 3203 3045 in
3237 2989 3532 3046 solitudine
3560 2988 3788 3044 dixera-

2185 3088 2278 3155 tis,
2319 3086 2537 3157 quando
2580 3085 2912 3142 ascendistis
2937 3085 3009 3139 de
3046 3093 3190 3140 terra
3239 3082 3485 3156 Egypti,
3529 3091 3586 3140 et
3637 3095 3788 3137 mare

2186 3181 2447 3237 siccatum
2492 3186 2579 3235 est
2609 3177 2854 3234 Rubrum
2894 3174 3214 3233 :Cantemus
3265 3174 3512 3240 Domino,
3561 3173 3790 3248 gloriose

468 3271 564 3326 sed
584 3270 738 3338 juxta
759 3245 1040 3336 llebrteos,
1063 3272 1306 3342 linguam
1336 3267 1759 3340 mariszﬁgypti,
1784 3283 1904 3339 qttcc
1929 3269 2082 3335 prius
2110 3245 2158 3308 C
2189 3275 2324 3329 enim
2373 3273 2736 3345 magniﬁcatus
2771 3272 2793 3344 [
2823 3273 2911 3328 Al.
2980 3272 3352 3339 honoriﬁcatus
3378 3270 3400 3343 ]
3443 3280 3518 3326 est
3609 3267 3787 3324 Exod.

467 3367 661 3417 contra
692 3361 984 3417 Dominum
1011 3362 1433 3433 blasphemabat
1469 3370 1526 3416 et
1561 3360 1948 3432 superstitioni
1987 3359 2086 3416 1E-

468 3457 671 3528 gyptiaa
717 3466 970 3526 praeerat.
1013 3457 1169 3512 Unde
1195 3466 1249 3512 et
1296 3457 1348 3511 itt
1381 3455 1615 3511 Psalmis
1661 3455 1891 3526 legimus
1922 3473 1934 3509 :
1969 3454 2087 3510 Hoc

470 3564 612 3604 mare
655 3566 900 3622 magnum
946 3560 992 3603 et
1032 3551 1343 3622 spatiosum,
1381 3549 1454 3604 ibi
1493 3548 1704 3622 reptilia
1732 3566 1950 3621 quorum
1984 3567 2087 3610 non

472 3651 549 3696 est
574 3657 819 3697 numerus
844 3640 1020 3712 (Psal.
1058 3643 1226 3710 x,25,
1251 3642 1880 3712 26).Quibusinlertur:
1917 3643 2087 3697 Draco

471 3734 570 3788 iste
595 3751 742 3805 quem
768 3735 1060 3806 plasmasti,
1107 3744 1162 3789 ut
1199 3733 1441 3790 illuderet
1479 3737 1545 3789 ei.
1576 3735 1866 3792 Desolabit
1901 3736 2086 3807 igitur,

470 3829 592 3886 sive
615 3830 939 3893 interliciet,
963 3829 1070 3886 hoc
1092 3838 1178 3885 est
1199 3837 1226 3866 α
1252 3832 1636 3902 ἀναθεματίσιι,
1665 3839 1723 3884 ιιι
1749 3830 2087 3897 Tlteodotio,

473 3926 678 3995 Aquila
711 3935 768 3979 et
792 3923 1160 3997 Symmachus
1193 3925 1612 3992 transtulerunt,
1646 3925 1884 3996 linguam
1920 3926 2090 3981 maris

475 4016 726 4090 Egypti,
753 4029 807 4074 et
841 4017 1046 4073 levabit
1090 4033 1312 4074 manum
1348 4032 1502 4074 suam
1543 4034 1708 4089 super
1737 4019 1962 4075 ﬂumina
1989 4018 2089 4077 £-

471 4111 629 4183 gypti
670 4112 726 4166 in
765 4110 1092 4166 fortitudine
1129 4112 1365 4181 spiritus
1387 4113 1495 4177 sui,
1533 4113 1623 4168 vel
1644 4114 1845 4182 spiritu
1875 4115 2090 4170 violen-

474 4206 711 4271 tissimo,
736 4205 880 4275 quod
911 4219 1141 4274 regnum
1167 4206 1528 4276 intelligimus
1550 4205 1952 4262 Romanorum.
1979 4207 2088 4264 Re-

475 4306 684 4370 gnaute
709 4297 857 4350 enim
904 4294 1122 4352 Caesare
1148 4297 1397 4367 Augusto
1425 4297 1579 4370 (Luc.
1612 4297 1696 4370 tt),
1724 4299 1946 4368 quando
1988 4298 2091 4356 nos

479 4391 549 4448 de
570 4391 753 4448 radice
769 4390 928 4446 Iesse
951 4392 1305 4456 conscendit,
1333 4400 1388 4447 et
1405 4391 1463 4447 in
1489 4392 1624 4448 orbe
1648 4392 1892 4448 Romano
1913 4395 2088 4464 prima

479 4485 619 4540 facta
668 4494 754 4539 est
801 4482 1130 4552 descriptio,
1165 4483 1608 4554 potentissimum
1649 4485 1811 4556 prius
1858 4501 2086 4557 regnum

481 4578 891 4652 Egyptiorum,
922 4577 1069 4648 quod
1101 4579 1291 4634 multis
1313 4579 1535 4636 duravit
1564 4581 2086 4655 :etatibus,Cleopa-

479 4683 583 4729 trte
632 4681 810 4729 morte
848 4671 1192 4729 destructum
1223 4683 1330 4740 est,
1375 4674 1532 4747 165
1577 4683 1634 4730 et
1669 4689 1963 4746 percussus
2003 4689 2088 4735 est

482 4768 665 4824 amnis
679 4766 972 4840 Egyptius
1000 4769 1051 4822 in
1082 4776 1294 4838 septem
1325 4769 1479 4834 rivis,
1511 4768 1628 4824 sive
1656 4770 1709 4825 in
1733 4781 1948 4841 septem
1973 4774 2086 4828 val-

478 4859 645 4916 libus.
681 4858 837 4915 Nilus
865 4860 1014 4916 enim
1042 4875 1309 4931 aquarum
1334 4859 1654 4927 multarum,
1685 4863 1778 4934 qui
1809 4865 1959 4932 prius
1981 4881 2091 4922 uno

482 4951 691 5008 fluebat
717 4953 902 5021 alveo,
939 4961 995 5008 et
1023 4952 1387 5009 intransihilis
1420 4963 1564 5016 erat,
1593 4953 1648 5008 in
1674 4965 1888 5025 septem
1918 4957 2091 5013 valles

2190 3381 2280 3431 xv,
2301 3364 2326 3418 l
2351 3359 2392 3434 ).
2417 3373 2471 3420 et
2501 3362 2713 3433 reliqua
2750 3380 2762 3415 :
2796 3378 2941 3419 nunc
2970 3377 3230 3433 percussa
3263 3363 3444 3433 lingua
3477 3363 3648 3416 maris
3688 3359 3788 3416 1E-

2187 3458 2360 3529 gypti,
2395 3466 2450 3511 et
2482 3456 2706 3512 ﬂumine
2756 3455 2906 3511 illius
2954 3455 3198 3512 arefacto
3239 3464 3402 3526 atque
3447 3455 3690 3519 concisa,
3736 3461 3791 3509 et

2192 3552 2500 3617 ltuntiliato,
2547 3552 2848 3623 gloriﬁcate
2903 3549 3213 3614 Dominum,
3263 3561 3316 3605 ct
3360 3549 3526 3604 dicite
3571 3567 3584 3603 :
3636 3547 3794 3620 ιω

2191 3644 2486 3716 Conﬁtebor
2531 3645 2640 3710 tibi,
2700 3643 2919 3697 Domine
2948 3659 2966 3698 :
2995 3643 3257 3714 quoniam
3303 3641 3394 3713 qui
3441 3642 3575 3696 iram
3616 3639 3790 3696 merui

2190 3751 2247 3797 et
2277 3741 2516 3797 furorem
2548 3749 2721 3805 tuum,
2773 3737 3208 3793 misericordiam
3260 3745 3594 3793 consecutus
3633 3749 3787 3802 sum;

2193 3843 2248 3888 tu
2279 3849 2340 3889 es
2366 3833 2516 3888 enim
2553 3831 2804 3888 Salvator
2833 3845 3007 3896 meus,
3045 3828 3097 3885 id
3130 3840 3237 3896 est,
3280 3828 3470 3895 lesus,
3502 3837 3557 3882 et
3586 3841 3792 3896 nequa-

2190 3940 2354 3996 quam
2390 3923 2644 3978 llduciam
2679 3922 2855 3978 habeo
2886 3923 2939 3977 in
2969 3921 3154 3986 idolis,
3180 3935 3281 3976 nec
3309 3920 3512 3976 timebo
3539 3935 3662 3991 quae
3685 3934 3789 3974 non

2192 4027 2320 4073 sunt
2351 4015 2620 4082 timenda;
2651 4014 2748 4070 sed
2780 4025 2836 4069 tu
2858 4029 2920 4068 es
2948 4012 3211 4068 fortitudo
3243 4029 3385 4076 mea.
3411 4020 3468 4068 et
3497 4013 3620 4067 laus
3647 4026 3787 4076 mea,

2191 4111 2477 4183 quifactus
2496 4126 2558 4165 es
2586 4107 2724 4165 mihi
2763 4109 2816 4164 in
2851 4109 3104 4164 salutem.
3136 4106 3333 4163 Audiat
3363 4105 3791 4162 sceleratissima

2195 4205 2444 4271 haeresis,
2476 4203 2681 4259 factum
2713 4203 2998 4258 Dominum
3031 4202 3116 4256 Itis
3137 4202 3228 4273 qui
3251 4201 3553 4266 salvantur,
3580 4209 3636 4255 et
3658 4213 3793 4269 quo—

2191 4313 2310 4352 rum
2335 4300 2489 4368 prius
2522 4296 2782 4352 Dominus
2811 4310 2918 4351 non
2949 4304 3092 4363 erat,
3119 4303 3180 4350 ut
3200 4295 3540 4351 creationem
3569 4294 3622 4349 in
3644 4291 3793 4350 Scri-

2193 4391 2370 4460 pturis
2398 4389 2604 4445 sanctis
2629 4399 2796 4460 atque
2818 4388 3106 4454 facturam,
3139 4402 3246 4442 non
3278 4401 3498 4458 semper
3517 4385 3790 4442 conditio-

2194 4499 2318 4540 nem
2349 4498 2541 4539 eorum
2571 4495 2697 4553 qua:
2727 4495 2838 4536 non
2884 4491 3066 4546 erant,
3097 4480 3194 4535 sed
3244 4481 3526 4536 interdum
3555 4477 3789 4551 gratiam

2192 4577 2249 4635 itt
2282 4593 2380 4636 eos
2410 4578 2501 4648 qui
2536 4577 2839 4634 meruerint
2867 4576 2970 4632 sibi
3011 4575 3186 4631 Deum
3218 4574 3361 4642 ﬁeri,
3399 4575 3788 4646 intelligamus.

2262 4671 2454 4745 (νει-ε.
2481 4668 2576 4742 ‘5.)
2611 4669 2876 4726 Haurietis
2920 4685 3084 4740 aquas
3105 4670 3160 4723 in
3199 4670 3417 4740 gaudio,
3463 4671 3527 4724 de
3564 4671 3792 4742 fontibus

2194 4767 2507 4825 Saluatoris.
2541 4765 2714 4835 Quem
2747 4779 2913 4836 supra
2953 4763 3303 4830 Emmanuel,
3345 4763 3568 4830 deinde,
3615 4763 3791 4835 spolia

2194 4859 2442 4924 detrahe,
2476 4859 2674 4914 festina
2707 4857 2961 4928 prtedari.
2995 4866 3050 4912 et
3081 4856 3306 4928 reliquis
3344 4849 3652 4927 appellarat
3694 4869 3793 4912 no-

2195 4954 2459 5016 minibus.
2493 4968 2566 5009 ne
2592 4951 2876 5008 videretur
2907 4949 3050 5006 alter
3091 4964 3215 5005 esse
3240 4957 3442 5021 praeter
3468 4965 3595 5005 eum
3627 4964 3788 5021 quem

479 5043 828 5101 humillimas
869 5053 926 5101 et
966 5045 1121 5100 rivos
1159 5044 1370 5100 divisus
1403 5053 1489 5102 est
1518 5054 1685 5116 atque
1714 5047 1995 5113 concisus,
2035 5058 2096 5104 ut
2195 5046 2417 5105 Gabriel
2450 5044 2657 5115 Virgini
2691 5043 2984 5110 nuntiavit,
3014 5042 3206 5098 dicens
3237 5059 3249 5096 :
3276 5039 3344 5096 Et
3375 5043 3582 5098 vocabis
3607 5058 3790 5098 nomen

479 5138 729 5195 calciatis
754 5137 984 5208 pedibus
1007 5136 1356 5193 transiretur.
1387 5136 1503 5194 Hoc
1519 5147 1702 5194 atttetn
1727 5138 2089 5211 Tr0pologice

481 5232 778 5304 significat,
803 5231 948 5304 quod
969 5241 1188 5301 gentem
1216 5229 1624 5304 Egyptiorum,
1650 5233 1703 5290 in
1735 5243 1950 5292 tantum
1973 5235 2089 5292 ido-

481 5324 715 5382 lolatria:
739 5332 798 5380 et
830 5325 1148 5380 vanissima:
1173 5324 1550 5396 superstitioni
1573 5326 1836 5397 deditam,
1865 5338 1923 5385 ut
1944 5329 2090 5385 acci-

559 5496 586 5525 α
629 5483 886 5556 Legimus
923 5499 991 5540 ex
1033 5482 1209 5538 Valic.
1257 5485 1636 5557 ἀναθεματίσιι.
1679 5485 1770 5542 Sic
1818 5487 2089 5543 Eusrbitts

485 5560 631 5635 hunc
656 5558 831 5635 locum
851 5558 1096 5635 :Qi‘rpsi'c
1118 5559 1420 5635 supprimas,
1443 5557 1963 5635 οὗςῳςὴρμήνῳᾳαγ,
1988 5559 2092 5616 Καὶ

486 5629 852 5705 ἐναϐιματξσει
880 5627 1188 5705 Κύριοι-,τήν
1214 5627 1455 5705 ἠλῶσσριν
1490 5627 1752 5705 autem;
1796 5630 2090 5705 Αἰγύπτιον,

489 5701 616 5756 Tres
642 5699 763 5770 pari
793 5699 1042 5754 consensu
1076 5699 1399 5770 interpretati
1426 5709 1568 5770 sunt,
1600 5700 1664 5753 Et
1693 5699 1944 5757 desolabit
1976 5699 2091 5756 Do?

487 5767 939 5842 minusrlinguam
977 5770 1138 5842 maris
1166 5767 1408 5842 At‘gypti.
1451 5767 1584 5826 Erat
1621 5778 1804 5829 tamen
1839 5773 1894 5831 in
1931 5784 2092 5832 antea

489 5841 724 5916 vulgatis
753 5839 1072 5911 Hieronymi
1101 5839 1550 5911 aeternam"...

2195 5143 2307 5207 eius
2336 5140 2536 5206 Iesum,
2567 5140 2678 5210 ipse
2724 5139 2861 5193 enim
2903 5137 3100 5192 salvum
3145 5136 3302 5208 faciet
3347 5135 3601 5209 papulurn
3639 5153 3789 5192 suum

2197 5233 2430 5307 (Matth.
2462 5248 2504 5299 ι,
2533 5232 2600 5287 Si
2627 5233 2680 5303 ):
2705 5246 2853 5288 nunc
2898 5239 3058 5286 vocat
3081 5231 3448 5298 Salvatorem,
3481 5241 3533 5286 et
3578 5229 3649 5286 de
3674 5229 3789 5300 ejus

2200 5327 2442 5387 fontibus
2470 5343 2638 5399 aquas
2663 5325 2928 5398 prazdicat
2953 5324 3311 5394 hauriendus,
3339 5339 3685 5398 nequaquam
3724 5325 3788 5382 de

2265 5487 2293 5528 ι’
2333 5489 2584 5545 Martian.
2614 5503 2742 5557 quos
2772 5505 2784 5542 :
2812 5486 3142 5558 putabalque
3166 5503 3354 5558 parum
3379 5489 3634 5558 equidem
3657 5490 3787 5546 scite

2193 5561 2381 5633 νόμους
2410 5577 2518 5633 non
2551 5557 2824 5633 regiones,
2858 5559 2952 5614 sed
2985 5557 3208 5633 iudices
3252 5557 3524 5633 Egyptiis
3553 5564 3786 5633 appella-

2195 5630 2301 5699 tos,
2339 5632 2483 5716 quod
2517 5630 2861 5702 postmodum
2889 5631 3227 5687 retractavit.
3257 5630 3389 5687 Vide
3414 5634 3552 5689 inlra
3582 5630 3638 5691 iu
3664 5648 3779 5704 cap.

2233 5719 2250 5759 1
2344 5717 2436 5758 11111
2465 5720 2520 5758 0.

2196 5720 2227 5760 Χ
2255 5721 2308 5815 ξ’
2335 5722 2629 5833 Eusebium
2661 5790 2850 5847 presso
2879 5775 3113 5848 vestigio
3138 5773 3410 5850 sequitur.
