4052 6480
219 355 315 410 I55

767 357 1419 418 COMMENTARIORUM
1459 362 1524 418 IN
1565 361 1803 420 ISAIAM
1843 365 2262 424 PROPIIETAM
2307 366 2436 424 LIB.
2481 368 2548 425 ν.
2590 369 2746 425 CAP.
2789 369 2930 426 XIII.

3402 373 3504 435 I54

215 466 358 540 aquis
386 469 625 526 ﬂuminis
665 471 909 544 Egypti,
941 491 1064 546 quae
1105 491 1382 548 percussa:
1420 487 1573 545 sunt,
1618 494 1795 550 neque
1822 481 1878 543 A
1899 484 2096 551 sciant,
2134 487 2391 557 quoniam
2416 487 2568 541 solus
2609 485 2862 542 excelsus
2889 497 2976 542 est
3008 505 3021 541 :
3048 489 3133 544 cui
3163 491 3497 548 cantandum

216 561 279 619 de
304 565 453 631 aquis
483 563 725 622 fluminis
752 567 945 636 Rasin,
992 569 1088 626 sed
1129 571 1198 626 de
1241 570 1481 628 fontibus
1503 571 1653 638 Iesu,
1687 573 1792 630 hoc

215 655 345 712 enim
373 658 728 715 Hebraeorum
760 661 943 733 lingua
976 662 1220 719 Salvator
1247 665 1596 735 exprimitur.
1641 665 1796 723 Unde

212 759 262 805 et
289 750 398 820 ipse
427 751 705 808 clamabat
747 755 800 810 in
837 756 1154 828 Evangelia,
1209 758 1310 824 Qui
1349 760 1477 826 sitit,
1512 760 1680 815 veniat
1727 761 1796 814 ad

213 859 300 906 me,
317 853 364 897 et
378 843 532 900 bibat.
561 847 665 915 Qui
682 849 957 904 crediderit
984 869 1037 906 tn
1061 868 1159 920 me,
1183 854 1309 907 sicut
1335 854 1458 908 dicit
1483 855 1793 926 Scriptura:

215 933 446 990 Flumina
475 939 541 992 de
569 951 745 994 rentre
774 946 888 1015 ejus
917 945 1078 1014 ﬂuent
1106 962 1256 1017 aqua:
1285 949 1429 1002 vivae.
1468 946 1578 1002 Hoc
1603 958 1790 1016 autem,

211 1028 372 1100 inquit
421 1031 772 1104 Evangelista
801 1082 815 1105 ,
847 1037 1046 1093 dicebat
1077 1039 1141 1093 de
1181 1040 1384 1112 Spiritu
1413 1052 1614 1108 sancto,
1645 1059 1798 1114 quem

209 1123 451 1178 credentes
478 1125 532 1180 in
555 1141 676 1180 eum
703 1131 966 1201 accepturi
995 1142 1163 1188 erant.
1209 1133 1277 1189 Et
1318 1133 1373 1189 in
1405 1135 1518 1190 alio
1559 1137 1677 1205 ipse
1716 1137 1795 1191 lo-

209 1215 378 1287 quitur
417 1217 696 1290 Evangelii
730 1223 852 1278 loco
877 1241 890 1278 :
916 1223 1019 1291 Qui
1045 1224 1223 1280 biberit
1262 1225 1327 1280 de
1356 1244 1492 1298 aqua
1517 1243 1673 1298 quam
1699 1244 1792 1299 ego

212 1308 390 1366 dedero
411 1312 482 1376 ei,
512 1328 616 1366 non
643 1314 781 1368 sitiet
812 1317 866 1370 in
893 1327 1140 1372 (sternunt
1169 1335 1189 1374 :
1208 1319 1300 1374 sed
1329 1337 1466 1390 aqua
1507 1337 1661 1392 quam
1700 1337 1796 1392 ego

208 1401 329 1456 dabo
351 1404 422 1471 ei,
447 1405 537 1474 [iet
563 1406 620 1460 in
641 1423 700 1461 eo
721 1407 840 1477 [ous
861 1426 1012 1481 aqua:
1037 1413 1269 1466 salien:is
1294 1413 1349 1466 in
1372 1414 1528 1467 vitam
1549 1423 1796 1469 aeternam

211 1491 385 1566 (Joon.
415 1511 510 1565 vit,
543 1498 608 1564 8;
633 1515 708 1567 tv,
735 1503 826 1568 15,
852 1501 976 1574 Η).
1008 1502 1212 1560 Fontes
1240 1505 1564 1574 Salvatoris,
1597 1508 1795 1563 doctri-

206 1603 322 1644 nam
354 1591 726 1663 intelligamus
777 1595 1186 1669 Evangelicam,
1218 1600 1290 1656 de
1319 1616 1422 1671 qua
1472 1603 1523 1656 in
1570 1616 1797 1673 sexage-

201 1681 331 1738 simo
360 1685 597 1754 septimo
620 1687 838 1758 psalmo
865 1691 1119 1760 legimus,
1144 1690 1212 1748 In
1240 1693 1489 1749 Ecelesiis
1513 1695 1796 1751 benedicite

199 1775 299 1832 Deo
326 1775 548 1835 Domino
577 1780 641 1835 de
667 1784 893 1854 fontibus
921 1783 1092 1841 Israel
1123 1789 1142 1857 (
1167 1787 1316 1843 Psal.
1348 1805 1518 1856 vau,
1551 1789 1677 1860 27).

1897 579 2132 649 sitquod
2163 580 2444 650 magnifice
2475 579 2684 647 fecerit,
2714 591 2769 636 et
2800 581 3025 637 inomni
3053 583 3190 640 orbe
3215 583 3363 640 illius
3395 587 3502 640 mi-

1898 670 2194 726 sericordia
2227 671 2572 742 praedicetur.

1967 761 2158 834 (Vers.
2208 762 2262 819 6.
2288 764 2306 834 )
2349 763 2570 820 Exsulta
2596 773 2641 819 et
2670 765 2852 834 lauda,
2878 767 3128 822 habitatio
3164 768 3295 824 Sion
3329 788 3350 826 :
3376 772 3502 842 quia

1897 874 2112 930 magnus
2133 859 2187 912 in
2213 858 2384 913 medio
2413 859 2488 913 tui
2518 859 2740 915 Sanctus
2789 859 2980 915 Israel.
3018 861 3260 916 Primum
3313 862 3510 920 dicen-

1896 952 2022 1006 dum
2036 952 2190 1022 juxta
2217 952 2456 1008 litteram
2477 971 2488 1006 :
2509 954 2554 1008 0
2573 953 2842 1010 habitatio
2857 954 3009 1022 Sion,
3032 956 3247 1011 eXsnlta
3264 967 3318 1012 et
3343 957 3502 1014 lauda

1898 1046 2066 1102 Deum
2119 1057 2291 1111 tuum,
2323 1048 2468 1119 quod
2515 1049 2606 1118 qui
2646 1058 2772 1103 tuus
2819 1059 2946 1106 ante
2997 1050 3283 1106 videbatur
3336 1053 3501 1116 Deus,

1897 1149 1952 1196 et
1981 1141 2213 1196 modicis
2240 1140 2442 1196 Iudaea:
2469 1150 2630 1196 terrae
2650 1141 3009 1198 claudebatur
3033 1144 3325 1215 angustiis,
3355 1160 3500 1200 nunc

1895 1233 2191 1303 repleverit
2217 1247 2438 1288 omnem
2469 1242 2669 1288 terram
2715 1235 2938 1288 scientia
2972 1249 3093 1301 sna,
3131 1235 3280 1291 etde
3321 1247 3500 1291 morte

1895 1341 2251 1396 consurgens,
2303 1337 2494 1396 regnet
2523 1326 2574 1380 in
2617 1327 2894 1396 gentibus,
2926 1340 2980 1382 et
3013 1327 3192 1397 ipsum
3222 1329 3497 1401 nationes

1895 1419 2282 1489 deprecentur,
2316 1431 2481 1489 atque
2525 1419 2784 1485 adorent;
2821 1421 2891 1474 ita
2922 1419 3232 1486 dumtaxat,
3271 1432 3324 1475 ut
3359 1421 3499 1491 adji-

1895 1513 2001 1565 ciat
2047 1511 2286 1566 secundo
2339 1526 2561 1566 manttm
2595 1511 2754 1583 168
2779 1527 2933 1567 suam
2982 1512 3050 1568 ad
3100 1512 3492 1584 possidendum

1894 1607 2036 1678 quod
2065 1607 2332 1676 reliquum
2363 1617 2446 1661 est
2477 1609 2663 1677 populi
2692 1607 2799 1672 sui,
2831 1617 2885 1661 et
2915 1606 3333 1677 congregandos
3365 1622 3494 1678 pro-

1894 1701 2049 1774 fugos
2080 1702 2268 1766 Israel,
2298 1711 2352 1756 et
2378 1701 2657 1772 dispersos
2682 1700 2711 1757 ,Ι
2720 1701 2821 1756 uda
2846 1702 3188 1772 colligendos
3209 1718 3237 1755 a
3257 1711 3498 1772 quatuor

1895 1795 2067 1864 plagis
2101 1805 2259 1848 terrm
2288 1809 2302 1848 :
2330 1793 2453 1862 quia
2486 1793 2842 1848 seminarium
2894 1791 3177 1862 Evangelii
3209 1808 3307 1864 per
3337 1792 3488 1862 Apo~

265 1870 462 1942 (Vers.
500 1871 556 1940 4,
600 1874 699 1946 5.)
741 1873 810 1928 Et
863 1877 1043 1932 dicetis
1085 1880 1142 1933 in
1198 1880 1292 1934 illa
1319 1881 1424 1946 die,
1471 1882 1785 1950 confitemini
1818 1887 2086 1960 Bstolos,
2134 1886 2224 1957 qui
2271 1903 2334 1941 cx
2386 1885 2590 1941 Iudaeis
2635 1892 2816 1949 erant,
2869 1884 3140 1955 processit
3167 1900 3198 1940 a
3249 1884 3494 1941 fontibus

197 1962 410 2020 Domino
437 1975 485 2019 et
527 1968 758 2024 inrocate
801 1987 985 2026 nomen
1015 1975 1130 2046 ejus
1165 1989 1185 2027 :
1215 1984 1362 2028 notas
1400 1975 1557 2044 facile
1599 1976 1650 2029 in
1693 1993 1787 2048 po-

1890 1980 2071 2035 Israel.
2113 1979 2310 2035 Melius
2345 1989 2525 2033 autem
2555 1988 2659 2045 est,
2691 1989 2750 2032 ut
2779 1977 2930 2044 Sion,
2963 1977 3014 2032 id
3069 1988 3178 2042 est,
3225 1978 3492 2050 speculam

196 2057 324 2127 palis
349 2059 732 2117 adinventiones
763 2065 876 2135 ejus
915 2081 934 2118 :
963 2076 1288 2134 mementote,
1341 2069 1585 2138 quoniam
1616 2069 1784 2124 exccl~

193 2165 300 2205 sum
324 2163 396 2207 est
419 2170 602 2210 nomen
631 2158 769 2229 ejus.
803 2158 1021 2214 Cantate
1047 2159 1288 2226 Domino,
1316 2165 1559 2230 quoniam
1586 2164 1783 2233 magni-

193 2247 286 2317 fice
339 2247 456 2318 fecit
495 2264 517 2304 :
555 2252 864 2306 annuntiate
915 2253 1011 2307 hoc
1052 2253 1104 2308 in
1145 2256 1381 2310 universa
1431 2266 1592 2313 terra.
1654 2256 1781 2335 Haec

193 2345 576 2415 praecipiuntur
614 2346 682 2402 ab
708 2347 988 2420 Apostolis
1023 2359 1079 2407 et
1107 2353 1352 2423 reliquiis
1381 2352 1543 2409 Israel
1572 2353 1658 2408 his
1685 2354 1778 2426 qui

191 2435 255 2492 de
299 2438 553 2510 gentibus
583 2441 938 2497 crediderunt
967 2462 980 2498 ;
1011 2456 1065 2498 ut
1118 2446 1220 2500 soli
1272 2449 1640 2502 conﬁteantur
1668 2447 1776 2501 Do-

189 2529 354 2598 mino,
380 2539 433 2586 et
464 2530 629 2588 idolis
655 2532 954 2600 derelictis,
1005 2537 1263 2594 invocent
1296 2555 1492 2596 nomen
1525 2541 1644 2610 ejus
1673 2558 1686 2596 :
1720 2551 1775 2597 et

185 2635 370 2680 cuncta
411 2640 580 2696 opera
630 2627 748 2698 ejus
779 2631 1080 2700 praedicent
1125 2632 1470 2700 inﬁdelibus;
1509 2635 1664 2707 167
1714 2644 1774 2690 ut

1891 2075 1943 2129 in
1974 2072 2300 2129 sublimibus
2325 2073 2670 2139 collocatam,
2704 2075 3126 2142 interpretemur
3153 2073 3482 2137 Ecclesium.

1890 2168 1957 2223 de
1985 2182 2086 2238 qua
2119 2175 2175 2222 et
2219 2166 2696 2238 quinquagesinms
2749 2164 2990 2235 psalmus
3036 2166 3182 2220 canit
3208 2182 3220 2220 :
3251 2165 3482 2238 Benigne

1888 2263 1994 2333 fac,
2026 2259 2263 2323 Domine,
2294 2261 2346 2313 in
2382 2259 2513 2314 bona
2541 2261 2801 2314 voluntate
2828 2268 2916 2313 tua
2949 2258 3101 2323 Sion,
3136 2268 3180 2312 et
3210 2258 3474 2328 aediﬁcen-

1885 2363 1968 2408 tur
1994 2353 2128 2407 muri
2149 2352 2439 2407 Jerusalem
2468 2351 2650 2424 (Psal.
2687 2370 2741 2418 ι,
2769 2351 2910 2422 ‘20);
2943 2361 3005 2406 ut
3030 2352 3365 2422 acceptabile
3387 2352 3482 2406 fiat

1887 2447 1939 2500 in
1985 2462 2048 2500 ea
2095 2445 2207 2501 Deo
2236 2445 2564 2500 sacriﬁcium
2606 2446 2856 2516 justitite,
2887 2445 3222 2511 oblationes,
3256 2453 3309 2499 et
3340 2443 3475 2498 hau-

1885 2540 2146 2607 locausta,
2177 2551 2232 2596 et
2261 2540 2484 2605 vitulus,
2517 2556 2680 2611 quem
2713 2540 2827 2595 ﬁlio
2866 2539 3152 2610 paenitenti
3186 2545 3340 2607 pater
3371 2537 3489 2593 cle-

1885 2635 2261 2690 mentissimus
2291 2634 2594 2690 immolavit
2623 2633 2796 2705 (Luc.
2843 2633 2976 2702 xv).

186 2779 907 2805 “.—

1138 2946 1629 3058 LIBER
1717 2945 2474 3076 QUINTUS.

245 3290 591 3365 167-168
629 3289 818 3346 Plures
841 3298 866 3326 τι
891 3291 1020 3345 anni
1049 3299 1176 3346 sunt
1201 3291 1344 3362 quod
1372 3306 1401 3347 a
1426 3302 1631 3349 sanctae
1660 3307 1768 3348 me-
1798 3306 1842 3366 (ζ
1877 3295 2021 3348 mina
2051 3292 2439 3358 condiderunt,
2472 3291 2795 3348 Hebraicam
2825 3292 3122 3362 panderem
3150 3292 3440 3346 veritatem
3465 3309 3478 3344 :

182 3387 359 3440 moria:
405 3385 528 3438 viro
553 3383 790 3438 Amahili
831 3384 1090 3454 episcopo
1117 3395 1359 3455 rogatus,
1408 3395 1466 3439 ut
1492 3384 1545 3439 in
1575 3383 1763 3440 decem
1872 3399 2067 3456 meque
2097 3393 2519 3450 retractantem,
2553 3394 2610 3441 et
2642 3386 3094 3441 molestissimum
3122 3383 3470 3454 explanatio-

181 3471 324 3531 Isaiae
352 3474 650 3530 scriberem
697 3473 972 3541 Visiones,
1025 3491 1121 3546 pro
1151 3476 1397 3547 angustia
1430 3475 1579 3532 illius
1627 3485 1767 3532 tem-
1871 3477 1954 3531 nis
2000 3492 2171 3548 genus
2216 3476 2270 3530 in
2306 3486 2521 3547 tempus
2573 3477 2720 3532 aliud
2751 3476 3120 3542 dill'erentem,
3171 3476 3480 3546 smpissime

178 3569 313 3639 poris
343 3568 475 3639 quid
509 3566 640 3622 mihi
672 3568 954 3623 videretur
981 3568 1034 3622 in
1064 3569 1296 3639 singulis
1326 3568 1478 3624 brevi
1510 3583 1766 3624 sermone
1867 3570 2283 3625 commonehas.
2313 3569 2426 3624 Hoc
2443 3579 2624 3625 autem
2647 3585 2791 3624 anno
2815 3568 3009 3624 misisﬁ
3037 3568 3201 3622 ﬁlium
3225 3578 3471 3621 nostrum

178 3663 464 3736 perstrinxi
493 3681 508 3718 :
535 3661 819 3718 historiam
856 3671 1062 3718 tantum
1104 3663 1246 3732 quod
1277 3663 1514 3733 petebat,
1545 3662 1766 3720 edisse—
1868 3665 2176 3721 lleraelium
2201 3663 2517 3727 diaconum,
2552 3663 2644 3733 qui
2697 3679 2782 3718 me
2813 3677 2972 3716 manu
3003 3669 3260 3716 conserta
3305 3661 3357 3714 in
3386 3659 3476 3729 jus

179 3769 316 3811 rens.
369 3753 528 3810 Nunc
557 3754 622 3808 ad
671 3765 745 3821 te,
779 3756 1151 3828 φιλοπονωτάτῃ
1187 3756 1561 3822 Eustochium,
1599 3770 1765 3827 cogor

1890 3771 2110 3823 rocaret,
2144 3768 2201 3813 et
2233 3758 2560 3830 promi~sum
2593 3774 2692 3828 per
2739 3766 3011 3811 momenta
3040 3756 3305 3824 exigeret.
3335 3753 3475 3820 Quid

181 3849 230 3906 in
260 3857 428 3906 totum
463 3849 784 3919 prophetam
833 3848 1274 3905 Commentarios
1306 3849 1572 3915 scribere,
1604 3861 1658 3906 et
1682 3850 1765 3905 in-
1867 3854 2032 3922 igitur
2081 3851 2314 3906 faciam?
2361 3851 2658 3905 subeamnc
2690 3865 2825 3918 opus
2856 3849 2908 3904 in
2934 3863 3044 3918 quo
3075 3849 3174 3902 viri
3209 3847 3472 3901 eruditis-

180 3942 328 3999 terim
355 3943 706 3998 orationibus
734 3942 842 3996 tuis
871 3943 937 3997 ad
965 3942 1301 4016 Babylonem
1331 3959 1504 4012 usque
1537 3945 1762 4013 perveni
1866 3945 1990 4000 simi
2051 3944 2416 4010 sudaverunt,
2467 3942 2756 4013 Origenem
2808 3941 3021 4010 loquor,
3075 3949 3132 3994 et
3179 3939 3472 3994 Eusebium

180 4033 291 4108 [AL
332 4033 762 4111 pervenimus],
803 4050 922 4105 quae
996 4035 1175 4106 prima
1241 4035 1433 4090 decem
1492 4035 1760 4090 visionum
1865 4036 2158 4106 Pamphili,
2190 4050 2424 4104 quorum
2456 4035 2596 4089 alter
2621 4032 2814 4088 liberis
2835 4032 3111 4102 allegoriae
3134 4031 3327 4101 spatiis
3349 4045 3475 4084 eva-

181 4138 275 4195 est,
317 4130 384 4185 de
432 4129 630 4199 quibus
681 4136 808 4183 ante
845 4133 956 4198 jam
1004 4129 1137 4183 dixi.
1188 4128 1532 4198 Superlluttm
1578 4139 1760 4184 autem
1863 4137 2042 4199 gatur,
2072 4140 2126 4183 et
2155 4128 2534 4197 interpretatis
2566 4125 2884 4180 nominibus
2916 4123 3282 4195 singulorum,
3318 4123 3469 4192 inge-

182 4222 300 4278 mihi
326 4223 504 4278 visum
525 4232 632 4286 est,
661 4221 962 4276 auteadem
991 4237 1180 4277 rursus
1209 4222 1430 4284 iterare,
1455 4230 1548 4274 aut
1572 4221 1624 4276 in
1653 4237 1762 4276 uno
1867 4224 2013 4277 nium
2061 4236 2219 4276 suum
2252 4220 2380 4276 facit
2414 4219 2680 4275 Ecclesia:
2711 4227 3075 4281 sacramenta,
3118 4217 3260 4272 alter
3295 4216 3471 4272 histo-

181 4327 329 4384 opere.
370 4314 622 4370 diversas
668 4313 970 4369 sententias
1027 4329 1300 4384 promere.
1347 4313 1500 4369 Unde
1539 4313 1762 4384 quintus
1867 4318 2040 4372 ricam
2072 4315 2476 4382 expositionem
2511 4314 2668 4368 titulo
2724 4312 3142 4382 repromittens,
3199 4310 3474 4366 interdum

181 4406 229 4463 in
248 4406 434 4464 Isaiam
464 4409 602 4464 liber
629 4407 738 4462 erit
783 4406 900 4472 hic,
949 4409 1038 4479 qui
1071 4408 1346 4477 quondam
1395 4412 1544 4464 solus
1583 4409 1763 4464 editus
1872 4408 2220 4484 169-170
2246 4407 2590 4463 obliviscitur
2634 4406 2922 4476 propositi,
2961 4415 2982 4442 ο
3008 4415 3063 4488 et
3110 4407 3162 4458 in
3211 4403 3468 4472 Urigcnis

179 4511 270 4569 est,
315 4517 427 4575 quo
454 4501 521 4558 ad
552 4501 759 4558 calcem
791 4516 961 4572 usque
989 4502 1256 4572 perfecto,
1300 4502 1439 4557 sexti
1466 4502 1762 4558 voluminis
1865 4505 2009 4557 scita
2038 4501 2334 4558 concedit?
2367 4502 2448 4556 An
2482 4509 2719 4558 taceam.
2763 4506 2818 4553 et
2843 4506 3035 4567 aperte
3068 4497 3229 4567 hujus
3249 4495 3472 4567 generis

176 4591 310 4662 juxta
340 4595 701 4667 tr0pologiam
732 4595 1060 4666 arripiamus
1111 4594 1423 4660 exordium,
1471 4604 1528 4650 et
1565 4595 1758 4651 eadem
1865 4597 2272 4665 expositionem
2304 4596 2519 4649 nescire
2551 4607 2638 4647 tne
2665 4590 2886 4646 diram?
2916 4599 2972 4644 et
2998 4589 3218 4660 quando
3253 4589 3348 4644 tibi
3378 4603 3475 4659 po-

177 4693 224 4742 te
243 4688 524 4745 Dominum
555 4688 913 4760 deprecante,
944 4689 1208 4757 Spiritalis
1239 4688 1617 4759 intelligentiae
1643 4690 1760 4744 cul-
1874 4699 1995 4744 tero
2027 4689 2380 4758 persuadere,
2430 4701 2516 4740 me
2565 4700 2672 4740 non
2705 4684 2948 4754 patuisse
2989 4684 3162 4753 magis
3187 4697 3348 4752 quam
3382 4696 3480 4737 no-

179 4779 308 4838 mina
338 4796 760 4853 persequemur.
1416 4798 1422 4804 '
1875 4784 2084 4839 luisse:
2118 4797 2349 4852 quorum
2384 4781 2618 4836 alterum
2664 4777 3061 4834 imbecillitatis
3093 4785 3199 4840 est,
3242 4777 3478 4830 alterum

243 4893 261 4928 ι
293 4875 592 4947 Hucusque
623 4890 762 4948 papa
794 4876 1083 4944 Amabilis,
1111 4876 1138 4914 ι’
1170 4877 1422 4932 columen
1480 4876 1768 4932 charitatis
1877 4876 2186 4948 superbiae?
2223 4875 2431 4943 Quibus
2469 4875 2697 4929 adactus
2727 4875 2932 4939 causis,
2978 4873 3142 4927 malui
3170 4888 3200 4926 a
3233 4881 3287 4927 te
3327 4871 3480 4942 inge-

184 4976 232 5023 et
258 4983 482 5038 nomen,
512 4985 579 5026 ac
610 4970 745 5026 mihi
770 4970 1016 5026 omnium
1046 4986 1184 5041 quos
1211 4979 1359 5025 terra
1380 4970 1562 5041 genuit
1582 4985 1771 5024 aman-

183 5061 398 5131 tissime,
453 5079 552 5136 per
591 5064 805 5120 litteras
851 5063 1158 5135 ﬂagitabas,
1215 5073 1274 5118 ut
1321 5062 1416 5118 tibi
1451 5063 1638 5118 decem
1686 5064 1770 5116 vi-

182 5153 353 5216 siones
398 5174 524 5231 qum
579 5161 634 5215 in
667 5157 805 5214 Isaia
853 5158 1264 5215 obscurissima:
1318 5168 1468 5225 sunt,
1516 5157 1781 5214 historica

183 5252 513 5316 expositione
537 5251 896 5320 dissererem,
926 5263 982 5308 et
1013 5251 1235 5308 omissis
1269 5261 1576 5307 nostrorum
1604 5253 1770 5308 Com-

182 5345 467 5413 mentariis,
507 5345 602 5418 qui
631 5345 816 5402 varias
845 5345 1140 5418 opiniones
1167 5344 1366 5413 secuti,
1412 5346 1582 5402 multa
1614 5347 1768 5402 volu-

245 5527 270 5557 ⁸
307 5519 498 5578 Ferme
545 5522 835 5588 tredecim,
884 5523 1095 5578 scilicet
1124 5522 1192 5577 ab
1221 5535 1367 5576 anno
1409 5520 1540 5587 597,
1593 5529 1654 5575 ut
1703 5522 1757 5577 in

185 5592 312 5646 notis
341 5594 743 5667 chronologicis
772 5593 948 5666 Epist.
982 5595 1052 5650 68
1083 5593 1152 5649 ad
1181 5591 1524 5649 Castrucium
1557 5595 1760 5664 proba-

185 5667 286 5717 tum
313 5674 417 5719 est.

248 5731 274 5771 ¹³
313 5735 370 5790 1η
393 5736 564 5794 Vatic.
595 5739 795 5794 culmen
820 5738 1107 5794 charitatis.
1139 5746 1244 5794 ett.

254 5814 275 5843 ε
296 5784 370 5880 ἐξ
408 5784 467 5864 iii
477 5784 1188 5880 ’ὄέίᾶἷῆἒῖ’ὲὶῖιῖἑὸῖἑὲίἰίιῖ
1198 5784 1488 5870 Erasmus,
1513 5816 1560 5862 et
1584 5805 1767 5880 Orige-

189 5876 258 5931 κίε
279 5878 399 5947 feta
424 5876 662 5938 concidit.
688 5882 841 5951 Quod
864 5885 1114 5954 suspicor
1128 5883 1197 5936 ab
1225 5880 1452 5937 Erasmo
1471 5876 1766 5946 mutatum;

1881 4973 2032 5026 nium
2083 4987 2264 5026 meum
2302 4983 2463 5040 quam
2494 4969 2836 5024 voluntatem
2885 4967 3057 5037 quaeri
3088 4985 3101 5020 :
3128 4967 3480 5038 breviterque

1885 5063 2164 5118 annotaho
2188 5077 2307 5132 qua:
2332 5061 2522 5126 didici,
2555 5059 2907 5115 fundamenta
2933 5058 3141 5129 jaciens
3162 5059 3477 5129 Scriptura-

1885 5174 2031 5214 rum.
2054 5157 2324 5213 Czeteium
2348 5156 2392 5211 si
2421 5166 2513 5211 aut
2543 5165 2599 5210 tu
2627 5154 2888 5219 volueris,
2917 5162 3012 5207 aut
3034 5153 3263 5222 spatium
3290 5151 3473 5215 fuerit,

1881 5262 1939 5310 et
1981 5252 2248 5308 voluntati
2276 5262 2480 5308 nostra!
2511 5251 2762 5305 Christus
2790 5247 3067 5315 annuerit,
3109 5245 3355 5318 spiritale
3384 5261 3471 5299 su-

1877 5363 1970 5417 pra
2011 5346 2332 5403 struendum
2363 5356 2446 5402 est
2478 5344 2794 5409 aedilicium,
2825 5351 2883 5398 ut
2907 5341 3170 5413 imposito
3210 5340 3471 5403 culmine,

1870 5539 1995 5578 nam
2030 5537 2162 5579 mss.
2213 5522 2438 5579 codices
2485 5522 2741 5578 distincte
2771 5523 2993 5593 legunt,
3045 5529 3092 5593 et
3136 5520 3188 5572 in
3239 5516 3477 5588 Origenis

1869 5597 2001 5650 scita
2024 5595 2258 5650 concedit
2286 5611 2305 5649 :
2335 5610 2436 5665 qua
2467 5594 2654 5666 phrasi
2683 5591 2852 5650 utitur
2893 5591 3025 5666 infra
3059 5591 3111 5666 in
3144 5605 3266 5658 cap.
3303 5605 3432 5666 Lvtu
3458 5607 3471 5643 :

1873 5666 2237 5738 Symmachus,
2265 5663 2548 5737 inquit,'in
2595 5664 2958 5738 Theodotionis
3001 5663 3128 5738 scita
3172 5663 3473 5738 concedens,

1874 5734 2102 5809 torquem
2133 5739 2323 5809 posuit,
2341 5734 2463 5795 'etc.
2491 5738 2605 5792 Liv.
2634 5752 2674 5809 ιι
2703 5738 2820 5791 Bel.
2841 5735 3070 5809 Maced,
3097 5734 3150 5787 in
3175 5734 3476 5809 sententiam

1875 5805 2098 5883 alicujus
2120 5805 2420 5878 concedere,
2455 5824 2553 5880 pro
2579 5807 2769 5864 eodem
2811 5807 3118 5878 usurpavit.
3201 5805 3473 5862 ΜΑιιτιΑιι.
