4052 6474
598 405 702 464 159

1849 408 1910 465 S.
1953 408 2226 466 EUSEBII
2265 408 2646 467 lllERONYMl

3794 407 3883 466 160

598 521 761 578 tualis
788 521 1165 596 interpretatio
1214 522 1366 591 sequi
1398 489 1598 579 debeat
1626 522 1877 580 ordinem
1905 521 2149 578 historiae
2179 542 2193 578 :
2222 527 2277 586 Α
2301 523 2365 578 de
2393 521 2583 590 Israel,
2599 533 2649 580 et
2675 525 2999 596 requiescere
3019 541 3106 580 eos
3135 525 3287 596 faciet
3317 538 3475 596 super
3503 523 3880 578 tiumumsuam.

601 615 743 687 quod
767 616 1011 688 plerique
1051 617 1395 689 ignorantes,
1424 616 1757 690 lymphatico
1796 618 1851 673 in
1901 615 2202 688 Scripturis

2304 615 2378 671 De
2404 615 2508 671 hoc
2521 614 2833 684 Sophortias
2853 616 3071 687 plenius
3095 615 3336 684 luquitur
3355 634 3367 669 :
3389 614 3598 683 Lauda,
3615 614 3729 682 ﬁlia
3747 612 3883 680 Sion;

598 723 864 784 vagantur
890 727 1095 768 errore.
1128 711 1308 784 Usque
1331 712 1384 768 in
1414 721 1739 783 prtcsentem
1762 727 1895 784 ergo
1915 711 2058 767 diem
2077 727 2203 780 pro-
2294 709 2492 779 jubila,
2512 707 2725 775 Israel;
2752 708 2926 764 laetare
2947 719 2994 764 et
3017 710 3221 765 exsulta
3241 712 3296 765 in
3320 709 3462 764 omni
3487 708 3665 774 corde,
3678 707 3788 778 ﬁlia
3804 708 3885 763 Je-

598 805 785 876 phetia
818 805 1109 877 Babylonis
1155 805 1406 874 expletur
1439 823 1453 860 :
1489 816 1544 862 et
1574 807 1724 862 sicut
1757 805 2026 861 subvertit
2055 805 2202 862 Deus

601 898 894 955 Sodomam
925 910 981 956 et
1005 898 1369 956 Gomorrham
1401 918 1414 956 :
1451 901 1529 957 sic
1561 910 1618 958 et
1648 902 1753 957 ista
1798 901 2061 958 subversa
2091 918 2200 957 uon

605 989 938 1048 habitabitur
962 993 1016 1048 in
1049 1000 1341 1049 :cternum.
1376 993 1481 1050 Pro
1511 995 1602 1050 illa
1633 995 1780 1051 enim
1813 994 2119 1052 Seleuciam
2150 1003 2207 1052 et

605 1081 1018 1152 Ctesiphontem
1047 1087 1210 1142 urbes
1241 1086 1534 1142 Persarum
1567 1088 1803 1161 inclytae
1824 1089 2094 1145 fecerunt.

677 1175 858 1250 (Vers.
886 1176 1105 1249 20—22.)
1130 1177 1242 1235 Nec
1263 1190 1416 1251 ponet
1440 1181 1514 1235 ibi
1543 1183 1766 1236 tentoria
1784 1182 1982 1250 Arabs;
2005 1199 2095 1238 nec
2114 1199 2208 1250 pa-

605 1281 770 1326 stores
806 1274 1122 1344 requiescent
1148 1273 1222 1328 ibi
1261 1277 1392 1329 :sed
1420 1286 1569 1330 erunt
1596 1277 1668 1331 ibi
1696 1276 1900 1343 bestias,
1929 1275 2206 1346 repleban-

609 1372 694 1418 tur
717 1365 902 1418 domus
934 1381 1108 1419 eorum
1157 1365 1469 1422 draconibus
1495 1409 1512 1436 ,
1555 1377 1603 1423 et
1634 1367 1937 1424 habitabant
1961 1368 2030 1422 ibi
2073 1378 2210 1424 stru-

611 1457 844 1525 thiones,
869 1468 916 1512 et
942 1457 1097 1530 pilosi
1125 1458 1390 1514 saltabant
1418 1460 1510 1515 ibi.
1543 1459 1615 1514 Et
1645 1460 2029 1531 respondebant
2051 1459 2211 1517 ululw

612 1551 666 1604 in
697 1549 892 1605 aedibus
923 1555 1037 1624 ejus
1061 1595 1077 1618 ,
1120 1561 1169 1606 et
1211 1551 1412 1607 Sirena:
1446 1553 1501 1606 in
1540 1552 1770 1608 delubris
1810 1550 2109 1626 voluptatis.
2153 1553 2210 1608 lu

616 1652 826 1700 tantum
856 1645 1097 1718 Babylon
1122 1656 1330 1701 vastata
1359 1648 1466 1702 erit
1485 1655 1652 1718 atque
1681 1647 1896 1702 deserta
1921 1688 1937 1714 ,
1968 1655 2030 1702 ut
2051 1663 2119 1703 ne
2146 1646 2211 1702 ad

614 1753 814 1812 pascua
846 1740 1064 1810 quidem
1098 1751 1477 1796 armentorum
1529 1749 1584 1796 et
1631 1756 1887 1810 pecorum
1939 1742 2091 1797 utilis
2120 1742 2211 1797 sit.

617 1829 733 1886 Non
763 1833 905 1886 enim
937 1831 1125 1887 tendet
1157 1831 1232 1886 ibi
1269 1833 1444 1889 Arabs
1489 1832 1910 1905 Saraceuusque
1953 1835 2212 1900 tentoria,

2303 802 2533 856 rusalem
2575 803 2743 868 :quia
2800 803 3015 856 abstulit
3068 803 3327 858 Dominus
3371 802 3641 876 judicium
3689 812 3824 855 tuum
3864 818 3888 858 :A

2305 897 2487 948 avertit
2515 895 2752 948 inimicos
2778 903 2891 948 tuos
2927 894 3120 967 (Sapit.
3153 911 3234 958 ιιι,
3263 894 3351 959 Η,
3384 891 3887 967 15).Siguilicatau-

2308 996 2415 1041 tem
2459 996 2673 1056 tempus
2711 1001 2820 1056 quo
2840 986 3016 1058 Cyrus
3059 1003 3154 1042 rex
3194 987 3483 1042 Persarum
3507 987 3780 1055 captivum
3809 1001 3892 1055 po.

2308 1079 2490 1149 pulum
2515 1078 2816 1136 Jerusalem
2841 1080 3024 1136 redire
3049 1080 3315 1151 permisit.
3331 1079 3476 1149 Lege
3499 1079 3689 1136 Esdraz
3713 1081 3892 1136 librum

2311 1171 2358 1243 (Ι
2396 1171 2552 1228 Esdr.
2582 1171 2654 1244 ι),
2685 1171 2946 1242 Aggmum
2978 1173 3183 1248 (Αριρωὶ
3215 1173 3256 1246 ι)
3287 1184 3342 1230 et
3369 1173 3691 1229 Zachariam
3720 1172 3892 1244 (Zacb.

2310 1261 2374 1335 ι),
2407 1265 2627 1334 quando
2653 1267 2752 1321 sub
2776 1265 3102 1333 Zorobabel,
3135 1276 3192 1322 et
3225 1266 3357 1322 Jesu
3381 1267 3671 1322 sacerdote
3697 1281 3893 1338 magno.

2311 1367 2368 1415 et
2411 1360 2604 1426 Esdra,
2651 1371 2704 1416 et
2753 1361 2995 1430 Neemia,
3040 1362 3252 1434 altare,
3305 1361 3626 1434 Templum,
3663 1361 3897 1433 murique

2315 1452 2464 1508 urbis
2494 1455 2756 1510 exstructi
2789 1463 2936 1510 sunt.

2387 1547 2570 1618 (Vers.
2598 1548 2681 1618 2.)
2730 1551 3066 1623 Adjungetur
3097 1550 3301 1604 advena
3341 1549 3410 1604 ad
3449 1567 3536 1605 eos
3559 1591 3576 1618 ,
3608 1559 3654 1605 et
3685 1549 3902 1604 adlicere-

2313 1641 2386 1696 bit
2411 1642 2588 1696 domui
2627 1642 2824 1708 Jacob,
2857 1652 2904 1699 et
2934 1645 3178 1699 tenebunt
3205 1661 3289 1698 eos
3313 1643 3500 1714 pepuli
3525 1686 3540 1711 ,
3585 1654 3635 1698 et
3661 1645 3900 1700 adducent

2314 1753 2400 1793 eos
2423 1737 2477 1791 in
2507 1737 2673 1792 locum
2703 1754 2850 1793 suum
2877 1779 2892 1804 ,
2921 1750 2968 1794 et
2990 1739 3270 1812 possidebit
3292 1755 3376 1793 eos
3407 1739 3593 1793 damus
3617 1736 3784 1793 Israel
3828 1755 3902 1793 stt-

2317 1849 2407 1904 per
2434 1841 2626 1887 terram
2664 1831 2875 1888 Domini
2905 1835 2960 1888 in
2985 1850 3156 1889 servos
3177 1844 3224 1888 et
3249 1833 3473 1889 ancillas
3501 1851 3519 1890 :
3564 1844 3614 1889 et
3646 1845 3794 1890 erunt
3821 1852 3897 1890 ca-

620 1939 722 1982 nec
753 1934 999 1994 pastores
1026 1932 1151 1994 post
1194 1927 1420 1998 vestigia
1447 1941 1672 1998 gregum
1703 1927 1833 1983 fessi
1859 1927 2049 1984 labore
2067 1929 2220 1999 quie-
2247 1929 2296 1990 Β
2321 1925 2517 1997 pientes
2543 1941 2630 1980 eos
2654 1927 2742 1996 qui
2765 1944 2820 1980 se
2838 1937 3170 1996 ceperant,et
3189 1927 3466 1994 subjicient
3491 1936 3754 1982 exactores
3773 1945 3901 1983 suos.

619 2027 776 2075 scent
807 2037 822 2074 :
849 2018 943 2075 sed
969 2019 1111 2075 inter
1133 2020 1431 2090 parietinas
1456 2033 1509 2075 et
1529 2022 1808 2091 angustias
1829 2032 2078 2078 vi-terum
2107 2023 2218 2077 rui-

621 2125 811 2166 narum
846 2109 1169 2166 habitabant
1195 2126 1300 2166 stnt
1324 2112 1499 2184 (nus)
1525 2130 1539 2168 :
1563 2113 1711 2184 quod
1725 2113 1831 2169 soli
1854 2113 1996 2170 LXX
2029 2115 2219 2170 bestias

621 2207 1016 2260 transtulerunt
1051 2220 1065 2259 :
1098 2205 1189 2260 alii
1217 2207 1338 2277 ipso
1365 2200 1582 2263 nomine
1613 2207 1759 2279 quod
1790 2210 1930 2276 apud
1964 2209 2220 2266 Hebraeos

618 2297 880 2368 scriptum
912 2309 1028 2364 est,
1055 2299 1304 2355 volentes
1325 2315 1529 2370 genera
1548 2301 1860 2357 daemonum
1877 2302 2109 2373 intelligi
2135 2305 2220 2359 vel

622 2392 1022 2463 phantasmata.
1067 2392 1136 2448 Et
1159 2394 1523 2464 replebunlur,
1556 2396 1726 2467 inquit
1747 2440 1762 2464 ,
1797 2397 2002 2462 donius,
2032 2407 2091 2451 ut
2122 2412 2222 2452 nos

622 2484 890 2551 diximus,
917 2485 1226 2541 draconibus
1258 2503 1278 2542 :
1312 2497 1369 2542 ut
1395 2486 1592 2554 Aquila
1619 2490 1939 2556 transtulit,
1985 2488 2224 2562 typhoni-

623 2578 718 2634 bus
743 2619 759 2644 ,
813 2590 871 2634 ut
918 2579 1278 2651 Symmachus
1306 2590 1330 2619 ε·
1362 2597 1494 2637 omit
1533 2581 1752 2655 (mnu),
1786 2584 1960 2654 ipsum
1992 2585 2219 2640 verbum

623 2671 948 2728 Hebraicum
975 2674 1285 2744 exprimens
1318 2691 1332 2728 :
1369 2675 1511 2730 LXX
1551 2687 1684 2732 vero
1709 2685 1766 2732 et
1785 2676 2091 2733 Theodotio
2117 2678 2226 2732 cla-

620 2781 808 2835 mores,
842 2767 926 2825 vel
953 2770 1155 2823 sonitus
1185 2770 1529 2840 interpretati
1559 2779 1705 2826 sunt.
1733 2770 2002 2844 Quodque
2032 2776 2221 2844 sequi-

624 2871 713 2916 tur
745 2860 952 2916 :Pilosi
974 2863 1236 2918 saltabant
1256 2865 1348 2932 ibi,
1383 2866 1466 2920 vel
1483 2866 1829 2934 incuboues,
1858 2867 1942 2921 vel
1974 2877 2187 2939 satyros
2207 2909 2222 2932 ,

630 2954 786 3028 175
814 2954 898 3009 vel
921 2955 1482 3028 silvestresquosdam
1504 2957 1760 3015 homines
1781 3001 1795 3024 ,
1814 2974 1954 3030 quos
1981 2960 2223 3015 nonnulli

625 3044 828 3101 Fatuos
854 3045 882 3084 ι)
917 3047 1133 3103 [icarios
1160 3060 1361 3105 vocant
1389 3091 1404 3114 ,
1448 3060 1540 3105 aut
1568 3049 1880 3107 daemonum
1909 3067 2108 3122 genera
2139 3051 2222 3106 in-

627 3136 895 3206 telligunt.
927 3137 1035 3194 Pro
1068 3139 1232 3194 ululis
1279 3156 1494 3212 quoque
1543 3157 1738 3199 omnes
1770 3147 1948 3212 ipsqu
2001 3144 2224 3198 verbum

627 3230 953 3288 llehraicum
1007 3245 1028 3272 ο
1088 3248 1166 3288 ιιιι
1219 3236 1420 3309 (Dim),
1482 3237 1586 3291 soli
1638 3235 1785 3293 LXX
1851 3248 2228 3293 onocentauros

2319 2014 2511 2071 Multos
2528 2017 2596 2072 de
2624 2017 2860 2074 diversis
2901 2021 3154 2090 gentibus
3197 2034 3322 2075 cum
3376 2022 3571 2090 populo
3603 2020 3899 2076 Iudaeorum

2319 2109 2713 2183 ierosolymam
2742 2114 2962 2168 venisse
2990 2115 3354 2185 conjicimus,
3386 2115 3675 2172 credentes
3719 2116 3823 2172 Deo
3843 2115 3907 2172 ls-

2321 2203 2434 2258 rael
2458 2245 2473 2269 ,
2501 2212 2556 2259 et
2585 2219 2834 2260 ert-orum
2869 2205 3008 2261 idola
3035 2206 3432 2278 relinquentes.
3451 2207 3611 2276 Quod
3638 2221 3813 2265 autem
3833 2225 3905 2265 re-

2322 2295 2466 2352 ducti
2493 2297 2600 2353 sint
2628 2297 2695 2354 ad
2730 2300 2941 2356 litteras
2971 2301 3114 2373 regis
3136 2345 3149 2366 ,
3181 2313 3237 2357 et
3264 2305 3582 2373 acceperint
3604 2319 3826 2359 munera
3861 2312 3907 2359 et

2326 2387 2602 2456 impensas
2625 2389 2837 2462 Templi
2865 2432 2880 2457 ,
2909 2392 3056 2447 nulla
3087 2393 3358 2448 dubitatio
3397 2404 3502 2450 est.
3535 2393 3589 2449 lu
3621 2394 3726 2452 huc
3750 2395 3906 2450 solum

2331 2482 2490 2555 176
2517 2484 2712 2539 arctari
2742 2485 2960 2541 videtur
2988 2486 3342 2557 intelligentia
3373 2527 3387 2552 ,
3415 2489 3696 2560 quomodo
3736 2504 3906 2560 posse-

2325 2577 2470 2632 derit
2499 2578 2662 2635 lsrael
2685 2579 2738 2634 in
2773 2589 2918 2636 terra
2946 2581 3156 2636 Domini
3203 2582 3440 2638 victores
3466 2583 3738 2654 quondam
3761 2599 3905 2648 suos,

2326 2682 2382 2728 et
2428 2673 2762 2743 subjeceriut
2793 2686 3113 2743 exactores,
3159 2691 3462 2748 servosque
3491 2692 3593 2733 eos
3640 2677 3909 2733 habuerint

2327 2773 2383 2821 et
2409 2765 2656 2821 ancillas.
2684 2767 2794 2822 Nisi
2822 2767 2961 2824 forte
2982 2768 3417 2841 synecdocbieés
3447 2778 3621 2824 totum
3654 2770 3908 2841 intelliga-

2327 2873 2448 2912 mus
2475 2874 2546 2914 ex
2577 2868 2730 2929 parte
2774 2880 2787 2916 :
2822 2861 2965 2931 quod
3002 2870 3163 2917 tantae
3196 2871 3382 2930 postea
3409 2861 3687 2919 felicitatis
3709 2864 3908 2931 fuerint,

2327 2960 2385 3006 ut
2415 2951 2484 3006 de
2517 2952 2751 3008 diversis
2789 2969 3008 3025 quoque
3058 2971 3155 3026 per
3192 2955 3484 3012 circuitum
3532 2959 3783 3027 gentibus
3826 2957 3908 3012 sibi

2327 3057 2616 3098 servorum
2641 3053 2696 3099 et
2718 3045 3040 3101 ancillarum
3065 3046 3302 3103 familias
3323 3051 3722 3119 compararint.
3748 3050 3910 3106 Potest

2329 3148 2384 3194 et
2409 3139 2460 3193 in
2485 3141 2707 3194 Assueri
2737 3143 3075 3209 temporibus
3110 3142 3338 3215 intelligi
3363 3142 3542 3217 (Estlt.
3579 3144 3682 3211 IX;
3723 3143 3908 3199 Juditlt.

2330 3235 2472 3304 xui),
2507 3234 2728 3306 quando
2759 3237 2941 3291 occiso
2981 3235 3278 3293 llololerne
3312 3237 3524 3294 hostilis
3554 3239 3623 3294 ab
3655 3239 3816 3294 Israel
3844 3247 3910 3293 est

625 3325 1044 3381 transtulerunt.
1078 3327 1287 3384 Sircuae
1325 3329 2225 3404 autetnrrneuauszmun)vocan-
2253 3324 2300 3388 C
2330 3342 2506 3383 casus
2552 3330 2846 3385 exercitus.
2898 3330 3052 3400 Quod
3103 3331 3288 3387 haereo
3337 3333 3534 3388 litterzc
3559 3375 3574 3399 ,
3607 3343 3663 3388 et
3693 3333 3748 3388 in
3781 3347 3911 3388 more

629 3427 750 3485 tur,
781 3435 916 3489 quas
946 3437 1044 3476 nos
1074 3431 1168 3476 aut
1197 3422 1506 3489 daemones,
1543 3435 1635 3480 aut
1679 3437 1920 3482 monstra
1951 3428 2223 3497 quaedam,

628 3514 711 3569 vel
736 3524 887 3570 certe
918 3515 1189 3572 dracones
1237 3533 1460 3590 magnos
1509 3516 1534 3556 ιι
1575 3519 2064 3590 interpretabimur
2092 3562 2106 3587 ,
2138 3521 2230 3592 qui

631 3606 840 3661 cristati
867 3618 994 3663 sunt
1021 3617 1077 3664 et
1107 3610 1375 3665 volantes.
1398 3610 1502 3667 Per
1526 3627 1648 3683 qua:
1669 3613 1854 3669 omnia
1885 3614 2154 3669 vastitatis
2177 3622 2232 3669 et

629 3700 940 3756 solitudinis
967 3705 1123 3773 signa
1158 3713 1531 3761 monstrantur
1560 3723 1572 3759 :
1603 3706 1746 3775 quod
1781 3715 1927 3762 tanta
1964 3707 2036 3762 sit
2063 3707 2234 3776 depo-

631 3795 836 3866 pulatio
861 3796 1008 3852 urbis
1035 3799 1310 3868 quondam
1340 3801 1741 3870 potentissima}
1765 3845 1779 3866 ,
1814 3811 1872 3856 ut
1912 3817 2025 3872 prae
2053 3801 2235 3856 multi-

633 3889 821 3945 tudine
843 3890 1155 3946 dzemonum
1188 3907 1252 3946 ac
1280 3892 1581 3947 bestiarum
1607 3894 1792 3948 nulltts
1819 3894 1872 3948 in
1887 3909 2008 3950 eam
2038 3895 2238 3949 audeat

629 3990 907 4055 pastorum
929 4024 943 4049 ,
978 3985 1030 4038 id
1077 3993 1194 4053 est,
1229 3985 1431 4040 deserti
1473 3986 1748 4057 appetitor
1785 3987 2010 4042 intrare.
2041 3986 2238 4042 Didici-

634 4091 754 4131 mus
800 4092 829 4130 a
869 4077 1100 4146 quodam
1149 4078 1314 4132 lratre
1362 4079 1630 4144 Elamita,
1674 4081 1766 4148 qui
1793 4079 1862 4135 de
1904 4080 2010 4135 illis
2041 4080 2236 4136 ﬁnibus

631 4168 960 4238 egrediens,
995 4185 1136 4224 nunc
1183 4169 1547 4243 Jerosolymis
1595 4173 1761 4227 vitam
1835 4172 2007 4244 exigit
2058 4188 2241 4227 monac

632 4258 892 4325 chorum,
943 4262 1266 4317 venationes
1325 4263 1504 4334 regias
1547 4279 1670 4320 esse
1717 4265 1772 4320 in
1807 4264 2084 4337 Babylone
2116 4309 2131 4332 ,
2186 4275 2239 4320 et

633 4353 812 4408 omnis
855 4356 1077 4423 generis
1119 4352 1322 4409 bestias
1353 4369 1632 4410 murorum
1665 4357 1786 4427 ejus
1820 4365 1843 4394 ε
1887 4366 2094 4412 tantum
2120 4371 2242 4412 am-

637 4444 750 4499 bitu
779 4445 1045 4501 coerceri.

707 4536 862 4612 (Cap.
891 4538 1030 4594 XIV.
1060 4569 1133 4581 —
1157 4539 1309 4596 Vers.
1334 4543 1413 4614 1.)
1438 4543 1611 4613 PrOpe
1657 4553 1809 4598 estut
1844 4545 2014 4599 ueniat
2042 4555 2242 4614 temims

636 4633 752 4704 ejus
775 4649 793 4688 :
814 4643 859 4688 et
879 4633 989 4688 dies
1017 4638 1131 4709 ejus
1160 4653 1262 4690 non
1292 4636 1691 4707 elongabuutur.
1711 4637 1921 4694 Instare
1935 4637 2071 4693 dicit
2101 4648 2242 4692 tem-

2333 3421 2606 3490 serpentis
2641 3432 2845 3478 terram
2879 3423 3108 3479 comedo
3132 3465 3150 3491 ,
3203 3434 3307 3479 tute
3356 3433 3440 3480 est
3469 3425 3771 3480 voluntatis
3795 3468 3811 3492 ,
3839 3424 3912 3496 qui

2337 3513 2662 3570 historicam
2698 3526 2904 3572 tantum
2939 3519 3445 3589 interpretationem
3479 3520 3667 3576 audire
3694 3520 3911 3575 voluisti.

2407 3607 2589 3678 (Vers.
2623 3609 2704 3679 3.)
2727 3607 2796 3664 Et
2823 3610 2920 3665 erit
2942 3611 2994 3664 in
3016 3610 3100 3664 die
3120 3609 3216 3665 illa
3234 3627 3350 3664 cum
3373 3612 3599 3680 requiem
3623 3611 3822 3665 dederit
3843 3611 3913 3664 tibi

2338 3699 2590 3756 Dominus
2617 3718 2648 3755 a
2679 3703 2853 3757 labore
2882 3713 2971 3757 tuo
2997 3745 3012 3765 ,
3045 3711 3091 3758 et
3115 3720 3146 3756 a
3175 3705 3518 3758 concussione
3545 3714 3664 3769 tua,
3698 3714 3747 3758 et
3770 3723 3801 3759 a
3822 3720 3913 3757 ser-

2336 3796 2495 3850 vitute
2521 3805 2612 3851 tua
2641 3797 2776 3851 dura
2803 3799 2926 3867 quia
2949 3797 3061 3870 (Al.
3095 3800 3272 3869 quam)
3302 3808 3421 3852 ante
3444 3799 3697 3853 servivisti
3721 3816 3740 3853 :
3771 3813 3915 3852 sumes

2339 3889 2641 3960 parabolam
2675 3893 2832 3946 istam
2865 3903 3046 3946 contra
3092 3908 3263 3963 regem
3312 3891 3635 3964 Babylonis,
3685 3901 3732 3945 et
3773 3893 3910 3946 dices.

2341 3981 2533 4037 Sermo
2581 3983 2831 4052 dirigitur
2878 3983 2946 4038 ad
2997 3982 3255 4039 lsraelem
3283 4025 3299 4050 ,
3351 3984 3493 4054 quod
3539 3993 3819 4055 postquam
3848 3998 3914 4037 te-

2342 4089 2533 4129 versus
2567 4074 2726 4130 fuerit
2756 4074 3056 4130 Jerusalem
3083 4118 3096 4141 ,
3129 4087 3178 4130 et
3208 4076 3400 4146 jugum
3433 4077 3713 4131 servitutis
3742 4091 3912 4131 excus'

2343 4167 2476 4223 serit
2498 4207 2512 4232 ,
2548 4168 2865 4223 recordetur
2907 4168 3164 4237 potentiae
3195 4167 3466 4239 quondam
3500 4167 3913 4224 Nabuchodono-

2344 4274 2437 4315 sor
2461 4303 2474 4322 ,
2507 4272 2558 4315 et
2591 4261 2847 4316 culminis
2879 4260 3164 4332 Babylonii
3193 4303 3207 4326 ,
3236 4260 3645 4332 miserabilique
3666 4276 3789 4316 eum
3809 4273 3914 4312 voce

2345 4355 2594 4421 deploret
2626 4372 2638 4408 :
2672 4357 2795 4426 quia
2827 4354 2893 4410 ad
2929 4364 3131 4409 tantam
3163 4355 3374 4410 venerit
3422 4355 3792 4410 calamitatem
3819 4396 3833 4419 ,
3875 4359 3916 4405 ut

2347 4450 2596 4506 hostibus
2625 4466 2838 4522 quoque
2870 4455 2984 4506 suis
3012 4449 3210 4521 dignus
3242 4448 3594 4504 miseratione
3628 4448 3881 4503 videatur.

2416 4543 2601 4614 (Vet's.
2655 4544 2803 4616 4-7.)
2844 4544 3115 4612 Quomodo
3148 4544 3364 4597 cessavit
3398 4552 3612 4598 exactor
3637 4558 3656 4596 :
3698 4541 3916 4613 requiei-it

2342 4628 2632 4694 tributum?
2663 4635 2916 4692 Contrivit
2945 4635 3203 4691 Dominus
3233 4635 3472 4691 baculum
3502 4637 3810 4710 impiorum,
3836 4636 3916 4686 cir-

641 4743 741 4800 pus
768 4746 876 4800 quo
906 4730 974 4784 ab
1017 4729 1264 4788 hostibus
1292 4731 1556 4803 capienda
1591 4731 1692 4810 sit.
1716 4731 1848 4788 Post
1871 4733 2239 4803 captivitatem
2271 4723 2323 4784 D
2347 4751 2466 4806 gam
2496 4733 2876 4788 dominantium
2900 4732 3179 4787 cwdentem
3208 4729 3426 4805 pepulos
3453 4731 3505 4784 in
3544 4730 3917 4802 indignatione:

638 4824 840 4894 quippe
861 4823 1166 4881 Jerusalem
1184 4868 1200 4892 ,
1227 4843 1334 4882 non
1359 4827 1588 4882 multum
1617 4836 1831 4898 tempus
1861 4828 1914 4883 in
1951 4826 2132 4884 medio
2154 4869 2168 4895 ,
2188 4837 2243 4882 et

639 4932 668 4972 a
701 4917 874 4973 Medis
905 4918 1195 4992 Persisque
1218 4931 1430 4976 vastata
1460 4931 1544 4976 est

715 5008 1050 5067 Miserebitur
1079 5013 1217 5068 enim
1247 5012 1502 5070 Dominus
1530 5011 1698 5070 Iacob
1722 5056 1739 5082 ,
1790 5025 1841 5070 et
1885 5015 2040 5089 eliget
2070 5014 2242 5070 adhuc

715 5159 740 5226 ξ’
773 5149 983 5226 (ξςωοῖε
1015 5151 1237 5226 litteris,
1270 5155 1461 5226 ιτιῖιχειῖμ.ἶ

717 5219 745 5260 δ
792 5221 994 5276 Fatuos
1025 5222 1263 5292 ﬁcarios,
1296 5219 1415 5278 elo:
1449 5222 1595 5278 Editi
1635 5221 1759 5278 libri
1789 5221 1988 5292 llegttnt
2025 5219 2242 5275 Faunos

643 5295 884 5364 ﬁcartos;
907 5293 1000 5349 sed
1026 5290 1223 5349 omnes
1261 5309 1391 5350 mss.
1435 5295 1605 5364 nostri
1635 5295 1852 5350 codices
1882 5290 2082 5347 Fatuos
2122 5293 2245 5356 ﬁca-

645 5367 751 5420 rios
775 5368 1030 5421 retinent.
1069 5365 1236 5420 Fauni
1265 5376 1514 5421 autemet
1547 5363 1705 5420 Fami
1725 5365 1916 5422 eadem
1938 5373 2065 5421 sunt
2093 5380 2250 5419 mun-

646 5447 779 5501 stra,
812 5438 928 5493 sive
974 5437 1250 5492 silvestres
1299 5437 1567 5508 homines,
1617 5437 1706 5508 qui
1734 5451 2007 5508 agrorum
2049 5447 2103 5489 et
2153 5436 2250 5489 sil-

648 5523 836 5563 varum
891 5509 1060 5578 putati
1091 5518 1216 5563 sunt
1242 5508 1337 5562 dii.
1384 5507 1556 5562 Fauni
1605 5507 1744 5577 apud
1775 5507 2022 5573 Latlnos,
2058 5508 2092 5561 ii
2125 5517 2250 5562 sunt

651 5580 744 5656 gtti
773 5583 914 5644 apud
945 5579 1194 5656 (ἓνδιςοὶ
1213 5581 1450 5656 σάτυροι,
1502 5580 1596 5656 lilii
1622 5579 1910 5656 Saturni.“
1931 5578 2067 5656 Vide
2110 5578 2250 5656 Plin.

652 5649 746 5704 lib.
776 5667 876 5716 xu,
911 5666 1029 5722 cup.
1066 5652 1114 5706 l.
1152 5650 1320 5706 Fauni
1351 5649 1380 5704 a
1416 5650 1576 5705 fando
1616 5653 1832 5705 luerunt
1860 5649 2014 5717 dicti,
2046 5651 2168 5722 quia
2200 5651 2250 5722 in

649 5721 993 5777 silvestribus
1035 5723 1171 5778 locis
1220 5722 1476 5776 traditum
1531 5732 1617 5778 est
1654 5723 1845 5777 Solitos
1892 5721 2012 5777 fari.
2065 5721 2253 5776 lucubi

649 5807 863 5876 quoque
897 5794 1030 5849 dicti
1058 5803 1184 5876 sunt
1222 5792 1391 5876 Fauni
1431 5793 1716 5876 etSatyri‘,
1749 5793 1818 5848 ab
1855 5792 2091 5876 ineundo
2133 5808 2256 5862 pas-

651 5864 753 5920 sim
795 5879 916 5919 cum
977 5865 1230 5921 omnibus
1273 5864 1626 5922 animalibus;
1672 5864 1912 5925 Consule
1951 5864 2252 5921 Varronem

648 5935 744 5991 lib.
776 5951 826 5991 vr
853 5937 919 5995 de
951 5936 1154 6007 Lingua
1186 5935 1393 5993 Latina.
1436 5938 1706 5994 Maurum.

2353 4829 2507 4901 plaga
2537 4824 2814 4881 insanabili
2846 4825 3198 4899 subjicientem
3235 4825 3288 4878 in
3322 4826 3501 4894 furore
3531 4832 3704 4894 gentes
3723 4862 3736 4882 .
3771 4834 3915 4894 persta.

2350 4932 2584 4993 quentem
2608 4919 2885 4976 crudeliter
2912 4936 2930 4974 :
2954 4918 3240 4990 conquievit
3287 4927 3333 4971 et
3362 4916 3510 4972 siluit
3549 4933 3567 4971 :
3607 4916 3774 4970 omnis
3815 4923 3916 4966 terra

2350 5014 2528 5086 gavisa
2557 5021 2632 5066 est
2677 5022 2725 5066 et
2753 5009 3051 5066 exsultauit.
3089 5010 3200 5065 Vox
3236 5009 3336 5064 ista
3371 5009 3679 5080 plangentis
3707 5018 3762 5062 et
3791 5004 3917 5059 mise-

2417 5177 2486 5189 —
2515 5146 2650 5202 Vide
2680 5162 2801 5217 quae
2824 5145 2892 5200 ad
2915 5143 3096 5200 Vitam
3129 5145 3188 5200 S.
3219 5142 3367 5198 Pauli
3403 5142 3565 5213 primi
3597 5138 3835 5196 eremitae
3852 5133 3918 5189 ob

2351 5234 2632 5290 servamus
2665 5228 2775 5272 tom
2810 5233 2868 5281 ιι,
2907 5217 3118 5290 pag._7_.
3155 5224 3269 5290 unt.
3658 5283 3721 5290 __
3836 5280 3845 5290 .

2424 5302 2447 5329 ε
2501 5289 2674 5345 Vatic.
2725 5283 2923 5354 aspirai
2979 5283 3176 5341 "ibim.
3235 5288 3314 5342 Ex
3347 5300 3455 5354 quo
3495 5299 3622 5340 mox
3656 5283 3914 5354 Mennim.

2349 5350 3091 5436 juxta_\’eterum'scribendi
3113 5374 3317 5436 morem
3350 5350 3581 5436 restituo
3603 5397 3617 5420 ,
3652 5371 3752 5436 pio
3778 5350 3919 5429 Tltait-

2356 5424 2461 5489 nim
2493 5432 2811 5488 Martianaei.
2849 5430 3024 5485 Drusii
3058 5445 3222 5496 supra
3247 5428 3494 5482 laudatus
3517 5424 3915 5482 mss.‘Tltemcui.

2427 5503 2454 5543 ά
2485 5505 2661 5560 Minus
2694 5511 2841 5557 recte
2879 5513 3036 5556 antea
3069 5511 3187 5556 erat
3219 5500 3542 5572 interpretati
3571 5513 3769 5553 sumus.

2430 5588 2453 5615 ο
2487 5559 2747 5645 Legimus
2797 5584 2993 5645 tantum
3025 5588 3123 5642 pro
3155 5587 3262 5640 quo
3307 5559 3469 5645 antea
3517 5580 3634 5645 erat
3673 5579 3850 5645 tamen.
3877 5559 3914 5611 ln

2355 5664 2474 5704 eam
2529 5639 2642 5702 re'm
2696 5657 2750 5700 ιιι
2801 5643 3001 5701 videris
3029 5639 3349 5698 'uostratem
3401 5642 3675 5697 Plinium.
3713 5639 3819 5711 lib.
3861 5646 3915 5711 vi.

2355 5735 2476 5784 cap.
2509 5718 2611 5780 '26;
2648 5715 2976 5773 StrabOuem
3000 5731 3240 5783 quoque,
3278 5716 3370 5768 lib.
3401 5729 3515 5774 tm.
3552 5729 3604 5781 p.
3632 5710 3762 5784 758;
3784 5708 3916 5784 fleuij

2355 5778 2461 5862 que
2509 5801 2564 5845 et
2603 5778 2939 5844 Pausaniam
2963 5828 2980 5854 ,
3120 5778 3420 5863 Arcadicis:
3473 5778 3628 5863 Paria
3663 5778 3915 5863 bisbabs!

2357 5854 2722 5986 [ilelinllnggS
2753 5866 2943 5915 uoster
2968 5900 2984 5926 ,
3018 5857 3154 5914 inira
3182 5899 3196 5922 ,
3233 5858 3296 5914 ad
3327 5855 3588 5926 subsequi
3620 5854 3805 5924 capitis
3823 5861 3917 5902 vel"

2357 5950 2470 5986 stcu
2497 5949 2586 5986 um
2621 5970 2650 5985 -
2694 5970 2704 5982 .

2352 5931 2586 5991 siculum
2616 5931 2704 5986 23.
