4052 6434
136 281 214 340 161
667 283 1320 346 COMMENTARIORUM
1358 288 1425 347 IN
1466 290 1700 349 ISAIAM
1741 293 2166 355 PROPHETAM
2207 298 2342 358 LIB.
2386 301 2450 358 V.
2491 301 2647 362 CAP.
2689 303 2832 365 XIV.

3295 313 3398 376 162

135 393 276 448 rantis
302 402 385 450 est
411 394 630 454 lsraelis
655 443 670 466 ,
705 403 979 472 quomodo
1001 405 1267 462 Dominus
1289 408 1561 478 quondam
1593 410 1704 466 vic-
1731 419 1782 477 Α
1809 414 1875 468 sti
1906 414 1956 468 in
1989 424 2186 471 terram
2209 420 2452 484 gentium
2481 422 2809 492 vulneratur,
2832 425 2923 496 qui
2957 441 3054 498 per
3084 429 3396 497 superbiam

134 494 292 555 torque
337 495 608 546 terrarum
635 533 650 557 ,
701 502 755 547 et
805 495 1023 551 tributis
1070 507 1267 553 cuncta
1313 499 1690 571 depopulans,

130 579 362 634 contritus
391 579 462 634 sit
492 591 551 636 et
582 583 833 641 redactus
882 588 935 642 in
967 587 1122 644 nihil.
1174 589 1289 659 Ille,
1326 591 1568 662 inquam,
1603 591 1694 661 qui

125 671 206 727 fuit
230 671 447 729 baculus
477 675 768 745 impiorum
796 721 812 748 ,
846 681 936 752 qui
966 693 1242 753 sceptrum
1272 695 1330 741 et
1357 685 1506 758 virga
1538 702 1696 758 rega-

127 765 181 852 lis
205 781 383 823 omnes
413 767 710 828 furibunde
760 775 1109 844 percutiens,
1165 778 1324 850 cujus
1373 781 1530 852 plaga
1580 797 1689 839 non

125 849 308 929 poterat
351 861 654 931 sustineri,
703 865 794 936 qui
844 867 1115 938 fugientes
1145 849 1692 942 quoque—crudeliter

124 956 520 1028 persequebatur
551 974 566 1012 :
599 961 880 1030 quomodo
925 965 1243 1035 conquievit
1289 976 1344 1022 et
1371 966 1691 1026 humiliatus

122 1059 224 1114 est,
267 1059 324 1104 et
372 1049 440 1105 ad
471 1051 684 1107 ruinam
719 1053 837 1123 ejus
867 1055 1047 1112 omnis
1080 1068 1222 1112 terra
1253 1059 1549 1129 consiluit,
1590 1076 1689 1116 vo-

121 1159 218 1199 cem
265 1153 468 1202 lantum
523 1147 633 1220 [ΑΙ.
685 1155 889 1226 tamen]
937 1151 1139 1210 laetitia:
1194 1154 1478 1225 gestientis
1529 1156 1690 1212 emit-

121 1247 216 1292 tcns
233 1237 254 1292 l

173 1329 336 1399 (Vers.
360 1330 444 1404 8.)
485 1334 686 1390 Abieles
725 1353 924 1407 quoque
969 1337 1159 1394 lanata:
1204 1348 1324 1393 sunt
1371 1355 1525 1413 super
1563 1351 1611 1395 te
1639 1350 1687 1397 et

118 1423 231 1480 cedri
249 1422 433 1480 Libani
456 1441 476 1481 :
497 1425 584 1482 Ex
610 1445 713 1498 quo
732 1429 990 1495 dormisti,
1018 1448 1121 1486 non
1147 1433 1379 1487 ascendit
1409 1435 1688 1505 qui’succi-

118 1516 186 1570 dat
211 1533 316 1572 nos.
350 1517 455 1574 Per
482 1521 696 1576 abietes
726 1531 782 1578 ct
810 1523 1005 1578 cedrus
1035 1524 1227 1580 Libani
1261 1525 1534 1598 principes
1556 1543 1686 1597 gen-

116 1608 224 1664 tium
253 1611 495 1682 intellige
516 1652 532 1679 ,
557 1614 648 1684 qui
675 1613 1175 1672 Nabuchodonosor
1196 1619 1542 1688 percutiente
1561 1634 1688 1675 suc-

116 1701 195 1758 cisi
220 1712 342 1758 sunt
367 1745 383 1770 ,
414 1704 507 1777 qui
540 1707 717 1777 etipsi
742 1709 793 1762 in
816 1723 1007 1764 vocem
1042 1710 1240 1764 lattitize
1265 1722 1684 1783 prorumpentes

1795 503 2140 575 loquebaris:
2157 510 2386 568 Tantam
2408 516 2700 584 potentiam
2722 532 3051 576 consecutus
3073 539 3213 592 sum,
3237 525 3395 597 178

1796 608 1856 654 ut
1880 601 2076 658 coelum
2123 605 2253 660 milii
2286 618 2460 664 restet
2483 618 2539 666 et
2581 609 2760 668 sidera
2791 625 2848 668 ut
2870 614 2973 671 sub
3001 615 3230 685 pedibus
3260 619 3396 674 meis

1795 706 2028 763 superna
2056 695 2289 754 debeant
2311 700 2617 771 subiacere.
2641 703 2978 778 Quamquam
3000 707 3171 765 Judaei
3192 710 3392 767 cmlnm

1795 795 1848 841 et
1874 798 2026 844 astra
2062 790 2153 846 Dei
2177 807 2238 848 se
2267 794 2439 850 velint
2463 797 2723 870 intelligi,
2750 815 2820 854 ex
2849 816 2915 857 eo
2935 801 3077 872 quod
3104 805 3390 874 sequitur:

1794 876 1993 936 Sedebo
2015 883 2070 938 in
2098 895 2270 941 monte
2287 891 2594 957 testamenti,
2622 891 2672 946 id
2697 904 2804 960 est,
2829 894 2884 949 in
2903 895 3151 964 Templo,
3180 898 3269 953 ubi
3293 898 3391 954 Dei

1787 969 1909 1040 jura
1949 985 2075 1030 sunt
2101 977 2341 1049 condita,
2381 982 2503 1037 etin
2547 983 2788 1039 lateribus
2810 988 3101 1058 Aquilonis,
3137 989 3187 1044 id
3210 995 3388 1058 est,in

1791 1062 2117 1124 Jerusalem.
2151 1071 2433 1142 Scriptum
2471 1085 2551 1132 est
2585 1079 2732 1134 enim
2779 1097 2792 1134 :
2830 1080 3034 1138 Montes
3065 1084 3198 1140 Sion
3225 1085 3389 1142 latera

1790 1155 2198 1252 aquilonis(Ps.
2223 1181 2389 1234 vau,
2423 1168 2503 1241 ὅ).
2528 1169 2639 1226 Nec
2662 1173 2954 1231 suilecerat
2980 1178 3248 1249 superbiae
3270 1181 3388 1252 ejus

1789 1247 2110 1310 desiderare
2137 1258 2408 1327 coelestia,
2441 1263 2545 1318 nisi
2594 1265 2662 1320 ad
2693 1276 2897 1323 tantam
2951 1247 3284 1343 prorupisset
3308 1275 3390 1332 in-

1790 1339 1998 1395 saniam
2018 1384 2033 1409 ,
2062 1344 2232 1401 utDei
2265 1349 2367 1403 sibi
2397 1351 2815 1412 similitudinem
2848 1339 3168 1420 vindicaret.

1862 1432 2179 1509 (Vers.lS.)
2223 1439 2589 1503 Verumtamen
2622 1450 2693 1504 ad
2733 1452 2990 1521 infernum
3023 1459 3308 1519 detraheris
3333 1464 3390 1520 in

1788 1527 2105 1594 profundum
2133 1531 2253 1588 laci.
2285 1535 2387 1603 Qui
2418 1554 2516 1607 per
2542 1533 2857 1612 superbiam
2894 1548 3105 1605 dixerat
3135 1569 3148 1606 :
3175 1551 3243 1607 In
3287 1572 3388 1610 coe-

1787 1617 1894 1671 lum
1913 1622 2217 1691 ascendam,
2244 1644 2331 1682 ero
2349 1631 2534 1686 similis
2547 1634 2836 1706 Altissimo,
2861 1656 2968 1695 non
3000 1643 3178 1699 Solum
3208 1647 3274 1701 ad
3301 1649 3386 1704 in-

1785 1709 2018 1780 fernum,
2049 1717 2146 1771 sed
2175 1719 2240 1772 ad
2281 1721 2556 1780 infernum
2611 1728 2863 1786 ultimum
2904 1733 3234 1794 detrahitur.
3272 1739 3386 1797 Hoc

115 1797 276 1854 dicunt
307 1816 322 1854 :
355 1799 437 1856 Ex
463 1815 572 1872 quo
591 1803 658 1856 ad
682 1803 893 1858 inferna
918 1805 1073 1877 177
1095 1805 1359 1861 deductus
1389 1822 1470 1873 es,
1502 1807 1683 1862 nullus
1713 1824 1762 1885 Β
1788 1806 1934 1860 enim
1981 1809 2255 1881 significat
2283 1815 2385 1871 laci
2428 1819 2800 1890 profunditas,
2843 1842 2940 1896 pro
2969 1845 3078 1898 quo
3108 1832 3160 1886 in
3205 1833 3386 1890 Evan-

116 1892 230 1948 alins
260 1894 434 1963 potuit
464 1895 738 1964 inveniri,
775 1897 870 1967 qui
909 1912 1133 1968 magnos
1165 1909 1524 1971 potentesque
1562 1915 1686 1955 suc-

112 1984 311 2041 cideret.

167 2077 337 2151 (Vers.
370 2078 454 2150 9.)
482 2078 728 2151 Infernus
754 2085 930 2138 subter
955 2094 1004 2139 te
1030 2085 1363 2140 conturbatus
1387 2094 1484 2152 est,
1514 2086 1570 2140 in
1597 2102 1686 2141 oc-

109 2185 289 2228 cursum
331 2177 584 2230 adventus
630 2177 705 2230 tui
755 2177 1017 2232 suscitavit
1058 2177 1148 2232 tibi
1196 2179 1430 2252 gigantes
1459 2197 1478 2235 :
1508 2195 1683 2234 omnes

110 2266 340 2336 principes
361 2276 516 2323 terra:
543 2280 884 2324 surrexerunt
905 2269 969 2324 de
990 2271 1137 2325 soliis
1161 2273 1270 2326 suis
1298 2289 1318 2327 :
1347 2275 1519 2327 cuncti
1545 2276 1685 2344 prin-

108 2359 223 2427 cipes
247 2361 512 2415 nationum
541 2361 769 2416 universi
809 2363 1217 2433 respondebunt,
1248 2374 1298 2420 et
1341 2367 1515 2420 dicent
1569 2367 1679 2421 tibi.

109 2449 219 2507 lizec
243 2445 588 2522 emphaticés
620 2455 850 2526 legenda
883 2466 1012 2512 sunt
1044 2467 1100 2512 et
1129 2473 1313 2514 scenae
1341 2460 1503 2515 modo
1528 2476 1543 2526 ;
1571 2477 1680 2516 non

107 2546 233 2617 quod
273 2549 408 2604 facta
427 2549 560 2616 sint,
592 2549 689 2604 sed
721 2549 865 2620 quod
900 2550 1020 2606 ﬁeri
1051 2553 1329 2620 potuerint
1361 2570 1374 2607 :
1406 2553 1509 2610 nisi
1540 2557 1681 2612 torte

107 2643 295 2699 animas
334 2660 527 2716 regum
586 2659 726 2715 quos
767 2644 1151 2713 interfecerat,
1189 2646 1520 2704 insultantes
1566 2649 1679 2720 regi

107 2734 379 2806 Babylonio
399 2735 708 2793 occurrisse
750 2737 1043 2793 credimus.
1089 2738 1358 2796 Solatium
1390 2741 1535 2796 enim
1567 2757 1680 2796 ma-

108 2827 261 2884 lorum
281 2840 386 2898 est,
417 2845 544 2885 cum
578 2831 830 2887 inimicos
853 2827 1088 2888 viderint
1126 2834 1317 2889 eadem
1344 2835 1636 2890 suStinere;

165 2921 338 2992 (Vers.
365 2923 454 2986 10,
483 2922 600 2995 ll.)
625 2923 692 2977 Et
721 2934 775 2977 tu
808 2923 1104 2981 vulneratus
1142 2943 1195 2980 es
1223 2927 1353 2982 sicut
1376 2944 1490 2994 nos,
1518 2929 1680 2983 nostri

102 3017 269 3072 similis
293 3015 505 3086 effectus
523 3035 575 3073 es
592 3033 612 3073 :
636 3018 867 3074 detracta
893 3021 1053 3074 estad
1075 3021 1266 3091 inferos
1295 3024 1675 3095 superbiatua:

103 3111 304 3166 concidit
336 3110 445 3185 [AL
498 3111 820 3186 concidetur]
845 3112 1065 3167 cadaver
1089 3123 1256 3179 tuum,
1286 3114 1460 3170 subter
1487 3126 1534 3170 te
1551 3125 1681 3170 ster-

1785 1901 1929 1969 gelio
1985 1906 2241 1963 tenebras
2272 1912 2574 1971 exteriores
2621 1917 2874 1988 legimus,
2906 1922 2998 1979 ubi
3029 1935 3112 1980 est
3138 1925 3298 1984 ﬂetus
3329 1940 3386 1986 et

1784 1991 1989 2048 stridor
2016 1997 2260 2053 deutiqu
2291 2001 2444 2075 (Luc.
2478 2021 2593 2073 xm,
2622 2007 2736 2073 εδ).
2909 2062 2913 2065 ,

1858 2084 2042 2154 (Vers.
2073 2089 2162 2156 16,
2191 2093 2307 2165 17.)
2340 2095 2443 2160 Qui
2463 2108 2510 2152 te
2528 2101 2774 2168 viderint,
2804 2106 2873 2160 ad
2900 2117 2948 2163 te
2969 2109 3381 2182 inclinabantur,

1784 2185 1940 2248 teque
1958 2183 2632 2258 prospicient(subauditur
2658 2194 2927 2272 dicentes)
2958 2217 2971 2254 :
3001 2200 3276 2274 Numquid
3290 2206 3387 2262 iste

1784 2279 1858 2322 est
1880 2270 1958 2323 vir
1967 2274 2056 2342 qui
2067 2279 2390 2335 conturbavit
2406 2291 2620 2348 terram,
2638 2288 2725 2357 qui
2741 2270 3000 2347 concussit
3011 2270 3282 2370 regna,qui
3303 2318 3389 2371 po.

1782 2363 1886 2416 suit
1905 2365 2078 2421 orbem
2104 2370 2384 2442 desertum,
2428 2379 2654 2435 eturbes
2704 2385 2820 2453 ejus
2868 2363 3123 2445 destruxit
3151 2363 3388 2459 ;eirictis

1783 2459 1894 2518 eius
1925 2473 2028 2513 non
2055 2463 2264 2530 aperuit
2284 2473 2589 2526 carcerem?
2615 2472 2686 2528 Et
2716 2476 2832 2532 haec
2862 2493 2962 2535 vos
3005 2483 3384 2544 insultantium

1783 2560 1868 2604 est
1891 2561 2056 2622 atque
2109 2558 2446 2628 mirantium,
2479 2568 2754 2636 quomodo
2783 2582 3026 2630 vastator
3058 2580 3300 2635 omnium
3332 2590 3390 2638 et

1781 2641 1901 2712 ipse
1928 2657 2178 2703 vastatus
2235 2652 2329 2707 sit.
2357 2653 2513 2722 Quod
2554 2669 2736 2715 autem
2765 2665 2843 2718 ait
2870 2665 3095 2724 :Vinctis
3125 2672 3240 2742 ejus
3283 2690 3386 2730 non

1779 2739 1988 2805 aperuit
2017 2755 2276 2797 carcerem
2304 2746 2331 2799 .9
2358 2749 2681 2819 magnitudo
2710 2757 3057 2816 crudelitatis
3095 2739 3156 2818 et
3191 2764 3387 2836 impie-

1782 2832 1911 2887 tatis
1937 2835 2284 2906 exprimitur,
2307 2849 2364 2895 ut
2384 2843 2550 2900 etiam
2573 2848 2786 2906 vinctos
2810 2861 3022 2912 teneret
3043 2857 3094 2912 in
3121 2832 3385 2918 carcere:

1779 2932 1836 2979 et
1862 2941 1969 2980 non
1997 2928 2318 2987 sufﬁcerent
2351 2935 2567 2994 miseris
2594 2952 2823 3013 catenae,
2860 2946 2964 3002 nisi
2996 2948 3122 3005 illos
3153 2961 3211 3007 et
3235 2963 3390 3012 tene-

1779 3013 2003 3073 brarum
2033 3018 2232 3076 horror
2260 3023 2584 3087 includeret.

1852 3108 2035 3182 (Vers.
2063 3113 2148 3181 18,
2183 3117 2298 3188 l9.)
2329 3118 2522 3177 Omnes
2544 3142 2689 3200 reges
2719 3133 2972 3200 gentium,
2998 3137 3227 3196 universi
3254 3143 3382 3199 dor-

103 3216 233 3258 netur
259 3205 420 3274 tinea,
449 3215 498 3260 et
520 3206 888 3274 aperimentum
915 3216 1062 3260 tuum
1087 3217 1238 3261 erunt
1253 3222 1465 3262 vermes.
1486 3207 1680 3265 Sermo
1706 3213 1750 3276 Ο
1784 3204 2008 3260 "tierunt
2038 3209 2093 3263 in
2117 3209 2309 3283 gloria,
2339 3216 2417 3269 uir
2434 3217 2486 3272 in
2509 3220 2662 3275 domo
2686 3224 2891 3281 sua.Tu
2922 3241 3092 3287 autem
3117 3240 3385 3311 projectus

101 3296 383 3363 potentium
439 3306 496 3352 et
538 3299 844 3368 principum
886 3305 1086 3364 terrae,
1128 3314 1264 3368 quos
1290 3314 1454 3370 supra
1482 3299 1675 3356 cedros

101 3395 146 3442 et
164 3389 368 3446 abietes
389 3390 710 3461 appellarat,
735 3390 802 3446 ad
826 3406 1008 3461 regem
1035 3391 1392 3464 Babylonium
1420 3393 1676 3464 dirigitur

97 3480 142 3536 in
160 3481 349 3540 inferis
394 3485 776 3540 constitutum.
800 3484 920 3541 Jatn
963 3500 1072 3540 non
1099 3484 1346 3541 dolemus
1377 3501 1476 3542 nos
1508 3485 1676 3544 fuisse

95 3578 349 3643 succisos,
373 3592 500 3632 cum
533 3590 588 3634 et
619 3588 673 3632 tu
703 3575 897 3634 eadem
942 3577 1126 3634 securi
1156 3578 1456 3634 corrueris.
1485 3580 1676 3635 Omnis

92 3672 324 3740 potentia
357 3682 469 3739 tua,
493 3681 551 3728 et
581 3673 634 3728 in
669 3672 869 3729 coelum
924 3672 1138 3728 elevata
1173 3671 1450 3742 superbia,
1483 3672 1548 3730 ad
1577 3682 1678 3729 ter-

88 3777 194 3820 ram
213 3766 457 3824 detracta
481 3766 809 3837 est.Ergone
828 3776 881 3820 et
905 3777 1053 3820 tuum
1067 3765 1304 3821 cadaver
1323 3766 1527 3822 tineam
1551 3783 1672 3823 sus-

89 3860 335 3925 tentabit,
377 3868 433 3914 et
458 3857 786 3915 scatentium
809 3859 1022 3929 operiet
1053 3859 1322 3914 vermium
1358 3858 1678 3916 multitudo?

89 3949 293 4009 Senties
315 3967 414 4023 per
441 3963 672 4008 mortem
702 3951 941 4008 hominis
970 3951 1262 4020 vilitatem,
1295 3953 1386 4024 qui
1421 3953 1515 4009 Dei
1549 3953 1602 4008 in
1622 3962 1674 4009 te

87 4048 375 4114 potentiam
403 4045 756 4114 praeferebas.
1665 4115 1671 4121 _

150 4141 335 4211 (Vers.
370 4137 588 4210 lﬁ-lb.)
616 4137 889 4207 Quomodo
919 4137 1153 4193 cecidisti
1179 4136 1243 4192 de
1287 4137 1433 4204 creto,
1468 4135 1670 4209 lucifer,

84 4234 162 4304 qui
177 4252 330 4291 mane
360 4234 648 4290 oriebaris:
680 4233 924 4288 corruisti
953 4233 1004 4287 in
1035 4243 1226 4287 terram
1251 4233 1342 4304 qui
1365 4232 1675 4287 vulnerabas

83 4340 247 4400 gentes
268 4347 291 4386 :
311 4330 400 4402 qui
431 4327 637 4383 dicebas
659 4328 713 4382 in
729 4327 884 4382 corde
907 4336 995 4381 tuo
1021 4343 1040 4381 :
1064 4324 1132 4379 In
1160 4327 1346 4381 calum
1371 4323 1671 4393 ascendam,

80 4439 223 4496 super
267 4424 443 4480 sidera
486 4421 586 4478 Dei
610 4421 849 4477 exaltabo
887 4420 1077 4475 solium
1122 4436 1294 4474 meum
1329 4460 1348 4487 ,
1405 4417 1591 4474 sedebo
1620 4420 1676 4472 in

77 4527 242 4572 monte
271 4516 566 4571 testamenti
588 4516 641 4570 in
669 4515 920 4570 lateribus
948 4513 1254 4586 Aquilonis;
1281 4513 1558 4568 ascendam
1579 4529 1672 4568 su-

1782 3311 1836 3349 es
1863 3297 1926 3350 de
1951 3301 2192 3371 sepulcro
2218 3315 2306 3359 tuo
2333 3311 2486 3378 quasi
2508 3314 2665 3386 stirps
2697 3317 2925 3390 inutilis,
2956 3297 3190 3394 pollutus
3209 3297 3265 3385 et
3289 3331 3385 3386 ob.

1778 3389 1982 3446 volutus
2011 3411 2126 3449 cum
2156 3396 2238 3453 Itis
2264 3401 2355 3469 qui
2377 3402 2637 3475 interfecti
2660 3421 2779 3465 sunt
2801 3389 3003 3484 gladio,
3031 3431 3078 3475 et
3108 3424 3385 3483 descende-

1777 3494 1901 3539 runt
1923 3486 1994 3540 ad
2017 3490 2359 3559 fundamenta
2378 3495 2483 3550 laci
2508 3513 2530 3563 ,'
2558 3508 2710 3571 quasi
2729 3507 2952 3565 cadaver
2981 3516 3250 3582 putridum
3281 3537 3383 3575 non

1777 3573 1988 3631 habebis
2019 3583 2360 3652 consortium,
2388 3604 2552 3660 neque
2583 3609 2697 3648 cum
2737 3600 2814 3654 eis
2846 3601 2900 3654 in
2922 3573 3211 3676 sepultura.
3247 3609 3385 3668 Nar-

1777 3680 1902 3724 rant
1952 3671 2165 3729 llebraei
2205 3675 2517 3747 hujusmudi
2577 3685 2822 3746 tribulam
2850 3711 2863 3748 :
2891 3704 2913 3732 ε
2958 3671 3380 3762 Evilmarodach

1777 3948 2067 4006 restitutus
2092 3953 2143 4007 in
2164 3969 2335 4026 regno
2363 3968 2471 4027 est,
2507 3977 2680 4033 usque
2700 3965 2768 4022 ad
2799 3948 3042 4028 mortem
3064 3948 3235 4045 patris
3260 3998 3381 4038 (υιιι

1775 4037 2024 4097 Joacltim
2084 4061 2212 4117 rege
2238 4047 2395 4106 Judze
2449 4054 2500 4108 in
2551 4058 2791 4115 vinculis
2830 4064 2928 4120 luit
2957 4083 2970 4120 :
2997 4037 3105 4136 quo
3137 4084 3378 4142 mortuo,

1777 4144 1900 4188 cum
1922 4149 2113 4193 rursus
2143 4139 2194 4194 in
2226 4156 2454 4212 regnum
2481 4149 2822 4219 succederet,
2852 4166 2907 4212 et
2933 4175 3039 4216 non
3070 4139 3383 4236 suscipere;

1779 4234 1868 4332 tur
1890 4242 1919 4281 a
1947 4230 2307 4302 principibus,
2338 4239 2429 4308 qui
2475 4246 2794 4304 metuebant
2823 4267 2890 4308 nc
2941 4257 3150 4316 viveret
3180 4230 3272 4332 qui
3298 4264 3382 4322 di-

1776 4319 2006 4377 cebatur
2025 4327 2366 4399 exatinctus;
2396 4343 2456 4389 ut
2489 4334 2652 4395 ﬁdem
2700 4346 2872 4412 patris
2901 4356 3102 4409 mortui
3149 4319 3377 4428 faceret,

1777 4416 1991 4483 aperuit
2019 4421 2360 4495 sepulcrum,
2388 4436 2446 4484 et
2473 4431 2714 4491 cadaver
2737 4437 2856 4508 ejus
2889 4458 3032 4499 unco
3056 4457 3110 4501 et
3161 4416 3380 4509 funibus

1780 4509 1967 4613 trux-it.
2008 4512 2168 4613 179‘
2195 4515 2258 4570 Et
2287 4526 2373 4573 est
2415 4535 2608 4580 sensus
2636 4543 2650 4580 :
2683 4526 2927 4600 Sepultis
2954 4537 3211 4596 omnibus
3231 4546 3320 4613 qui
3348 4561 3379 4602 a

75 4626 159 4680 per
182 4609 523 4664 altitudinem
550 4608 787 4675 nubium,
817 4623 904 4662 ero
943 4607 1130 4661 similis
1153 4607 1438 4662 Altissimo.
1470 4606 1579 4662 Pro
1608 4621 1674 4662 eo
1699 4619 1754 4680 ])
1781 4610 1836 4657 le
1889 4602 2164 4700 interfecti
2216 4619 2364 4680 sunt,
2403 4624 2456 4669 tu
2489 4617 2638 4673 solus
2667 4619 2971 4693 inSepnltus
3007 4602 3379 4700 jacebis.'Alii

75 4702 209 4770 quod
241 4719 345 4758 nos
373 4689 724 4774 interpretati
755 4715 945 4756 sumus
995 4700 1066 4754 ob
1099 4698 1424 4755 facilitatem
1468 4700 1677 4756 intelli-

72 4798 262 4866 gentize
303 4815 320 4852 :
348 4796 623 4864 Quomodo
649 4796 876 4851 cecidisti
907 4793 973 4849 de
1006 4796 1155 4862 caelo,
1183 4795 1390 4868 lucifer,
1415 4795 1505 4865 qui
1530 4813 1679 4852 mane

71 4888 338 4957 oriebaris,
353 4888 411 4944 in
436 4887 729 4956 Hebraico,
751 4886 1048 4942 utverbum
1071 4887 1446 4957 exprimamus
1463 4887 1528 4943 ad
1554 4904 1678 4944 ver-

68 4979 210 5050 bum,
246 4983 464 5054 legitur
495 5002 510 5038 :
545 4982 819 5048 Quomodo
849 4982 1083 5037 cecidisti
1131 4981 1196 5036 de
1225 4981 1370 5050 caelo,
1417 4983 1567 5038 ulula
1595 4984 1675 5054 ﬁli

67 5074 665 5149 diluculi.Significatnr
685 5083 866 5132 autem
892 5075 1018 5132 aliis
1049 5075 1234 5131 verbis
1252 5076 1436 5153 lucifer
1459 5093 1480 5144 ;
1504 5086 1559 5132 et
1586 5077 1670 5133 di-

65 5169 199 5224 citur
218 5169 274 5227 ei
299 5168 450 5242 quod
480 5169 618 5225 ﬂere
643 5168 842 5226 debeat
865 5178 920 5225 et
949 5169 1152 5240 lugere,
1169 5169 1260 5239 qui
1286 5169 1558 5239 quondam
1588 5171 1670 5227 sic

65 5261 225 5317 luerit
253 5263 572 5336 gloriosus,
598 5272 659 5318 ut
704 5262 901 5334 fulgori
934 5261 1146 5319 lueiferi
1181 5275 1534 5332 comparatus
1571 5264 1664 5320 sit.

61 5353 240 5426 Sicut,
273 5357 704 5429 inquit,lucifer
729 5356 1028 5414 discutiens
1061 5357 1336 5423 tenebras,
1375 5356 1575 5413 ardens
1611 5367 1667 5414 et

61 5453 582 5520 rutilusillucescit;
603 5451 682 5507 sic
706 5461 759 5507 et
787 5462 909 5506 tuus
933 5465 1260 5523 progressus
1283 5451 1334 5505 in
1362 5452 1594 5521 populos
1608 5461 1664 5509 et

59 5546 340 5617 publicum
365 5547 521 5603 claro
551 5545 717 5602 sideri
746 5545 943 5600 similis
969 5545 1258 5600 videbatur
1286 5561 1300 5611 ;
1327 5544 1425 5600 sed
1457 5546 1658 5601 cecidi-

125 5688 372 5765 {Atque
399 5683 494 5738 illa
522 5683 743 5765 quidem
775 5681 862 5765 _ad
895 5681 1014 5754 ejus
1043 5682 1221 5765 gentis
1251 5681 1526 5765 ingenium
1557 5682 1656 5764 lni-

50 5753 332 5815 rabilibus
363 5753 840 5812 comminiscendis
868 5753 1072 5810 natmn.
1102 5754 1480 5811 Verosimilins
1510 5757 1654 5808 enim

59 5841 161 5898 est,
197 5827 743 5886 Nabucltodonosore
776 5829 828 5882 in
853 5841 1078 5897 regnum
1111 5827 1388 5894 restituto,
1419 5824 1665 5882 Evilme-

1779 4710 1913 4752 vero
1943 4697 2308 4760 locumistum
2339 4708 2418 4762 sic
2444 4709 2881 4782 interpretantur
2909 4737 2924 4774 :
2958 4697 3159 4780 omnes
3182 4729 3380 4789 anima:

1777 4791 1919 4860 apud
1951 4793 2164 4851 inferos
2185 4798 2424 4869 aliquam
2459 4806 2703 4874 requiem
2727 4812 3026 4884 accipient,
3059 4827 3113 4874 tu
3142 4822 3294 4878 solus
3325 4829 3378 4884 In

1778 4893 2054 4942 extremas
2082 4890 2336 4947 tenebras
2379 4894 2726 4968 religaberis.
2773 4905 3030 4967 Omnium
3071 4915 3216 4971 enim
3243 4934 3379 4992 ope-

1776 4983 1939 5034 rieris
1987 4983 2282 5053 sanguine,
2331 4995 2388 5042 et
2428 4989 2814 5053 universorum
2869 5009 2921 5056 te
2955 5018 3122 5062 cruor
3167 4983 3382 5080 premet

1776 5074 1926 5130 velut
1944 5076 2263 5137 obvolutum
2283 5083 2435 5140 snnie
2459 5097 2824 5151 mortuorum.
2842 5074 3212 5172 Symmachus
3235 5111 3379 5172 hunc

1777 5166 1956 5224 locum
1995 5170 2075 5226 sic
2104 5175 2382 5234 transtulit
2412 5195 2429 5234 :
2461 5179 2636 5237 Etiam
2659 5201 2778 5241 eum
2814 5166 2902 5245 his
2953 5198 3045 5267 qui
3072 5166 3380 5262 occiduntur

1772 5261 1826 5315 in
1855 5259 2012 5328 bello,
2035 5282 2139 5321 non
2182 5269 2456 5327 mereberis
2487 5275 2676 5333 habere
2721 5259 3042 5346 consortium
3069 5298 3372 5367 sepultum.

1771 5355 1879 5411 Pro
1901 5372 1968 5413 eo
1989 5370 2172 5416 autem
2196 5363 2341 5433 quod
2375 5381 2475 5422 nos
2501 5368 2764 5442 diximus,
2790 5383 2944 5449 quasi
2970 5355 3374 5460 ειὶνρέὶηωέιὸε,

1768 5458 1824 5505 et
1852 5450 1902 5505 in
1937 5451 2170 5509 Hebraeo
2203 5454 2402 5528 legitur
2422 5476 2436 5514 :
2454 5475 2737 5524 CIANESEB
2757 5485 2975 5529 seruas
3001 5450 3167 5546 (sum
3186 5450 3373 5554 una);

1765 5545 1964 5615 Aquila
1996 5546 2398 5619 interpretatus
2439 5565 2546 5622 est,
2577 5563 2728 5631 quasi
2757 5562 2786 5603 δ
2823 5570 2994 5625 sanies
3021 5575 3242 5645 polluta.
3268 5545 3377 5638 Nu:-

1764 5680 2065 5770 rodagbtttn
2097 5687 2364 5770 collegam
2395 5691 2568 5770 fuisse
2588 5698 2828 5770 imperii.

1839 5752 2284 5850 quasi
2314 5765 2477 5822 saniis
2504 5752 2860 5850 po_llut3:Vid.
2897 5777 3036 5837 infra
3067 5783 3293 5849 Hieron.
3320 5794 3372 5850 iu

1775 5824 1878 5881 hoc
1908 5825 2054 5883 idem
2081 5824 2248 5894 caput
2277 5824 3374 5932 rursum.disserenlein'-librd;:quzitii:
