4052 6438
599 322 702 381 I67

1854 321 1913 378 8.
1960 318 2232 380 EUSEBII
2273 320 2650 385 IIIERONYMI

3794 333 3882 397 168

597 441 623 472 ι
653 431 821 488 ludas
866 445 988 490 esse
1038 429 1488 501 comprehensus.
1533 430 1615 498 Si;
1648 430 1846 505 inquit,
1879 434 2196 504 qutesicrint
2221 453 2281 510 Α
2309 438 2628 497 invectionis
2659 441 3004 513 principium,
3035 451 3094 499 ut
3117 451 3423 503 vastaretur
3441 446 3497 503 in
3530 447 3787 517 tenebris;
3807 453 3882 520 qui

593 525 789 596 Angeli
829 526 1005 596 gemis
1048 525 1286 596 Assyria:
1310 567 1325 590 ,
1359 539 1530 594 quare
1559 525 1711 582 solus
1740 525 1910 582 Judas
1942 529 2198 594 evaserit,

592 618 922 688 respondete
964 618 1068 682 eis,
1114 617 1237 688 quia
1285 616 1548 673 Dominus
1609 615 1918 676 fundaverit
1959 621 2112 687 Sion,
2146 630 2202 678 et

593 709 710 782 ipse
755 710 1016 783 humilem
1063 709 1323 782 populum
1355 725 1451 765 sua
1484 711 1688 766 virtute
1718 713 2052 783 protexerit:
2094 713 2201 770 Pro

591 780 800 875 Angelis
823 780 1047 876 (335D)
1066 780 1215 858 LXX
1239 803 1634 860 transtulerunt
1654 780 1796 876 rcges
1815 781 2021 878 (⁷2⁸713),
2043 806 2201 861 unius

592 912 766 954 ALsrn
805 896 1003 952 litterm
1033 912 1223 953 errore
1258 897 1496 966 decepti.

661 988 815 1064 (Cap.
848 989 1200 1047 XV.-—-Vers.
1237 990 1316 1064 1.)
1351 990 1497 1048 Onus
1529 991 1685 1047 Moab
1710 1009 1730 1048 :
1755 994 1882 1063 quia
1926 1002 2076 1048 nocte
2105 1010 2196 1049 va-

587 1092 726 1140 stata
754 1093 829 1140 est
858 1085 932 1139 Ar
955 1127 972 1152 ,
1006 1083 1165 1140 Moab
1207 1085 1484 1140 conticuit:
1522 1086 1646 1155 quia
1674 1094 1824 1141 nocte
1866 1095 2094 1142 vastatus
2124 1096 2197 1143 est

590 1196 769 1235 murus
793 1223 809 1248 ,
847 1177 1003 1235 Moab
1029 1179 1302 1234 conticuit.
1332 1179 1411 1236 De
1435 1195 1601 1236 onere
1624 1222 1638 1247 ,
1671 1190 1726 1236 et
1758 1181 1999 1252 pondere
2026 1181 2198 1238 semel

589 1275 796 1333 dixisse
821 1276 1079 1334 sufﬁciat.
1113 1277 1225 1334 Hoc
1248 1288 1454 1334 tantum
1483 1278 1724 1335 breviter
1755 1280 2194 1353 admoneo,quud

589 1382 730 1424 onus
766 1384 984 1440 semper
1031 1369 1212 1425 tristia
1243 1363 1670 1442 consequantur.
1709 1371 1981 1428 Visionem
2013 1384 2195 1429 autem

590 1462 676 1518 vel
720 1447 900 1518 Statim
931 1464 1090 1528 ιεειε,
1121 1462 1204 1518 vel
1238 1463 1290 1516 in
1338 1462 1444 1519 ﬁne
1491 1463 1612 1518 tanta
1657 1475 1777 1534 post
1807 1464 2004 1520 tristia.
2038 1465 2197 1520 Moab

589 1560 866 1632 provincia
907 1571 990 1617 est
1020 1561 1263 1618 Arabum
1288 1603 1301 1624 ,
1337 1561 1390 1616 in
1421 1577 1523 1633 qua
1556 1562 1655 1618 fuit
1683 1562 1845 1619 Balac
1873 1563 2014 1619 lilius
2057 1563 2198 1621 Beor

593 1651 783 1725 (Num.
808 1651 1072 1726 xxtt);qui
1102 1654 1363 1710 conduxit
1391 1654 1657 1710 hariolum
1678 1655 1896 1712 Balaam
1926 1657 1994 1712 de
2023 1656 2196 1714 Meso-

588 1751 826 1821 potamia
853 1793 866 1816 ,
901 1759 960 1805 ut
989 1749 1348 1810 malediceret
1379 1750 1541 1806 Israel
1567 1792 1583 1816 ,
1619 1751 1708 1806 ubi
1739 1761 1794 1807 et
1825 1752 2066 1808 initiatus
2111 1761 2197 1809 est

2305 533 2374 589 de
2415 534 2624 591 incestu
2676 537 2845 606 patris
2897 545 3059 593 nocte
3100 551 3399 610 conceptus
3447 550 3551 597 est.
3605 540 3717 596 Nisi
3765 541 3885 600 torte

2305 634 2516 682 noctem
2571 643 2668 700 pro
2715 629 3086 700 magnitudine
3116 629 3145 670 ι)
3177 635 3406 690 terroris
3455 634 3791 704 accipimus:
3840 646 3886 693 et

2303 720 2631 777 credendum
2659 766 2674 790 ,
2703 723 2826 794 quia
2868 723 2970 780 sibi
3003 725 3317 784 conﬁdebat
3357 729 3411 783 in
3444 729 3614 785 muris
3643 748 3658 796 ,
3692 730 3887 789 insidiis

2301 823 2504 879 eam,et
2523 815 2796 872 cuniculis
2821 815 2990 874 fuisse
3019 832 3356 889 superatam.
3381 820 3583 878 Audivi
3614 823 3884 893 quemdam

2304 907 2677 976 Areapolitem
2708 952 2721 973 ,
2752 909 2850 966 sed
2883 917 2937 965 et
2965 909 3144 965 omnis
3173 912 3367 968 civitas
3399 914 3558 969 testis
3581 925 3701 979 est,
3731 925 3886 972 motu-

2303 1005 2462 1053 terra:
2490 1015 2684 1071 magno
2714 1000 2765 1054 in
2803 1016 2924 1058 mea
2951 1001 3179 1058 inlantia
3209 1045 3221 1070 ,
3256 1015 3278 1043 ο
3313 1003 3533 1074 quando
3566 1006 3730 1062 totius
3759 1007 3886 1067 orbis

2301 1091 2452 1148 littus
2473 1101 2810 1167 transgressa
2837 1108 2969 1153 sunt
2996 1098 3386 1166 maria,eadem
3414 1110 3580 1158 nocte
3611 1118 3792 1159 muros
3813 1119 3887 1158 ur-

2301 1184 2385 1240 bis
2413 1186 2573 1242 istius
2607 1189 2910 1246 corruisse.

2376 1278 2555 1349 (Vers.
2588 1279 2674 1353 Ξ.)
2701 1283 2946 1338 Ascendit
2975 1286 3190 1354 domus,
3223 1297 3271 1340 et
3297 1285 3470 1342 Dibon
3497 1288 3568 1342 ad
3604 1287 3806 1344 excelsa
3841 1291 3885 1345 iu

2300 1374 2560 1443 planctum
2589 1393 2744 1446 super
2772 1376 2943 1441 Nabo,
2970 1389 3018 1433 et
3045 1395 3201 1450 super
3222 1379 3447 1436 Medaba
3474 1379 3630 1436 Moab
3658 1382 3886 1438 ululabit.

2296 1465 2376 1522 Ne
2398 1467 2684 1524 molestum
2715 1470 2810 1526 tibi
2835 1469 2906 1525 sit
2932 1471 3075 1542 quod
3097 1487 3197 1543 per
3219 1473 3459 1529 historiae
3491 1474 3631 1528 viam
3656 1473 3883 1550 gradior,

2300 1571 2358 1616 ut
2386 1563 2528 1618 enim
2561 1565 2663 1620 boc
2707 1563 2977 1633 facerem,
3017 1568 3133 1636 ipse
3163 1567 3405 1623 voluisti.
3441 1568 3776 1625 Subauditur
3801 1585 3886 1625 au-

2300 1665 2438 1724 tem,
2472 1657 2665 1714 domus
2717 1659 2904 1730 regia,
2947 1669 3003 1716 et
3041 1662 3171 1717 urbs
3203 1663 3375 1718 Dibon
3420 1663 3486 1718 ad
3517 1664 3661 1720 idola
3699 1679 3816 1736 quae
3840 1663 3884 1721 in

2299 1749 2458 1807 editis
2503 1753 2675 1822 posita
2724 1763 2850 1808 sunt
2893 1756 3140 1810 ascendit
3188 1775 3200 1809 :
3253 1772 3418 1829 super
3444 1756 3628 1827 Nabo,
3659 1767 3717 1814 et
3741 1772 3886 1830 super

587 1843 819 1914 populus
851 1842 1187 1914 Beeipbegor
1217 1841 1418 1915 (lbid.,
1462 1843 1626 1916 xxv).
1663 1844 1833 1912 llujus
1874 1845 2192 1916 metropolis
2224 1835 2270 1896 B
2301 1843 2554 1913 Medaba,
2589 1845 2802 1903 nobiles
2833 1845 2860 1884 ἀ
2899 1848 3182 1917 civitates,
3217 1852 3444 1910 ulnlabit
3471 1854 3731 1909 universa
3769 1866 3885 1923 pro-

589 1937 782 1993 civitas
814 1953 882 1993 AR
914 1936 1049 2009 (π),
1079 1953 1201 2008 quae
1236 1935 1403 1992 hodie
1440 1952 1508 1993 ex
1541 1937 1771 1994 Hebraeo
1797 1949 1849 1994 et
1872 1937 2063 1994 Graeco
2085 1955 2195 1994 ser-

586 2048 749 2090 mone
777 2032 1081 2102 cumposita
1109 2033 1382 2105 AreOpolis
1411 2042 1786 2104 nuncupatur;
1815 2048 1924 2088 non
1951 2043 2008 2087 ut
2036 2033 2198 2104 pleri—

585 2142 691 2196 que
717 2125 1036 2182 exiStimant
1066 2123 1211 2197 quod
1234 2121 1407 2201 ἄρεος,
1437 2123 1490 2178 id
1522 2135 1625 2189 est,
1660 2123 1845 2180 Martis
1875 2125 2070 2180 civitas
2099 2125 2194 2181 sit.

583 2217 985 2287 Interpretatur
1003 2228 1183 2271 autem
1209 2218 1280 2270 Ar
1309 2229 1358 2272 et
1383 2214 1653 2280 ἀντίδικος,
1670 2215 1721 2270 id
1745 2225 1828 2272 est
1848 2216 2196 2273 adversarius.

585 2310 813 2381 Quantze
863 2321 1044 2366 autem
1096 2309 1260 2365 fuerit
1309 2309 1606 2379 potentiae,
1659 2309 1927 2366 .Ieremias
1970 2320 2200 2367 testatur

589 2405 810 2480 (Jerem.
843 2421 1044 2472 XLVIII,
1082 2405 1140 2472 2,
1174 2407 1205 2460 7
1237 2413 1284 2459 et
1303 2405 1476 2477 seqq.)
1497 2447 1512 2471 ,
1547 2404 1768 2460 dicens:
1804 2403 1924 2460 Non
1955 2416 2030 2460 est
2057 2407 2198 2461 ultra

579 2502 859 2557 exsultatio
901 2501 955 2554 in
991 2499 1170 2555 Moab.
1223 2501 1288 2554 Et
1319 2502 1558 2555 iterum:
1595 2498 1841 2554 Habuisti
1868 2500 2114 2570 ﬁduciam
2145 2503 2196 2556 in

583 2596 960 2652 munitionibus
1003 2599 1105 2650 tuis
1138 2637 1152 2660 ,
1200 2604 1250 2650 et
1295 2596 1348 2648 in
1397 2594 1652 2648 thesauris
1703 2595 1826 2649 tuis.
1867 2594 1936 2650 Et
1967 2595 2191 2650 iterum:

581 2688 796 2747 Fertilis
824 2691 922 2760 [uit
951 2688 1108 2744 Moab
1146 2689 1211 2744 ab
1236 2687 1586 2743 adolescentia
1622 2704 1720 2742 sua
1745 2729 1760 2753 ,
1787 2698 1834 2743 et
1863 2690 2108 2759 requievit
2141 2691 2193 2744 in

581 2783 793 2855 [wcibus
835 2785 943 2837 suis
975 2822 1008 2849 ,,
1033 2799 1125 2836 nec
1153 2783 1449 2853 transfusus
1491 2787 1564 2834 est
1611 2779 1674 2834 de
1717 2795 1835 2834 vase
1876 2781 1926 2834 in
1976 2797 2061 2835 vas
2088 2820 2106 2848 ,
2152 2793 2202 2837 et

582 2879 632 2932 in
689 2877 1198 2950 transmigrationem
1248 2891 1351 2928 non
1404 2874 1561 2939 abiit,
1600 2882 1648 2926 et
1677 2872 1872 2927 idcirco
1918 2875 2198 2942 permansit

582 2983 764 3048 gustus
795 2974 906 3045 ejus
933 2973 985 3025 in
1017 2987 1077 3026 eo
1102 3014 1116 3037 ,
1159 2980 1206 3026 et
1238 2968 1374 3023 odor
1401 2969 1510 3040 ejus
1541 2984 1642 3022 non
1672 2975 1745 3022 est
1777 2969 2101 3022 immutatus.
2131 2967 2199 3022 Et

583 3070 638 3125 in
672 3069 782 3124 alio
819 3068 942 3123 loco
987 3065 1199 3138 (Ibid.‘,
1241 3063 1372 3134 25):
1407 3062 1676 3127 Quomodo
1725 3065 1895 3133 fracta
1934 3070 2009 3115 est
2054 3062 2198 3136 virga

581 3164 731 3234 fortis
757 3203 771 3228 ,
807 3161 1018 3216 baculus
1047 3159 1347 3233 gloriosus?
1381 3157 1448 3212 Et
1477 3167 1603 3228 pust
1631 3156 1936 3212 modiorum:
1973 3154 2192 3209 Audivi-

2305 1939 2500 1996 vincia.
2532 1939 2590 1995 In
2618 1939 2770 1996 Nabo
2800 1943 2943 1998 enim
2971 1953 3089 1999 erat
3115 1944 3352 2002 Cbamos
3382 1946 3586 2002 idolum
3615 1961 3886 2004 consecra-

2303 2042 2437 2101 tum,
2470 2035 2613 2104 quod
2644 2035 2750 2090 alio
2781 2037 2999 2092 nomine
3031 2038 3337 2108 appellatur
3367 2039 3728 2112 Beelpbegor.

2373 2127 2440 2181 In
2467 2129 2663 2183 cunctis
2687 2131 2939 2201 capitibus
2967 2133 3080 2203 ejus
3111 2134 3401 2202 calvitium,
3434 2137 3599 2189 omnis
3626 2135 3786 2192 barba
3810 2153 3885 2190 ra-

2301 2219 2468 2273 detur.
2501 2219 2655 2290 Apud
2686 2222 2938 2292 antiquos
2969 2223 3150 2280 barba:
3177 2226 3478 2298 capitisque
3516 2244 3702 2283 rasura
3729 2230 3884 2285 luctus

2301 2311 2560 2368 indicium
2590 2311 2708 2368 fuit.
2736 2313 2840 2370 Per
2865 2320 2979 2371 haec
3021 2332 3152 2388 ergo
3183 2319 3495 2392 magnitudo
3535 2323 3787 2379 mteroris
3811 2338 3886 2378 os-

2303 2405 2559 2472 tenditur,
2593 2405 2831 2462 Jeremia
2855 2416 3040 2463 contra
3070 2409 3229 2464 Moab
3262 2411 3451 2466 eadem
3479 2413 3882 2469 conclamaute:

2305 2495 2468 2551 Omne
2499 2508 2654 2569 caput
2689 2499 2987 2566 calvitium,
3020 2511 3068 2555 et
3096 2503 3262 2556 omnis
3306 2503 3461 2558 barba
3503 2505 3737 2571 radetur,
3767 2517 3810 2561 et
3841 2506 3886 2561 in

2301 2590 2498 2644 cunctis
2525 2591 2762 2645 manibus
2791 2591 3078 2664 colligatio,
3108 2604 3154 2649 et
3185 2612 3342 2666 super
3370 2615 3519 2653 omne
3548 2598 3760 2653 dorsum
3789 2599 3890 2653 tilio

2301 2683 2437 2737 cium
2471 2681 2692 2755 (Jerem.
2727 2699 2923 2750 XLvtn,
2950 2686 3066 2759 57).

2374 2776 2552 2850 (Vers.
2581 2777 2664 2850 3.)
2693 2776 2760 2833 In
2788 2781 2952 2834 triviis
2999 2784 3111 2854 ejus
3141 2783 3361 2838 accincti
3386 2793 3504 2839 sunt
3528 2801 3719 2852 sacco;
3749 2801 3888 2855 super

2302 2880 2435 2927 tecta
2459 2875 2572 2946 ejus
2592 2915 2605 2936 ,
2634 2883 2681 2927 et
2712 2874 2764 2927 in
2800 2875 2986 2946 plateis
3017 2877 3128 2948 ejus
3155 2879 3324 2933 omnis
3370 2880 3601 2934 ululatus
3631 2880 3886 2936 descendet

2299 2967 2353 3020 in
2379 2967 2576 3037 ﬂetum.
2621 2967 2735 3023 Non
2765 2979 2925 3023 erunt
2959 2969 3182 3039 privata:
3217 2973 3378 3045 186
3418 2974 3692 3046 lacrymte,
3722 2974 3887 3046 publi-

2298 3073 2420 3112 cum
2468 3059 2673 3115 luctum
2719 3061 2934 3130 publica
2984 3061 3216 3117 lamenta
3247 3065 3618 3134 resonabant;
3655 3081 3760 3123 nec
3789 3080 3887 3122 ma.

2301 3147 2497 3219 tronae,
2524 3171 2624 3208 nec
2654 3154 2910 3224 virgines,
2949 3171 3047 3212 nec
3079 3167 3210 3212 tetas
3254 3174 3418 3228 parva
3453 3176 3767 3229 puerorum,
3799 3175 3887 3218 nec

579 3225 691 3309 inus
719 3225 1015 3326 superbiam
1046 3225 1492 3317 bloab,superbus
1513 3259 1584 3303 est
1606 3250 1776 3304 valde.
1803 3248 2188 3304 Subtimitatem
2216 3225 2262 3290 (1
2295 3244 2451 3300 fracti
2481 3261 2672 3302 senum
2697 3262 2919 3319 gressus
2953 3225 3282 3305 tenebuntur
3307 3251 3590 3319 domibus,
3638 3255 3886 3323 pudorem

579 3351 711 3421 ejus,
745 3357 791 3403 et
819 3349 1199 3421 arrogantiam,
1225 3356 1270 3400 et
1299 3345 1620 3415 superbiam,
1644 3352 1691 3398 et
1720 3344 2053 3398 altitudinem
2079 3359 2188 3397 cor-

581 3447 661 3501 dis
691 3443 836 3500 illius
862 3459 954 3514 ego
1001 3443 1108 3497 scio
1131 3483 1146 3508 ,
1178 3442 1252 3495 ait
1284 3437 1538 3494 Dominus
1564 3481 1578 3504 ,
1608 3446 1657 3492 et
1697 3437 2012 3508 jactantium
2051 3436 2184 3507 ejus.

565 3539 736 3597 ‘Sicut
779 3552 910 3609 ergo
938 3545 1129 3591 contra
1159 3532 1536 3605 Babylonem,
1589 3540 1647 3585 et
1689 3527 2018 3584 Pliilisthiim
2053 3528 2186 3583 Pro-

579 3633 740 3706 pheta
769 3628 1094 3685 vaticinatus
1123 3633 1226 3687 est,
1257 3625 1404 3696 quod
1435 3619 1774 3693 oppresserit
1804 3620 2060 3691 populum
2089 3619 2184 3676 ιυ-

579 3727 864 3790 diuorum",
898 3723 973 3778 ita
1005 3735 1148 3776 nunc
1177 3717 1407 3772 vastitas
1445 3715 1604 3788 185
1634 3713 1947 3784 praedicitur
1978 3711 2186 3768 Moabi-

579 3830 789 3885 tarum;
821 3817 874 3873 id
905 3822 992 3872 est
1014 3857 1030 3878 .
1062 3810 1319 3876 Arabiae;
1350 3808 1420 3864 ab
1449 3805 1688 3880 Assyriis
1712 3847 1726 3872 ,
1757 3814 1813 3861 et
1842 3804 2178 3877 Babyloniis.

577 3913 663 3970 Ab
688 3922 914 3981 utraque
942 3907 1088 3965 enim
1122 3915 1283 3978 gente
1311 3901 1503 3957 vastati
1531 3909 1679 3965 sunt,
1708 3913 1775 3956 eo
1805 3907 2053 3966 tempore
2075 3913 2180 3968 quo

584 4003 955 4067 Sennaclierib
983 4001 1259 4071 Captivum
1292 3998 1450 4053 duxit
1471 3994 1655 4061 Israel,
1678 4002 1734 4050 et
1754 3992 1972 4065 quando
2001 3992 2179 4048 Nabu-

576 4105 926 4164 chodonosor
963 4095 1233 4153 subvertit
1286 4089 1592 4148 Jerusalem
1645 4087 1736 4158 (IV
1786 4088 1915 4162 Reg.
1969 4103 2080 4142 xvu
2130 4094 2176 4141 et

579 4197 732 4271 xxv).
757 4187 1273 4251 Insultaveratenim
1297 4185 1361 4239 ad
1382 4181 1890 4252 utramqnebostem
1916 4179 2175 4250 Ephraim

580 4303 638 4353 et
664 4292 818 4350 Iudas
843 4332 860 4356 ,
889 4287 1103 4344 dicente
1131 4279 1367 4339 Ieremia
1385 4293 1404 4332 :
1436 4275 1628 4331 Allidet
1673 4289 1886 4328 manum
1936 4270 2090 4325 illaab
2119 4272 2172 4324 in

580 4389 770 4446 vomitu
789 4400 904 4448 suo,
935 4390 982 4436 et
1013 4380 1108 4434 erit
1134 4378 1187 4430 in.
1218 4374 1443 4428 derisum
1469 4371 1627 4424 etiam
1657 4371 1786 4440 ipse.
1811 4364 1939 4420 Fuit
1960 4365 2096 4420 enim
2119 4365 2171 4419 in

576 4485 801 4542 derisum
833 4478 924 4533 tibi
955 4472 1124 4528 Israel
1152 4515 1166 4536 ,
1199 4467 1348 4541 quasi
1391 4465 1526 4518 inter
1563 4462 1705 4531 fures
1749 4460 2026 4529 reperisses
2052 4474 2169 4511 eum

2292 3346 2344 3393 et
2377 3338 2802 3396 imbecillitatem
2836 3351 3078 3396 extrema
3110 3343 3399 3413 captivitas
3433 3347 3659 3402 nesciet.

2363 3429 2544 3501 (Vers.
2579 3430 2660 3502 4.)
2689 3429 2948 3487 Clamabit
2974 3431 3180 3489 Esebon
3224 3445 3273 3489 et
3327 3436 3527 3493 Eleale.
3560 3437 3786 3494 Nomina
3816 3436 3886 3496 ci-

2289 3523 2516 3579 vitatum
2547 3525 2849 3580 Moabitica:
2895 3527 3216 3596 provincia),
3247 3545 3476 3598 quarutn
3507 3530 3721 3588 Esrbon
3767 3533 3884 3589 urbs

2287 3615 2389 3672 fuit
2415 3616 2687 3688 quondam
2711 3618 2856 3689 regis
2893 3619 3361 3684 Amorrliteurum,
3391 3623 3460 3678 de
3493 3639 3601 3695 qua
3632 3624 3772 3681 idem
3801 3626 3883 3683 Ie-

2286 3713 2488 3766 remias
2510 3753 2524 3777 ,
2555 3711 2703 3784 Ignis
2745 3729 2984 3786 egressus
3014 3725 3091 3769 est
3135 3715 3198 3768 de
3231 3716 3432 3772 lt‘sebon
3451 3759 3466 3783 ,
3512 3728 3561 3774 et
3588 3721 3797 3789 flamma
3827 3722 3882 3776 de

2285 3803 2455 3859 medio
2491 3803 2652 3860 Seon.
2683 3803 3077 3874 Interpretatur
3107 3819 3286 3863 autem
3323 3810 3536 3866 Esebon
3560 3853 3574 3876 ,
3608 3815 3878 3884 cogitatio,

2283 3906 2338 3954 et
2375 3897 2502 3953 ideo
2529 3897 2796 3954 .Iercmias
2825 3899 3074 3956 allutlens
3101 3901 3168 3956 ad
3196 3917 3421 3971 nomen,
3454 3914 3636 3960 contra
3663 3904 3876 3975 Eseboit,

2282 3993 2386 4059 ait,
2417 3992 2772 4061 cogitaverunt
2796 3991 2941 4045 mala
2971 3992 3190 4066 (Jerem.
3227 3996 3374 4067 ην.)

2356 4084 2528 4157 Usque
2565 4083 2701 4140 Jasa
2740 4087 2923 4141 audita
2970 4098 3040 4141 est
3076 4105 3174 4143 vos
3211 4106 3413 4144 eorum.
3451 4091 3591 4149 Urbs
3621 4093 3746 4151 Jaza
3783 4092 3872 4163 (sl.

2282 4179 2439 4247 Jasa)
2473 4180 2685 4234 Mortuo
2712 4179 2847 4234 mari
2889 4181 3170 4251 imminet,
3217 4183 3308 4240 ubi
3346 4196 3428 4241 est
3463 4187 3726 4243 terminus
3758 4204 3872 4256 pro-

2276 4271 2470 4327 vincite
2502 4272 2883 4329 Moabitarum.
2939 4275 3052 4332 lloc
3100 4293 3229 4347 ergo
3280 4278 3503 4347 indicat,
3536 4282 3682 4351 quod
3711 4297 3870 4354 usque

2274 4363 2342 4419 ad
2389 4374 2664 4420 extremos
2714 4364 2851 4422 ﬁnes
2879 4367 3114 4424 ululatus
3159 4372 3454 4440 provinciae
3483 4375 3866 4443 personabunt,

2271 4458 2426 4515 Unde
2457 4467 2512 4513 et
2539 4457 2804 4516 .Ieremias
2852 4460 2930 4516 ait
2968 4480 2982 4518 :
3019 4463 3094 4519 De
3142 4462 3368 4522 clamore
3416 4466 3652 4538 Esebon,
3696 4483 3858 4542 usque

574 4577 790 4650 (Jerem.
823 4584 1014 4632 vattt,
1041 4563 1135 4628 ‘26,
1167 4558 1284 4630 27).
1315 4557 1546 4627 Propter
1573 4552 1738 4608 verba
1758 4568 1898 4650 ergo
1926 4562 2165 4650 tua,quat
2208 4622 2256 4650 ῃ
2270 4549 2453 4650 Ιξιςαιε
2491 4561 2536 4606 et
2579 4551 2715 4607 Jaza
2759 4554 3012 4610 dederunt
3039 4573 3210 4612 vocem
3238 4575 3387 4614 suam
3431 4558 3645 4630 (Jerem.
3687 4579 3864 4631 xu'ttt,

568 4622 1227 4729 silvai-snsiIlii—ni’locutus
1241 4622 1388 4718 es,ca
1397 4622 1572 4721 ptivus
1584 4645 1981 4713 duceris.Quod
1997 4655 2177 4702 autem
2208 4622 2256 4683 ί)
2283 4643 2400 4716 3t).

569 4763 677 4821 aii;
718 4759 878 4816 Nocte
917 4760 1117 4809 vastata
1158 4757 1231 4805 est
1260 4763 1330 4803 Αιι
1354 4787 1370 4814 ,
1405 4742 1562 4799 Moab
1595 4741 1881 4807 conticuit,
1914 4738 2174 4795 decorum

645 4891 671 4917 ει
701 4871 1088 4946 Resposuimus
1107 4864 1398 4946 _ex_eodem
1429 4877 1534 4917 ms.
1556 4860 1725 4946 ludas
1754 4870 1807 4916 ct
1839 4858 2172 4931 comprehen-

571 4970 658 5010 sus
690 4963 789 5019 pro
811 4935 919 5019 quo
937 4954 1060 4999 erat
1089 4939 1306 4995 Judteos
1333 4935 1832 5019 etcomprehensos.
1962 5003 1974 5019 _
2029 5017 2039 5019 Α
2088 5001 2100 5015 ⁸

644 5003 779 5076 it'ln
828 5003 995 5072 'Vatic.
1021 5056 1036 5079 ,
1091 5027 1184 5086 pro
1217 5003 1588 5086 magnitudne
1635 5006 1829 5060 erroris
1862 5021 1880 5086 ί
1911 5003 1974 5058 ad
2016 5003 2170 5073 Cujus

567 5094 697 5154 item
726 5075 850 5148 itus.
901 5075 1061 5143 [idem
1091 5075 1227 5156 quod
1251 5126 1264 5149 ,
1297 5075 1630 5156 superﬂuunt
1651 5085 1835 5156 atque
1866 5075 2168 5156 incommo-

568 5148 698 5226 iiii}.
731 5162 912 5218 sensui
940 5148 1279 5221 adverbium,
1305 5163 1439 5231 post
1465 5152 1586 5231 quia
1613 5149 1738 5231 hinc
1768 5148 2091 5231 amovimus.

643 5219 929 5307 eruando
955 5231 1141 5307 totius._
1165 5219 1785 5307 etc._l.tl_ex;.Antntiauo
1824 5219 2040 5307 Videtur
2074 5233 2166 5307 ac-

566 5289 768 5371 cidisse
807 5307 909 5362 sub
946 5299 1239 5355 Consulatu
1289 5292 1659 5366 Valentiniani
1697 5303 1858 5362 atque
1897 5289 2158 5355 Valentis,

564 5402 709 5442 anno
740 5375 955 5436 Domini
983 5372 1108 5448 365.
1402 5438 1414 5448 ,
1540 5437 1552 5448 ,
1668 5435 1733 5448 ,,
1851 5433 1863 5445 ,

636 5435 713 5499 :—
735 5435 904 5523 i’ulgo
930 5445 1197 5504 creditum
1229 5449 1352 5505 est,
1373 5437 1562 5523 "innui.
1598 5435 2016 5523 celeberrimum
2051 5441 2164 5523 toto

567 5531 701 5586 orbe
733 5506 1100 5589 lcrr‘aaumtum
1123 5559 1138 5583 ,
1173 5528 1333 5583 quem
1358 5509 1591 5589 _Consute
1635 5506 2011 5589 fatentinianp
2049 5506 2164 5589 pri-

733 5574 1300 5665 cumwfratrevalente,
1328 5583 1440 5636 sive
1463 5596 1604 5635 anno
1635 5578 1849 5665 Doniini
1881 5574 2164 5665 365,)gAtn-

811 5648 1178 5723 Marcellinus,
1210 5658 1412 5726 aliique
1439 5669 1627 5708 eorum
1660 5662 1965 5728 temporum
1995 5648 2164 5702 histo-

563 5724 661 5802 iis
693 5743 911 5796 tradunt
937 5733 1248 5805 contigisse.
1284 5724 1477 5784 verum
1505 5739 1627 5806 cum
1657 5724 1907 5806 infantem
1937 5730 2152 5806 tnnc‘se

565 5791 1484 5876 luisse'dicatHieroiiyrnugeaque
1507 5805 1660 5876 aetas,
1676 5795 1827 5865 juxta
1858 5796 2026 5876 ipsam
2053 5791 2155 5862 Py-

564 5863 900 5959 iiiiiEJricsui
937 5863 1295 5948 cotnpii'tandi
1318 5863 1632 5928 methodum
1656 5863 1886 5934 ,‘annos'
1907 5863 1977 5920 ad
2006 5880 2152 5920 sum-

2354 4739 2527 4810 Super
2553 4742 2650 4795 hoc
2671 4742 2899 4814 expediti
2925 4742 3081 4799 Moab
3103 4746 3397 4818 ululabunt,
3426 4751 3602 4805 anima
3622 4753 3740 4824 ejus
3760 4755 3866 4809 ulu-

2276 4874 2422 4935 t_nut_n
2490 4857 2799 4935 quindecim
2849 4869 2979 4935 nato
3033 4862 3364 4932 imputetur,
3419 4877 3544 4935 post
3595 4885 3728 4925 ann.
3769 4868 3862 4927 550

2276 4930 2336 4987 S.
2374 4930 2832 5016 Doctorisprtum
2879 4932 3085 5016 referre
3114 4930 3528 5016 necesse—eset
3579 4957 3592 4993 :
3642 4944 3693 4997 id
3732 4940 3861 5016 quod

2271 5017 2393 5057 cum
2449 5001 2572 5057 aliis
2616 5003 2684 5057 de
2730 5003 2849 5072 ejus
2899 5004 3008 5060 vita
3049 5009 3376 5068 testimoniis
3418 5020 3674 5068 constare
3727 5001 3860 5071 tiuilo

2271 5073 2436 5147 modo
2469 5082 2668 5147 potest.
2709 5074 2896 5147 Itaque
2928 5076 3299 5134 verOsimilins
3343 5089 3460 5147 est,
3506 5083 3672 5139 alium
3735 5086 3863 5142 indi-

2270 5143 2405 5204 cari.
2437 5161 2595 5225 quem
2623 5146 2742 5225 ipse
2772 5144 2922 5225 Hier.
2943 5147 3006 5225 _iu
3035 5147 3309 5207 Chronico
3330 5153 3396 5225 ad
3426 5143 3514 5208 an.
3549 5155 3715 5213 refert
3742 5156 3854 5225 3M,

2269 5231 2390 5272 cum
2416 5217 2592 5272 multa
2616 5217 2843 5273 Orientis
2870 5218 3021 5274 urbes
3043 5231 3338 5278 terrwntotu
3364 5222 3604 5282 horribili
3629 5217 3856 5286 concide;

2269 5297 2410 5343 runt.

2341 5359 2368 5397 ά
2394 5359 2624 5438 _Videtur
2652 5376 2683 5416 e
2706 5361 2983 5418 contrario
3008 5365 3292 5438 nonurbis
3321 5367 3576 5438 alicujus,
3605 5373 3704 5428 sed
3737 5373 3852 5430 idoli

2269 5430 2621 5511 bitialiitarum
2662 5448 2874 5511 nomen
2933 5451 3054 5511 esse
3115 5437 3264 5491 Nalm
3310 5430 3506 5511 :quu'd
3563 5430 3628 5498 ex
3696 5445 3853 5508 ipsius

2269 5502 2444 5571 Isaias,
2479 5520 2628 5582 apvt.
2657 5505 2707 5567 I,
2736 5502 3419 5582 testimonioconipertulit
3450 5525 3535 5569 est
3566 5531 3580 5568 :
3613 5502 3848 5582 Confraco

2270 5583 2352 5629 tus
2383 5586 2453 5630 est
2482 5575 2620 5652 _Bel,__
2643 5577 2893 5632 contritus
2930 5589 3004 5632 est
3040 5575 3225 5652 Nubo,
3255 5587 3395 5652 facta
3426 5597 3544 5640 sunt
3581 5575 3848 5642 simsdacra

2269 5662 2448 5729 eorum
2475 5648 2682 5729 bestiis,
2729 5657 2778 5703 et
2816 5652 3087 5729 jumentis.
3137 5648 3274 5729 Nec:
3299 5654 3348 5708 id
3401 5657 3682 5729 probatur,
3711 5659 3844 5729 quod

2263 5719 2483 5800 quidam
2514 5719 2918 5800 autumant-{de
2955 5723 3106 5800 urbis
3129 5724 3351 5800 nomine
3379 5719 3541 5783 deum
3577 5719 3842 5800 illn'm'po-

2264 5793 2433 5848 tuisse
2462 5791 2725 5862 appellari
2755 5790 2925 5851 Nabo.
2958 5792 3103 5851 LXX
3135 5796 3316 5868 liagon
3346 5803 3489 5857 hunc
3518 5811 3725 5858 vocant.
