4078 6328
252 281 366 342 169

805 275 1453 341 COMMENTARIORUM
1490 279 1559 338 IN
1599 276 1836 339 ISAIAM
1863 276 2300 340 PROPIIETAM
2337 281 2468 341 LIB.
2509 283 2577 341 ν.
2617 283 2774 343 CAP.
2815 282 2963 344 XVI.

3448 294 3552 357 I70

252 402 388 456 labit
417 401 516 458 sibi.
539 398 764 456 Verbum
792 400 1119 457 Hebraicum
1153 415 1318 457 causa
1349 383 1571 472 (mhi-1),
1596 415 1695 470 pro
1721 416 1830 471 quo
1857 407 1912 464 Α
1935 399 2179 455 Nemrim
2213 418 2383 473 aquas
2413 405 2589 461 omnis
2633 405 2800 461 herba
2851 404 3092 474 exaruit,
3120 407 3221 464 sed
3253 423 3353 481 per
3379 422 3552 469 meta-

248 494 446 565 Aquila
473 495 695 566 ἔξώμους,
731 492 784 547 id
815 500 918 560 est,
951 492 1235 565 expeditos,
1277 503 1335 548 et
1363 493 1552 547 exertis
1575 494 1825 558 humeris,

249 586 594 657 Symmachus
631 585 885 640 accinctos
917 585 1301 656 interpretatus
1331 592 1452 652 est,
1481 583 1698 654 quidam
1728 599 1830 654 pu-

249 687 368 733 tant
401 693 492 734 non
519 677 679 744 viros,
711 677 807 734 sed
841 692 1040 734 nomen
1070 676 1220 732 urbis
1241 675 1493 748 intelligi,
1520 692 1640 747 qua:
1665 675 1830 734 hodie

245 772 538 842 appellatur
562 771 748 838 Elusa,
777 778 835 828 et
878 781 963 827 est
993 772 1047 826 in
1077 769 1388 826 Moabitidis
1413 769 1658 841 partibus
1699 770 1825 826 sita.

245 866 527 923 Possumus
549 877 724 923 autem
769 865 958 923 ethoc
989 865 1204 930 dicere,
1233 864 1376 936 quod
1424 865 1680 921 universa
1726 879 1828 934 pu—

242 972 515 1035 gnatorum
541 961 799 1018 lortitudo
825 962 1122 1029 corruerit,
1145 968 1202 1016 et
1229 961 1432 1015 mutuis
1462 959 1682 1015 ﬂetibus
1711 974 1828 1015 om-

244 1056 330 1112 nis
358 1064 490 1113 terra
514 1055 800 1112 resonarit.
829 1054 927 1113 Sin
956 1063 1138 1110 autem
1184 1053 1372 1121 Eluse,
1415 1061 1474 1108 ut
1505 1052 1701 1124 Aquila
1730 1067 1828 1109 vo-

245 1149 380 1216 luit,
409 1149 571 1204 esertis
599 1149 825 1204 humeris
869 1149 1260 1221 intelligantur,
1288 1145 1384 1202 ille
1430 1147 1585 1202 nobis
1630 1160 1827 1202 sensus

243 1245 554 1317 suggeritur,
598 1243 745 1316 quod
775 1243 844 1299 ad
872 1243 1240 1316 plangendum
1283 1243 1464 1299 cuncti
1499 1241 1829 1298 nudaverint

351 1345 472 1392 lora.

351 1352 426 1392 tor
459 1377 472 1392 .

244 1352 478 1502 meeg.
503 1429 580 1501 5.)
611 1430 712 1486 Cor
738 1447 908 1486 meum
938 1431 1009 1485 ad
1049 1429 1206 1486 Moab
1254 1430 1521 1486 clamabit.
1552 1429 1824 1502 Propheta

242 1525 464 1596 loquitur
498 1524 732 1581 dolentis
783 1524 1015 1592 aﬂ'eclu,
1049 1525 1135 1581 vel
1178 1525 1323 1596 quod
1371 1525 1558 1582 hostes
1605 1539 1826 1597 quoque

241 1628 473 1673 creatura
505 1617 600 1674 Dei
632 1617 780 1685 sint,
815 1618 870 1673 in
903 1633 1042 1689 quos
1089 1627 1168 1674 tot
1197 1621 1338 1675 mala
1377 1619 1765 1690 superveniant
1808 1636 1821 1673 :

239 1709 325 1766 vel
347 1708 473 1780 quod
513 1709 676 1765 tantis
723 1709 1124 1766 calamitatibus
1152 1710 1519 1782 opprimendi,
1553 1717 1616 1766 ut
1659 1711 1822 1766 etiam

1935 491 2163 563 phoram
2195 492 2477 566 Scriptura
2513 498 2773 570 loquitur.
2807 498 2874 553 Et
2905 508 2992 554 est
3019 515 3238 567 sensus,
3273 503 3324 558 in
3353 514 3550 561 cuncto

1934 587 2090 644 Moab
2141 605 2299 662 aquae
2341 590 2581 648 Nemrim
2622 601 2789 649 erunt
2836 593 2999 649 salsae
3041 607 3360 665 etamarac;
3408 617 3548 670 quo-

1934 681 2100 737 modo
2128 681 2204 738 ibi
2238 683 2386 738 nulla
2419 684 2587 740 herba
2616 685 2862 756 pullulat,
2895 687 2976 743 sic
3002 696 3170 744 totam
3202 693 3544 760 provinciam

1931 773 2151 830 siccitas
2183 785 2571 848 consequetur,
2599 777 2651 832 id
2675 787 2784 846 est,
2814 796 2843 833 a
2886 779 3058 850 Segor
3087 796 3258 852 usque
3286 784 3354 838 ad
3399 785 3544 842 Oro-

1932 867 2103 934 naim,
2137 883 2169 923 a
2221 869 2420 925 ﬁnibus
2473 885 2644 941 usque
2688 870 2843 927 lines.
2879 871 2935 927 Id
2985 874 3164 945 ipsum
3209 875 3474 934 Jeremias
3521 894 3538 934 :

1933 961 2094 1032 Aqua:
2126 960 2366 1016 Nemrim
2394 964 2633 1034 pessima:
2662 973 2812 1018 erunt
2852 963 3066 1036 (Jerem.
3101 985 3297 1038 vam,
3326 971 3445 1040 54).

2006 1051 2186 1126 (Vers.
2220 1054 2300 1126 7.)
2334 1055 2632 1110 Secundum
2677 1057 3083 1128 magnitudinem
3117 1063 3308 1130 operis,
3338 1073 3386 1118 et
3413 1064 3540 1118 visi-

1931 1147 2062 1202 tatio
2111 1164 2292 1203 eorum
2338 1165 2357 1202 :
2408 1149 2476 1203 ad
2505 1159 2780 1205 torrentem
2829 1152 3048 1206 salicum
3083 1155 3266 1210 ducent
3297 1173 3404 1212 eos.
3433 1157 3544 1215 Pro

1931 1238 2192 1295 salicibus
2237 1240 2294 1296 in
2339 1241 2569 1297 llebraeo
2609 1242 2838 1313 legimus
2873 1244 3032 1316 188
3069 1261 3268 1300 ARABIII
3296 1247 3534 1320 (nam),

1930 1333 2075 1404 quod
2104 1343 2285 1404 potest
2303 1344 2355 1392 el
2374 1335 2590 1393 Arabes
2611 1337 2864 1409 intelligi,
2885 1349 2938 1394 et
2959 1339 3060 1409 legi
3085 1355 3247 1395 ouant
3271 1343 3539 1415 (Utrm),

1930 1426 1983 1482 id
2012 1437 2126 1494 est,
2150 1427 2284 1482 villa
2320 1429 2371 1483 in
2403 1429 2600 1485 linibus
2641 1445 2834 1485 eorum
2871 1431 2996 1496 sita,
3021 1433 3178 1502 cujus
3204 1449 3232 1487 a
3266 1435 3541 1506 plerisque

1931 1521 1958 1560 ι)
1976 1521 2180 1578 accolae
2209 1522 2262 1577 in
2286 1535 2476 1580 monte
2507 1523 2652 1579 Oreb
2676 1523 2812 1579 Elia:
2843 1525 3146 1594 praebuisse
3167 1527 3430 1582 alimenta
3461 1529 3545 1584 di-

1930 1627 2130 1672 cuntur
2165 1634 2178 1669 :
2227 1618 2371 1688 quod
2425 1634 2623 1674 nomen
2662 1629 2888 1690 propter
2915 1620 3330 1692 ambiguitatem
3367 1634 3545 1681 trans-

1929 1709 2102 1766 fertur
2128 1720 2182 1767 et
2212 1709 2265 1766 in
2299 1728 2503 1779 corvos,
2537 1722 2701 1784 atque
2734 1712 3085 1783 Occidentem,
3140 1715 3354 1788 locaque
3391 1735 3530 1773 cam-

241 1803 453 1859 inimicis
496 1803 836 1860 miserabiles
890 1803 1040 1859 ﬁant.
1088 1805 1326 1876 ldipsum
1379 1805 1645 1863 Jeremias
1684 1805 1762 1860 ait
1803 1821 1817 1859 :
1853 1813 1901 1874 Β
1927 1805 2140 1875 pestria.
2177 1805 2273 1860 Est
2303 1815 2485 1862 autem
2517 1822 2712 1862 sensus
2745 1824 2758 1860 :
2788 1806 2943 1878 juxta
2991 1808 3166 1864 morbi
3209 1812 3541 1883 magnitudi-

239 1896 501 1970 Propterea
537 1913 625 1952 cor
650 1913 825 1952 meum
860 1897 928 1950 ad
973 1896 1126 1952 Moab
1169 1899 1325 1970 quasi
1365 1898 1491 1952 tibia
1534 1898 1814 1952 resonabit.

316 1990 474 2047 Vectes
512 1994 623 2064 ejus
652 2007 816 2061 usque
853 1991 919 2045 ad
949 1989 1117 2062 Segor
1142 1989 1361 2046 vitulam
1409 1999 1814 2045 conternantem.

241 2083 570 2141 Etleremias
601 2101 615 2140 :
649 2084 695 2138 A
719 2083 910 2158 Segor,
943 2084 1138 2154 inquit,
1170 2101 1331 2156 usque
1361 2084 1430 2138 ad
1462 2082 1713 2138 Oronaim
1741 2084 1818 2136 vi-

242 2183 385 2238 tulam
429 2192 831 2238 conternantem.
895 2182 1051 2254 187
1105 2183 1183 2238 De
1232 2183 1333 2237 hac
1385 2191 1440 2237 et
1483 2181 1537 2236 in
1593 2179 1747 2235 libris
1789 2188 1816 2216 ει

239 2275 579 2344 Quaestionum
611 2276 1000 2332 llebraicarum
1033 2274 1290 2339 diximus,
1316 2284 1370 2330 et
1401 2290 1546 2330 nunc
1576 2273 1815 2330 breviter

239 2382 557 2435 annotamus,
581 2368 726 2439 quod
745 2370 861 2440 ipsa
889 2369 962 2424 sit
981 2367 1169 2438 quinta
1195 2367 1326 2423 urbs
1350 2375 1474 2439 post
1493 2366 1810 2433 Sodomam,

240 2463 663 2529 etGomorrham,
687 2462 976 2528 Adamam,
1001 2472 1058 2518 et
1085 2462 1332 2529 Selioim,
1363 2477 1486 2532 quae
1507 2461 1575 2518 ad
1617 2473 1812 2532 preces

239 2556 328 2614 Lot
357 2574 510 2629 parva
551 2567 771 2614 servata
818 2567 922 2613 est.
954 2558 1382 2628 Appellaturque
1410 2555 1574 2622 Bala,
1606 2554 1659 2610 id
1686 2562 1806 2619 est,

239 2652 486 2723 absorpta,
539 2651 880 2709 tradentibus
931 2651 1212 2720 Hebraeis,
1243 2649 1388 2722 quod
1440 2649 1598 2706 tertio
1646 2657 1810 2704 terrae

241 2756 367 2802 motu
388 2755 658 2818 prostrata
687 2746 779 2800 sit.
803 2746 922 2816 Ipsa
947 2755 1033 2802 est
1059 2761 1180 2816 quas
1209 2745 1371 2802 hodie
1391 2745 1532 2816 Syro
1557 2757 1809 2800 sermone

243 2847 438 2894 vocatur
487 2838 660 2894 Zoora
700 2838 811 2910 (Al.
861 2837 1057 2908 Zora),
1087 2838 1319 2894 Hebraeo
1358 2837 1545 2908 Segor,
1577 2844 1810 2907 utroque

237 2933 448 3003 parvula.
486 2932 788 2988 Possumus
815 2931 1496 2988 vitulam'conternantem
1546 2944 1643 3000 pro
1683 2944 1809 3001 per-

234 3022 352 3079 lecta
381 3033 533 3081 aetate
559 3025 835 3095 accipere.
861 3024 1014 3081 Sicut
1037 3024 1182 3080 enim
1218 3025 1528 3081 tricesimus
1555 3039 1730 3080 annus
1751 3023 1805 3079 in

234 3115 543 3186 hominibus,
578 3117 651 3173 ita
685 3118 740 3174 in
773 3117 1073 3190 pecudibus
1104 3134 1168 3174 ac
1205 3117 1466 3189 iumentis
1498 3118 1691 3174 tertius
1719 3133 1808 3174 ro-

231 3207 554 3267 bustissimus
579 3219 688 3268 est.
721 3209 918 3268 Vectes
950 3228 1164 3283 quoque
1193 3228 1290 3282 pro
1317 3212 1586 3280 terminis,
1615 3221 1672 3268 et
1716 3228 1806 3267 ro-

227 3301 340 3360 bore
366 3304 626 3377 intellige,
658 3320 726 3361 eo
756 3305 901 3375 quod
928 3306 1097 3377 Segor
1128 3306 1181 3362 in
1214 3305 1411 3362 ﬁnibus
1447 3305 1801 3363 Moabitarum

226 3395 314 3450 sita
335 3397 422 3462 sit,
451 3398 704 3454 dividens
725 3397 794 3454 ab
823 3399 902 3454 eis
933 3407 1132 3454 terram
1162 3399 1510 3455 Philistltiim.

290 3487 382 3543 Per
405 3507 676 3546 ascensum
724 3493 862 3548 enim
889 3490 1047 3547 ιιιὶιή
1077 3493 1208 3562 ﬂens
1255 3491 1514 3547 ascendet.
1549 3491 1618 3547 Et
1643 3491 1800 3550 Iere-

226 3579 346 3636 mias
383 3597 396 3635 :
445 3581 550 3638 Per
581 3600 854 3639 ascensum
890 3581 1050 3638 Luith
1086 3585 1298 3654 plorans
1329 3583 1572 3639 ascendet
1607 3585 1664 3640 in
1701 3587 1799 3655 ﬂe-

223 3685 333 3736 tum.
362 3677 721 3750 lntelligimus
763 3688 943 3735 autem
989 3678 1186 3735 clivum
1232 3693 1355 3735 esse
1403 3679 1612 3736 itineris
1655 3680 1800 3750 quod

221 3769 354 3828 ducit
398 3773 466 3829 ad
497 3773 788 3847 ASsyrios,
835 3783 890 3829 et
933 3788 1031 3844 per
1077 3772 1181 3830 hoc
1225 3772 1594 3844 captivitatem
1633 3772 1810 3844 signi--

218 3867 372 3924 licari.

276 3959 339 4015 Et
367 3961 420 4017 in
441 3963 525 4017 via
557 3961 812 4018 Oronaim
861 3962 1138 4019 clamorem
1175 3959 1502 4016 contritionis
1533 3959 1792 4017 levabant.

214 4054 429 4114 Rursum
458 4057 731 4116 Jeremias
769 4076 784 4114 :
825 4057 940 4114 Vox
973 4059 1214 4114 clamoris
1247 4055 1530 4122 Oronaim,
1557 4056 1795 4124 vastitas,

212 4159 252 4204 et
276 4151 510 4208 contritio
539 4167 754 4225 magna.
796 4150 1039 4224 Longum
1068 4159 1177 4217 est,
1209 4149 1255 4205 si
1280 4149 1446 4206 velim
1479 4147 1548 4203 de
1567 4147 1797 4218 singulis

211 4242 401 4313 dicere,
429 4262 554 4303 cum
584 4245 932 4318 perspicuum
963 4246 1032 4302 sit
1057 4245 1143 4302 vel
1174 4243 1392 4301 urbium
1419 4243 1473 4298 in
1500 4241 1680 4308 Moab,
1710 4241 1796 4299 vel

209 4333 434 4394 locorum
463 4353 589 4396 esse
617 4337 858 4405 nomina,
885 4353 1010 4409 quae
1036 4337 1296 4394 deserunt
1321 4335 1789 4406 transmigrantes.

271 4429 450 4501 (Vers.
481 4429 565 4499 6.)
605 4431 768 4498 Aqua:
795 4431 934 4486 enim
964 4430 1204 4486 Nemrim
1230 4431 1450 4486 deserta:
1479 4438 1648 4485 erunt.
1679 4429 1794 4486 Hoc

208 4523 450 4594 oppidum
482 4539 650 4596 super
678 4539 833 4581 mare
869 4523 1142 4581 Mortuum
1171 4534 1286 4594 est,
1315 4524 1474 4580 salsis
1501 4524 1688 4595 aquis,
1738 4532 1793 4580 et

206 4624 268 4680 ob
304 4623 405 4681 hoc
435 4627 616 4696 ipsum
643 4623 942 4680 sterilibus.
976 4622 1104 4680 Sive
1133 4629 1314 4679 autem
1353 4623 1540 4678 allusit
1581 4621 1650 4676 ad
1694 4636 1793 4677 no-

205 4721 472 4788 men,sive
501 4718 647 4790 quod
675 4727 803 4774 ante
831 4734 939 4774 non
959 4717 1156 4783 luerat,
1182 4717 1627 4788 postvastitatem
1644 4717 1790 4774 acci~

203 4812 292 4878 dit,
324 4823 382 4869 ut
409 4813 574 4868 etiam
605 4827 760 4882 aquae
784 4809 840 4865 in
874 4809 1291 4866 amaritudinem
1315 4818 1679 4866 verterentur.

267 4907 398 4976 Quia
426 4909 566 4963 aruit
619 4906 800 4972 herba,
831 4905 1015 4976 defecit
1064 4922 1272 4979 germen
1292 4948 1306 4973 ,
1349 4907 1493 4961 uiror
1519 4906 1684 4960 omnis
1711 4906 1792 4960 in-

202 5002 344 5055 teriit.
391 5000 510 5056 Non
565 5008 624 5054 ut
650 4997 868 5070 quidam
911 5007 1122 5069 putant,
1149 5013 1282 5056 vere
1312 5007 1532 5070 propter
1577 4999 1791 5055 steriles

263 5129 287 5158 δ
319 5119 384 5174 Ε¹
423 5119 478 5173 in
524 5117 666 5172 libris
698 5116 1077 5183 Quaestionum,
1109 5124 1216 5170 etc.
1263 5115 1499 5171 Consule
1527 5116 1792 5184 Quaestio-

203 5206 288 5247 nes
308 5192 606 5247 Hebraicas
641 5189 693 5242 in
724 5187 927 5244 Genes.
959 5189 1068 5243 col.
1100 5186 1228 5244 506.
1259 5187 1528 5243 Murrum.

260 5292 329 5304 —
356 5262 495 5318 Vide
523 5259 872 5328 Quaestiones
911 5261 965 5315 in
996 5260 1198 5316 Genes.
1242 5267 1376 5313 tom.
1405 5275 1493 5320 tu,
1524 5274 1647 5330 pag.
1680 5259 1788 5316 5‘26

201 5344 246 5388 et
270 5335 394 5398 534,
423 5341 480 5387 et
506 5347 627 5402 quae
660 5333 730 5386 ibi
761 5334 1146 5387 annotavimus
1175 5349 1188 5384 :
1223 5330 1419 5386 Libros
1445 5346 1661 5401 quoque
1682 5331 1791 5386 No-

199 5407 390 5461 minum
425 5404 849 5460 Hebraicorttm.
875 5404 932 5459 In
966 5403 1256 5475 Epitaphio
1287 5403 1471 5475 Paulae
1493 5403 1677 5474 Segor,
1708 5405 1790 5459 in-

196 5479 320 5546 quit,
351 5476 571 5548 uitulam
596 5483 1006 5548 conternantem,
1027 5473 1147 5548 quae
1168 5476 1314 5548 prius
1333 5473 1469 5530 Bala
1488 5473 1785 5543 voeabatur,

194 5545 235 5620 et
262 5550 310 5603 in
339 5545 593 5615 Zoaram,
625 5547 680 5601 id
708 5558 804 5618 cst,
840 5545 1114 5620 parvulam
1163 5545 1302 5620 Syro
1347 5563 1579 5603 sermone
1619 5555 1791 5602 trans-

197 5619 292 5730 l“:
317 5630 720 5748 ἳῖἓηῖιῗίιιᾶυῐη
769 5691 1078 5750 instaurare
1106 5691 1292 5749 conati
1339 5699 1466 5748 sunt
1504 5689 1654 5748 docti
1685 5690 1790 5748 viri

199 5766 515 5822 sententiam
547 5763 618 5821 de
649 5763 844 5820 incolis
896 5765 1096 5822 montis
1125 5765 1271 5822 Oreb
1309 5779 1410 5838 pro
1437 5763 1654 5835 corvis,
1697 5763 1791 5838 qui

702 5859 982 5924 Panos“
1019 5859 1260 5926 XXIV.

1927 1916 2049 1956 nent
2077 1901 2182 1956 erit
2210 1903 2472 1958 visitatio.
2495 1903 2874 1960 Visitationem
2899 1905 2985 1960 hic
3013 1920 3119 1960 non
3151 1921 3250 1976 pro
3272 1908 3539 1978 remedio,

1924 1993 2018 2049 sed
2049 2009 2152 2066 pro
2180 1995 2337 2066 plaga
2384 1997 2592 2068 accipe.
2634 1995 2869 2052 Visitabo
2892 2041 2907 2066 ,
2942 1998 3153 2068 inquit,
3186 2000 3241 2052 in
3266 2001 3414 2071 virga
3440 2001 3544 2055 ini-

1922 2088 2144 2157 quitates
2171 2105 2370 2155 eorum,
2405 2099 2452 2144 et
2498 2091 2558 2144 in
2602 2090 2896 2145 verberibus
2947 2103 3156 2162 peccata
3203 2109 3382 2149 eorum
3417 2091 3539 2164 (Ps.

1923 2196 2194 2249 Lxxxvm,
2221 2183 2341 2252 55).
2368 2181 2695 2239 Torrentem
2728 2185 2980 2251 salicum,
3011 2184 3326 2256 Babyloniae
3349 2186 3540 2257 accipe

1920 2272 2168 2339 ﬂumina,
2200 2273 2270 2330 de
2297 2274 2494 2345 quibus
2525 2275 2720 2340 David,
2754 2275 2819 2329 In
2846 2276 3093 2330 salicibus
3133 2277 3188 2330 in
3221 2278 3394 2332 medio
3423 2280 3543 2348 ejus

1918 2367 2279 2438 suspendimus
2321 2385 2522 2440 organa
2565 2379 2744 2424 nostra
2793 2369 2914 2443 (Ps.
2966 2386 3163 2426 cum
3190 2415 3205 2438 ,
3251 2371 3310 2444 2)
3356 2390 3368 2425 :
3423 2373 3542 2428 sive

1918 2461 2114 2517 vallem
2144 2459 2383 2528 Arabiae,
2415 2478 2514 2533 per
2541 2479 2705 2532 quam
2747 2463 2992 2534 pergitur
3021 2463 3087 2518 ad
3118 2464 3399 2536 Assyrios.

1989 2554 2170 2626 (Vers.
2239 2554 2323 2627 8.)
2391 2554 2655 2622 Quoniam
2709 2555 2945 2608 circutbit
3012 2556 3210 2610 clamor
3260 2558 3540 2613 terminum

1917 2647 2100 2718 Moab,
2132 2665 2294 2719 usque
2343 2649 2413 2701 ad
2441 2648 2672 2721 Agallim
2701 2647 2934 2703 ululatus
2982 2652 3117 2720 ejus,
3174 2660 3223 2702 et
3266 2667 3429 2721 usque
3467 2650 3538 2705 ad

1913 2754 2125 2813 puteum
2153 2741 2301 2796 Elim
2339 2743 2537 2796 clamor
2575 2743 2712 2812 ejus.
2744 2741 2948 2798 Eadem
2999 2758 3171 2814 prope
3218 2746 3437 2812 omnia,
3483 2754 3542 2802 et

1911 2832 2184 2890 Jeremias
2230 2834 2450 2890 scribit.
2486 2833 2625 2890 Sunt
2654 2843 2834 2890 autem
2866 2835 3048 2903 urbes,
3080 2846 3134 2892 et
3163 2837 3279 2892 loca
3326 2838 3534 2894 Μοθω-

1915 2937 2114 2994 tarum,
2157 2927 2214 2983 in
2239 2928 2437 2999 quibus
2467 2929 2698 2997 clamor,
2732 2938 2788 2985 et
2838 2928 3064 3000 ejulatio
3094 2932 3294 3001 captivi
3343 2935 3529 3005 porsuli

1912 3021 2268 3078 describitur.

1986 3114 2168 3186 (Vers.
2195 3114 2280 3185 9.)
2309 3113 2448 3182 Quia
2478 3131 2628 3185 aqua:
2653 3113 2824 3170 Dibon
2851 3117 3063 3189 repleta:
3092 3129 3212 3174 sunt
3246 3123 3519 3193 sanguine.

1909 3210 2014 3268 Ubi
2044 3211 2199 3282 prius
2227 3220 2344 3266 erat
2391 3211 2603 3266 luxuria
2661 3222 2884 3283 propter
2934 3214 3174 3286 irriguos
3223 3229 3381 3287 agros
3409 3258 3425 3281 ,
3470 3225 3527 3272 et

1906 3305 2300 3378 fontesjugiter
2313 3314 2654 3372 emanantes,
2670 3305 2746 3360 ibi
2773 3322 2882 3375 prae
2900 3308 3521 3367 multitudineinterlec—

1907 3408 2088 3457 torum
2118 3399 2221 3456 rivi
2255 3401 2534 3471 sanguinis
2562 3400 2754 3456 liuent.

1979 3493 2186 3548 Panum
2215 3494 2350 3548 enim
2381 3511 2534 3567 super
2567 3505 2590 3534 ο
2623 3493 2794 3550 Dibon
2821 3496 3175 3552 additamenta
3205 3498 3284 3554 his
3309 3501 3398 3572 qui
3428 3502 3516 3571 fu-

1904 3588 2072 3660 gerint
2111 3587 2176 3643 de
2206 3587 2364 3643 Moab
2411 3590 2646 3656 leonem,
2692 3598 2741 3644 et
2789 3589 3023 3660 reliquiis
3068 3600 3236 3646 terrea.
3287 3591 3366 3648 Ne
3395 3593 3522 3662 quis

1903 3679 2201 3752 Scriptoris
2230 3680 2421 3737 vitium
2458 3689 2642 3752 putet,
2685 3690 2743 3738 et
2771 3697 3013 3738 errorem
3057 3684 3354 3740 emendare
3385 3686 3516 3744 dum

1903 3774 2052 3842 vult,
2085 3773 2283 3842 faciat,
2337 3789 2443 3830 una
2474 3773 2606 3829 urbs
2635 3781 2691 3828 et
2721 3789 2817 3844 per
2850 3774 2929 3841 Μ,
2961 3784 3014 3830 et
3047 3790 3145 3844 per
3172 3775 3238 3841 B,
3275 3775 3511 3832 litteram

1901 3866 2159 3923 scribitur
2185 3885 2198 3921 :
2224 3867 2268 3922 E
2291 3867 2487 3938 quibus
2508 3867 2724 3932 Dimon,
2751 3867 3018 3921 silentium
3047 3865 3508 3937 interpretantur;

1900 3960 2100 4027 Dibon,
2132 3961 2321 4030 ﬂuens.
2356 3959 2534 4016 Indito
2565 3969 2794 4030 utroque
2825 3960 3048 4016 nomine
3076 3970 3301 4031 propter
3322 3962 3511 4019 latices

1900 4052 1994 4125 qui
2029 4052 2189 4108 tacite
2217 4053 2412 4120 ﬂuant,
2435 4069 2610 4124 usque
2632 4053 2797 4110 hodie
2819 4053 3194 4111 indiﬂ'erenter
3230 4065 3282 4112 et
3312 4053 3510 4114 Dimon

1898 4157 1954 4206 et
1983 4147 2161 4204 Dibon
2191 4147 2295 4204 hoc
2344 4148 2660 4218 oppidulum
2709 4147 2930 4204 dicitur.
2967 4148 3120 4217 Quod
3150 4157 3332 4205 autem
3382 4151 3454 4206 ait
3489 4167 3506 4206 :

1904 4243 2106 4300 Ponam
2142 4261 2300 4316 super
2330 4242 2505 4298 Dibon
2532 4243 2910 4310 additamenta,
2947 4252 3003 4300 et
3030 4246 3389 4316 quaestionem
3421 4247 3500 4303 fa-

1897 4354 2025 4397 cere
2054 4338 2360 4405 videbatur,
2398 4339 2526 4410 quid
2577 4345 2754 4407 esset,
2805 4341 3056 4410 sequenti
3086 4341 3358 4397 versiculo
3409 4342 3506 4400 de-

1895 4432 2222 4490 monstravit
2250 4431 2436 4489 dicens
2463 4449 2477 4486 :
2503 4431 2605 4487 His
2632 4434 2720 4504 qui
2748 4435 2975 4504 fugerint
3001 4433 3066 4488 de
3089 4433 3246 4489 Moab
3278 4435 3501 4505 leonem,

1896 4539 1947 4586 et
1976 4529 2207 4601 reliquiis
2235 4536 2384 4584 terra:
2415 4543 2435 4583 :
2460 4536 2521 4585 ut
2551 4529 2714 4584 etiam
2737 4528 2830 4599 qui
2851 4527 2975 4600 luga
3000 4528 3138 4600 lapsi
3162 4536 3310 4597 sunt,
3334 4547 3363 4586 a
3386 4530 3504 4588 bes-

1898 4629 1988 4684 tiis
2035 4632 2444 4684 consumantur.
2476 4624 2813 4696 Quamquam
2865 4633 2920 4679 et
2971 4639 3069 4694 per
3122 4624 3501 4694 metaphoram

1897 4720 2148 4786 leonem,
2198 4733 2388 4791 regem
2437 4716 2678 4774 hostium
2725 4729 3016 4788 possumus
3066 4717 3408 4788 intelligere,
3443 4728 3506 4776 ut

1899 4813 2198 4884 potentiam
2231 4811 2350 4882 ejus
2380 4809 2534 4881 quasi
2567 4809 2804 4879 rugitum
2853 4823 3015 4864 nemo
3044 4810 3216 4878 possit
3246 4810 3500 4868 evadere.

1971 4905 2130 4975 (Cap.
2161 4901 2302 4958 XVI.
2351 4929 2422 4943 ——
2450 4899 2608 4956 Vers.
2644 4899 2724 4970 1.)
2756 4897 2950 4954 Emitte
2995 4899 3232 4973 Agnum,
3263 4903 3503 4958 domina-

1900 5009 2062 5056 torem
2089 5009 2268 5067 terrm,
2303 4999 2366 5052 de
2414 5006 2562 5066 petra
2604 4995 2796 5050 deserti
2825 4995 2896 5050 ad
2925 5005 3150 5050 montem
3183 4997 3313 5067 [ilite
3343 4997 3496 5054 Sion.

1901 5116 2032 5172 Eliae
2076 5114 2417 5186 praebuerint
2443 5112 2723 5169 alimenta.
2759 5112 2959 5186 verum
3007 5112 3098 5186 illa
3131 5113 3329 5168 nedum
3360 5115 3504 5168 anti-

1898 5184 2178 5260 quissimae
2205 5184 2546 5260 rTraditioni,
2579 5185 2854 5260 contraria
2889 5194 2971 5237 est
3018 5185 3179 5260 etiam
3231 5186 3396 5260 obvio
3431 5199 3500 5241 ac

1896 5256 2078 5316 nativo
2098 5258 2394 5327 Scriptura:
2420 5257 2631 5322 sensui,
2654 5272 2773 5327 quae
2793 5260 3000 5316 D'ln‘t'lY
3022 5256 3285 5310 vocabulo
3303 5271 3500 5327 corvos

1900 5346 2048 5400 aves,
2073 5347 2179 5387 non
2209 5325 2457 5385 homines
2479 5325 2794 5385 constanter
2817 5328 3014 5398 ubique
3036 5327 3294 5400 appellat.
3317 5325 3499 5400 adde,

1895 5420 2003 5460 non
2028 5395 2086 5460 in
2109 5411 2294 5458 monte
2315 5400 2482 5467 Oreb,
2513 5400 2608 5456 sed
2633 5401 2786 5470 juxta
2819 5395 3292 5470 torrentemCt-ith
3323 5397 3497 5470 Etiam

1894 5476 2065 5533 fuisse
2095 5475 2386 5540 nutritum;
2437 5487 2540 5529 nec
2569 5467 2940 5542 po'sse,,quod
2989 5467 3500 5542 suspicari__videtur

1895 5547 2259 5620 Hieronymus
2279 5537 2443 5620 ,‘ul'lo
2455 5537 2633 5620 modo
2661 5537 2858 5599 Arabes
2902 5555 3001 5610 pro
3024 5538 3201 5594 corvis
3227 5537 3340 5594 illis
3361 5580 3376 5608 ,
3407 5550 3502 5598 aut

1893 5618 2269 5694 accolis’Oreb
2299 5618 2547 5694 intelligi.
2567 5687 2583 5694 _
2779 5686 2794 5694 _
2877 5684 2908 5694 ν,
3218 5681 3232 5694 .

1970 5702 1992 5732 ο
2023 5693 2081 5749 In
2107 5691 2272 5748 vatic.
2306 5684 2522 5760 Dimon,
2551 5687 2620 5746 de
2645 5701 2750 5757 qua
2778 5684 3018 5743 lectione
3051 5695 3177 5740 mox
3217 5684 3336 5756 ipse
3375 5684 3502 5746 Hie-

1894 5778 2157 5839 ronymus
2184 5761 2426 5821 disserit.
