  <div class='ocr_page' id='page_1' title='image "/cluster/home/n/w/nwhite01/storage/ocr_20150623/24/hvd.32044015471386/092.png"; bbox 0 0 4052 6438; ppageno 0'>
   <div class='ocr_carea' id='block_1_1' title="bbox 169 336 255 395">
    <p class='ocr_par' dir='ltr' id='par_1_1' title="bbox 169 336 255 395">
     <span class='ocr_line' id='line_1_1' title="bbox 169 336 255 395; baseline -0.023 -1"><span class='ocrx_word' id='word_1_1' title='bbox 169 336 255 395; x_wconf 70' lang='grc' dir='ltr'><strong>ΗΞ</strong></span> 
     </span>
    </p>
   </div>
   <div class='ocr_carea' id='block_1_2' title="bbox 679 329 2875 400">
    <p class='ocr_par' dir='ltr' id='par_1_2' title="bbox 679 329 2875 400">
     <span class='ocr_line' id='line_1_2' title="bbox 679 329 2875 400; baseline 0.003 -7"><span class='ocrx_word' id='word_1_2' title='bbox 679 329 1336 396; x_wconf 78' lang='lat' dir='ltr'><strong>COMMENTARIOBUM</strong></span> <span class='ocrx_word' id='word_1_3' title='bbox 1376 334 1445 395; x_wconf 79' lang='lat' dir='ltr'><strong>IN</strong></span> <span class='ocrx_word' id='word_1_4' title='bbox 1482 333 1721 396; x_wconf 65' lang='lat' dir='ltr'><strong>ISAIAH</strong></span> <span class='ocrx_word' id='word_1_5' title='bbox 1758 334 2184 397; x_wconf 78' lang='lat' dir='ltr'><strong>PROPHETAM</strong></span> <span class='ocrx_word' id='word_1_6' title='bbox 2224 337 2357 397; x_wconf 87' lang='lat' dir='ltr'><strong>LIB.</strong></span> <span class='ocrx_word' id='word_1_7' title='bbox 2398 339 2465 398; x_wconf 84' lang='lat' dir='ltr'><strong>V.</strong></span> <span class='ocrx_word' id='word_1_8' title='bbox 2505 339 2663 400; x_wconf 85' lang='lat' dir='ltr'><strong>CAP.</strong></span> <span class='ocrx_word' id='word_1_9' title='bbox 2707 338 2875 399; x_wconf 75' lang='lat' dir='ltr'><strong>XVII.</strong></span> 
     </span>
    </p>
   </div>
   <div class='ocr_carea' id='block_1_3' title="bbox 3328 338 3439 401">
    <p class='ocr_par' dir='ltr' id='par_1_3' title="bbox 3328 338 3439 401">
     <span class='ocr_line' id='line_1_3' title="bbox 3328 338 3439 401; baseline -0.009 -1"><span class='ocrx_word' id='word_1_10' title='bbox 3328 338 3439 401; x_wconf 67' lang='grc'><strong>174</strong></span> 
     </span>
    </p>
   </div>
   <div class='ocr_carea' id='block_1_4' title="bbox 165 445 3441 530">
    <p class='ocr_par' dir='ltr' id='par_1_4' title="bbox 165 445 3441 530">
     <span class='ocr_line' id='line_1_4' title="bbox 165 445 3441 530; baseline 0.003 -25"><span class='ocrx_word' id='word_1_11' title='bbox 165 460 347 505; x_wconf 81' lang='lat' dir='ltr'><strong>onmem</strong></span> <span class='ocrx_word' id='word_1_12' title='bbox 371 445 638 516; x_wconf 67' lang='lat' dir='ltr'><strong>lrctitiam,</strong></span> <span class='ocrx_word' id='word_1_13' title='bbox 680 455 736 505; x_wconf 92' lang='lat' dir='ltr'><strong>et</strong></span> <span class='ocrx_word' id='word_1_14' title='bbox 762 447 1101 506; x_wconf 72' lang='lat' dir='ltr'><strong>fertilitatem</strong></span> <span class='ocrx_word' id='word_1_15' title='bbox 1134 448 1203 506; x_wconf 88' lang='lat' dir='ltr'><strong>de</strong></span> <span class='ocrx_word' id='word_1_16' title='bbox 1229 448 1527 507; x_wconf 79' lang='lat' dir='ltr'><strong>uberrimis</strong></span> <span class='ocrx_word' id='word_1_17' title='bbox 1556 464 1732 521; x_wconf 90' lang='lat' dir='ltr'><strong>quon-</strong></span> <span class='ocrx_word' id='word_1_18' title='bbox 1757 460 1809 522; x_wconf 75' lang='grc' dir='ltr'>Α</span> <span class='ocrx_word' id='word_1_19' title='bbox 1834 460 2009 519; x_wconf 88' lang='lat' dir='ltr'><strong>erunt,</strong></span> <span class='ocrx_word' id='word_1_20' title='bbox 2039 451 2167 506; x_wconf 85' lang='lat' dir='ltr'><strong>dicit</strong></span> <span class='ocrx_word' id='word_1_21' title='bbox 2197 450 2455 508; x_wconf 76' lang='lat' dir='ltr'><strong>Dominus</strong></span> <span class='ocrx_word' id='word_1_22' title='bbox 2484 456 2823 513; x_wconf 70' lang='lat' dir='ltr'><strong>exercituum.</strong></span> <span class='ocrx_word' id='word_1_23' title='bbox 2852 454 2984 513; x_wconf 84' lang='lat' dir='ltr'><strong>Post</strong></span> <span class='ocrx_word' id='word_1_24' title='bbox 3016 454 3355 530; x_wconf 81' lang='lat' dir='ltr'><strong>Babylonem</strong></span> <span class='ocrx_word' id='word_1_25' title='bbox 3382 470 3441 515; x_wconf 86' lang='lat' dir='ltr'><strong>et</strong></span> 
     </span>
    </p>
   </div>
   <div class='ocr_carea' id='block_1_5' title="bbox 167 541 923 600">
    <p class='ocr_par' dir='ltr' id='par_1_5' title="bbox 167 541 923 600">
     <span class='ocr_line' id='line_1_5' title="bbox 167 541 923 600; baseline -0.005 0"><span class='ocrx_word' id='word_1_26' title='bbox 167 544 263 600; x_wconf 89' lang='lat' dir='ltr'><strong>dam</strong></span> <span class='ocrx_word' id='word_1_27' title='bbox 293 542 515 598; x_wconf 84' lang='lat' dir='ltr'><strong>urbibus</strong></span> <span class='ocrx_word' id='word_1_28' title='bbox 545 541 923 599; x_wconf 76' lang='lat' dir='ltr'><strong>auferendum.</strong></span> 
     </span>
    </p>
   </div>
   <div class='ocr_carea' id='block_1_6' title="bbox 219 634 1734 712">
    <p class='ocr_par' dir='ltr' id='par_1_6' title="bbox 219 634 1734 712">
     <span class='ocr_line' id='line_1_6' title="bbox 219 634 1734 712; baseline 0.001 -21"><span class='ocrx_word' id='word_1_29' title='bbox 219 634 277 691; x_wconf 88' lang='lat' dir='ltr'><strong>Et</strong></span> <span class='ocrx_word' id='word_1_30' title='bbox 304 637 353 690; x_wconf 85' lang='lat' dir='ltr'><strong>in</strong></span> <span class='ocrx_word' id='word_1_31' title='bbox 384 637 544 691; x_wconf 81' lang='lat' dir='ltr'><strong>vineis</strong></span> <span class='ocrx_word' id='word_1_32' title='bbox 574 653 677 692; x_wconf 81' lang='lat' dir='ltr'><strong>non</strong></span> <span class='ocrx_word' id='word_1_33' title='bbox 699 638 1000 705; x_wconf 58' lang='lat' dir='ltr'><strong>exsultabit,</strong></span> <span class='ocrx_word' id='word_1_34' title='bbox 1031 652 1195 708; x_wconf 79' lang='lat' dir='ltr'><strong>neque</strong></span> <span class='ocrx_word' id='word_1_35' title='bbox 1214 636 1487 712; x_wconf 84' lang='lat' dir='ltr'><strong>jubilabit.</strong></span> <span class='ocrx_word' id='word_1_36' title='bbox 1522 637 1734 696; x_wconf 84' lang='lat' dir='ltr'><strong>Subau—</strong></span> 
     </span>
    </p>
   </div>
   <div class='ocr_carea' id='block_1_7' title="bbox 164 730 1733 801">
    <p class='ocr_par' dir='ltr' id='par_1_7' title="bbox 164 730 1733 801">
     <span class='ocr_line' id='line_1_7' title="bbox 164 730 1733 801; baseline 0.001 -14"><span class='ocrx_word' id='word_1_37' title='bbox 164 731 283 787; x_wconf 88' lang='lat' dir='ltr'><strong>ditur</strong></span> <span class='ocrx_word' id='word_1_38' title='bbox 324 730 472 801; x_wconf 89' lang='lat' dir='ltr'><strong>prior</strong></span> <span class='ocrx_word' id='word_1_39' title='bbox 516 731 903 800; x_wconf 74' lang='lat' dir='ltr'><strong>vindemiator,</strong></span> <span class='ocrx_word' id='word_1_40' title='bbox 938 730 990 787; x_wconf 88' lang='lat' dir='ltr'><strong>id</strong></span> <span class='ocrx_word' id='word_1_41' title='bbox 1032 740 1136 801; x_wconf 88' lang='lat' dir='ltr'><strong>est,</strong></span> <span class='ocrx_word' id='word_1_42' title='bbox 1170 733 1395 789; x_wconf 90' lang='lat' dir='ltr'><strong>colonus</strong></span> <span class='ocrx_word' id='word_1_43' title='bbox 1425 731 1733 789; x_wconf 74' lang='lat' dir='ltr'><strong>Moabitidis</strong></span> 
     </span>
    </p>
   </div>
   <div class='ocr_carea' id='block_1_8' title="bbox 161 824 1263 899">
    <p class='ocr_par' dir='ltr' id='par_1_8' title="bbox 161 824 1263 899">
     <span class='ocr_line' id='line_1_8' title="bbox 161 824 1263 899; baseline 0.001 -19"><span class='ocrx_word' id='word_1_44' title='bbox 161 825 447 899; x_wconf 64' lang='lat' dir='ltr'><strong>provincias.</strong></span> <span class='ocrx_word' id='word_1_45' title='bbox 478 824 723 897; x_wconf 85' lang='lat' dir='ltr'><strong>Denique</strong></span> <span class='ocrx_word' id='word_1_46' title='bbox 767 827 953 882; x_wconf 89' lang='lat' dir='ltr'><strong>statim</strong></span> <span class='ocrx_word' id='word_1_47' title='bbox 988 826 1263 898; x_wconf 70' lang='lat' dir='ltr'><strong>subjecit:</strong></span> 
     </span>
    </p>
   </div>
   <div class='ocr_carea' id='block_1_9' title="bbox 226 917 1735 993">
    <p class='ocr_par' dir='ltr' id='par_1_9' title="bbox 226 917 1735 993">
     <span class='ocr_line' id='line_1_9' title="bbox 226 917 1735 993; baseline 0.003 -20"><span class='ocrx_word' id='word_1_48' title='bbox 226 917 399 973; x_wconf 79' lang='lat' dir='ltr'><strong>Vinum</strong></span> <span class='ocrx_word' id='word_1_49' title='bbox 434 919 489 974; x_wconf 88' lang='lat' dir='ltr'><strong>in</strong></span> <span class='ocrx_word' id='word_1_50' title='bbox 513 919 758 975; x_wconf 86' lang='lat' dir='ltr'><strong>torculari</strong></span> <span class='ocrx_word' id='word_1_51' title='bbox 790 937 897 977; x_wconf 86' lang='lat' dir='ltr'><strong>non</strong></span> <span class='ocrx_word' id='word_1_52' title='bbox 919 921 1140 976; x_wconf 86' lang='lat' dir='ltr'><strong>calcabit</strong></span> <span class='ocrx_word' id='word_1_53' title='bbox 1166 923 1255 993; x_wconf 91' lang='lat' dir='ltr'><strong>qui</strong></span> <span class='ocrx_word' id='word_1_54' title='bbox 1284 921 1491 979; x_wconf 85' lang='lat' dir='ltr'><strong>calcare</strong></span> <span class='ocrx_word' id='word_1_55' title='bbox 1516 938 1735 982; x_wconf 85' lang='lat' dir='ltr'><strong>consue-</strong></span> 
     </span>
    </p>
   </div>
   <div class='ocr_carea' id='block_1_10' title="bbox 161 1011 1734 1088">
    <p class='ocr_par' dir='ltr' id='par_1_10' title="bbox 161 1011 1734 1088">
     <span class='ocr_line' id='line_1_10' title="bbox 161 1011 1734 1088; baseline 0.005 -22"><span class='ocrx_word' id='word_1_56' title='bbox 161 1021 312 1067; x_wconf 76' lang='lat' dir='ltr'><strong>verat:</strong></span> <span class='ocrx_word' id='word_1_57' title='bbox 341 1027 511 1068; x_wconf 86' lang='lat' dir='ltr'><strong>vocem</strong></span> <span class='ocrx_word' id='word_1_58' title='bbox 541 1011 855 1069; x_wconf 85' lang='lat' dir='ltr'><strong>calcantium</strong></span> <span class='ocrx_word' id='word_1_59' title='bbox 884 1015 1095 1070; x_wconf 75' lang='lat' dir='ltr'><strong>abstuli.</strong></span> <span class='ocrx_word' id='word_1_60' title='bbox 1128 1015 1482 1088; x_wconf 83' lang='lat' dir='ltr'><strong>Nequaquam</strong></span> <span class='ocrx_word' id='word_1_61' title='bbox 1517 1018 1572 1075; x_wconf 92' lang='lat' dir='ltr'><strong>in</strong></span> <span class='ocrx_word' id='word_1_62' title='bbox 1616 1019 1734 1074; x_wconf 89' lang='lat' dir='ltr'><strong>vin-</strong></span> 
     </span>
    </p>
   </div>
   <div class='ocr_carea' id='block_1_11' title="bbox 162 1105 1731 1180">
    <p class='ocr_par' dir='ltr' id='par_1_11' title="bbox 162 1105 1731 1180">
     <span class='ocr_line' id='line_1_11' title="bbox 162 1105 1731 1180; baseline 0.004 -19"><span class='ocrx_word' id='word_1_63' title='bbox 162 1105 312 1163; x_wconf 87' lang='lat' dir='ltr'><strong>demia</strong></span> <span class='ocrx_word' id='word_1_64' title='bbox 360 1106 518 1163; x_wconf 79' lang='lat' dir='ltr'><strong>lactus</strong></span> <span class='ocrx_word' id='word_1_65' title='bbox 562 1107 926 1165; x_wconf 86' lang='lat' dir='ltr'><strong>vindemiator</strong></span> <span class='ocrx_word' id='word_1_66' title='bbox 956 1119 983 1146; x_wconf 73' lang='grc'><strong>³</strong></span> <span class='ocrx_word' id='word_1_67' title='bbox 1024 1108 1283 1165; x_wconf 81' lang='lat' dir='ltr'><strong>celeuma</strong></span> <span class='ocrx_word' id='word_1_68' title='bbox 1322 1112 1586 1180; x_wconf 71' lang='lat' dir='ltr'><strong>cantabit,</strong></span> <span class='ocrx_word' id='word_1_69' title='bbox 1636 1111 1731 1168; x_wconf 86' lang='lat' dir='ltr'><strong>sed</strong></span> 
     </span>
    </p>
   </div>
   <div class='ocr_carea' id='block_1_12' title="bbox 160 1201 1731 1274">
    <p class='ocr_par' dir='ltr' id='par_1_12' title="bbox 160 1201 1731 1274">
     <span class='ocr_line' id='line_1_12' title="bbox 160 1201 1731 1274; baseline 0.003 -17"><span class='ocrx_word' id='word_1_70' title='bbox 160 1201 329 1274; x_wconf 86' lang='lat' dir='ltr'><strong>ubique</strong></span> <span class='ocrx_word' id='word_1_71' title='bbox 367 1201 585 1259; x_wconf 86' lang='lat' dir='ltr'><strong>hostilis</strong></span> <span class='ocrx_word' id='word_1_72' title='bbox 612 1204 858 1270; x_wconf 86' lang='lat' dir='ltr'><strong>vastitas,</strong></span> <span class='ocrx_word' id='word_1_73' title='bbox 891 1212 948 1260; x_wconf 88' lang='lat' dir='ltr'><strong>et</strong></span> <span class='ocrx_word' id='word_1_74' title='bbox 975 1205 1244 1261; x_wconf 89' lang='lat' dir='ltr'><strong>victorum</strong></span> <span class='ocrx_word' id='word_1_75' title='bbox 1275 1207 1479 1261; x_wconf 87' lang='lat' dir='ltr'><strong>orietur</strong></span> <span class='ocrx_word' id='word_1_76' title='bbox 1503 1206 1731 1261; x_wconf 89' lang='lat' dir='ltr'><strong>clamor.</strong></span> 
     </span>
    </p>
   </div>
   <div class='ocr_carea' id='block_1_13' title="bbox 216 1295 1734 1371">
    <p class='ocr_par' dir='ltr' id='par_1_13' title="bbox 216 1295 1734 1371">
     <span class='ocr_line' id='line_1_13' title="bbox 216 1295 1734 1371; baseline 0.003 -21"><span class='ocrx_word' id='word_1_77' title='bbox 216 1295 384 1367; x_wconf 79' lang='lat' dir='ltr'><strong>(Vcrs.</strong></span> <span class='ocrx_word' id='word_1_78' title='bbox 429 1296 547 1368; x_wconf 82' lang='grc' dir='ltr'><strong>Η.)</strong></span> <span class='ocrx_word' id='word_1_79' title='bbox 579 1296 755 1368; x_wconf 84' lang='lat' dir='ltr'><strong>Super</strong></span> <span class='ocrx_word' id='word_1_80' title='bbox 782 1297 879 1352; x_wconf 80' lang='lat' dir='ltr'><strong>hoc</strong></span> <span class='ocrx_word' id='word_1_81' title='bbox 915 1308 1085 1354; x_wconf 82' lang='lat' dir='ltr'><strong>venter</strong></span> <span class='ocrx_word' id='word_1_82' title='bbox 1115 1315 1257 1355; x_wconf 86' lang='lat' dir='ltr'><strong>meus</strong></span> <span class='ocrx_word' id='word_1_83' title='bbox 1286 1300 1356 1353; x_wconf 84' lang='lat' dir='ltr'><strong>ad</strong></span> <span class='ocrx_word' id='word_1_84' title='bbox 1386 1298 1542 1354; x_wconf 83' lang='lat' dir='ltr'><strong>Moab</strong></span> <span class='ocrx_word' id='word_1_85' title='bbox 1588 1299 1734 1371; x_wconf 81' lang='lat' dir='ltr'><strong>quasi</strong></span> 
     </span>
    </p>
   </div>
   <div class='ocr_carea' id='block_1_14' title="bbox 161 1389 1732 1457">
    <p class='ocr_par' dir='ltr' id='par_1_14' title="bbox 161 1389 1732 1457">
     <span class='ocr_line' id='line_1_14' title="bbox 161 1389 1732 1457; baseline 0.003 -12"><span class='ocrx_word' id='word_1_86' title='bbox 161 1389 331 1445; x_wconf 82' lang='lat' dir='ltr'><strong>cithara</strong></span> <span class='ocrx_word' id='word_1_87' title='bbox 358 1389 583 1457; x_wconf 84' lang='lat' dir='ltr'><strong>sonabit,</strong></span> <span class='ocrx_word' id='word_1_88' title='bbox 616 1401 664 1445; x_wconf 89' lang='lat' dir='ltr'><strong>et</strong></span> <span class='ocrx_word' id='word_1_89' title='bbox 687 1392 885 1447; x_wconf 86' lang='lat' dir='ltr'><strong>viscera</strong></span> <span class='ocrx_word' id='word_1_90' title='bbox 914 1408 1029 1448; x_wconf 87' lang='lat' dir='ltr'><strong>mea</strong></span> <span class='ocrx_word' id='word_1_91' title='bbox 1056 1392 1124 1446; x_wconf 84' lang='lat' dir='ltr'><strong>ad</strong></span> <span class='ocrx_word' id='word_1_92' title='bbox 1147 1409 1350 1449; x_wconf 83' lang='lat' dir='ltr'><strong>murum</strong></span> <span class='ocrx_word' id='word_1_93' title='bbox 1377 1395 1508 1449; x_wconf 86' lang='lat' dir='ltr'><strong>cocti</strong></span> <span class='ocrx_word' id='word_1_94' title='bbox 1530 1393 1732 1449; x_wconf 86' lang='lat' dir='ltr'><strong>lateris.</strong></span> 
     </span>
    </p>
   </div>
   <div class='ocr_carea' id='block_1_15' title="bbox 158 1478 1735 1555">
    <p class='ocr_par' dir='ltr' id='par_1_15' title="bbox 158 1478 1735 1555">
     <span class='ocr_line' id='line_1_15' title="bbox 158 1478 1735 1555; baseline 0.004 -18"><span class='ocrx_word' id='word_1_95' title='bbox 158 1478 222 1537; x_wconf 82' lang='lat' dir='ltr'><strong>Ne</strong></span> <span class='ocrx_word' id='word_1_96' title='bbox 243 1482 354 1553; x_wconf 87' lang='lat' dir='ltr'><strong>quis</strong></span> <span class='ocrx_word' id='word_1_97' title='bbox 370 1490 595 1551; x_wconf 79' lang='lat' dir='ltr'><strong>putaret</strong></span> <span class='ocrx_word' id='word_1_98' title='bbox 614 1484 894 1554; x_wconf 76' lang='lat' dir='ltr'><strong>planctum</strong></span> <span class='ocrx_word' id='word_1_99' title='bbox 920 1485 1211 1555; x_wconf 70' lang='lat' dir='ltr'><strong>Prophetas</strong></span> <span class='ocrx_word' id='word_1_100' title='bbox 1239 1487 1624 1543; x_wconf 85' lang='lat' dir='ltr'><strong>exsultationis</strong></span> <span class='ocrx_word' id='word_1_101' title='bbox 1646 1488 1735 1544; x_wconf 87' lang='lat' dir='ltr'><strong>in-</strong></span> 
     </span>
    </p>
   </div>
   <div class='ocr_carea' id='block_1_16' title="bbox 160 1574 1738 1655">
    <p class='ocr_par' dir='ltr' id='par_1_16' title="bbox 160 1574 1738 1655">
     <span class='ocr_line' id='line_1_16' title="bbox 160 1574 1738 1655; baseline 0.005 -24"><span class='ocrx_word' id='word_1_102' title='bbox 160 1574 357 1642; x_wconf 88' lang='lat' dir='ltr'><strong>dictum,</strong></span> <span class='ocrx_word' id='word_1_103' title='bbox 397 1592 497 1649; x_wconf 89' lang='lat' dir='ltr'><strong>per</strong></span> <span class='ocrx_word' id='word_1_104' title='bbox 544 1594 705 1650; x_wconf 88' lang='lat' dir='ltr'><strong>quam</strong></span> <span class='ocrx_word' id='word_1_105' title='bbox 750 1578 1001 1635; x_wconf 82' lang='lat' dir='ltr'><strong>inimicos</strong></span> <span class='ocrx_word' id='word_1_106' title='bbox 1036 1581 1215 1651; x_wconf 87' lang='lat' dir='ltr'><strong>pepuli</strong></span> <span class='ocrx_word' id='word_1_107' title='bbox 1261 1581 1429 1638; x_wconf 79' lang='lat' dir='ltr'><strong>Israel</strong></span> <span class='ocrx_word' id='word_1_108' title='bbox 1468 1582 1738 1655; x_wconf 83' lang='lat' dir='ltr'><strong>gauderet</strong></span> 
     </span>
    </p>
   </div>
   <div class='ocr_carea' id='block_1_17' title="bbox 161 1668 1734 1740">
    <p class='ocr_par' dir='ltr' id='par_1_17' title="bbox 161 1668 1734 1740">
     <span class='ocr_line' id='line_1_17' title="bbox 161 1668 1734 1740; baseline 0.004 -17"><span class='ocrx_word' id='word_1_109' title='bbox 161 1683 260 1724; x_wconf 87' lang='lat' dir='ltr'><strong>esse</strong></span> <span class='ocrx_word' id='word_1_110' title='bbox 281 1668 544 1739; x_wconf 85' lang='lat' dir='ltr'><strong>captivos,</strong></span> <span class='ocrx_word' id='word_1_111' title='bbox 570 1686 637 1726; x_wconf 88' lang='lat' dir='ltr'><strong>ex</strong></span> <span class='ocrx_word' id='word_1_112' title='bbox 665 1670 887 1740; x_wconf 81' lang='lat' dir='ltr'><strong>atl‘ectu,</strong></span> <span class='ocrx_word' id='word_1_113' title='bbox 919 1685 971 1729; x_wconf 89' lang='lat' dir='ltr'><strong>et</strong></span> <span class='ocrx_word' id='word_1_114' title='bbox 1001 1689 1067 1729; x_wconf 88' lang='lat' dir='ltr'><strong>ex</strong></span> <span class='ocrx_word' id='word_1_115' title='bbox 1096 1673 1289 1729; x_wconf 89' lang='lat' dir='ltr'><strong>intimo</strong></span> <span class='ocrx_word' id='word_1_116' title='bbox 1317 1674 1499 1731; x_wconf 88' lang='lat' dir='ltr'><strong>cordis</strong></span> <span class='ocrx_word' id='word_1_117' title='bbox 1524 1673 1734 1739; x_wconf 89' lang='lat' dir='ltr'><strong>dolore,</strong></span> 
     </span>
    </p>
   </div>
   <div class='ocr_carea' id='block_1_18' title="bbox 160 1764 1737 1839">
    <p class='ocr_par' dir='ltr' id='par_1_18' title="bbox 160 1764 1737 1839">
     <span class='ocr_line' id='line_1_18' title="bbox 160 1764 1737 1839; baseline 0.004 -21"><span class='ocrx_word' id='word_1_118' title='bbox 160 1770 205 1818; x_wconf 86' lang='lat' dir='ltr'><strong>et</strong></span> <span class='ocrx_word' id='word_1_119' title='bbox 226 1764 650 1833; x_wconf 88' lang='lat' dir='ltr'><strong>potentissimam</strong></span> <span class='ocrx_word' id='word_1_120' title='bbox 692 1766 966 1837; x_wconf 85' lang='lat' dir='ltr'><strong>quondam</strong></span> <span class='ocrx_word' id='word_1_121' title='bbox 1011 1768 1199 1824; x_wconf 86' lang='lat' dir='ltr'><strong>urbem</strong></span> <span class='ocrx_word' id='word_1_122' title='bbox 1230 1768 1515 1825; x_wconf 81' lang='lat' dir='ltr'><strong>subrutam</strong></span> <span class='ocrx_word' id='word_1_123' title='bbox 1544 1767 1737 1839; x_wconf 84' lang='lat' dir='ltr'><strong>lugere</strong></span> 
     </span>
    </p>
   </div>
   <div class='ocr_carea' id='block_1_19' title="bbox 161 1857 370 1914">
    <p class='ocr_par' dir='ltr' id='par_1_19' title="bbox 161 1857 370 1914">
     <span class='ocr_line' id='line_1_19' title="bbox 161 1857 370 1914; baseline -0.005 -1"><span class='ocrx_word' id='word_1_124' title='bbox 161 1872 209 1913; x_wconf 85' lang='lat' dir='ltr'><strong>se</strong></span> <span class='ocrx_word' id='word_1_125' title='bbox 228 1857 370 1914; x_wconf 91' lang='lat' dir='ltr'><strong>dicit.</strong></span> 
     </span>
    </p>
   </div>
   <div class='ocr_carea' id='block_1_20' title="bbox 219 1951 1737 2029">
    <p class='ocr_par' dir='ltr' id='par_1_20' title="bbox 219 1951 1737 2029">
     <span class='ocr_line' id='line_1_20' title="bbox 219 1951 1737 2029; baseline 0.007 -24"><span class='ocrx_word' id='word_1_126' title='bbox 219 1951 385 2021; x_wconf 67' lang='lat' dir='ltr'><strong>(Vera.</strong></span> <span class='ocrx_word' id='word_1_127' title='bbox 418 1951 535 2026; x_wconf 76' lang='grc'><strong>12.)</strong></span> <span class='ocrx_word' id='word_1_128' title='bbox 570 1953 634 2009; x_wconf 83' lang='lat' dir='ltr'><strong>Et</strong></span> <span class='ocrx_word' id='word_1_129' title='bbox 666 1955 786 2020; x_wconf 88' lang='lat' dir='ltr'><strong>erit,</strong></span> <span class='ocrx_word' id='word_1_130' title='bbox 821 1972 939 2011; x_wconf 89' lang='lat' dir='ltr'><strong>cum</strong></span> <span class='ocrx_word' id='word_1_131' title='bbox 968 1960 1271 2029; x_wconf 77' lang='lat' dir='ltr'><strong>apparuerit</strong></span> <span class='ocrx_word' id='word_1_132' title='bbox 1306 1960 1444 2029; x_wconf 90' lang='lat' dir='ltr'><strong>quod</strong></span> <span class='ocrx_word' id='word_1_133' title='bbox 1486 1959 1737 2015; x_wconf 85' lang='lat' dir='ltr'><strong>laboravit</strong></span> 
     </span>
    </p>
   </div>
   <div class='ocr_carea' id='block_1_21' title="bbox 163 2042 1734 2125">
    <p class='ocr_par' dir='ltr' id='par_1_21' title="bbox 163 2042 1734 2125">
     <span class='ocr_line' id='line_1_21' title="bbox 163 2042 1734 2125; baseline 0.01 -28"><span class='ocrx_word' id='word_1_134' title='bbox 163 2042 294 2099; x_wconf 76' lang='lat' dir='ltr'><strong>Moab</strong></span> <span class='ocrx_word' id='word_1_135' title='bbox 321 2062 477 2119; x_wconf 81' lang='lat' dir='ltr'><strong>super</strong></span> <span class='ocrx_word' id='word_1_136' title='bbox 514 2048 728 2103; x_wconf 66' lang='lat' dir='ltr'><strong>excelsis</strong></span> <span class='ocrx_word' id='word_1_137' title='bbox 767 2052 899 2117; x_wconf 88' lang='lat' dir='ltr'><strong>suis,</strong></span> <span class='ocrx_word' id='word_1_138' title='bbox 962 2050 1278 2125; x_wconf 77' lang='lat' dir='ltr'><strong>ingredietur</strong></span> <span class='ocrx_word' id='word_1_139' title='bbox 1312 2055 1384 2108; x_wconf 86' lang='lat' dir='ltr'><strong>ad</strong></span> <span class='ocrx_word' id='word_1_140' title='bbox 1412 2064 1590 2111; x_wconf 82' lang='lat' dir='ltr'><strong>sancta</strong></span> <span class='ocrx_word' id='word_1_141' title='bbox 1618 2071 1734 2121; x_wconf 78' lang='lat' dir='ltr'><strong>sua,</strong></span> 
     </span>
    </p>
   </div>
   <div class='ocr_carea' id='block_1_22' title="bbox 163 2138 1737 2213">
    <p class='ocr_par' dir='ltr' id='par_1_22' title="bbox 163 2138 1737 2213">
     <span class='ocr_line' id='line_1_22' title="bbox 163 2138 1737 2213; baseline 0.008 -24"><span class='ocrx_word' id='word_1_142' title='bbox 163 2146 206 2191; x_wconf 77' lang='lat' dir='ltr'><strong>ut</strong></span> <span class='ocrx_word' id='word_1_143' title='bbox 224 2138 456 2206; x_wconf 87' lang='lat' dir='ltr'><strong>obsecret,</strong></span> <span class='ocrx_word' id='word_1_144' title='bbox 482 2151 529 2196; x_wconf 86' lang='lat' dir='ltr'><strong>et</strong></span> <span class='ocrx_word' id='word_1_145' title='bbox 563 2158 663 2195; x_wconf 84' lang='lat' dir='ltr'><strong>non</strong></span> <span class='ocrx_word' id='word_1_146' title='bbox 694 2140 900 2196; x_wconf 87' lang='lat' dir='ltr'><strong>valebit.</strong></span> <span class='ocrx_word' id='word_1_147' title='bbox 932 2143 1132 2200; x_wconf 88' lang='lat' dir='ltr'><strong>Ultima</strong></span> <span class='ocrx_word' id='word_1_148' title='bbox 1165 2146 1383 2202; x_wconf 78' lang='lat' dir='ltr'><strong>miseria</strong></span> <span class='ocrx_word' id='word_1_149' title='bbox 1417 2155 1522 2213; x_wconf 88' lang='lat' dir='ltr'><strong>est,</strong></span> <span class='ocrx_word' id='word_1_150' title='bbox 1548 2163 1653 2203; x_wconf 86' lang='lat' dir='ltr'><strong>nec</strong></span> <span class='ocrx_word' id='word_1_151' title='bbox 1686 2148 1737 2202; x_wconf 86' lang='lat' dir='ltr'><strong>in</strong></span> 
     </span>
    </p>
   </div>
   <div class='ocr_carea' id='block_1_23' title="bbox 161 2228 1734 2305">
    <p class='ocr_par' dir='ltr' id='par_1_23' title="bbox 161 2228 1734 2305">
     <span class='ocr_line' id='line_1_23' title="bbox 161 2228 1734 2305; baseline 0.008 -22"><span class='ocrx_word' id='word_1_152' title='bbox 161 2228 249 2295; x_wconf 85' lang='lat' dir='ltr'><strong>bis,</strong></span> <span class='ocrx_word' id='word_1_153' title='bbox 295 2247 429 2302; x_wconf 88' lang='lat' dir='ltr'><strong>quos</strong></span> <span class='ocrx_word' id='word_1_154' title='bbox 476 2248 697 2304; x_wconf 85' lang='lat' dir='ltr'><strong>semper</strong></span> <span class='ocrx_word' id='word_1_155' title='bbox 730 2244 988 2292; x_wconf 88' lang='lat' dir='ltr'><strong>venerata</strong></span> <span class='ocrx_word' id='word_1_156' title='bbox 1021 2245 1126 2305; x_wconf 86' lang='lat' dir='ltr'><strong>est,</strong></span> <span class='ocrx_word' id='word_1_157' title='bbox 1157 2236 1361 2294; x_wconf 84' lang='lat' dir='ltr'><strong>habere</strong></span> <span class='ocrx_word' id='word_1_158' title='bbox 1408 2239 1734 2295; x_wconf 67' lang='lat' dir='ltr'><strong>subsidium.</strong></span> 
     </span>
    </p>
   </div>
   <div class='ocr_carea' id='block_1_24' title="bbox 164 2323 1743 2406">
    <p class='ocr_par' dir='ltr' id='par_1_24' title="bbox 164 2323 1743 2406">
     <span class='ocr_line' id='line_1_24' title="bbox 164 2323 1743 2406; baseline 0.007 -28"><span class='ocrx_word' id='word_1_159' title='bbox 164 2323 379 2390; x_wconf 86' lang='lat' dir='ltr'><strong>Deserta,</strong></span> <span class='ocrx_word' id='word_1_160' title='bbox 413 2327 609 2398; x_wconf 78' lang='lat' dir='ltr'><strong>inquit,</strong></span> <span class='ocrx_word' id='word_1_161' title='bbox 636 2328 845 2384; x_wconf 88' lang='lat' dir='ltr'><strong>viribus</strong></span> <span class='ocrx_word' id='word_1_162' title='bbox 880 2329 1010 2398; x_wconf 86' lang='lat' dir='ltr'><strong>tuis,</strong></span> <span class='ocrx_word' id='word_1_163' title='bbox 1043 2339 1100 2386; x_wconf 90' lang='lat' dir='ltr'><strong>et</strong></span> <span class='ocrx_word' id='word_1_164' title='bbox 1130 2332 1346 2387; x_wconf 86' lang='lat' dir='ltr'><strong>cunctis</strong></span> <span class='ocrx_word' id='word_1_165' title='bbox 1372 2342 1743 2406; x_wconf 84' lang='lat' dir='ltr'><strong>propugnato—</strong></span> 
     </span>
    </p>
   </div>
   <div class='ocr_carea' id='block_1_25' title="bbox 164 2419 1738 2496">
    <p class='ocr_par' dir='ltr' id='par_1_25' title="bbox 164 2419 1738 2496">
     <span class='ocr_line' id='line_1_25' title="bbox 164 2419 1738 2496; baseline 0.008 -24"><span class='ocrx_word' id='word_1_166' title='bbox 164 2419 289 2476; x_wconf 84' lang='lat' dir='ltr'><strong>ribus</strong></span> <span class='ocrx_word' id='word_1_167' title='bbox 316 2421 642 2491; x_wconf 75' lang='lat' dir='ltr'><strong>interfectis,</strong></span> <span class='ocrx_word' id='word_1_168' title='bbox 670 2439 864 2496; x_wconf 82' lang='lat' dir='ltr'><strong>perges</strong></span> <span class='ocrx_word' id='word_1_169' title='bbox 889 2425 955 2481; x_wconf 86' lang='lat' dir='ltr'><strong>ad</strong></span> <span class='ocrx_word' id='word_1_170' title='bbox 986 2425 1150 2495; x_wconf 87' lang='lat' dir='ltr'><strong>idola,</strong></span> <span class='ocrx_word' id='word_1_171' title='bbox 1182 2426 1407 2483; x_wconf 87' lang='lat' dir='ltr'><strong>delubra</strong></span> <span class='ocrx_word' id='word_1_172' title='bbox 1435 2427 1738 2484; x_wconf 84' lang='lat' dir='ltr'><strong>venerabe-</strong></span> 
     </span>
    </p>
   </div>
   <div class='ocr_carea' id='block_1_26' title="bbox 163 2513 1741 2594">
    <p class='ocr_par' dir='ltr' id='par_1_26' title="bbox 163 2513 1741 2594">
     <span class='ocr_line' id='line_1_26' title="bbox 163 2513 1741 2594; baseline 0.008 -27"><span class='ocrx_word' id='word_1_173' title='bbox 163 2513 245 2581; x_wconf 85' lang='lat' dir='ltr'><strong>ris,</strong></span> <span class='ocrx_word' id='word_1_174' title='bbox 278 2530 376 2571; x_wconf 87' lang='lat' dir='ltr'><strong>nec</strong></span> <span class='ocrx_word' id='word_1_175' title='bbox 406 2517 564 2590; x_wconf 73' lang='lat'><strong>192</strong></span> <span class='ocrx_word' id='word_1_176' title='bbox 598 2517 652 2572; x_wconf 91' lang='lat' dir='ltr'><strong>in</strong></span> <span class='ocrx_word' id='word_1_177' title='bbox 682 2516 793 2575; x_wconf 89' lang='lat' dir='ltr'><strong>illis</strong></span> <span class='ocrx_word' id='word_1_178' title='bbox 820 2520 1069 2590; x_wconf 87' lang='lat' dir='ltr'><strong>reperies</strong></span> <span class='ocrx_word' id='word_1_179' title='bbox 1097 2519 1381 2588; x_wconf 84' lang='lat' dir='ltr'><strong>auxilium,</strong></span> <span class='ocrx_word' id='word_1_180' title='bbox 1423 2519 1624 2594; x_wconf 84' lang='lat' dir='ltr'><strong>quibus</strong></span> <span class='ocrx_word' id='word_1_181' title='bbox 1649 2538 1741 2578; x_wconf 76' lang='lat' dir='ltr'><strong>va~</strong></span> 
     </span>
    </p>
   </div>
   <div class='ocr_carea' id='block_1_27' title="bbox 161 2606 1144 2670">
    <p class='ocr_par' dir='ltr' id='par_1_27' title="bbox 161 2606 1144 2670">
     <span class='ocr_line' id='line_1_27' title="bbox 161 2606 1144 2670; baseline 0.007 -10"><span class='ocrx_word' id='word_1_182' title='bbox 161 2606 293 2664; x_wconf 76' lang='lat' dir='ltr'><strong>Stitas</strong></span> <span class='ocrx_word' id='word_1_183' title='bbox 321 2618 500 2666; x_wconf 86' lang='lat' dir='ltr'><strong>tecum</strong></span> <span class='ocrx_word' id='word_1_184' title='bbox 531 2612 837 2668; x_wconf 82' lang='lat' dir='ltr'><strong>communis</strong></span> <span class='ocrx_word' id='word_1_185' title='bbox 865 2613 1144 2670; x_wconf 84' lang='lat' dir='ltr'><strong>adveniet.</strong></span> 
     </span>
    </p>
   </div>
   <div class='ocr_carea' id='block_1_28' title="bbox 222 2700 1745 2777">
    <p class='ocr_par' dir='ltr' id='par_1_28' title="bbox 222 2700 1745 2777">
     <span class='ocr_line' id='line_1_28' title="bbox 222 2700 1745 2777; baseline 0.004 -20"><span class='ocrx_word' id='word_1_186' title='bbox 222 2700 389 2772; x_wconf 80' lang='lat' dir='ltr'><strong>(Vers.</strong></span> <span class='ocrx_word' id='word_1_187' title='bbox 419 2702 536 2775; x_wconf 69' lang='lat'><strong>{3.)</strong></span> <span class='ocrx_word' id='word_1_188' title='bbox 567 2703 689 2759; x_wconf 88' lang='lat' dir='ltr'><strong>Hoc</strong></span> <span class='ocrx_word' id='word_1_189' title='bbox 714 2704 925 2760; x_wconf 81' lang='lat' dir='ltr'><strong>verbum</strong></span> <span class='ocrx_word' id='word_1_190' title='bbox 966 2705 1106 2777; x_wconf 85' lang='lat' dir='ltr'><strong>quod</strong></span> <span class='ocrx_word' id='word_1_191' title='bbox 1143 2707 1344 2762; x_wconf 85' lang='lat' dir='ltr'><strong>locutus</strong></span> <span class='ocrx_word' id='word_1_192' title='bbox 1376 2716 1449 2761; x_wconf 87' lang='lat' dir='ltr'><strong>est</strong></span> <span class='ocrx_word' id='word_1_193' title='bbox 1489 2707 1745 2763; x_wconf 68' lang='lat' dir='ltr'><strong>Dominus</strong></span> 
     </span>
    </p>
   </div>
   <div class='ocr_carea' id='block_1_29' title="bbox 167 2794 1744 2870">
    <p class='ocr_par' dir='ltr' id='par_1_29' title="bbox 167 2794 1744 2870">
     <span class='ocr_line' id='line_1_29' title="bbox 167 2794 1744 2870; baseline 0.007 -24"><span class='ocrx_word' id='word_1_194' title='bbox 167 2795 223 2847; x_wconf 82' lang='lat' dir='ltr'><strong>ad</strong></span> <span class='ocrx_word' id='word_1_195' title='bbox 256 2794 405 2851; x_wconf 74' lang='lat' dir='ltr'><strong>Moab</strong></span> <span class='ocrx_word' id='word_1_196' title='bbox 434 2812 502 2852; x_wconf 79' lang='lat' dir='ltr'><strong>ea:</strong></span> <span class='ocrx_word' id='word_1_197' title='bbox 531 2806 673 2851; x_wconf 88' lang='lat' dir='ltr'><strong>tunc.</strong></span> <span class='ocrx_word' id='word_1_198' title='bbox 707 2797 788 2853; x_wconf 85' lang='lat' dir='ltr'><strong>Ex</strong></span> <span class='ocrx_word' id='word_1_199' title='bbox 831 2814 940 2868; x_wconf 84' lang='lat' dir='ltr'><strong>quo</strong></span> <span class='ocrx_word' id='word_1_200' title='bbox 968 2807 1126 2869; x_wconf 86' lang='lat' dir='ltr'><strong>putas</strong></span> <span class='ocrx_word' id='word_1_201' title='bbox 1160 2800 1441 2870; x_wconf 90' lang='lat' dir='ltr'><strong>tempore?</strong></span> <span class='ocrx_word' id='word_1_202' title='bbox 1472 2800 1744 2857; x_wconf 77' lang='lat' dir='ltr'><strong>Videlicet</strong></span> 
     </span>
    </p>
   </div>
   <div class='ocr_carea' id='block_1_30' title="bbox 167 2892 1746 2960">
    <p class='ocr_par' dir='ltr' id='par_1_30' title="bbox 167 2892 1746 2960">
     <span class='ocr_line' id='line_1_30' title="bbox 167 2892 1746 2960; baseline 0.005 -19"><span class='ocrx_word' id='word_1_203' title='bbox 167 2901 224 2941; x_wconf 86' lang='lat' dir='ltr'><strong>ex</strong></span> <span class='ocrx_word' id='word_1_204' title='bbox 249 2904 328 2957; x_wconf 91' lang='lat' dir='ltr'><strong>eo,</strong></span> <span class='ocrx_word' id='word_1_205' title='bbox 356 2906 469 2960; x_wconf 90' lang='lat' dir='ltr'><strong>quo</strong></span> <span class='ocrx_word' id='word_1_206' title='bbox 492 2900 717 2947; x_wconf 84' lang='lat' dir='ltr'><strong>creatus</strong></span> <span class='ocrx_word' id='word_1_207' title='bbox 744 2898 830 2947; x_wconf 88' lang='lat' dir='ltr'><strong>est</strong></span> <span class='ocrx_word' id='word_1_208' title='bbox 852 2892 1030 2947; x_wconf 84' lang='lat' dir='ltr'><strong>Moab.</strong></span> <span class='ocrx_word' id='word_1_209' title='bbox 1066 2892 1134 2947; x_wconf 88' lang='lat' dir='ltr'><strong>Et</strong></span> <span class='ocrx_word' id='word_1_210' title='bbox 1162 2892 1423 2949; x_wconf 90' lang='lat' dir='ltr'><strong>Dominus</strong></span> <span class='ocrx_word' id='word_1_211' title='bbox 1449 2895 1565 2949; x_wconf 85' lang='lat' dir='ltr'><strong>ait:</strong></span> <span class='ocrx_word' id='word_1_212' title='bbox 1594 2893 1746 2949; x_wconf 82' lang='lat' dir='ltr'><strong>Moa-</strong></span> 
     </span>
    </p>
   </div>
   <div class='ocr_carea' id='block_1_31' title="bbox 166 2979 1747 3043">
    <p class='ocr_par' dir='ltr' id='par_1_31' title="bbox 166 2979 1747 3043">
     <span class='ocr_line' id='line_1_31' title="bbox 166 2979 1747 3043; baseline 0.006 -10"><span class='ocrx_word' id='word_1_213' title='bbox 166 2979 265 3037; x_wconf 73' lang='lat' dir='ltr'><strong>bitre</strong></span> <span class='ocrx_word' id='word_1_214' title='bbox 307 2994 352 3038; x_wconf 88' lang='lat' dir='ltr'><strong>et</strong></span> <span class='ocrx_word' id='word_1_215' title='bbox 397 2984 711 3041; x_wconf 77' lang='lat' dir='ltr'><strong>Ammonitte</strong></span> <span class='ocrx_word' id='word_1_216' title='bbox 754 3002 857 3041; x_wconf 85' lang='lat' dir='ltr'><strong>non</strong></span> <span class='ocrx_word' id='word_1_217' title='bbox 903 2986 1171 3041; x_wconf 87' lang='lat' dir='ltr'><strong>intrabunt</strong></span> <span class='ocrx_word' id='word_1_218' title='bbox 1210 2987 1265 3041; x_wconf 85' lang='lat' dir='ltr'><strong>in</strong></span> <span class='ocrx_word' id='word_1_219' title='bbox 1317 2986 1606 3043; x_wconf 75' lang='lat' dir='ltr'><strong>Ecclesium</strong></span> <span class='ocrx_word' id='word_1_220' title='bbox 1649 2986 1747 3042; x_wconf 86' lang='lat' dir='ltr'><strong>Dei</strong></span> 
     </span>
    </p>
   </div>
   <div class='ocr_carea' id='block_1_32' title="bbox 169 3072 1746 3150">
    <p class='ocr_par' dir='ltr' id='par_1_32' title="bbox 169 3072 1746 3150">
     <span class='ocr_line' id='line_1_32' title="bbox 169 3072 1746 3150; baseline 0.004 -22"><span class='ocrx_word' id='word_1_221' title='bbox 169 3072 326 3146; x_wconf 74' lang='lat' dir='ltr'><strong>(Deut.</strong></span> <span class='ocrx_word' id='word_1_222' title='bbox 358 3094 523 3148; x_wconf 66' lang='grc' dir='ltr'>χχιιι,</span> <span class='ocrx_word' id='word_1_223' title='bbox 566 3076 646 3150; x_wconf 66' lang='grc' dir='ltr'><strong>ὅ).</strong></span> <span class='ocrx_word' id='word_1_224' title='bbox 677 3078 806 3135; x_wconf 84' lang='lat' dir='ltr'><strong>Sive</strong></span> <span class='ocrx_word' id='word_1_225' title='bbox 833 3096 897 3135; x_wconf 79' lang='lat' dir='ltr'><strong>ea:</strong></span> <span class='ocrx_word' id='word_1_226' title='bbox 935 3088 1059 3135; x_wconf 85' lang='lat' dir='ltr'><strong>tunc</strong></span> <span class='ocrx_word' id='word_1_227' title='bbox 1098 3095 1201 3150; x_wconf 81' lang='lat' dir='ltr'><strong>pro</strong></span> <span class='ocrx_word' id='word_1_228' title='bbox 1245 3081 1469 3149; x_wconf 87' lang='lat' dir='ltr'><strong>antiquo</strong></span> <span class='ocrx_word' id='word_1_229' title='bbox 1501 3089 1746 3149; x_wconf 88' lang='lat' dir='ltr'><strong>tempore</strong></span> 
     </span>
    </p>
   </div>
   <div class='ocr_carea' id='block_1_33' title="bbox 167 3168 1745 3243">
    <p class='ocr_par' dir='ltr' id='par_1_33' title="bbox 167 3168 1745 3243">
     <span class='ocr_line' id='line_1_33' title="bbox 167 3168 1745 3243; baseline 0.003 -19"><span class='ocrx_word' id='word_1_230' title='bbox 167 3168 532 3243; x_wconf 85' lang='lat' dir='ltr'><strong>intelligamus,</strong></span> <span class='ocrx_word' id='word_1_231' title='bbox 556 3171 707 3242; x_wconf 87' lang='lat' dir='ltr'><strong>quod</strong></span> <span class='ocrx_word' id='word_1_232' title='bbox 730 3172 861 3229; x_wconf 90' lang='lat' dir='ltr'><strong>olim</strong></span> <span class='ocrx_word' id='word_1_233' title='bbox 886 3173 1068 3230; x_wconf 88' lang='lat' dir='ltr'><strong>divina</strong></span> <span class='ocrx_word' id='word_1_234' title='bbox 1095 3175 1372 3231; x_wconf 83' lang='lat' dir='ltr'><strong>sententia</strong></span> <span class='ocrx_word' id='word_1_235' title='bbox 1401 3175 1502 3229; x_wconf 90' lang='lat' dir='ltr'><strong>ista</strong></span> <span class='ocrx_word' id='word_1_236' title='bbox 1524 3173 1745 3231; x_wconf 87' lang='lat' dir='ltr'><strong>decreta</strong></span> 
     </span>
    </p>
   </div>
   <div class='ocr_carea' id='block_1_34' title="bbox 1838 542 3437 619">
    <p class='ocr_par' dir='ltr' id='par_1_34' title="bbox 1838 542 3437 619">
     <span class='ocr_line' id='line_1_34' title="bbox 1838 542 3437 619; baseline 0.006 -21"><span class='ocrx_word' id='word_1_237' title='bbox 1838 542 2182 599; x_wconf 63' lang='lat' dir='ltr'><strong>Philisthmos</strong></span> <span class='ocrx_word' id='word_1_238' title='bbox 2226 553 2283 601; x_wconf 92' lang='lat' dir='ltr'><strong>et</strong></span> <span class='ocrx_word' id='word_1_239' title='bbox 2320 544 2500 614; x_wconf 85' lang='lat' dir='ltr'><strong>Moab,</strong></span> <span class='ocrx_word' id='word_1_240' title='bbox 2550 547 2617 602; x_wconf 87' lang='lat' dir='ltr'><strong>ad</strong></span> <span class='ocrx_word' id='word_1_241' title='bbox 2657 549 3001 615; x_wconf 84' lang='lat' dir='ltr'><strong>Damascum,</strong></span> <span class='ocrx_word' id='word_1_242' title='bbox 3034 548 3090 606; x_wconf 87' lang='lat' dir='ltr'><strong>id</strong></span> <span class='ocrx_word' id='word_1_243' title='bbox 3120 558 3225 619; x_wconf 87' lang='lat' dir='ltr'><strong>est,</strong></span> <span class='ocrx_word' id='word_1_244' title='bbox 3269 549 3437 607; x_wconf 84' lang='lat' dir='ltr'><strong>Aram</strong></span> 
     </span>
    </p>
   </div>
   <div class='ocr_carea' id='block_1_35' title="bbox 1835 639 3436 716">
    <p class='ocr_par' dir='ltr' id='par_1_35' title="bbox 1835 639 3436 716">
     <span class='ocr_line' id='line_1_35' title="bbox 1835 639 3436 716; baseline 0.004 -21"><span class='ocrx_word' id='word_1_245' title='bbox 1835 652 2017 695; x_wconf 80' lang='lat' dir='ltr'><strong>sermo</strong></span> <span class='ocrx_word' id='word_1_246' title='bbox 2045 639 2405 709; x_wconf 83' lang='lat' dir='ltr'><strong>convertitur,</strong></span> <span class='ocrx_word' id='word_1_247' title='bbox 2445 639 2473 679; x_wconf 68' lang='grc' dir='ltr'>δ</span> <span class='ocrx_word' id='word_1_248' title='bbox 2503 657 2623 713; x_wconf 74' lang='lat' dir='ltr'><strong>qua:</strong></span> <span class='ocrx_word' id='word_1_249' title='bbox 2662 651 2716 699; x_wconf 88' lang='lat' dir='ltr'><strong>et</strong></span> <span class='ocrx_word' id='word_1_250' title='bbox 2762 643 2881 713; x_wconf 85' lang='lat' dir='ltr'><strong>ipsa</strong></span> <span class='ocrx_word' id='word_1_251' title='bbox 2917 643 3119 716; x_wconf 75' lang='lat' dir='ltr'><strong>rogalis</strong></span> <span class='ocrx_word' id='word_1_252' title='bbox 3158 644 3436 716; x_wconf 89' lang='lat' dir='ltr'><strong>quondam</strong></span> 
     </span>
    </p>
   </div>
   <div class='ocr_carea' id='block_1_36' title="bbox 1835 732 3435 811">
    <p class='ocr_par' dir='ltr' id='par_1_36' title="bbox 1835 732 3435 811">
     <span class='ocr_line' id='line_1_36' title="bbox 1835 732 3435 811; baseline 0.003 -22"><span class='ocrx_word' id='word_1_253' title='bbox 1835 732 2030 790; x_wconf 88' lang='lat' dir='ltr'><strong>civitas</strong></span> <span class='ocrx_word' id='word_1_254' title='bbox 2077 734 2200 802; x_wconf 82' lang='lat' dir='ltr'><strong>fuit,</strong></span> <span class='ocrx_word' id='word_1_255' title='bbox 2233 744 2285 791; x_wconf 89' lang='lat' dir='ltr'><strong>et</strong></span> <span class='ocrx_word' id='word_1_256' title='bbox 2332 735 2385 792; x_wconf 90' lang='lat' dir='ltr'><strong>in</strong></span> <span class='ocrx_word' id='word_1_257' title='bbox 2428 736 2578 791; x_wconf 87' lang='lat' dir='ltr'><strong>onmi</strong></span> <span class='ocrx_word' id='word_1_258' title='bbox 2609 736 2765 809; x_wconf 87' lang='lat' dir='ltr'><strong>Syria</strong></span> <span class='ocrx_word' id='word_1_259' title='bbox 2799 738 2976 794; x_wconf 87' lang='lat' dir='ltr'><strong>tenuit</strong></span> <span class='ocrx_word' id='word_1_260' title='bbox 3018 739 3386 811; x_wconf 85' lang='lat' dir='ltr'><strong>principatum</strong></span> <span class='ocrx_word' id='word_1_261' title='bbox 3418 758 3435 793; x_wconf 86' lang='lat'><strong>:</strong></span> 
     </span>
    </p>
   </div>
   <div class='ocr_carea' id='block_1_37' title="bbox 1834 826 3437 905">
    <p class='ocr_par' dir='ltr' id='par_1_37' title="bbox 1834 826 3437 905">
     <span class='ocr_line' id='line_1_37' title="bbox 1834 826 3437 905; baseline 0.006 -23"><span class='ocrx_word' id='word_1_262' title='bbox 1834 826 2069 883; x_wconf 88' lang='lat' dir='ltr'><strong>necdum</strong></span> <span class='ocrx_word' id='word_1_263' title='bbox 2101 827 2362 885; x_wconf 85' lang='lat' dir='ltr'><strong>ﬂorebant</strong></span> <span class='ocrx_word' id='word_1_264' title='bbox 2400 829 2689 887; x_wconf 82' lang='lat' dir='ltr'><strong>Antiochia</strong></span> <span class='ocrx_word' id='word_1_265' title='bbox 2720 840 2772 888; x_wconf 90' lang='lat' dir='ltr'><strong>et</strong></span> <span class='ocrx_word' id='word_1_266' title='bbox 2813 830 3072 889; x_wconf 78' lang='lat' dir='ltr'><strong>Laodicia</strong></span> <span class='ocrx_word' id='word_1_267' title='bbox 3098 842 3155 889; x_wconf 86' lang='lat' dir='ltr'><strong>et</strong></span> <span class='ocrx_word' id='word_1_268' title='bbox 3182 832 3437 905; x_wconf 79' lang='lat' dir='ltr'><strong>Apamia,</strong></span> 
     </span>
    </p>
   </div>
   <div class='ocr_carea' id='block_1_38' title="bbox 1835 922 3440 999">
    <p class='ocr_par' dir='ltr' id='par_1_38' title="bbox 1835 922 3440 999">
     <span class='ocr_line' id='line_1_38' title="bbox 1835 922 3440 999; baseline 0.005 -23"><span class='ocrx_word' id='word_1_269' title='bbox 1835 935 1971 992; x_wconf 90' lang='lat' dir='ltr'><strong>quas</strong></span> <span class='ocrx_word' id='word_1_270' title='bbox 2000 922 2180 990; x_wconf 88' lang='lat' dir='ltr'><strong>urbes,</strong></span> <span class='ocrx_word' id='word_1_271' title='bbox 2216 932 2341 994; x_wconf 88' lang='lat' dir='ltr'><strong>post</strong></span> <span class='ocrx_word' id='word_1_272' title='bbox 2382 922 2753 982; x_wconf 81' lang='lat' dir='ltr'><strong>Alexandrum</strong></span> <span class='ocrx_word' id='word_1_273' title='bbox 2782 935 2837 982; x_wconf 87' lang='lat' dir='ltr'><strong>et</strong></span> <span class='ocrx_word' id='word_1_274' title='bbox 2865 925 3226 984; x_wconf 84' lang='lat' dir='ltr'><strong>Macedonum</strong></span> <span class='ocrx_word' id='word_1_275' title='bbox 3267 927 3440 999; x_wconf 80' lang='lat' dir='ltr'><strong>impe—</strong></span> 
     </span>
    </p>
   </div>
   <div class='ocr_carea' id='block_1_39' title="bbox 1836 1012 3441 1093">
    <p class='ocr_par' dir='ltr' id='par_1_39' title="bbox 1836 1012 3441 1093">
     <span class='ocr_line' id='line_1_39' title="bbox 1836 1012 3441 1093; baseline 0.007 -25"><span class='ocrx_word' id='word_1_276' title='bbox 1836 1012 2009 1083; x_wconf 89' lang='lat' dir='ltr'><strong>rium,</strong></span> <span class='ocrx_word' id='word_1_277' title='bbox 2048 1026 2238 1071; x_wconf 82' lang='lat' dir='ltr'><strong>auctas</strong></span> <span class='ocrx_word' id='word_1_278' title='bbox 2287 1032 2410 1073; x_wconf 90' lang='lat' dir='ltr'><strong>esse</strong></span> <span class='ocrx_word' id='word_1_279' title='bbox 2442 1019 2817 1091; x_wconf 77' lang='lat' dir='ltr'><strong>cognovimus.</strong></span> <span class='ocrx_word' id='word_1_280' title='bbox 2853 1021 2989 1090; x_wconf 83' lang='lat' dir='ltr'><strong>Quia</strong></span> <span class='ocrx_word' id='word_1_281' title='bbox 3014 1021 3187 1092; x_wconf 87' lang='lat' dir='ltr'><strong>igitur</strong></span> <span class='ocrx_word' id='word_1_282' title='bbox 3218 1037 3441 1093; x_wconf 75' lang='lat' dir='ltr'><strong>semper</strong></span> 
     </span>
    </p>
   </div>
   <div class='ocr_carea' id='block_1_40' title="bbox 1836 1104 3437 1184">
    <p class='ocr_par' dir='ltr' id='par_1_40' title="bbox 1836 1104 3437 1184">
     <span class='ocr_line' id='line_1_40' title="bbox 1836 1104 3437 1184; baseline 0.004 -22"><span class='ocrx_word' id='word_1_283' title='bbox 1836 1104 2027 1163; x_wconf 88' lang='lat' dir='ltr'><strong>decem</strong></span> <span class='ocrx_word' id='word_1_284' title='bbox 2075 1108 2322 1167; x_wconf 88' lang='lat' dir='ltr'><strong>tribubus</strong></span> <span class='ocrx_word' id='word_1_285' title='bbox 2366 1119 2559 1167; x_wconf 88' lang='lat' dir='ltr'><strong>contra</strong></span> <span class='ocrx_word' id='word_1_286' title='bbox 2605 1109 2801 1169; x_wconf 71' lang='lat' dir='ltr'><strong>ludam</strong></span> <span class='ocrx_word' id='word_1_287' title='bbox 2830 1112 3108 1184; x_wconf 71' lang='lat' dir='ltr'><strong>prtubebat</strong></span> <span class='ocrx_word' id='word_1_288' title='bbox 3148 1113 3437 1180; x_wconf 79' lang='lat' dir='ltr'><strong>auxilium,</strong></span> 
     </span>
    </p>
   </div>
   <div class='ocr_carea' id='block_1_41' title="bbox 1837 1200 3438 1274">
    <p class='ocr_par' dir='ltr' id='par_1_41' title="bbox 1837 1200 3438 1274">
     <span class='ocr_line' id='line_1_41' title="bbox 1837 1200 3438 1274; baseline 0.004 -19"><span class='ocrx_word' id='word_1_289' title='bbox 1837 1209 1897 1255; x_wconf 91' lang='lat' dir='ltr'><strong>ut</strong></span> <span class='ocrx_word' id='word_1_290' title='bbox 1923 1200 2132 1273; x_wconf 80' lang='lat' dir='ltr'><strong>Regum</strong></span> <span class='ocrx_word' id='word_1_291' title='bbox 2163 1211 2216 1258; x_wconf 91' lang='lat' dir='ltr'><strong>et</strong></span> <span class='ocrx_word' id='word_1_292' title='bbox 2254 1202 2706 1274; x_wconf 83' lang='lat' dir='ltr'><strong>Paralipomenon</strong></span> <span class='ocrx_word' id='word_1_293' title='bbox 2737 1214 2930 1262; x_wconf 86' lang='lat' dir='ltr'><strong>narrat</strong></span> <span class='ocrx_word' id='word_1_294' title='bbox 2964 1205 3194 1262; x_wconf 83' lang='lat' dir='ltr'><strong>historia</strong></span> <span class='ocrx_word' id='word_1_295' title='bbox 3225 1223 3239 1260; x_wconf 88' lang='lat'><strong>:</strong></span> <span class='ocrx_word' id='word_1_296' title='bbox 3266 1206 3438 1263; x_wconf 84' lang='lat' dir='ltr'><strong>etiam</strong></span> 
     </span>
    </p>
   </div>
   <div class='ocr_carea' id='block_1_42' title="bbox 1838 1294 3440 1374">
    <p class='ocr_par' dir='ltr' id='par_1_42' title="bbox 1838 1294 3440 1374">
     <span class='ocr_line' id='line_1_42' title="bbox 1838 1294 3440 1374; baseline 0.007 -27"><span class='ocrx_word' id='word_1_297' title='bbox 1838 1294 1971 1366; x_wconf 88' lang='lat' dir='ltr'><strong>ipsis</strong></span> <span class='ocrx_word' id='word_1_298' title='bbox 2021 1297 2333 1354; x_wconf 88' lang='lat' dir='ltr'><strong>vastitatem</strong></span> <span class='ocrx_word' id='word_1_299' title='bbox 2384 1299 2456 1355; x_wconf 87' lang='lat' dir='ltr'><strong>ab</strong></span> <span class='ocrx_word' id='word_1_300' title='bbox 2508 1300 2749 1371; x_wconf 82' lang='lat' dir='ltr'><strong>Assyriis</strong></span> <span class='ocrx_word' id='word_1_301' title='bbox 2798 1299 3239 1373; x_wconf 83' lang='lat' dir='ltr'><strong>appropinquare</strong></span> <span class='ocrx_word' id='word_1_302' title='bbox 3282 1301 3440 1374; x_wconf 73' lang='lat'><strong>193</strong></span> 
     </span>
    </p>
   </div>
   <div class='ocr_carea' id='block_1_43' title="bbox 1838 1388 3440 1467">
    <p class='ocr_par' dir='ltr' id='par_1_43' title="bbox 1838 1388 3440 1467">
     <span class='ocr_line' id='line_1_43' title="bbox 1838 1388 3440 1467; baseline 0.005 -25"><span class='ocrx_word' id='word_1_303' title='bbox 1838 1388 2128 1461; x_wconf 81' lang='lat' dir='ltr'><strong>signiﬁcat,</strong></span> <span class='ocrx_word' id='word_1_304' title='bbox 2159 1390 2376 1450; x_wconf 80' lang='lat' dir='ltr'><strong>dicente</strong></span> <span class='ocrx_word' id='word_1_305' title='bbox 2402 1408 2529 1467; x_wconf 83' lang='lat' dir='ltr'><strong>rege</strong></span> <span class='ocrx_word' id='word_1_306' title='bbox 2555 1393 2908 1466; x_wconf 78' lang='lat' dir='ltr'><strong>Assyriorum</strong></span> <span class='ocrx_word' id='word_1_307' title='bbox 2943 1414 2956 1450; x_wconf 94' lang='lat'>:</span> <span class='ocrx_word' id='word_1_308' title='bbox 2992 1395 3126 1467; x_wconf 89' lang='lat' dir='ltr'><strong>Cepi</strong></span> <span class='ocrx_word' id='word_1_309' title='bbox 3153 1395 3440 1464; x_wconf 79' lang='lat' dir='ltr'><strong>Arabiam,</strong></span> 
     </span>
    </p>
   </div>
   <div class='ocr_carea' id='block_1_44' title="bbox 1839 1482 3439 1559">
    <p class='ocr_par' dir='ltr' id='par_1_44' title="bbox 1839 1482 3439 1559">
     <span class='ocr_line' id='line_1_44' title="bbox 1839 1482 3439 1559; baseline 0.004 -22"><span class='ocrx_word' id='word_1_310' title='bbox 1839 1491 1893 1538; x_wconf 85' lang='lat' dir='ltr'><strong>et</strong></span> <span class='ocrx_word' id='word_1_311' title='bbox 1930 1482 2279 1553; x_wconf 87' lang='lat' dir='ltr'><strong>Damascum,</strong></span> <span class='ocrx_word' id='word_1_312' title='bbox 2313 1495 2367 1543; x_wconf 90' lang='lat' dir='ltr'><strong>et</strong></span> <span class='ocrx_word' id='word_1_313' title='bbox 2412 1487 2740 1544; x_wconf 84' lang='lat' dir='ltr'><strong>Samariam.</strong></span> <span class='ocrx_word' id='word_1_314' title='bbox 2768 1488 2925 1545; x_wconf 86' lang='lat' dir='ltr'><strong>Sicut</strong></span> <span class='ocrx_word' id='word_1_315' title='bbox 2963 1488 3106 1545; x_wconf 85' lang='lat' dir='ltr'><strong>enim</strong></span> <span class='ocrx_word' id='word_1_316' title='bbox 3149 1487 3272 1544; x_wconf 83' lang='lat' dir='ltr'><strong>illas</strong></span> <span class='ocrx_word' id='word_1_317' title='bbox 3297 1489 3439 1559; x_wconf 89' lang='lat' dir='ltr'><strong>cepi,</strong></span> 
     </span>
    </p>
   </div>
   <div class='ocr_carea' id='block_1_45' title="bbox 1839 1564 3444 1653">
    <p class='ocr_par' dir='ltr' id='par_1_45' title="bbox 1839 1564 3444 1653">
     <span class='ocr_line' id='line_1_45' title="bbox 1839 1564 3444 1653; baseline 0.004 -22"><span class='ocrx_word' id='word_1_318' title='bbox 1839 1585 1894 1631; x_wconf 89' lang='lat' dir='ltr'><strong>et</strong></span> <span class='ocrx_word' id='word_1_319' title='bbox 1920 1576 2171 1634; x_wconf 82' lang='lat' dir='ltr'><strong>universa</strong></span> <span class='ocrx_word' id='word_1_320' title='bbox 2200 1594 2392 1651; x_wconf 86' lang='lat' dir='ltr'><strong>regna,</strong></span> <span class='ocrx_word' id='word_1_321' title='bbox 2418 1564 2634 1653; x_wconf 83' lang='lat' dir='ltr'><strong>capiam</strong></span> <span class='ocrx_word' id='word_1_322' title='bbox 2664 1590 2720 1638; x_wconf 85' lang='lat' dir='ltr'><strong>et</strong></span> <span class='ocrx_word' id='word_1_323' title='bbox 2765 1590 2838 1638; x_wconf 87' lang='lat' dir='ltr'><strong>te.</strong></span> <span class='ocrx_word' id='word_1_324' title='bbox 2866 1580 2937 1639; x_wconf 86' lang='lat' dir='ltr'><strong>Et</strong></span> <span class='ocrx_word' id='word_1_325' title='bbox 2968 1581 3023 1637; x_wconf 91' lang='lat' dir='ltr'><strong>in</strong></span> <span class='ocrx_word' id='word_1_326' title='bbox 3051 1580 3261 1652; x_wconf 80' lang='lat' dir='ltr'><strong>Regum</strong></span> <span class='ocrx_word' id='word_1_327' title='bbox 3290 1580 3444 1637; x_wconf 88' lang='lat' dir='ltr'><strong>volu-</strong></span> 
     </span>
    </p>
   </div>
   <div class='ocr_carea' id='block_1_46' title="bbox 1840 1670 3439 1748">
    <p class='ocr_par' dir='ltr' id='par_1_46' title="bbox 1840 1670 3439 1748">
     <span class='ocr_line' id='line_1_46' title="bbox 1840 1670 3439 1748; baseline 0.004 -23"><span class='ocrx_word' id='word_1_328' title='bbox 1840 1670 1986 1728; x_wconf 89' lang='lat' dir='ltr'><strong>mine</strong></span> <span class='ocrx_word' id='word_1_329' title='bbox 2012 1671 2245 1744; x_wconf 79' lang='lat' dir='ltr'><strong>legimus</strong></span> <span class='ocrx_word' id='word_1_330' title='bbox 2275 1691 2287 1729; x_wconf 88' lang='lat'>:</span> <span class='ocrx_word' id='word_1_331' title='bbox 2318 1674 2565 1731; x_wconf 84' lang='lat' dir='ltr'><strong>Ascendit</strong></span> <span class='ocrx_word' id='word_1_332' title='bbox 2600 1691 2694 1732; x_wconf 74' lang='lat' dir='ltr'><strong>rex</strong></span> <span class='ocrx_word' id='word_1_333' title='bbox 2735 1675 3070 1748; x_wconf 76' lang='lat' dir='ltr'><strong>Assyriorum</strong></span> <span class='ocrx_word' id='word_1_334' title='bbox 3100 1673 3439 1746; x_wconf 77' lang='lat' dir='ltr'><strong>Damascum,</strong></span> 
     </span>
    </p>
   </div>
   <div class='ocr_carea' id='block_1_47' title="bbox 1839 1748 3435 1842">
    <p class='ocr_par' dir='ltr' id='par_1_47' title="bbox 1839 1748 3435 1842">
     <span class='ocr_line' id='line_1_47' title="bbox 1839 1748 3435 1842; baseline 0.004 -26"><span class='ocrx_word' id='word_1_335' title='bbox 1839 1772 1888 1817; x_wconf 92' lang='lat' dir='ltr'><strong>et</strong></span> <span class='ocrx_word' id='word_1_336' title='bbox 1910 1748 2044 1837; x_wconf 81' lang='lat' dir='ltr'><strong>cepit</strong></span> <span class='ocrx_word' id='word_1_337' title='bbox 2066 1781 2199 1834; x_wconf 90' lang='lat' dir='ltr'><strong>eam,</strong></span> <span class='ocrx_word' id='word_1_338' title='bbox 2222 1775 2268 1820; x_wconf 90' lang='lat' dir='ltr'><strong>et</strong></span> <span class='ocrx_word' id='word_1_339' title='bbox 2292 1767 2558 1823; x_wconf 79' lang='lat' dir='ltr'><strong>transtulit</strong></span> <span class='ocrx_word' id='word_1_340' title='bbox 2578 1768 2633 1822; x_wconf 87' lang='lat' dir='ltr'><strong>in</strong></span> <span class='ocrx_word' id='word_1_341' title='bbox 2656 1767 2905 1840; x_wconf 74' lang='lat' dir='ltr'><strong>Cyrenem</strong></span> <span class='ocrx_word' id='word_1_342' title='bbox 2927 1767 3023 1842; x_wconf 79' lang='lat' dir='ltr'><strong>(IV</strong></span> <span class='ocrx_word' id='word_1_343' title='bbox 3055 1767 3189 1841; x_wconf 84' lang='lat' dir='ltr'><strong>Reg.</strong></span> <span class='ocrx_word' id='word_1_344' title='bbox 3212 1784 3327 1838; x_wconf 73' lang='lat' dir='ltr'><strong>XVI,</strong></span> <span class='ocrx_word' id='word_1_345' title='bbox 3354 1768 3435 1841; x_wconf 85' lang='lat'><strong>9).</strong></span> 
     </span>
    </p>
   </div>
   <div class='ocr_carea' id='block_1_48' title="bbox 1758 1855 3443 1939">
    <p class='ocr_par' dir='ltr' id='par_1_48' title="bbox 1758 1855 3443 1939">
     <span class='ocr_line' id='line_1_48' title="bbox 1758 1855 3443 1939; baseline 0.005 -28"><span class='ocrx_word' id='word_1_346' title='bbox 1758 1877 1811 1939; x_wconf 71' lang='grc' dir='ltr'><strong>Β</strong></span> <span class='ocrx_word' id='word_1_347' title='bbox 1841 1855 2007 1912; x_wconf 80' lang='lat' dir='ltr'><strong>Basia</strong></span> <span class='ocrx_word' id='word_1_348' title='bbox 2026 1873 2241 1930; x_wconf 88' lang='lat' dir='ltr'><strong>quoque</strong></span> <span class='ocrx_word' id='word_1_349' title='bbox 2264 1859 2564 1930; x_wconf 81' lang='lat' dir='ltr'><strong>interfecit,</strong></span> <span class='ocrx_word' id='word_1_350' title='bbox 2596 1862 2688 1934; x_wconf 84' lang='lat' dir='ltr'><strong>qui</strong></span> <span class='ocrx_word' id='word_1_351' title='bbox 2721 1870 2842 1918; x_wconf 90' lang='lat' dir='ltr'><strong>erat</strong></span> <span class='ocrx_word' id='word_1_352' title='bbox 2869 1877 2967 1919; x_wconf 88' lang='lat' dir='ltr'><strong>rex</strong></span> <span class='ocrx_word' id='word_1_353' title='bbox 2992 1862 3245 1920; x_wconf 82' lang='lat' dir='ltr'><strong>Damasci</strong></span> <span class='ocrx_word' id='word_1_354' title='bbox 3271 1879 3287 1917; x_wconf 90' lang='lat'><strong>:</strong></span> <span class='ocrx_word' id='word_1_355' title='bbox 3315 1877 3443 1936; x_wconf 79' lang='lat' dir='ltr'><strong>qua:</strong></span> 
     </span>
    </p>
   </div>
   <div class='ocr_carea' id='block_1_49' title="bbox 1840 1951 3441 2029">
    <p class='ocr_par' dir='ltr' id='par_1_49' title="bbox 1840 1951 3441 2029">
     <span class='ocr_line' id='line_1_49' title="bbox 1840 1951 3441 2029; baseline 0.003 -25"><span class='ocrx_word' id='word_1_356' title='bbox 1840 1952 2042 2015; x_wconf 86' lang='lat' dir='ltr'><strong>omnia,</strong></span> <span class='ocrx_word' id='word_1_357' title='bbox 2063 1951 2296 2009; x_wconf 85' lang='lat' dir='ltr'><strong>Ezecbia</strong></span> <span class='ocrx_word' id='word_1_358' title='bbox 2322 1953 2719 2027; x_wconf 85' lang='lat' dir='ltr'><strong>Hierosolymis</strong></span> <span class='ocrx_word' id='word_1_359' title='bbox 2744 1962 3032 2027; x_wconf 70' lang='lat' dir='ltr'><strong>regnante,</strong></span> <span class='ocrx_word' id='word_1_360' title='bbox 3051 1969 3310 2029; x_wconf 82' lang='lat' dir='ltr'><strong>perpessa</strong></span> <span class='ocrx_word' id='word_1_361' title='bbox 3336 1964 3441 2012; x_wconf 91' lang='lat' dir='ltr'><strong>est.</strong></span> 
     </span>
    </p>
   </div>
   <div class='ocr_carea' id='block_1_50' title="bbox 1840 2041 3447 2122">
    <p class='ocr_par' dir='ltr' id='par_1_50' title="bbox 1840 2041 3447 2122">
     <span class='ocr_line' id='line_1_50' title="bbox 1840 2041 3447 2122; baseline 0.005 -26"><span class='ocrx_word' id='word_1_362' title='bbox 1840 2041 1997 2112; x_wconf 76' lang='lat' dir='ltr'><strong>Ecce,</strong></span> <span class='ocrx_word' id='word_1_363' title='bbox 2039 2045 2233 2116; x_wconf 82' lang='lat' dir='ltr'><strong>inquit,</strong></span> <span class='ocrx_word' id='word_1_364' title='bbox 2278 2044 2569 2104; x_wconf 86' lang='lat' dir='ltr'><strong>Damascus</strong></span> <span class='ocrx_word' id='word_1_365' title='bbox 2595 2048 2793 2105; x_wconf 83' lang='lat' dir='ltr'><strong>desinet</strong></span> <span class='ocrx_word' id='word_1_366' title='bbox 2824 2065 2937 2106; x_wconf 86' lang='lat' dir='ltr'><strong>esse</strong></span> <span class='ocrx_word' id='word_1_367' title='bbox 2979 2049 3191 2116; x_wconf 82' lang='lat' dir='ltr'><strong>civitas;</strong></span> <span class='ocrx_word' id='word_1_368' title='bbox 3208 2048 3327 2122; x_wconf 83' lang='lat' dir='ltr'><strong>jam</strong></span> <span class='ocrx_word' id='word_1_369' title='bbox 3367 2047 3447 2104; x_wconf 83' lang='lat' dir='ltr'><strong>vi-</strong></span> 
     </span>
    </p>
   </div>
   <div class='ocr_carea' id='block_1_51' title="bbox 1839 2134 3448 2215">
    <p class='ocr_par' dir='ltr' id='par_1_51' title="bbox 1839 2134 3448 2215">
     <span class='ocr_line' id='line_1_51' title="bbox 1839 2134 3448 2215; baseline 0.004 -26"><span class='ocrx_word' id='word_1_370' title='bbox 1839 2134 1960 2190; x_wconf 89' lang='lat' dir='ltr'><strong>cina</strong></span> <span class='ocrx_word' id='word_1_371' title='bbox 1992 2136 2278 2207; x_wconf 81' lang='lat' dir='ltr'><strong>captivitas</strong></span> <span class='ocrx_word' id='word_1_372' title='bbox 2308 2148 2395 2196; x_wconf 88' lang='lat' dir='ltr'><strong>est</strong></span> <span class='ocrx_word' id='word_1_373' title='bbox 2426 2156 2438 2193; x_wconf 86' lang='lat'><strong>:</strong></span> <span class='ocrx_word' id='word_1_374' title='bbox 2466 2140 2579 2210; x_wconf 89' lang='lat' dir='ltr'><strong>jam</strong></span> <span class='ocrx_word' id='word_1_375' title='bbox 2604 2141 2867 2215; x_wconf 84' lang='lat' dir='ltr'><strong>Assyrius</strong></span> <span class='ocrx_word' id='word_1_376' title='bbox 2892 2156 3052 2200; x_wconf 82' lang='lat' dir='ltr'><strong>suum</strong></span> <span class='ocrx_word' id='word_1_377' title='bbox 3081 2142 3262 2198; x_wconf 74' lang='lat' dir='ltr'><strong>movit</strong></span> <span class='ocrx_word' id='word_1_378' title='bbox 3288 2156 3448 2198; x_wconf 83' lang='lat' dir='ltr'><strong>exer-</strong></span> 
     </span>
    </p>
   </div>
   <div class='ocr_carea' id='block_1_52' title="bbox 1840 2228 3452 2305">
    <p class='ocr_par' dir='ltr' id='par_1_52' title="bbox 1840 2228 3452 2305">
     <span class='ocr_line' id='line_1_52' title="bbox 1840 2228 3452 2305; baseline 0.002 -19"><span class='ocrx_word' id='word_1_379' title='bbox 1840 2228 2032 2286; x_wconf 85' lang='lat' dir='ltr'><strong>citum.</strong></span> <span class='ocrx_word' id='word_1_380' title='bbox 2061 2230 2131 2286; x_wconf 80' lang='lat' dir='ltr'><strong>Et</strong></span> <span class='ocrx_word' id='word_1_381' title='bbox 2159 2231 2266 2287; x_wconf 89' lang='lat' dir='ltr'><strong>erit</strong></span> <span class='ocrx_word' id='word_1_382' title='bbox 2301 2233 2442 2290; x_wconf 91' lang='lat' dir='ltr'><strong>sicut</strong></span> <span class='ocrx_word' id='word_1_383' title='bbox 2485 2249 2718 2290; x_wconf 86' lang='lat' dir='ltr'><strong>acervus</strong></span> <span class='ocrx_word' id='word_1_384' title='bbox 2756 2234 2993 2305; x_wconf 86' lang='lat' dir='ltr'><strong>lapidum</strong></span> <span class='ocrx_word' id='word_1_385' title='bbox 3020 2235 3077 2291; x_wconf 86' lang='lat' dir='ltr'><strong>in</strong></span> <span class='ocrx_word' id='word_1_386' title='bbox 3119 2235 3358 2303; x_wconf 85' lang='lat' dir='ltr'><strong>ruinam,</strong></span> <span class='ocrx_word' id='word_1_387' title='bbox 3391 2243 3452 2291; x_wconf 89' lang='lat' dir='ltr'><strong>ut</strong></span> 
     </span>
    </p>
   </div>
   <div class='ocr_carea' id='block_1_53' title="bbox 1844 2326 3446 2404">
    <p class='ocr_par' dir='ltr' id='par_1_53' title="bbox 1844 2326 3446 2404">
     <span class='ocr_line' id='line_1_53' title="bbox 1844 2326 3446 2404; baseline 0.005 -25"><span class='ocrx_word' id='word_1_388' title='bbox 1844 2326 2221 2380; x_wconf 83' lang='lat' dir='ltr'><strong>tantummodo</strong></span> <span class='ocrx_word' id='word_1_389' title='bbox 2252 2329 2538 2398; x_wconf 74' lang='lat' dir='ltr'><strong>parietinae</strong></span> <span class='ocrx_word' id='word_1_390' title='bbox 2563 2345 2626 2387; x_wconf 90' lang='lat' dir='ltr'><strong>ac</strong></span> <span class='ocrx_word' id='word_1_391' title='bbox 2652 2331 2899 2400; x_wconf 79' lang='lat' dir='ltr'><strong>pristina:</strong></span> <span class='ocrx_word' id='word_1_392' title='bbox 2926 2334 3192 2404; x_wconf 58' lang='lat' dir='ltr'><strong>potentia</strong></span> <span class='ocrx_word' id='word_1_393' title='bbox 3220 2332 3446 2404; x_wconf 80' lang='lat' dir='ltr'><strong>vestigia</strong></span> 
     </span>
    </p>
   </div>
   <div class='ocr_carea' id='block_1_54' title="bbox 1843 2418 3449 2495">
    <p class='ocr_par' dir='ltr' id='par_1_54' title="bbox 1843 2418 3449 2495">
     <span class='ocr_line' id='line_1_54' title="bbox 1843 2418 3449 2495; baseline 0.008 -22"><span class='ocrx_word' id='word_1_394' title='bbox 1843 2418 1897 2474; x_wconf 92' lang='lat' dir='ltr'><strong>in</strong></span> <span class='ocrx_word' id='word_1_395' title='bbox 1928 2419 2205 2477; x_wconf 89' lang='lat' dir='ltr'><strong>ruinarum</strong></span> <span class='ocrx_word' id='word_1_396' title='bbox 2240 2423 2613 2495; x_wconf 88' lang='lat' dir='ltr'><strong>magnitudine</strong></span> <span class='ocrx_word' id='word_1_397' title='bbox 2640 2426 3105 2484; x_wconf 85' lang='lat' dir='ltr'><strong>demonstrentur.</strong></span> <span class='ocrx_word' id='word_1_398' title='bbox 3158 2428 3449 2485; x_wconf 67' lang='lat' dir='ltr'><strong>Derelicta:</strong></span> 
     </span>
    </p>
   </div>
   <div class='ocr_carea' id='block_1_55' title="bbox 1844 2511 3454 2591">
    <p class='ocr_par' dir='ltr' id='par_1_55' title="bbox 1844 2511 3454 2591">
     <span class='ocr_line' id='line_1_55' title="bbox 1844 2511 3454 2591; baseline 0.004 -24"><span class='ocrx_word' id='word_1_399' title='bbox 1844 2511 2092 2568; x_wconf 86' lang='lat' dir='ltr'><strong>civitates</strong></span> <span class='ocrx_word' id='word_1_400' title='bbox 2120 2512 2296 2571; x_wconf 81' lang='lat' dir='ltr'><strong>Aroer</strong></span> <span class='ocrx_word' id='word_1_401' title='bbox 2318 2518 2579 2589; x_wconf 78' lang='lat' dir='ltr'><strong>gregibus</strong></span> <span class='ocrx_word' id='word_1_402' title='bbox 2606 2526 2790 2574; x_wconf 84' lang='lat' dir='ltr'><strong>erunt.</strong></span> <span class='ocrx_word' id='word_1_403' title='bbox 2822 2518 3020 2588; x_wconf 87' lang='lat' dir='ltr'><strong>Aroer,</strong></span> <span class='ocrx_word' id='word_1_404' title='bbox 3054 2521 3246 2591; x_wconf 77' lang='lat' dir='ltr'><strong>myrice</strong></span> <span class='ocrx_word' id='word_1_405' title='bbox 3282 2519 3454 2576; x_wconf 87' lang='lat' dir='ltr'><strong>inter-</strong></span> 
     </span>
    </p>
   </div>
   <div class='ocr_carea' id='block_1_56' title="bbox 1842 2612 3451 2683">
    <p class='ocr_par' dir='ltr' id='par_1_56' title="bbox 1842 2612 3451 2683">
     <span class='ocr_line' id='line_1_56' title="bbox 1842 2612 3451 2683; baseline 0.006 -22"><span class='ocrx_word' id='word_1_406' title='bbox 1842 2614 2113 2677; x_wconf 87' lang='lat' dir='ltr'><strong>pretatur,</strong></span> <span class='ocrx_word' id='word_1_407' title='bbox 2156 2625 2275 2678; x_wconf 76' lang='lat' dir='ltr'><strong>qua:</strong></span> <span class='ocrx_word' id='word_1_408' title='bbox 2320 2612 2544 2683; x_wconf 81' lang='lat' dir='ltr'><strong>proprie</strong></span> <span class='ocrx_word' id='word_1_409' title='bbox 2570 2612 2767 2681; x_wconf 87' lang='lat' dir='ltr'><strong>arbor,</strong></span> <span class='ocrx_word' id='word_1_410' title='bbox 2805 2614 2855 2667; x_wconf 92' lang='lat' dir='ltr'><strong>in</strong></span> <span class='ocrx_word' id='word_1_411' title='bbox 2894 2614 3194 2671; x_wconf 81' lang='lat' dir='ltr'><strong>solitudine</strong></span> <span class='ocrx_word' id='word_1_412' title='bbox 3220 2622 3278 2670; x_wconf 85' lang='lat' dir='ltr'><strong>et</strong></span> <span class='ocrx_word' id='word_1_413' title='bbox 3305 2615 3451 2671; x_wconf 86' lang='lat' dir='ltr'><strong>salsa</strong></span> 
     </span>
    </p>
   </div>
   <div class='ocr_carea' id='block_1_57' title="bbox 1843 2697 3451 2774">
    <p class='ocr_par' dir='ltr' id='par_1_57' title="bbox 1843 2697 3451 2774">
     <span class='ocr_line' id='line_1_57' title="bbox 1843 2697 3451 2774; baseline 0.007 -22"><span class='ocrx_word' id='word_1_414' title='bbox 1843 2697 2013 2753; x_wconf 85' lang='lat' dir='ltr'><strong>humo</strong></span> <span class='ocrx_word' id='word_1_415' title='bbox 2052 2703 2315 2771; x_wconf 80' lang='lat' dir='ltr'><strong>nascitur,</strong></span> <span class='ocrx_word' id='word_1_416' title='bbox 2352 2712 2408 2758; x_wconf 83' lang='lat' dir='ltr'><strong>et</strong></span> <span class='ocrx_word' id='word_1_417' title='bbox 2442 2719 2545 2774; x_wconf 89' lang='lat' dir='ltr'><strong>per</strong></span> <span class='ocrx_word' id='word_1_418' title='bbox 2598 2704 2703 2762; x_wconf 89' lang='lat' dir='ltr'><strong>hoc</strong></span> <span class='ocrx_word' id='word_1_419' title='bbox 2752 2707 2979 2762; x_wconf 83' lang='lat' dir='ltr'><strong>vastitas</strong></span> <span class='ocrx_word' id='word_1_420' title='bbox 3016 2706 3451 2765; x_wconf 80' lang='lat' dir='ltr'><strong>demonstratur.</strong></span> 
     </span>
    </p>
   </div>
   <div class='ocr_carea' id='block_1_58' title="bbox 1846 2791 3457 2873">
    <p class='ocr_par' dir='ltr' id='par_1_58' title="bbox 1846 2791 3457 2873">
     <span class='ocr_line' id='line_1_58' title="bbox 1846 2791 3457 2873; baseline 0.006 -26"><span class='ocrx_word' id='word_1_421' title='bbox 1846 2791 2183 2865; x_wconf 84' lang='lat' dir='ltr'><strong>Requiescent</strong></span> <span class='ocrx_word' id='word_1_422' title='bbox 2233 2794 2326 2865; x_wconf 84' lang='lat' dir='ltr'><strong>ibi,</strong></span> <span class='ocrx_word' id='word_1_423' title='bbox 2379 2797 2704 2855; x_wconf 85' lang='lat' dir='ltr'><strong>subauditur</strong></span> <span class='ocrx_word' id='word_1_424' title='bbox 2732 2815 2931 2872; x_wconf 83' lang='lat' dir='ltr'><strong>greges,</strong></span> <span class='ocrx_word' id='word_1_425' title='bbox 2964 2808 3019 2856; x_wconf 84' lang='lat' dir='ltr'><strong>et</strong></span> <span class='ocrx_word' id='word_1_426' title='bbox 3068 2817 3174 2857; x_wconf 79' lang='lat' dir='ltr'><strong>nun</strong></span> <span class='ocrx_word' id='word_1_427' title='bbox 3213 2802 3319 2860; x_wconf 84' lang='lat' dir='ltr'><strong>erit</strong></span> <span class='ocrx_word' id='word_1_428' title='bbox 3358 2804 3457 2873; x_wconf 82' lang='lat' dir='ltr'><strong>qui</strong></span> 
     </span>
    </p>
   </div>
   <div class='ocr_carea' id='block_1_59' title="bbox 1848 2884 3462 2963">
    <p class='ocr_par' dir='ltr' id='par_1_59' title="bbox 1848 2884 3462 2963">
     <span class='ocr_line' id='line_1_59' title="bbox 1848 2884 3462 2963; baseline 0.006 -20"><span class='ocrx_word' id='word_1_429' title='bbox 1848 2895 2143 2944; x_wconf 81' lang='lat' dir='ltr'><strong>exterreat.</strong></span> <span class='ocrx_word' id='word_1_430' title='bbox 2174 2888 2348 2946; x_wconf 88' lang='lat' dir='ltr'><strong>Tanta</strong></span> <span class='ocrx_word' id='word_1_431' title='bbox 2394 2893 2538 2948; x_wconf 86' lang='lat' dir='ltr'><strong>enim</strong></span> <span class='ocrx_word' id='word_1_432' title='bbox 2560 2884 2678 2949; x_wconf 57' lang='lat' dir='ltr'><strong>&#39;erit</strong></span> <span class='ocrx_word' id='word_1_433' title='bbox 2703 2894 2973 2963; x_wconf 85' lang='lat' dir='ltr'><strong>solitudo,</strong></span> <span class='ocrx_word' id='word_1_434' title='bbox 3009 2903 3195 2953; x_wconf 84' lang='lat' dir='ltr'><strong>utnec</strong></span> <span class='ocrx_word' id='word_1_435' title='bbox 3228 2896 3462 2952; x_wconf 82' lang='lat' dir='ltr'><strong>insidia-</strong></span> 
     </span>
    </p>
   </div>
   <div class='ocr_carea' id='block_1_60' title="bbox 1851 2984 3456 3063">
    <p class='ocr_par' dir='ltr' id='par_1_60' title="bbox 1851 2984 3456 3063">
     <span class='ocr_line' id='line_1_60' title="bbox 1851 2984 3456 3063; baseline 0.006 -25"><span class='ocrx_word' id='word_1_436' title='bbox 1851 2991 1937 3039; x_wconf 91' lang='lat' dir='ltr'><strong>tor</strong></span> <span class='ocrx_word' id='word_1_437' title='bbox 1960 2984 2234 3041; x_wconf 90' lang='lat' dir='ltr'><strong>timendus</strong></span> <span class='ocrx_word' id='word_1_438' title='bbox 2256 2987 2347 3043; x_wconf 91' lang='lat' dir='ltr'><strong>sit.</strong></span> <span class='ocrx_word' id='word_1_439' title='bbox 2377 2985 2447 3042; x_wconf 85' lang='lat' dir='ltr'><strong>Et</strong></span> <span class='ocrx_word' id='word_1_440' title='bbox 2478 2989 2695 3045; x_wconf 75' lang='lat' dir='ltr'><strong>cessabit</strong></span> <span class='ocrx_word' id='word_1_441' title='bbox 2722 2989 3051 3062; x_wconf 76' lang='lat' dir='ltr'><strong>adjutorium</strong></span> <span class='ocrx_word' id='word_1_442' title='bbox 3075 2990 3138 3046; x_wconf 87' lang='lat' dir='ltr'><strong>ab</strong></span> <span class='ocrx_word' id='word_1_443' title='bbox 3160 2988 3419 3063; x_wconf 77' lang='lat' dir='ltr'><strong>Ephrsu‘m</strong></span> <span class='ocrx_word' id='word_1_444' title='bbox 3437 3008 3456 3047; x_wconf 89' lang='lat'><strong><em>:</em></strong></span> 
     </span>
    </p>
   </div>
   <div class='ocr_carea' id='block_1_61' title="bbox 1851 3080 3462 3150">
    <p class='ocr_par' dir='ltr' id='par_1_61' title="bbox 1851 3080 3462 3150">
     <span class='ocr_line' id='line_1_61' title="bbox 1851 3080 3462 3150; baseline 0.007 -19"><span class='ocrx_word' id='word_1_445' title='bbox 1851 3092 2192 3150; x_wconf 87' lang='lat' dir='ltr'><strong>nequaquam</strong></span> <span class='ocrx_word' id='word_1_446' title='bbox 2220 3080 2406 3137; x_wconf 87' lang='lat' dir='ltr'><strong>decem</strong></span> <span class='ocrx_word' id='word_1_447' title='bbox 2442 3082 2617 3140; x_wconf 86' lang='lat' dir='ltr'><strong>tribus</strong></span> <span class='ocrx_word' id='word_1_448' title='bbox 2650 3083 2703 3139; x_wconf 89' lang='lat' dir='ltr'><strong>in</strong></span> <span class='ocrx_word' id='word_1_449' title='bbox 2728 3083 2821 3140; x_wconf 85' lang='lat' dir='ltr'><strong>illa</strong></span> <span class='ocrx_word' id='word_1_450' title='bbox 2850 3092 3045 3141; x_wconf 77' lang='lat' dir='ltr'><strong>contra</strong></span> <span class='ocrx_word' id='word_1_451' title='bbox 3062 3084 3263 3142; x_wconf 82' lang='lat' dir='ltr'><strong>Judam</strong></span> <span class='ocrx_word' id='word_1_452' title='bbox 3294 3085 3462 3142; x_wconf 85' lang='lat' dir='ltr'><strong>babe-</strong></span> 
     </span>
    </p>
   </div>
   <div class='ocr_carea' id='block_1_62' title="bbox 1855 3170 3458 3251">
    <p class='ocr_par' dir='ltr' id='par_1_62' title="bbox 1855 3170 3458 3251">
     <span class='ocr_line' id='line_1_62' title="bbox 1855 3170 3458 3251; baseline 0.006 -27"><span class='ocrx_word' id='word_1_453' title='bbox 1855 3170 1985 3228; x_wconf 87' lang='lat' dir='ltr'><strong>bunt</strong></span> <span class='ocrx_word' id='word_1_454' title='bbox 2027 3173 2315 3231; x_wconf 85' lang='lat' dir='ltr'><strong>auxilium.</strong></span> <span class='ocrx_word' id='word_1_455' title='bbox 2345 3173 2417 3230; x_wconf 83' lang='lat' dir='ltr'><strong>Et</strong></span> <span class='ocrx_word' id='word_1_456' title='bbox 2466 3193 2683 3251; x_wconf 79' lang='lat' dir='ltr'><strong>regnum</strong></span> <span class='ocrx_word' id='word_1_457' title='bbox 2732 3195 2765 3232; x_wconf 87' lang='lat' dir='ltr'><strong>a</strong></span> <span class='ocrx_word' id='word_1_458' title='bbox 2798 3177 3091 3245; x_wconf 77' lang='lat' dir='ltr'><strong>Damasco;</strong></span> <span class='ocrx_word' id='word_1_459' title='bbox 3138 3181 3242 3237; x_wconf 73' lang='grc' dir='ltr'><strong>ἀπὸ</strong></span> <span class='ocrx_word' id='word_1_460' title='bbox 3292 3186 3458 3237; x_wconf 72' lang='grc' dir='ltr'><strong>κοινοῦ</strong></span> 
     </span>
    </p>
   </div>
   <div class='ocr_carea' id='block_1_63' title="bbox 167 3262 3458 3344">
    <p class='ocr_par' dir='ltr' id='par_1_63' title="bbox 167 3262 3458 3344">
     <span class='ocr_line' id='line_1_63' title="bbox 167 3262 3458 3344; baseline 0.002 -26"><span class='ocrx_word' id='word_1_461' title='bbox 167 3262 277 3330; x_wconf 83' lang='lat' dir='ltr'><strong>sint,</strong></span> <span class='ocrx_word' id='word_1_462' title='bbox 321 3280 433 3321; x_wconf 90' lang='lat' dir='ltr'><strong>non</strong></span> <span class='ocrx_word' id='word_1_463' title='bbox 471 3265 617 3336; x_wconf 88' lang='lat' dir='ltr'><strong>quod</strong></span> <span class='ocrx_word' id='word_1_464' title='bbox 668 3265 1011 3337; x_wconf 65' lang='lat' dir='ltr'><strong>prtescientia</strong></span> <span class='ocrx_word' id='word_1_465' title='bbox 1074 3267 1167 3323; x_wconf 91' lang='lat' dir='ltr'><strong>Dei</strong></span> <span class='ocrx_word' id='word_1_466' title='bbox 1206 3282 1429 3323; x_wconf 88' lang='lat' dir='ltr'><strong>causam</strong></span> <span class='ocrx_word' id='word_1_467' title='bbox 1481 3266 1749 3323; x_wconf 87' lang='lat' dir='ltr'><strong>vastitatis</strong></span> <span class='ocrx_word' id='word_1_468' title='bbox 1774 3273 1823 3339; x_wconf 67' lang='grc' dir='ltr'><strong>(ζ</strong></span> <span class='ocrx_word' id='word_1_469' title='bbox 1855 3263 2123 3338; x_wconf 79' lang='lat' dir='ltr'><strong>(evulgato</strong></span> <span class='ocrx_word' id='word_1_470' title='bbox 2141 3268 2247 3322; x_wconf 86' lang='lat' dir='ltr'><strong>sive</strong></span> <span class='ocrx_word' id='word_1_471' title='bbox 2275 3269 2537 3325; x_wconf 80' lang='lat' dir='ltr'><strong>communi</strong></span> <span class='ocrx_word' id='word_1_472' title='bbox 2566 3269 2816 3344; x_wconf 80' lang='lat' dir='ltr'><strong>editione)</strong></span> <span class='ocrx_word' id='word_1_473' title='bbox 2843 3271 3195 3338; x_wconf 80' lang='lat' dir='ltr'><strong>subauditur,</strong></span> <span class='ocrx_word' id='word_1_474' title='bbox 3214 3271 3458 3328; x_wconf 74' lang='lat' dir='ltr'><strong>cessabit.</strong></span> 
     </span>
    </p>
   </div>
   <div class='ocr_carea' id='block_1_64' title="bbox 168 3359 1745 3434">
    <p class='ocr_par' dir='ltr' id='par_1_64' title="bbox 168 3359 1745 3434">
     <span class='ocr_line' id='line_1_64' title="bbox 168 3359 1745 3434; baseline 0.005 -23"><span class='ocrx_word' id='word_1_475' title='bbox 168 3359 427 3425; x_wconf 79' lang='lat' dir='ltr'><strong>attulerit;</strong></span> <span class='ocrx_word' id='word_1_476' title='bbox 482 3360 581 3418; x_wconf 84' lang='lat' dir='ltr'><strong>sed</strong></span> <span class='ocrx_word' id='word_1_477' title='bbox 629 3361 774 3433; x_wconf 88' lang='lat' dir='ltr'><strong>quod</strong></span> <span class='ocrx_word' id='word_1_478' title='bbox 814 3362 1042 3418; x_wconf 79' lang='lat' dir='ltr'><strong>vastitas</strong></span> <span class='ocrx_word' id='word_1_479' title='bbox 1090 3362 1269 3420; x_wconf 80' lang='lat' dir='ltr'><strong>futura</strong></span> <span class='ocrx_word' id='word_1_480' title='bbox 1327 3362 1427 3419; x_wconf 86' lang='lat' dir='ltr'><strong>Dei</strong></span> <span class='ocrx_word' id='word_1_481' title='bbox 1474 3362 1745 3434; x_wconf 87' lang='lat' dir='ltr'><strong>majestati</strong></span> 
     </span>
    </p>
   </div>
   <div class='ocr_carea' id='block_1_65' title="bbox 167 3452 521 3518">
    <p class='ocr_par' dir='ltr' id='par_1_65' title="bbox 167 3452 521 3518">
     <span class='ocr_line' id='line_1_65' title="bbox 167 3452 521 3518; baseline 0.011 -14"><span class='ocrx_word' id='word_1_482' title='bbox 167 3461 384 3518; x_wconf 69' lang='lat' dir='ltr'><strong>praenota</strong></span> <span class='ocrx_word' id='word_1_483' title='bbox 425 3452 521 3509; x_wconf 90' lang='lat' dir='ltr'><strong>sit.</strong></span> 
     </span>
    </p>
   </div>
   <div class='ocr_carea' id='block_1_66' title="bbox 222 3545 1747 3619">
    <p class='ocr_par' dir='ltr' id='par_1_66' title="bbox 222 3545 1747 3619">
     <span class='ocr_line' id='line_1_66' title="bbox 222 3545 1747 3619; baseline 0.003 -18"><span class='ocrx_word' id='word_1_484' title='bbox 222 3545 396 3618; x_wconf 70' lang='grc' dir='ltr'><strong>(νει-ε.</strong></span> <span class='ocrx_word' id='word_1_485' title='bbox 434 3548 547 3619; x_wconf 65' lang='lat' dir='ltr'><strong>li.)</strong></span> <span class='ocrx_word' id='word_1_486' title='bbox 573 3546 642 3603; x_wconf 87' lang='lat' dir='ltr'><strong>Et</strong></span> <span class='ocrx_word' id='word_1_487' title='bbox 689 3566 826 3604; x_wconf 79' lang='lat' dir='ltr'><strong>nunc</strong></span> <span class='ocrx_word' id='word_1_488' title='bbox 862 3550 1065 3605; x_wconf 87' lang='lat' dir='ltr'><strong>locutus</strong></span> <span class='ocrx_word' id='word_1_489' title='bbox 1095 3558 1168 3605; x_wconf 77' lang='lat' dir='ltr'><strong>est</strong></span> <span class='ocrx_word' id='word_1_490' title='bbox 1208 3548 1487 3617; x_wconf 82' lang='lat' dir='ltr'><strong>Dominus,</strong></span> <span class='ocrx_word' id='word_1_491' title='bbox 1531 3549 1747 3606; x_wconf 84' lang='lat' dir='ltr'><strong>dicens:</strong></span> 
     </span>
    </p>
   </div>
   <div class='ocr_carea' id='block_1_67' title="bbox 167 3635 1752 3718">
    <p class='ocr_par' dir='ltr' id='par_1_67' title="bbox 167 3635 1752 3718">
     <span class='ocr_line' id='line_1_67' title="bbox 167 3635 1752 3718; baseline 0.004 -26"><span class='ocrx_word' id='word_1_492' title='bbox 167 3635 224 3692; x_wconf 83' lang='lat' dir='ltr'><strong>In</strong></span> <span class='ocrx_word' id='word_1_493' title='bbox 242 3641 393 3695; x_wconf 84' lang='lat' dir='ltr'><strong>tribus</strong></span> <span class='ocrx_word' id='word_1_494' title='bbox 419 3643 572 3697; x_wconf 86' lang='lat' dir='ltr'><strong>annis</strong></span> <span class='ocrx_word' id='word_1_495' title='bbox 593 3644 748 3714; x_wconf 88' lang='lat' dir='ltr'><strong>quasi</strong></span> <span class='ocrx_word' id='word_1_496' title='bbox 774 3645 902 3699; x_wconf 85' lang='lat' dir='ltr'><strong>anni</strong></span> <span class='ocrx_word' id='word_1_497' title='bbox 926 3644 1263 3710; x_wconf 82' lang='lat' dir='ltr'><strong>mercenarii,</strong></span> <span class='ocrx_word' id='word_1_498' title='bbox 1292 3646 1562 3715; x_wconf 74' lang='lat' dir='ltr'><strong>auferetur</strong></span> <span class='ocrx_word' id='word_1_499' title='bbox 1582 3644 1752 3718; x_wconf 84' lang='lat' dir='ltr'><strong>gloria</strong></span> 
     </span>
    </p>
   </div>
   <div class='ocr_carea' id='block_1_68' title="bbox 169 3729 1751 3811">
    <p class='ocr_par' dir='ltr' id='par_1_68' title="bbox 169 3729 1751 3811">
     <span class='ocr_line' id='line_1_68' title="bbox 169 3729 1751 3811; baseline 0.005 -27"><span class='ocrx_word' id='word_1_500' title='bbox 169 3729 307 3787; x_wconf 69' lang='lat' dir='ltr'><strong>Moab</strong></span> <span class='ocrx_word' id='word_1_501' title='bbox 331 3750 492 3806; x_wconf 81' lang='lat' dir='ltr'><strong>super</strong></span> <span class='ocrx_word' id='word_1_502' title='bbox 518 3736 658 3790; x_wconf 81' lang='lat' dir='ltr'><strong>omni</strong></span> <span class='ocrx_word' id='word_1_503' title='bbox 684 3736 885 3808; x_wconf 81' lang='lat' dir='ltr'><strong>populo</strong></span> <span class='ocrx_word' id='word_1_504' title='bbox 914 3735 1104 3803; x_wconf 85' lang='lat' dir='ltr'><strong>multo,</strong></span> <span class='ocrx_word' id='word_1_505' title='bbox 1134 3747 1181 3792; x_wconf 80' lang='lat' dir='ltr'><strong>et</strong></span> <span class='ocrx_word' id='word_1_506' title='bbox 1204 3736 1526 3811; x_wconf 83' lang='lat' dir='ltr'><strong>relinquetur</strong></span> <span class='ocrx_word' id='word_1_507' title='bbox 1558 3755 1751 3811; x_wconf 81' lang='lat' dir='ltr'><strong>parvus</strong></span> 
     </span>
    </p>
   </div>
   <div class='ocr_carea' id='block_1_69' title="bbox 168 3824 1753 3900">
    <p class='ocr_par' dir='ltr' id='par_1_69' title="bbox 168 3824 1753 3900">
     <span class='ocr_line' id='line_1_69' title="bbox 168 3824 1753 3900; baseline 0.006 -24"><span class='ocrx_word' id='word_1_508' title='bbox 168 3837 209 3877; x_wconf 84' lang='lat' dir='ltr'><strong>et</strong></span> <span class='ocrx_word' id='word_1_509' title='bbox 233 3824 460 3881; x_wconf 84' lang='lat' dir='ltr'><strong>modicus</strong></span> <span class='ocrx_word' id='word_1_510' title='bbox 490 3844 817 3899; x_wconf 76' lang='lat' dir='ltr'><strong>nequaquam</strong></span> <span class='ocrx_word' id='word_1_511' title='bbox 844 3829 1061 3885; x_wconf 88' lang='lat' dir='ltr'><strong>multus.</strong></span> <span class='ocrx_word' id='word_1_512' title='bbox 1093 3828 1385 3900; x_wconf 77' lang='lat' dir='ltr'><strong>Prophetia</strong></span> <span class='ocrx_word' id='word_1_513' title='bbox 1418 3831 1543 3898; x_wconf 84' lang='lat' dir='ltr'><strong>ista,</strong></span> <span class='ocrx_word' id='word_1_514' title='bbox 1574 3840 1633 3885; x_wconf 90' lang='lat' dir='ltr'><strong>ut</strong></span> <span class='ocrx_word' id='word_1_515' title='bbox 1660 3845 1753 3886; x_wconf 89' lang='lat' dir='ltr'><strong>su-</strong></span> 
     </span>
    </p>
   </div>
   <div class='ocr_carea' id='block_1_70' title="bbox 167 3919 1755 3995">
    <p class='ocr_par' dir='ltr' id='par_1_70' title="bbox 167 3919 1755 3995">
     <span class='ocr_line' id='line_1_70' title="bbox 167 3919 1755 3995; baseline 0.004 -22"><span class='ocrx_word' id='word_1_516' title='bbox 167 3930 254 3987; x_wconf 85' lang='lat' dir='ltr'><strong>pra</strong></span> <span class='ocrx_word' id='word_1_517' title='bbox 279 3919 538 3990; x_wconf 86' lang='lat' dir='ltr'><strong>diximus,</strong></span> <span class='ocrx_word' id='word_1_518' title='bbox 570 3929 790 3979; x_wconf 87' lang='lat' dir='ltr'><strong>mortuo</strong></span> <span class='ocrx_word' id='word_1_519' title='bbox 817 3922 1002 3980; x_wconf 84' lang='lat' dir='ltr'><strong>Acbaz</strong></span> <span class='ocrx_word' id='word_1_520' title='bbox 1027 3930 1219 3979; x_wconf 82' lang='lat' dir='ltr'><strong>contra</strong></span> <span class='ocrx_word' id='word_1_521' title='bbox 1262 3924 1529 3980; x_wconf 84' lang='lat' dir='ltr'><strong>Moabitas</strong></span> <span class='ocrx_word' id='word_1_522' title='bbox 1564 3924 1755 3995; x_wconf 87' lang='lat' dir='ltr'><strong>dirigi-</strong></span> 
     </span>
    </p>
   </div>
   <div class='ocr_carea' id='block_1_71' title="bbox 172 4015 1755 4087">
    <p class='ocr_par' dir='ltr' id='par_1_71' title="bbox 172 4015 1755 4087">
     <span class='ocr_line' id='line_1_71' title="bbox 172 4015 1755 4087; baseline 0.007 -24"><span class='ocrx_word' id='word_1_523' title='bbox 172 4016 276 4078; x_wconf 90' lang='lat' dir='ltr'><strong>tur,</strong></span> <span class='ocrx_word' id='word_1_524' title='bbox 306 4024 571 4086; x_wconf 79' lang='lat' dir='ltr'><strong>regnante</strong></span> <span class='ocrx_word' id='word_1_525' title='bbox 588 4015 846 4082; x_wconf 85' lang='lat' dir='ltr'><strong>Ezechia,</strong></span> <span class='ocrx_word' id='word_1_526' title='bbox 870 4016 976 4072; x_wconf 86' lang='lat' dir='ltr'><strong>sub</strong></span> <span class='ocrx_word' id='word_1_527' title='bbox 999 4032 1107 4087; x_wconf 87' lang='lat' dir='ltr'><strong>quo</strong></span> <span class='ocrx_word' id='word_1_528' title='bbox 1134 4017 1323 4072; x_wconf 87' lang='lat' dir='ltr'><strong>decem</strong></span> <span class='ocrx_word' id='word_1_529' title='bbox 1351 4017 1525 4073; x_wconf 89' lang='lat' dir='ltr'><strong>tribus</strong></span> <span class='ocrx_word' id='word_1_530' title='bbox 1556 4032 1586 4072; x_wconf 92' lang='lat' dir='ltr'><strong>a</strong></span> <span class='ocrx_word' id='word_1_531' title='bbox 1617 4017 1755 4074; x_wconf 87' lang='lat' dir='ltr'><strong>Sen-</strong></span> 
     </span>
    </p>
   </div>
   <div class='ocr_carea' id='block_1_72' title="bbox 172 4103 1756 4183">
    <p class='ocr_par' dir='ltr' id='par_1_72' title="bbox 172 4103 1756 4183">
     <span class='ocr_line' id='line_1_72' title="bbox 172 4103 1756 4183; baseline 0.006 -26"><span class='ocrx_word' id='word_1_532' title='bbox 172 4106 415 4164; x_wconf 85' lang='lat' dir='ltr'><strong>naeherib</strong></span> <span class='ocrx_word' id='word_1_533' title='bbox 460 4124 588 4181; x_wconf 84' lang='lat' dir='ltr'><strong>rege</strong></span> <span class='ocrx_word' id='word_1_534' title='bbox 634 4103 987 4183; x_wconf 74' lang='lat' dir='ltr'><strong>Assyriorum</strong></span> <span class='ocrx_word' id='word_1_535' title='bbox 1044 4111 1098 4165; x_wconf 88' lang='lat' dir='ltr'><strong>itt</strong></span> <span class='ocrx_word' id='word_1_536' title='bbox 1152 4111 1521 4181; x_wconf 84' lang='lat' dir='ltr'><strong>captivitatem</strong></span> <span class='ocrx_word' id='word_1_537' title='bbox 1577 4109 1756 4167; x_wconf 69' lang='lat' dir='ltr'><strong>ductae</strong></span> 
     </span>
    </p>
   </div>
   <div class='ocr_carea' id='block_1_73' title="bbox 169 4202 1756 4278">
    <p class='ocr_par' dir='ltr' id='par_1_73' title="bbox 169 4202 1756 4278">
     <span class='ocr_line' id='line_1_73' title="bbox 169 4202 1756 4278; baseline 0.004 -23"><span class='ocrx_word' id='word_1_538' title='bbox 169 4209 301 4257; x_wconf 86' lang='lat' dir='ltr'><strong>sunt.</strong></span> <span class='ocrx_word' id='word_1_539' title='bbox 328 4202 516 4276; x_wconf 85' lang='lat' dir='ltr'><strong>Itaque</strong></span> <span class='ocrx_word' id='word_1_540' title='bbox 542 4206 690 4262; x_wconf 88' lang='lat' dir='ltr'><strong>sicut</strong></span> <span class='ocrx_word' id='word_1_541' title='bbox 710 4205 1084 4262; x_wconf 82' lang='lat' dir='ltr'><strong>mercenarius</strong></span> <span class='ocrx_word' id='word_1_542' title='bbox 1113 4206 1248 4263; x_wconf 89' lang='lat' dir='ltr'><strong>solis</strong></span> <span class='ocrx_word' id='word_1_543' title='bbox 1275 4215 1564 4278; x_wconf 84' lang='lat' dir='ltr'><strong>exspectat</strong></span> <span class='ocrx_word' id='word_1_544' title='bbox 1592 4221 1756 4263; x_wconf 90' lang='lat' dir='ltr'><strong>occu-</strong></span> 
     </span>
    </p>
   </div>
   <div class='ocr_carea' id='block_1_74' title="bbox 170 4292 1757 4372">
    <p class='ocr_par' dir='ltr' id='par_1_74' title="bbox 170 4292 1757 4372">
     <span class='ocr_line' id='line_1_74' title="bbox 170 4292 1757 4372; baseline 0.004 -23"><span class='ocrx_word' id='word_1_545' title='bbox 170 4292 348 4365; x_wconf 87' lang='lat' dir='ltr'><strong>bitum,</strong></span> <span class='ocrx_word' id='word_1_546' title='bbox 376 4306 438 4355; x_wconf 89' lang='lat' dir='ltr'><strong>et</strong></span> <span class='ocrx_word' id='word_1_547' title='bbox 458 4297 658 4356; x_wconf 88' lang='lat' dir='ltr'><strong>diebus</strong></span> <span class='ocrx_word' id='word_1_548' title='bbox 682 4314 746 4355; x_wconf 90' lang='lat' dir='ltr'><strong>ac</strong></span> <span class='ocrx_word' id='word_1_549' title='bbox 772 4299 1027 4356; x_wconf 89' lang='lat' dir='ltr'><strong>noctibus</strong></span> <span class='ocrx_word' id='word_1_550' title='bbox 1060 4300 1223 4356; x_wconf 84' lang='lat' dir='ltr'><strong>tinem</strong></span> <span class='ocrx_word' id='word_1_551' title='bbox 1256 4304 1443 4371; x_wconf 87' lang='lat' dir='ltr'><strong>operis</strong></span> <span class='ocrx_word' id='word_1_552' title='bbox 1471 4301 1757 4372; x_wconf 65' lang='lat' dir='ltr'><strong>praestola-</strong></span> 
     </span>
    </p>
   </div>
   <div class='ocr_carea' id='block_1_75' title="bbox 169 4391 1759 4464">
    <p class='ocr_par' dir='ltr' id='par_1_75' title="bbox 169 4391 1759 4464">
     <span class='ocr_line' id='line_1_75' title="bbox 169 4391 1759 4464; baseline 0.005 -25"><span class='ocrx_word' id='word_1_553' title='bbox 169 4392 267 4455; x_wconf 89' lang='lat' dir='ltr'><strong>tur,</strong></span> <span class='ocrx_word' id='word_1_554' title='bbox 312 4400 369 4445; x_wconf 90' lang='lat' dir='ltr'><strong>ut</strong></span> <span class='ocrx_word' id='word_1_555' title='bbox 405 4395 667 4447; x_wconf 81' lang='lat' dir='ltr'><strong>statutam</strong></span> <span class='ocrx_word' id='word_1_556' title='bbox 716 4391 1030 4448; x_wconf 77' lang='lat' dir='ltr'><strong>mercedem</strong></span> <span class='ocrx_word' id='word_1_557' title='bbox 1083 4391 1319 4462; x_wconf 90' lang='lat' dir='ltr'><strong>accipiat</strong></span> <span class='ocrx_word' id='word_1_558' title='bbox 1351 4410 1365 4446; x_wconf 88' lang='lat'><strong>:</strong></span> <span class='ocrx_word' id='word_1_559' title='bbox 1402 4391 1486 4447; x_wconf 79' lang='lat' dir='ltr'><strong>sic</strong></span> <span class='ocrx_word' id='word_1_560' title='bbox 1528 4401 1583 4449; x_wconf 89' lang='lat' dir='ltr'><strong>et</strong></span> <span class='ocrx_word' id='word_1_561' title='bbox 1635 4401 1759 4464; x_wconf 89' lang='lat' dir='ltr'><strong>post</strong></span> 
     </span>
    </p>
   </div>
   <div class='ocr_carea' id='block_1_76' title="bbox 171 4483 1760 4557">
    <p class='ocr_par' dir='ltr' id='par_1_76' title="bbox 171 4483 1760 4557">
     <span class='ocr_line' id='line_1_76' title="bbox 171 4483 1760 4557; baseline 0.002 -22"><span class='ocrx_word' id='word_1_562' title='bbox 171 4488 270 4537; x_wconf 80' lang='lat' dir='ltr'><strong>tres</strong></span> <span class='ocrx_word' id='word_1_563' title='bbox 294 4498 469 4543; x_wconf 83' lang='lat' dir='ltr'><strong>annos</strong></span> <span class='ocrx_word' id='word_1_564' title='bbox 497 4493 555 4540; x_wconf 89' lang='lat' dir='ltr'><strong>ct</strong></span> <span class='ocrx_word' id='word_1_565' title='bbox 580 4483 763 4550; x_wconf 77' lang='lat' dir='ltr'><strong>Moab,</strong></span> <span class='ocrx_word' id='word_1_566' title='bbox 804 4485 1034 4557; x_wconf 84' lang='lat' dir='ltr'><strong>Assyrio</strong></span> <span class='ocrx_word' id='word_1_567' title='bbox 1067 4484 1341 4554; x_wconf 84' lang='lat' dir='ltr'><strong>veniente,</strong></span> <span class='ocrx_word' id='word_1_568' title='bbox 1379 4484 1671 4551; x_wconf 76' lang='lat' dir='ltr'><strong>delabitur,</strong></span> <span class='ocrx_word' id='word_1_569' title='bbox 1703 4490 1760 4540; x_wconf 86' lang='lat' dir='ltr'><strong>et</strong></span> 
     </span>
    </p>
   </div>
   <div class='ocr_carea' id='block_1_77' title="bbox 173 4575 1758 4652">
    <p class='ocr_par' dir='ltr' id='par_1_77' title="bbox 173 4575 1758 4652">
     <span class='ocr_line' id='line_1_77' title="bbox 173 4575 1758 4652; baseline 0.001 -21"><span class='ocrx_word' id='word_1_570' title='bbox 173 4575 251 4633; x_wconf 85' lang='lat' dir='ltr'><strong>vix</strong></span> <span class='ocrx_word' id='word_1_571' title='bbox 280 4580 438 4650; x_wconf 86' lang='lat' dir='ltr'><strong>pauci</strong></span> <span class='ocrx_word' id='word_1_572' title='bbox 460 4581 843 4652; x_wconf 80' lang='lat' dir='ltr'><strong>relinquentur</strong></span> <span class='ocrx_word' id='word_1_573' title='bbox 874 4582 927 4636; x_wconf 91' lang='lat' dir='ltr'><strong>in</strong></span> <span class='ocrx_word' id='word_1_574' title='bbox 970 4588 1139 4648; x_wconf 82' lang='lat' dir='ltr'><strong>terra,</strong></span> <span class='ocrx_word' id='word_1_575' title='bbox 1172 4579 1265 4650; x_wconf 85' lang='lat' dir='ltr'><strong>qui</strong></span> <span class='ocrx_word' id='word_1_576' title='bbox 1296 4580 1552 4636; x_wconf 84' lang='lat' dir='ltr'><strong>subrutas</strong></span> <span class='ocrx_word' id='word_1_577' title='bbox 1603 4578 1758 4634; x_wconf 87' lang='lat' dir='ltr'><strong>babi-</strong></span> 
     </span>
    </p>
   </div>
   <div class='ocr_carea' id='block_1_78' title="bbox 1851 3357 3455 3435">
    <p class='ocr_par' dir='ltr' id='par_1_78' title="bbox 1851 3357 3455 3435">
     <span class='ocr_line' id='line_1_78' title="bbox 1851 3357 3455 3435; baseline 0.004 -21"><span class='ocrx_word' id='word_1_578' title='bbox 1851 3357 2078 3428; x_wconf 82' lang='lat' dir='ltr'><strong>Quando</strong></span> <span class='ocrx_word' id='word_1_579' title='bbox 2132 3369 2313 3418; x_wconf 86' lang='lat' dir='ltr'><strong>autem</strong></span> <span class='ocrx_word' id='word_1_580' title='bbox 2354 3360 2489 3418; x_wconf 88' lang='lat' dir='ltr'><strong>dicit</strong></span> <span class='ocrx_word' id='word_1_581' title='bbox 2532 3376 2750 3419; x_wconf 86' lang='lat' dir='ltr'><strong>cessare</strong></span> <span class='ocrx_word' id='word_1_582' title='bbox 2792 3379 3025 3435; x_wconf 76' lang='lat' dir='ltr'><strong>regnum</strong></span> <span class='ocrx_word' id='word_1_583' title='bbox 3066 3373 3124 3421; x_wconf 91' lang='lat' dir='ltr'><strong>et</strong></span> <span class='ocrx_word' id='word_1_584' title='bbox 3151 3364 3455 3435; x_wconf 74' lang='lat' dir='ltr'><strong>quiascere,</strong></span> 
     </span>
    </p>
   </div>
   <div class='ocr_carea' id='block_1_79' title="bbox 1855 3456 3458 3529">
    <p class='ocr_par' dir='ltr' id='par_1_79' title="bbox 1855 3456 3458 3529">
     <span class='ocr_line' id='line_1_79' title="bbox 1855 3456 3458 3529; baseline 0.004 -21"><span class='ocrx_word' id='word_1_585' title='bbox 1855 3468 1959 3510; x_wconf 90' lang='lat' dir='ltr'><strong>non</strong></span> <span class='ocrx_word' id='word_1_586' title='bbox 2006 3465 2323 3527; x_wconf 86' lang='lat' dir='ltr'><strong>perpetuam</strong></span> <span class='ocrx_word' id='word_1_587' title='bbox 2356 3456 2634 3529; x_wconf 77' lang='lat' dir='ltr'><strong>signiﬁcat</strong></span> <span class='ocrx_word' id='word_1_588' title='bbox 2676 3458 3009 3525; x_wconf 83' lang='lat' dir='ltr'><strong>vastitatem,</strong></span> <span class='ocrx_word' id='word_1_589' title='bbox 3038 3459 3138 3516; x_wconf 89' lang='lat' dir='ltr'><strong>sed</strong></span> <span class='ocrx_word' id='word_1_590' title='bbox 3181 3459 3356 3517; x_wconf 72' lang='lat' dir='ltr'><strong>autem</strong></span> <span class='ocrx_word' id='word_1_591' title='bbox 3400 3460 3458 3515; x_wconf 88' lang='lat' dir='ltr'><strong>in</strong></span> 
     </span>
    </p>
   </div>
   <div class='ocr_carea' id='block_1_80' title="bbox 1852 3550 3461 3624">
    <p class='ocr_par' dir='ltr' id='par_1_80' title="bbox 1852 3550 3461 3624">
     <span class='ocr_line' id='line_1_80' title="bbox 1852 3550 3461 3624; baseline 0.004 -23"><span class='ocrx_word' id='word_1_592' title='bbox 1852 3562 2099 3618; x_wconf 84' lang='lat' dir='ltr'><strong>praesens</strong></span> <span class='ocrx_word' id='word_1_593' title='bbox 2138 3550 2463 3618; x_wconf 87' lang='lat' dir='ltr'><strong>potentiam,</strong></span> <span class='ocrx_word' id='word_1_594' title='bbox 2511 3566 2608 3620; x_wconf 89' lang='lat' dir='ltr'><strong>per</strong></span> <span class='ocrx_word' id='word_1_595' title='bbox 2648 3567 2809 3623; x_wconf 85' lang='lat' dir='ltr'><strong>quam</strong></span> <span class='ocrx_word' id='word_1_596' title='bbox 2851 3552 2905 3608; x_wconf 86' lang='lat' dir='ltr'><strong>in</strong></span> <span class='ocrx_word' id='word_1_597' title='bbox 2952 3551 3099 3607; x_wconf 86' lang='lat' dir='ltr'><strong>omni</strong></span> <span class='ocrx_word' id='word_1_598' title='bbox 3130 3550 3289 3624; x_wconf 87' lang='lat' dir='ltr'><strong>Syria</strong></span> <span class='ocrx_word' id='word_1_599' title='bbox 3330 3559 3461 3607; x_wconf 82' lang='lat' dir='ltr'><strong>ante</strong></span> 
     </span>
    </p>
   </div>
   <div class='ocr_carea' id='block_1_81' title="bbox 1850 3640 3462 3716">
    <p class='ocr_par' dir='ltr' id='par_1_81' title="bbox 1850 3640 3462 3716">
     <span class='ocr_line' id='line_1_81' title="bbox 1850 3640 3462 3716; baseline 0.002 -20"><span class='ocrx_word' id='word_1_600' title='bbox 1850 3640 2137 3710; x_wconf 73' lang='lat' dir='ltr'><strong>regnabat.</strong></span> <span class='ocrx_word' id='word_1_601' title='bbox 2184 3640 2258 3696; x_wconf 83' lang='lat' dir='ltr'><strong>Et</strong></span> <span class='ocrx_word' id='word_1_602' title='bbox 2326 3641 2558 3715; x_wconf 73' lang='lat' dir='ltr'><strong>reliquid:</strong></span> <span class='ocrx_word' id='word_1_603' title='bbox 2612 3642 2785 3714; x_wconf 77' lang='lat' dir='ltr'><strong>Syria:</strong></span> <span class='ocrx_word' id='word_1_604' title='bbox 2835 3644 2965 3699; x_wconf 83' lang='lat' dir='ltr'><strong>sicut</strong></span> <span class='ocrx_word' id='word_1_605' title='bbox 3000 3643 3177 3716; x_wconf 77' lang='lat' dir='ltr'><strong>gloria</strong></span> <span class='ocrx_word' id='word_1_606' title='bbox 3232 3646 3462 3714; x_wconf 70' lang='lat' dir='ltr'><strong>ﬁliarum</strong></span> 
     </span>
    </p>
   </div>
   <div class='ocr_carea' id='block_1_82' title="bbox 1855 3729 3457 3807">
    <p class='ocr_par' dir='ltr' id='par_1_82' title="bbox 1855 3729 3457 3807">
     <span class='ocr_line' id='line_1_82' title="bbox 1855 3729 3457 3807; baseline 0.007 -23"><span class='ocrx_word' id='word_1_607' title='bbox 1855 3729 2025 3787; x_wconf 83' lang='lat' dir='ltr'><strong>Israel</strong></span> <span class='ocrx_word' id='word_1_608' title='bbox 2063 3742 2253 3803; x_wconf 82' lang='lat' dir='ltr'><strong>erunt,</strong></span> <span class='ocrx_word' id='word_1_609' title='bbox 2296 3734 2422 3790; x_wconf 85' lang='lat' dir='ltr'><strong>dicit</strong></span> <span class='ocrx_word' id='word_1_610' title='bbox 2469 3733 2727 3791; x_wconf 81' lang='lat' dir='ltr'><strong>Dominus</strong></span> <span class='ocrx_word' id='word_1_611' title='bbox 2766 3740 3106 3794; x_wconf 62' lang='lat' dir='ltr'><strong>exercituum.</strong></span> <span class='ocrx_word' id='word_1_612' title='bbox 3147 3738 3457 3807; x_wconf 75' lang='lat' dir='ltr'><strong>Quomodo,</strong></span> 
     </span>
    </p>
   </div>
   <div class='ocr_carea' id='block_1_83' title="bbox 1854 3823 3459 3902">
    <p class='ocr_par' dir='ltr' id='par_1_83' title="bbox 1854 3823 3459 3902">
     <span class='ocr_line' id='line_1_83' title="bbox 1854 3823 3459 3902; baseline 0.004 -23"><span class='ocrx_word' id='word_1_613' title='bbox 1854 3823 2050 3897; x_wconf 86' lang='lat' dir='ltr'><strong>inquit,</strong></span> <span class='ocrx_word' id='word_1_614' title='bbox 2083 3824 2276 3883; x_wconf 88' lang='lat' dir='ltr'><strong>decem</strong></span> <span class='ocrx_word' id='word_1_615' title='bbox 2308 3830 2485 3885; x_wconf 89' lang='lat' dir='ltr'><strong>tribus</strong></span> <span class='ocrx_word' id='word_1_616' title='bbox 2513 3830 2735 3902; x_wconf 82' lang='lat' dir='ltr'><strong>Assyrio</strong></span> <span class='ocrx_word' id='word_1_617' title='bbox 2775 3831 3068 3901; x_wconf 76' lang='lat' dir='ltr'><strong>populante</strong></span> <span class='ocrx_word' id='word_1_618' title='bbox 3097 3831 3291 3887; x_wconf 68' lang='lat' dir='ltr'><strong>deleta:</strong></span> <span class='ocrx_word' id='word_1_619' title='bbox 3309 3841 3459 3897; x_wconf 82' lang='lat' dir='ltr'><strong>sunt,</strong></span> 
     </span>
    </p>
   </div>
   <div class='ocr_carea' id='block_1_84' title="bbox 1856 3919 3468 3992">
    <p class='ocr_par' dir='ltr' id='par_1_84' title="bbox 1856 3919 3468 3992">
     <span class='ocr_line' id='line_1_84' title="bbox 1856 3919 3468 3992; baseline 0.002 -18"><span class='ocrx_word' id='word_1_620' title='bbox 1856 3929 1909 3974; x_wconf 88' lang='lat' dir='ltr'><strong>et</strong></span> <span class='ocrx_word' id='word_1_621' title='bbox 1936 3919 2115 3974; x_wconf 89' lang='lat' dir='ltr'><strong>omnis</strong></span> <span class='ocrx_word' id='word_1_622' title='bbox 2135 3920 2310 3991; x_wconf 81' lang='lat' dir='ltr'><strong>gloria</strong></span> <span class='ocrx_word' id='word_1_623' title='bbox 2341 3935 2527 3975; x_wconf 87' lang='lat' dir='ltr'><strong>earum</strong></span> <span class='ocrx_word' id='word_1_624' title='bbox 2553 3921 2604 3976; x_wconf 89' lang='lat' dir='ltr'><strong>in</strong></span> <span class='ocrx_word' id='word_1_625' title='bbox 2634 3921 3004 3992; x_wconf 79' lang='lat' dir='ltr'><strong>captivitatem</strong></span> <span class='ocrx_word' id='word_1_626' title='bbox 3035 3921 3203 3979; x_wconf 85' lang='lat' dir='ltr'><strong>ducta</strong></span> <span class='ocrx_word' id='word_1_627' title='bbox 3232 3930 3318 3978; x_wconf 81' lang='lat' dir='ltr'><strong>est</strong></span> <span class='ocrx_word' id='word_1_628' title='bbox 3345 3939 3357 3975; x_wconf 91' lang='lat'><strong>:</strong></span> <span class='ocrx_word' id='word_1_629' title='bbox 3388 3923 3468 3978; x_wconf 87' lang='lat' dir='ltr'><strong>sic</strong></span> 
     </span>
    </p>
   </div>
   <div class='ocr_carea' id='block_1_85' title="bbox 1853 4012 3467 4083">
    <p class='ocr_par' dir='ltr' id='par_1_85' title="bbox 1853 4012 3467 4083">
     <span class='ocr_line' id='line_1_85' title="bbox 1853 4012 3467 4083; baseline 0.002 -17"><span class='ocrx_word' id='word_1_630' title='bbox 1853 4014 2038 4082; x_wconf 87' lang='lat' dir='ltr'><strong>pauci,</strong></span> <span class='ocrx_word' id='word_1_631' title='bbox 2069 4013 2160 4083; x_wconf 91' lang='lat' dir='ltr'><strong>qui</strong></span> <span class='ocrx_word' id='word_1_632' title='bbox 2191 4012 2245 4068; x_wconf 91' lang='lat' dir='ltr'><strong>in</strong></span> <span class='ocrx_word' id='word_1_633' title='bbox 2268 4014 2542 4070; x_wconf 85' lang='lat' dir='ltr'><strong>Damaseo</strong></span> <span class='ocrx_word' id='word_1_634' title='bbox 2568 4015 2896 4082; x_wconf 84' lang='lat' dir='ltr'><strong>resederint,</strong></span> <span class='ocrx_word' id='word_1_635' title='bbox 2920 4015 3378 4083; x_wconf 65' lang='lat' dir='ltr'><strong>inmutabuntur,</strong></span> <span class='ocrx_word' id='word_1_636' title='bbox 3410 4025 3467 4071; x_wconf 90' lang='lat' dir='ltr'><strong>et</strong></span> 
     </span>
    </p>
   </div>
   <div class='ocr_carea' id='block_1_86' title="bbox 1860 4104 3465 4179">
    <p class='ocr_par' dir='ltr' id='par_1_86' title="bbox 1860 4104 3465 4179">
     <span class='ocr_line' id='line_1_86' title="bbox 1860 4104 3465 4179; baseline 0.001 -17"><span class='ocrx_word' id='word_1_637' title='bbox 1860 4104 2141 4162; x_wconf 85' lang='lat' dir='ltr'><strong>habebunt</strong></span> <span class='ocrx_word' id='word_1_638' title='bbox 2180 4107 2365 4177; x_wconf 86' lang='lat' dir='ltr'><strong>gentis</strong></span> <span class='ocrx_word' id='word_1_639' title='bbox 2402 4107 2632 4179; x_wconf 84' lang='lat' dir='ltr'><strong>gloriam</strong></span> <span class='ocrx_word' id='word_1_640' title='bbox 2680 4107 2864 4163; x_wconf 67' lang='lat' dir='ltr'><strong>sociae.</strong></span> <span class='ocrx_word' id='word_1_641' title='bbox 2910 4106 3153 4165; x_wconf 76' lang='lat' dir='ltr'><strong>Gloriam</strong></span> <span class='ocrx_word' id='word_1_642' title='bbox 3201 4122 3301 4179; x_wconf 88' lang='lat' dir='ltr'><strong>per</strong></span> <span class='ocrx_word' id='word_1_643' title='bbox 3342 4106 3465 4163; x_wconf 82' lang='lat' dir='ltr'><strong>iro-</strong></span> 
     </span>
    </p>
   </div>
   <div class='ocr_carea' id='block_1_87' title="bbox 1858 4199 3470 4272">
    <p class='ocr_par' dir='ltr' id='par_1_87' title="bbox 1858 4199 3470 4272">
     <span class='ocr_line' id='line_1_87' title="bbox 1858 4199 3470 4272; baseline 0.002 -16"><span class='ocrx_word' id='word_1_644' title='bbox 1858 4199 2004 4256; x_wconf 85' lang='lat' dir='ltr'><strong>niam</strong></span> <span class='ocrx_word' id='word_1_645' title='bbox 2034 4199 2234 4256; x_wconf 85' lang='lat' dir='ltr'><strong>dictam</strong></span> <span class='ocrx_word' id='word_1_646' title='bbox 2264 4200 2472 4272; x_wconf 87' lang='lat' dir='ltr'><strong>accipe,</strong></span> <span class='ocrx_word' id='word_1_647' title='bbox 2518 4215 2619 4272; x_wconf 88' lang='lat' dir='ltr'><strong>pro</strong></span> <span class='ocrx_word' id='word_1_648' title='bbox 2650 4200 2970 4272; x_wconf 77' lang='lat' dir='ltr'><strong>ignominia.</strong></span> <span class='ocrx_word' id='word_1_649' title='bbox 3011 4200 3130 4259; x_wconf 83' lang='lat' dir='ltr'><strong>Hoc</strong></span> <span class='ocrx_word' id='word_1_650' title='bbox 3158 4210 3342 4259; x_wconf 83' lang='lat' dir='ltr'><strong>autem</strong></span> <span class='ocrx_word' id='word_1_651' title='bbox 3385 4212 3470 4259; x_wconf 88' lang='lat' dir='ltr'><strong>to-</strong></span> 
     </span>
    </p>
   </div>
   <div class='ocr_carea' id='block_1_88' title="bbox 1858 4292 3470 4366">
    <p class='ocr_par' dir='ltr' id='par_1_88' title="bbox 1858 4292 3470 4366">
     <span class='ocr_line' id='line_1_88' title="bbox 1858 4292 3470 4366; baseline 0.003 -19"><span class='ocrx_word' id='word_1_652' title='bbox 1858 4299 1975 4347; x_wconf 84' lang='lat' dir='ltr'><strong>tum</strong></span> <span class='ocrx_word' id='word_1_653' title='bbox 2005 4292 2119 4359; x_wconf 83' lang='lat' dir='ltr'><strong>ﬁet,</strong></span> <span class='ocrx_word' id='word_1_654' title='bbox 2146 4292 2276 4364; x_wconf 89' lang='lat' dir='ltr'><strong>quia</strong></span> <span class='ocrx_word' id='word_1_655' title='bbox 2311 4294 2575 4350; x_wconf 87' lang='lat' dir='ltr'><strong>Dominus</strong></span> <span class='ocrx_word' id='word_1_656' title='bbox 2604 4294 2818 4351; x_wconf 72' lang='lat' dir='ltr'><strong>locutus</strong></span> <span class='ocrx_word' id='word_1_657' title='bbox 2844 4304 2959 4361; x_wconf 86' lang='lat' dir='ltr'><strong>est,</strong></span> <span class='ocrx_word' id='word_1_658' title='bbox 2994 4295 3156 4366; x_wconf 77' lang='lat' dir='ltr'><strong>cujus</strong></span> <span class='ocrx_word' id='word_1_659' title='bbox 3180 4294 3349 4353; x_wconf 84' lang='lat' dir='ltr'><strong>verba</strong></span> <span class='ocrx_word' id='word_1_660' title='bbox 3392 4294 3470 4352; x_wconf 84' lang='lat' dir='ltr'><strong>ir-</strong></span> 
     </span>
    </p>
   </div>
   <div class='ocr_carea' id='block_1_89' title="bbox 1860 4387 3464 4462">
    <p class='ocr_par' dir='ltr' id='par_1_89' title="bbox 1860 4387 3464 4462">
     <span class='ocr_line' id='line_1_89' title="bbox 1860 4387 3464 4462; baseline 0.001 -19"><span class='ocrx_word' id='word_1_661' title='bbox 1860 4387 1968 4443; x_wconf 87' lang='lat' dir='ltr'><strong>rita</strong></span> <span class='ocrx_word' id='word_1_662' title='bbox 2017 4401 2140 4443; x_wconf 89' lang='lat' dir='ltr'><strong>esse</strong></span> <span class='ocrx_word' id='word_1_663' title='bbox 2190 4404 2297 4443; x_wconf 90' lang='lat' dir='ltr'><strong>non</strong></span> <span class='ocrx_word' id='word_1_664' title='bbox 2342 4400 2591 4461; x_wconf 84' lang='lat' dir='ltr'><strong>possunt.</strong></span> <span class='ocrx_word' id='word_1_665' title='bbox 2642 4388 2875 4457; x_wconf 76' lang='lat' dir='ltr'><strong>Quidam</strong></span> <span class='ocrx_word' id='word_1_666' title='bbox 2933 4388 3075 4445; x_wconf 75' lang='lat' dir='ltr'><strong>lianc</strong></span> <span class='ocrx_word' id='word_1_667' title='bbox 3118 4389 3464 4462; x_wconf 78' lang='lat' dir='ltr'><strong>prophetiam</strong></span> 
     </span>
    </p>
   </div>
   <div class='ocr_carea' id='block_1_90' title="bbox 1862 4480 3464 4555">
    <p class='ocr_par' dir='ltr' id='par_1_90' title="bbox 1862 4480 3464 4555">
     <span class='ocr_line' id='line_1_90' title="bbox 1862 4480 3464 4555; baseline 0.001 -18"><span class='ocrx_word' id='word_1_668' title='bbox 1862 4480 2111 4537; x_wconf 84' lang='lat' dir='ltr'><strong>eamdem</strong></span> <span class='ocrx_word' id='word_1_669' title='bbox 2150 4490 2344 4553; x_wconf 83' lang='lat' dir='ltr'><strong>putant</strong></span> <span class='ocrx_word' id='word_1_670' title='bbox 2394 4498 2534 4550; x_wconf 85' lang='lat' dir='ltr'><strong>esse,</strong></span> <span class='ocrx_word' id='word_1_671' title='bbox 2585 4498 2749 4553; x_wconf 85' lang='lat' dir='ltr'><strong>quam</strong></span> <span class='ocrx_word' id='word_1_672' title='bbox 2802 4483 2856 4537; x_wconf 89' lang='lat' dir='ltr'><strong>in</strong></span> <span class='ocrx_word' id='word_1_673' title='bbox 2901 4482 3143 4539; x_wconf 82' lang='lat' dir='ltr'><strong>Jeremia</strong></span> <span class='ocrx_word' id='word_1_674' title='bbox 3170 4483 3464 4555; x_wconf 73' lang='lat' dir='ltr'><strong>‘Iegimus:</strong></span> 
     </span>
    </p>
   </div>
   <div class='ocr_carea' id='block_1_91' title="bbox 1862 4572 3469 4649">
    <p class='ocr_par' dir='ltr' id='par_1_91' title="bbox 1862 4572 3469 4649">
     <span class='ocr_line' id='line_1_91' title="bbox 1862 4572 3469 4649; baseline 0.001 -21"><span class='ocrx_word' id='word_1_675' title='bbox 1862 4572 2136 4630; x_wconf 84' lang='lat' dir='ltr'><strong>Dissoluta</strong></span> <span class='ocrx_word' id='word_1_676' title='bbox 2178 4584 2253 4631; x_wconf 86' lang='lat' dir='ltr'><strong>est</strong></span> <span class='ocrx_word' id='word_1_677' title='bbox 2295 4575 2609 4644; x_wconf 82' lang='lat' dir='ltr'><strong>Damascus,</strong></span> <span class='ocrx_word' id='word_1_678' title='bbox 2650 4593 2795 4632; x_wconf 78' lang='lat' dir='ltr'><strong>versa</strong></span> <span class='ocrx_word' id='word_1_679' title='bbox 2830 4586 2906 4631; x_wconf 81' lang='lat' dir='ltr'><strong>est</strong></span> <span class='ocrx_word' id='word_1_680' title='bbox 2942 4577 3001 4631; x_wconf 81' lang='lat' dir='ltr'><strong>in</strong></span> <span class='ocrx_word' id='word_1_681' title='bbox 3024 4577 3230 4649; x_wconf 72' lang='lat' dir='ltr'><strong>fugam,</strong></span> <span class='ocrx_word' id='word_1_682' title='bbox 3274 4586 3469 4633; x_wconf 87' lang='lat' dir='ltr'><strong>tremor</strong></span> 
     </span>
    </p>
   </div>
   <div class='ocr_carea' id='block_1_92' title="bbox 172 4668 3468 4748">
    <p class='ocr_par' dir='ltr' id='par_1_92' title="bbox 172 4668 3468 4748">
     <span class='ocr_line' id='line_1_92' title="bbox 172 4668 3468 4748; baseline 0.003 -23"><span class='ocrx_word' id='word_1_683' title='bbox 172 4677 278 4727; x_wconf 82' lang='lat' dir='ltr'><strong>tant</strong></span> <span class='ocrx_word' id='word_1_684' title='bbox 300 4674 574 4741; x_wconf 81' lang='lat' dir='ltr'><strong>civitates,</strong></span> <span class='ocrx_word' id='word_1_685' title='bbox 606 4683 662 4731; x_wconf 90' lang='lat' dir='ltr'><strong>et</strong></span> <span class='ocrx_word' id='word_1_686' title='bbox 690 4674 942 4731; x_wconf 85' lang='lat' dir='ltr'><strong>desertos</strong></span> <span class='ocrx_word' id='word_1_687' title='bbox 962 4690 1128 4748; x_wconf 80' lang='lat' dir='ltr'><strong>agros</strong></span> <span class='ocrx_word' id='word_1_688' title='bbox 1144 4682 1462 4731; x_wconf 86' lang='lat' dir='ltr'><strong>exerceant.</strong></span> <span class='ocrx_word' id='word_1_689' title='bbox 1495 4674 1681 4730; x_wconf 88' lang='lat' dir='ltr'><strong>Potest</strong></span> <span class='ocrx_word' id='word_1_690' title='bbox 1707 4681 1763 4730; x_wconf 91' lang='lat' dir='ltr'><strong>et</strong></span> <span class='ocrx_word' id='word_1_691' title='bbox 1784 4677 1842 4741; x_wconf 88' lang='lat' dir='ltr'><strong>D</strong></span> <span class='ocrx_word' id='word_1_692' title='bbox 1865 4668 2209 4740; x_wconf 74' lang='lat' dir='ltr'><strong>apprehendit</strong></span> <span class='ocrx_word' id='word_1_693' title='bbox 2255 4687 2388 4736; x_wconf 81' lang='lat' dir='ltr'><strong>eam.</strong></span> <span class='ocrx_word' id='word_1_694' title='bbox 2426 4671 2669 4746; x_wconf 61' lang='lat' dir='ltr'><strong>angustia</strong></span> <span class='ocrx_word' id='word_1_695' title='bbox 2714 4680 2761 4725; x_wconf 72' lang='lat' dir='ltr'><strong>et</strong></span> <span class='ocrx_word' id='word_1_696' title='bbox 2796 4671 3004 4727; x_wconf 71' lang='grc' dir='ltr'><strong>άοιοτεε</strong></span> <span class='ocrx_word' id='word_1_697' title='bbox 3032 4681 3311 4729; x_wconf 65' lang='lat' dir='ltr'><strong>tenuerint!</strong></span> <span class='ocrx_word' id='word_1_698' title='bbox 3348 4688 3468 4726; x_wconf 68' lang='lat' dir='ltr'><strong>eam</strong></span> 
     </span>
    </p>
   </div>
   <div class='ocr_carea' id='block_1_93' title="bbox 171 4762 1748 4842">
    <p class='ocr_par' dir='ltr' id='par_1_93' title="bbox 171 4763 1748 4842">
     <span class='ocr_line' id='line_1_93' title="bbox 171 4763 1748 4842; baseline 0.002 -21"><span class='ocrx_word' id='word_1_699' title='bbox 171 4763 231 4823; x_wconf 88' lang='lat' dir='ltr'><strong>de</strong></span> <span class='ocrx_word' id='word_1_700' title='bbox 246 4766 583 4841; x_wconf 81' lang='lat' dir='ltr'><strong>Babylonica</strong></span> <span class='ocrx_word' id='word_1_701' title='bbox 612 4768 934 4841; x_wconf 85' lang='lat' dir='ltr'><strong>captivitate</strong></span> <span class='ocrx_word' id='word_1_702' title='bbox 953 4769 1203 4842; x_wconf 63' lang='lat' dir='ltr'><strong>prmdici,</strong></span> <span class='ocrx_word' id='word_1_703' title='bbox 1228 4768 1373 4840; x_wconf 83' lang='lat' dir='ltr'><strong>quod</strong></span> <span class='ocrx_word' id='word_1_704' title='bbox 1396 4779 1519 4840; x_wconf 89' lang='lat' dir='ltr'><strong>post</strong></span> <span class='ocrx_word' id='word_1_705' title='bbox 1547 4776 1748 4839; x_wconf 85' lang='lat' dir='ltr'><strong>captam</strong></span> 
     </span>
    </p>
   </div>
   <div class='ocr_carea' id='block_1_94' title="bbox 1850 4762 3465 4842">
    <p class='ocr_par' dir='ltr' id='par_1_94' title="bbox 1864 4762 3465 4837">
     <span class='ocr_line' id='line_1_94' title="bbox 1864 4762 3465 4837; baseline 0.002 -21"><span class='ocrx_word' id='word_1_706' title='bbox 1864 4762 2014 4833; x_wconf 85' lang='lat' dir='ltr'><strong>quasi</strong></span> <span class='ocrx_word' id='word_1_707' title='bbox 2041 4763 2410 4834; x_wconf 79' lang='lat' dir='ltr'><strong>parturientem</strong></span> <span class='ocrx_word' id='word_1_708' title='bbox 2438 4762 2655 4835; x_wconf 57' lang='grc' dir='ltr'><strong>(ἔθνεα.</strong></span> <span class='ocrx_word' id='word_1_709' title='bbox 2680 4779 2830 4830; x_wconf 80' lang='lat' dir='ltr'><strong>xus,</strong></span> <span class='ocrx_word' id='word_1_710' title='bbox 2851 4763 2943 4830; x_wconf 65' lang='grc' dir='ltr'>ει,</span> <span class='ocrx_word' id='word_1_711' title='bbox 2980 4762 3097 4837; x_wconf 72' lang='grc'><strong>27).</strong></span> <span class='ocrx_word' id='word_1_712' title='bbox 3116 4764 3195 4822; x_wconf 85' lang='lat' dir='ltr'><strong>Et</strong></span> <span class='ocrx_word' id='word_1_713' title='bbox 3224 4765 3421 4822; x_wconf 81' lang='lat' dir='ltr'><strong>iterum</strong></span> <span class='ocrx_word' id='word_1_714' title='bbox 3452 4783 3465 4819; x_wconf 89' lang='lat'>:</span> 
     </span>
    </p>
   </div>
   <div class='ocr_carea' id='block_1_95' title="bbox 168 4852 3468 4933">
    <p class='ocr_par' dir='ltr' id='par_1_95' title="bbox 168 4852 3468 4933">
     <span class='ocr_line' id='line_1_95' title="bbox 168 4852 3468 4933; baseline 0.003 -31"><span class='ocrx_word' id='word_1_715' title='bbox 168 4858 481 4933; x_wconf 57' lang='lat' dir='ltr'><strong>Jerusalem,</strong></span> <span class='ocrx_word' id='word_1_716' title='bbox 521 4874 575 4921; x_wconf 64' lang='grc' dir='ltr'>ει</span> <span class='ocrx_word' id='word_1_717' title='bbox 618 4864 913 4921; x_wconf 47' lang='lat' dir='ltr'><strong>transitum</strong></span> <span class='ocrx_word' id='word_1_718' title='bbox 960 4881 1228 4921; x_wconf 64' lang='lat' dir='ltr'><strong>annorum</strong></span> <span class='ocrx_word' id='word_1_719' title='bbox 1287 4865 1478 4933; x_wconf 60' lang='grc' dir='ltr'><strong>υ-ίκιη,</strong></span> <span class='ocrx_word' id='word_1_720' title='bbox 1526 4864 1688 4920; x_wconf 72' lang='lat' dir='ltr'><strong>Moab</strong></span> <span class='ocrx_word' id='word_1_721' title='bbox 1727 4880 1762 4921; x_wconf 61' lang='grc' dir='ltr'><em>λ</em></span> <span class='ocrx_word' id='word_1_722' title='bbox 1866 4852 2192 4910; x_wconf 81' lang='lat' dir='ltr'><strong>Succendatn</strong></span> <span class='ocrx_word' id='word_1_723' title='bbox 2232 4856 2403 4928; x_wconf 84' lang='lat' dir='ltr'><strong>ignem</strong></span> <span class='ocrx_word' id='word_1_724' title='bbox 2454 4857 2509 4911; x_wconf 85' lang='lat' dir='ltr'><strong>in</strong></span> <span class='ocrx_word' id='word_1_725' title='bbox 2572 4872 2721 4912; x_wconf 83' lang='lat' dir='ltr'><strong>muro</strong></span> <span class='ocrx_word' id='word_1_726' title='bbox 2769 4854 3056 4923; x_wconf 68' lang='lat' dir='ltr'><strong>Damasci,</strong></span> <span class='ocrx_word' id='word_1_727' title='bbox 3102 4867 3155 4912; x_wconf 83' lang='lat' dir='ltr'><strong>et</strong></span> <span class='ocrx_word' id='word_1_728' title='bbox 3194 4857 3468 4915; x_wconf 78' lang='lat' dir='ltr'><strong>devorabit</strong></span> 
     </span>
    </p>
   </div>
   <div class='ocr_carea' id='block_1_96' title="bbox 173 4947 1748 5043">
    <p class='ocr_par' dir='ltr' id='par_1_96' title="bbox 173 4954 1748 5043">
     <span class='ocr_line' id='line_1_96' title="bbox 173 4954 1748 5043; baseline 0.005 -33"><span class='ocrx_word' id='word_1_729' title='bbox 173 4954 435 5014; x_wconf 72' lang='lat' dir='ltr'><strong>Chaldteis</strong></span> <span class='ocrx_word' id='word_1_730' title='bbox 465 4958 725 5015; x_wconf 83' lang='lat' dir='ltr'><strong>vastanda</strong></span> <span class='ocrx_word' id='word_1_731' title='bbox 765 4959 860 5025; x_wconf 89' lang='lat' dir='ltr'><strong>sit,</strong></span> <span class='ocrx_word' id='word_1_732' title='bbox 891 4962 1006 5016; x_wconf 87' lang='lat' dir='ltr'><strong>sive</strong></span> <span class='ocrx_word' id='word_1_733' title='bbox 1033 4960 1178 5043; x_wconf 87' lang='lat' dir='ltr'><strong>quod</strong></span> <span class='ocrx_word' id='word_1_734' title='bbox 1208 4959 1262 5014; x_wconf 89' lang='lat' dir='ltr'><strong>in</strong></span> <span class='ocrx_word' id='word_1_735' title='bbox 1292 4961 1455 5017; x_wconf 88' lang='lat' dir='ltr'><strong>trium</strong></span> <span class='ocrx_word' id='word_1_736' title='bbox 1489 4975 1748 5018; x_wconf 83' lang='lat' dir='ltr'><strong>annorum</strong></span> 
     </span>
    </p>
   </div>
   <div class='ocr_carea' id='block_1_97' title="bbox 1850 4947 3471 5043">
    <p class='ocr_par' dir='ltr' id='par_1_97' title="bbox 1862 4947 3471 5020">
     <span class='ocr_line' id='line_1_97' title="bbox 1862 4947 3471 5020; baseline 0.005 -18"><span class='ocrx_word' id='word_1_737' title='bbox 1862 4949 2049 5003; x_wconf 64' lang='lat' dir='ltr'><strong>mania</strong></span> <span class='ocrx_word' id='word_1_738' title='bbox 2072 4947 2340 5005; x_wconf 75' lang='grc' dir='ltr'><strong>Βεηαιιαὺ.</strong></span> <span class='ocrx_word' id='word_1_739' title='bbox 2383 4950 2487 5006; x_wconf 77' lang='lat' dir='ltr'><strong>Sed</strong></span> <span class='ocrx_word' id='word_1_740' title='bbox 2512 4949 2795 5007; x_wconf 82' lang='lat' dir='ltr'><strong>sciendum</strong></span> <span class='ocrx_word' id='word_1_741' title='bbox 2829 4950 2971 5020; x_wconf 75' lang='lat' dir='ltr'><strong>quod</strong></span> <span class='ocrx_word' id='word_1_742' title='bbox 3002 4952 3071 5006; x_wconf 83' lang='lat' dir='ltr'><strong>ab</strong></span> <span class='ocrx_word' id='word_1_743' title='bbox 3099 4950 3337 5009; x_wconf 70' lang='lat' dir='ltr'><strong>teremia</strong></span> <span class='ocrx_word' id='word_1_744' title='bbox 3365 4951 3471 5009; x_wconf 86' lang='lat' dir='ltr'><strong>Ba-</strong></span> 
     </span>
    </p>
   </div>
   <div class='ocr_carea' id='block_1_98' title="bbox 170 5052 1205 5124">
    <p class='ocr_par' dir='ltr' id='par_1_98' title="bbox 170 5052 1205 5124">
     <span class='ocr_line' id='line_1_98' title="bbox 170 5052 1205 5124; baseline 0.007 -21"><span class='ocrx_word' id='word_1_745' title='bbox 170 5052 338 5119; x_wconf 81' lang='lat' dir='ltr'><strong>spatio</strong></span> <span class='ocrx_word' id='word_1_746' title='bbox 362 5053 517 5108; x_wconf 88' lang='lat' dir='ltr'><strong>nulla</strong></span> <span class='ocrx_word' id='word_1_747' title='bbox 542 5054 627 5111; x_wconf 88' lang='lat' dir='ltr'><strong>eis</strong></span> <span class='ocrx_word' id='word_1_748' title='bbox 658 5052 839 5109; x_wconf 79' lang='lat' dir='ltr'><strong>danda</strong></span> <span class='ocrx_word' id='word_1_749' title='bbox 864 5054 937 5109; x_wconf 87' lang='lat' dir='ltr'><strong>sit</strong></span> <span class='ocrx_word' id='word_1_750' title='bbox 961 5053 1205 5124; x_wconf 83' lang='lat' dir='ltr'><strong>requies.</strong></span> 
     </span>
    </p>
   </div>
   <div class='ocr_carea' id='block_1_99' title="bbox 236 5141 1759 5217">
    <p class='ocr_par' dir='ltr' id='par_1_99' title="bbox 236 5141 1759 5217">
     <span class='ocr_line' id='line_1_99' title="bbox 236 5141 1759 5217; baseline 0.003 -18"><span class='ocrx_word' id='word_1_751' title='bbox 236 5141 390 5216; x_wconf 85' lang='lat' dir='ltr'><strong>(Cap.</strong></span> <span class='ocrx_word' id='word_1_752' title='bbox 420 5144 584 5201; x_wconf 80' lang='lat' dir='ltr'><strong>XVII.</strong></span> <span class='ocrx_word' id='word_1_753' title='bbox 604 5177 676 5187; x_wconf 91' lang='lat'><strong>—-</strong></span> <span class='ocrx_word' id='word_1_754' title='bbox 696 5145 849 5203; x_wconf 81' lang='lat' dir='ltr'><strong>Vers.</strong></span> <span class='ocrx_word' id='word_1_755' title='bbox 886 5146 962 5217; x_wconf 90' lang='lat' dir='ltr'><strong>I.)</strong></span> <span class='ocrx_word' id='word_1_756' title='bbox 1000 5146 1143 5201; x_wconf 84' lang='lat' dir='ltr'><strong>Unus</strong></span> <span class='ocrx_word' id='word_1_757' title='bbox 1164 5145 1414 5203; x_wconf 89' lang='lat' dir='ltr'><strong>Damasci</strong></span> <span class='ocrx_word' id='word_1_758' title='bbox 1446 5163 1465 5202; x_wconf 91' lang='lat'><strong><em>:</em></strong></span> <span class='ocrx_word' id='word_1_759' title='bbox 1493 5148 1625 5204; x_wconf 84' lang='lat' dir='ltr'><strong>Ecce</strong></span> <span class='ocrx_word' id='word_1_760' title='bbox 1647 5148 1759 5203; x_wconf 83' lang='lat' dir='ltr'><strong>Da-</strong></span> 
     </span>
    </p>
   </div>
   <div class='ocr_carea' id='block_1_100' title="bbox 168 5240 1761 5316">
    <p class='ocr_par' dir='ltr' id='par_1_100' title="bbox 168 5240 1761 5316">
     <span class='ocr_line' id='line_1_100' title="bbox 168 5240 1761 5316; baseline 0.001 -23"><span class='ocrx_word' id='word_1_761' title='bbox 168 5252 359 5295; x_wconf 64' lang='lat' dir='ltr'><strong>muscus</strong></span> <span class='ocrx_word' id='word_1_762' title='bbox 388 5241 589 5299; x_wconf 83' lang='lat' dir='ltr'><strong>desinet</strong></span> <span class='ocrx_word' id='word_1_763' title='bbox 612 5258 729 5298; x_wconf 81' lang='lat' dir='ltr'><strong>esse</strong></span> <span class='ocrx_word' id='word_1_764' title='bbox 751 5241 933 5297; x_wconf 76' lang='lat' dir='ltr'><strong>civitas</strong></span> <span class='ocrx_word' id='word_1_765' title='bbox 965 5258 983 5297; x_wconf 90' lang='lat'><em>:</em></span> <span class='ocrx_word' id='word_1_766' title='bbox 1008 5250 1053 5295; x_wconf 90' lang='lat' dir='ltr'><strong>et</strong></span> <span class='ocrx_word' id='word_1_767' title='bbox 1078 5242 1175 5298; x_wconf 81' lang='lat' dir='ltr'><strong>erit</strong></span> <span class='ocrx_word' id='word_1_768' title='bbox 1220 5243 1355 5297; x_wconf 88' lang='lat' dir='ltr'><strong>sicut</strong></span> <span class='ocrx_word' id='word_1_769' title='bbox 1386 5258 1598 5297; x_wconf 85' lang='lat' dir='ltr'><strong>acervus</strong></span> <span class='ocrx_word' id='word_1_770' title='bbox 1623 5240 1761 5316; x_wconf 82' lang='lat' dir='ltr'><strong>lapi-</strong></span> 
     </span>
    </p>
   </div>
   <div class='ocr_carea' id='block_1_101' title="bbox 173 5330 1765 5409">
    <p class='ocr_par' dir='ltr' id='par_1_101' title="bbox 173 5330 1765 5409">
     <span class='ocr_line' id='line_1_101' title="bbox 173 5330 1765 5409; baseline 0.001 -21"><span class='ocrx_word' id='word_1_771' title='bbox 173 5330 287 5388; x_wconf 72' lang='lat' dir='ltr'><strong>dum</strong></span> <span class='ocrx_word' id='word_1_772' title='bbox 330 5335 390 5389; x_wconf 79' lang='lat' dir='ltr'><strong>in</strong></span> <span class='ocrx_word' id='word_1_773' title='bbox 444 5339 620 5390; x_wconf 81' lang='lat' dir='ltr'><strong>ruina.</strong></span> <span class='ocrx_word' id='word_1_774' title='bbox 668 5333 948 5392; x_wconf 73' lang='lat' dir='ltr'><strong>Derelictte</strong></span> <span class='ocrx_word' id='word_1_775' title='bbox 1004 5335 1238 5391; x_wconf 83' lang='lat' dir='ltr'><strong>civitates</strong></span> <span class='ocrx_word' id='word_1_776' title='bbox 1278 5333 1452 5390; x_wconf 78' lang='lat' dir='ltr'><strong>Amer</strong></span> <span class='ocrx_word' id='word_1_777' title='bbox 1524 5335 1765 5409; x_wconf 75' lang='lat' dir='ltr'><strong>gregibus</strong></span> 
     </span>
    </p>
   </div>
   <div class='ocr_carea' id='block_1_102' title="bbox 170 5424 1764 5498">
    <p class='ocr_par' dir='ltr' id='par_1_102' title="bbox 170 5424 1764 5498">
     <span class='ocr_line' id='line_1_102' title="bbox 170 5424 1764 5498; baseline -0.002 -16"><span class='ocrx_word' id='word_1_778' title='bbox 170 5435 328 5491; x_wconf 67' lang='grc' dir='ltr'>σαι,</span> <span class='ocrx_word' id='word_1_779' title='bbox 366 5436 419 5482; x_wconf 70' lang='grc' dir='ltr'><strong>α</strong></span> <span class='ocrx_word' id='word_1_780' title='bbox 452 5427 775 5497; x_wconf 52' lang='lat' dir='ltr'><strong>regiest</strong></span> <span class='ocrx_word' id='word_1_781' title='bbox 800 5427 897 5494; x_wconf 87' lang='lat' dir='ltr'><strong>ibi,</strong></span> <span class='ocrx_word' id='word_1_782' title='bbox 915 5436 972 5481; x_wconf 80' lang='lat' dir='ltr'><strong>et</strong></span> <span class='ocrx_word' id='word_1_783' title='bbox 992 5443 1101 5481; x_wconf 73' lang='lat' dir='ltr'><strong>non</strong></span> <span class='ocrx_word' id='word_1_784' title='bbox 1128 5426 1229 5482; x_wconf 77' lang='lat' dir='ltr'><strong>erit</strong></span> <span class='ocrx_word' id='word_1_785' title='bbox 1258 5427 1347 5498; x_wconf 74' lang='lat' dir='ltr'><strong>qui</strong></span> <span class='ocrx_word' id='word_1_786' title='bbox 1372 5435 1652 5481; x_wconf 65' lang='lat' dir='ltr'><strong>esterreat.</strong></span> <span class='ocrx_word' id='word_1_787' title='bbox 1696 5424 1764 5479; x_wconf 83' lang='lat' dir='ltr'><strong>Et</strong></span> 
     </span>
    </p>
   </div>
   <div class='ocr_carea' id='block_1_103' title="bbox 174 5516 1764 5594">
    <p class='ocr_par' dir='ltr' id='par_1_103' title="bbox 174 5516 1764 5594">
     <span class='ocr_line' id='line_1_103' title="bbox 174 5516 1764 5594; baseline 0.002 -25"><span class='ocrx_word' id='word_1_788' title='bbox 174 5518 378 5574; x_wconf 84' lang='lat' dir='ltr'><strong>cessabit</strong></span> <span class='ocrx_word' id='word_1_789' title='bbox 424 5519 749 5594; x_wconf 83' lang='lat' dir='ltr'><strong>adjutorium</strong></span> <span class='ocrx_word' id='word_1_790' title='bbox 792 5520 855 5576; x_wconf 92' lang='lat' dir='ltr'><strong>ab</strong></span> <span class='ocrx_word' id='word_1_791' title='bbox 900 5520 1176 5593; x_wconf 80' lang='lat' dir='ltr'><strong>Ephraim,</strong></span> <span class='ocrx_word' id='word_1_792' title='bbox 1226 5530 1274 5575; x_wconf 89' lang='lat' dir='ltr'><strong>et</strong></span> <span class='ocrx_word' id='word_1_793' title='bbox 1311 5536 1527 5592; x_wconf 85' lang='lat' dir='ltr'><strong>regnum</strong></span> <span class='ocrx_word' id='word_1_794' title='bbox 1572 5536 1605 5573; x_wconf 90' lang='lat' dir='ltr'><strong>a</strong></span> <span class='ocrx_word' id='word_1_795' title='bbox 1648 5516 1764 5573; x_wconf 85' lang='lat' dir='ltr'><strong>Da-</strong></span> 
     </span>
    </p>
   </div>
   <div class='ocr_carea' id='block_1_104' title="bbox 175 5612 1765 5689">
    <p class='ocr_par' dir='ltr' id='par_1_104' title="bbox 175 5612 1765 5689">
     <span class='ocr_line' id='line_1_104' title="bbox 175 5612 1765 5689; baseline -0.003 -19"><span class='ocrx_word' id='word_1_796' title='bbox 175 5626 359 5684; x_wconf 77' lang='lat' dir='ltr'><strong>masco,</strong></span> <span class='ocrx_word' id='word_1_797' title='bbox 398 5626 455 5672; x_wconf 83' lang='lat' dir='ltr'><strong>et</strong></span> <span class='ocrx_word' id='word_1_798' title='bbox 480 5616 720 5689; x_wconf 70' lang='lat' dir='ltr'><strong>reliquie:</strong></span> <span class='ocrx_word' id='word_1_799' title='bbox 748 5615 923 5689; x_wconf 76' lang='lat' dir='ltr'><strong>Syria:</strong></span> <span class='ocrx_word' id='word_1_800' title='bbox 951 5618 1085 5673; x_wconf 82' lang='lat' dir='ltr'><strong>sicut</strong></span> <span class='ocrx_word' id='word_1_801' title='bbox 1124 5616 1292 5689; x_wconf 81' lang='lat' dir='ltr'><strong>gloria</strong></span> <span class='ocrx_word' id='word_1_802' title='bbox 1328 5613 1559 5686; x_wconf 73' lang='lat' dir='ltr'><strong>ﬁliorum</strong></span> <span class='ocrx_word' id='word_1_803' title='bbox 1593 5612 1765 5670; x_wconf 84' lang='lat' dir='ltr'><strong>Israel</strong></span> 
     </span>
    </p>
   </div>
   <div class='ocr_carea' id='block_1_105' title="bbox 240 5753 1411 5813">
    <p class='ocr_par' dir='ltr' id='par_1_105' title="bbox 240 5753 1411 5813">
     <span class='ocr_line' id='line_1_105' title="bbox 240 5753 1411 5813; baseline 0.001 -1"><span class='ocrx_word' id='word_1_804' title='bbox 240 5765 264 5793; x_wconf 68' lang='grc' dir='ltr'><strong><em>λ</em></strong></span> <span class='ocrx_word' id='word_1_805' title='bbox 292 5753 489 5813; x_wconf 83' lang='lat' dir='ltr'><strong>Cautio</strong></span> <span class='ocrx_word' id='word_1_806' title='bbox 520 5766 809 5813; x_wconf 86' lang='lat' dir='ltr'><strong>nautarum</strong></span> <span class='ocrx_word' id='word_1_807' title='bbox 842 5764 898 5813; x_wconf 88' lang='lat' dir='ltr'><strong>et</strong></span> <span class='ocrx_word' id='word_1_808' title='bbox 925 5754 1411 5813; x_wconf 82' lang='lat' dir='ltr'><strong>vindemiatorum.</strong></span> 
     </span>
    </p>
   </div>
   <div class='ocr_carea' id='block_1_106' title="bbox 237 5824 1763 5904">
    <p class='ocr_par' dir='ltr' id='par_1_106' title="bbox 237 5824 1763 5904">
     <span class='ocr_line' id='line_1_106' title="bbox 237 5824 1763 5904; baseline -0.001 -22"><span class='ocrx_word' id='word_1_809' title='bbox 237 5825 264 5864; x_wconf 69' lang='grc' dir='ltr'>δ</span> <span class='ocrx_word' id='word_1_810' title='bbox 294 5827 518 5885; x_wconf 79' lang='lat' dir='ltr'><strong>Eusebii</strong></span> <span class='ocrx_word' id='word_1_811' title='bbox 541 5829 723 5904; x_wconf 57' lang='lat' dir='ltr'><strong>verba</strong></span> <span class='ocrx_word' id='word_1_812' title='bbox 766 5836 929 5885; x_wconf 85' lang='lat' dir='ltr'><strong>sunt:</strong></span> <span class='ocrx_word' id='word_1_813' title='bbox 952 5829 1091 5887; x_wconf 68' lang='grc' dir='ltr'><strong>Μόνη</strong></span> <span class='ocrx_word' id='word_1_814' title='bbox 1129 5829 1228 5904; x_wconf 74' lang='grc' dir='ltr'><strong>γὰρ</strong></span> <span class='ocrx_word' id='word_1_815' title='bbox 1262 5827 1533 5902; x_wconf 58' lang='lat' dir='ltr'><strong>Aqua-uo;</strong></span> <span class='ocrx_word' id='word_1_816' title='bbox 1555 5825 1621 5904; x_wconf 74' lang='grc' dir='ltr'><strong>ᾖν</strong></span> <span class='ocrx_word' id='word_1_817' title='bbox 1648 5824 1763 5904; x_wconf 53' lang='grc' dir='ltr'><strong>τότε</strong></span> 
     </span>
    </p>
   </div>
   <div class='ocr_carea' id='block_1_107' title="bbox 177 5899 1767 5979">
    <p class='ocr_par' dir='ltr' id='par_1_107' title="bbox 177 5899 1767 5979">
     <span class='ocr_line' id='line_1_107' title="bbox 177 5899 1767 5979; baseline 0 -19"><span class='ocrx_word' id='word_1_818' title='bbox 177 5907 260 5962; x_wconf 67' lang='lat' dir='ltr'><strong>hic</strong></span> <span class='ocrx_word' id='word_1_819' title='bbox 304 5903 487 5975; x_wconf 76' lang='grc' dir='ltr'><strong>Συρίας</strong></span> <span class='ocrx_word' id='word_1_820' title='bbox 533 5899 738 5964; x_wconf 74' lang='grc' dir='ltr'><strong>ἁπάσης</strong></span> <span class='ocrx_word' id='word_1_821' title='bbox 792 5904 1072 5979; x_wconf 74' lang='grc' dir='ltr'><strong>κρατοῦσα*</strong></span> <span class='ocrx_word' id='word_1_822' title='bbox 1134 5899 1289 5974; x_wconf 66' lang='grc' dir='ltr'><em>μήπω</em></span> <span class='ocrx_word' id='word_1_823' title='bbox 1334 5899 1437 5957; x_wconf 74' lang='grc' dir='ltr'><strong>ῖτῶν</strong></span> <span class='ocrx_word' id='word_1_824' title='bbox 1486 5899 1590 5955; x_wconf 75' lang='grc' dir='ltr'><strong>καθ’</strong></span> <span class='ocrx_word' id='word_1_825' title='bbox 1631 5901 1767 5972; x_wconf 70' lang='grc' dir='ltr'><strong>ἡμᾶς</strong></span> 
     </span>
    </p>
   </div>
   <div class='ocr_carea' id='block_1_108' title="bbox 1867 5040 3471 5113">
    <p class='ocr_par' dir='ltr' id='par_1_108' title="bbox 1867 5040 3471 5113">
     <span class='ocr_line' id='line_1_108' title="bbox 1867 5040 3471 5113; baseline 0.003 -18"><span class='ocrx_word' id='word_1_826' title='bbox 1867 5040 2081 5112; x_wconf 90' lang='lat' dir='ltr'><strong>bylonia</strong></span> <span class='ocrx_word' id='word_1_827' title='bbox 2114 5043 2401 5113; x_wconf 88' lang='lat' dir='ltr'><strong>captivitas</strong></span> <span class='ocrx_word' id='word_1_828' title='bbox 2434 5044 2784 5099; x_wconf 73' lang='lat' dir='ltr'><strong>Damascenre</strong></span> <span class='ocrx_word' id='word_1_829' title='bbox 2817 5042 2968 5099; x_wconf 83' lang='lat' dir='ltr'><strong>urbis</strong></span> <span class='ocrx_word' id='word_1_830' title='bbox 3010 5043 3369 5111; x_wconf 88' lang='lat' dir='ltr'><strong>describitur,</strong></span> <span class='ocrx_word' id='word_1_831' title='bbox 3414 5043 3471 5100; x_wconf 86' lang='lat' dir='ltr'><strong>id</strong></span> 
     </span>
    </p>
   </div>
   <div class='ocr_carea' id='block_1_109' title="bbox 1867 5134 3475 5208">
    <p class='ocr_par' dir='ltr' id='par_1_109' title="bbox 1867 5134 3475 5208">
     <span class='ocr_line' id='line_1_109' title="bbox 1867 5134 3475 5208; baseline -0.001 -18"><span class='ocrx_word' id='word_1_832' title='bbox 1867 5144 1975 5201; x_wconf 89' lang='lat' dir='ltr'><strong>est,</strong></span> <span class='ocrx_word' id='word_1_833' title='bbox 1999 5150 2293 5206; x_wconf 85' lang='lat' dir='ltr'><strong>paucorum</strong></span> <span class='ocrx_word' id='word_1_834' title='bbox 2327 5150 2462 5206; x_wconf 89' lang='lat' dir='ltr'><strong>quos</strong></span> <span class='ocrx_word' id='word_1_835' title='bbox 2484 5134 2642 5208; x_wconf 62' lang='lat'><strong>194</strong></span> <span class='ocrx_word' id='word_1_836' title='bbox 2673 5135 3023 5208; x_wconf 79' lang='lat' dir='ltr'><strong>Assyriorum</strong></span> <span class='ocrx_word' id='word_1_837' title='bbox 3047 5152 3143 5192; x_wconf 87' lang='lat' dir='ltr'><strong>rex</strong></span> <span class='ocrx_word' id='word_1_838' title='bbox 3174 5136 3475 5207; x_wconf 88' lang='lat' dir='ltr'><strong>reliquerat</strong></span> 
     </span>
    </p>
   </div>
   <div class='ocr_carea' id='block_1_110' title="bbox 1869 5228 3468 5303">
    <p class='ocr_par' dir='ltr' id='par_1_110' title="bbox 1869 5228 3468 5303">
     <span class='ocr_line' id='line_1_110' title="bbox 1869 5228 3468 5303; baseline -0.002 -19"><span class='ocrx_word' id='word_1_839' title='bbox 1869 5230 1924 5284; x_wconf 88' lang='lat' dir='ltr'><strong>in</strong></span> <span class='ocrx_word' id='word_1_840' title='bbox 1947 5243 2030 5283; x_wconf 88' lang='lat' dir='ltr'><strong>ea.</strong></span> <span class='ocrx_word' id='word_1_841' title='bbox 2067 5228 2236 5285; x_wconf 88' lang='lat' dir='ltr'><strong>Isaias</strong></span> <span class='ocrx_word' id='word_1_842' title='bbox 2267 5238 2449 5285; x_wconf 87' lang='lat' dir='ltr'><strong>autem</strong></span> <span class='ocrx_word' id='word_1_843' title='bbox 2478 5231 2714 5285; x_wconf 88' lang='lat' dir='ltr'><strong>vicinam</strong></span> <span class='ocrx_word' id='word_1_844' title='bbox 2739 5229 2809 5283; x_wconf 90' lang='lat' dir='ltr'><strong>ab</strong></span> <span class='ocrx_word' id='word_1_845' title='bbox 2833 5229 3078 5303; x_wconf 81' lang='lat' dir='ltr'><strong>Assyriis</strong></span> <span class='ocrx_word' id='word_1_846' title='bbox 3100 5229 3468 5300; x_wconf 83' lang='lat' dir='ltr'><strong>captivitatem</strong></span> 
     </span>
    </p>
   </div>
   <div class='ocr_carea' id='block_1_111' title="bbox 1872 5323 3470 5395">
    <p class='ocr_par' dir='ltr' id='par_1_111' title="bbox 1872 5323 3470 5395">
     <span class='ocr_line' id='line_1_111' title="bbox 1872 5323 3470 5395; baseline -0.003 -15"><span class='ocrx_word' id='word_1_847' title='bbox 1872 5326 2105 5381; x_wconf 88' lang='lat' dir='ltr'><strong>nuntiat.</strong></span> <span class='ocrx_word' id='word_1_848' title='bbox 2143 5324 2250 5379; x_wconf 87' lang='lat' dir='ltr'><strong>Alii</strong></span> <span class='ocrx_word' id='word_1_849' title='bbox 2278 5325 2550 5381; x_wconf 79' lang='lat' dir='ltr'><strong>aestimant</strong></span> <span class='ocrx_word' id='word_1_850' title='bbox 2586 5323 2657 5379; x_wconf 91' lang='lat' dir='ltr'><strong>de</strong></span> <span class='ocrx_word' id='word_1_851' title='bbox 2699 5323 2945 5380; x_wconf 78' lang='lat' dir='ltr'><strong>Romana</strong></span> <span class='ocrx_word' id='word_1_852' title='bbox 2976 5324 3296 5395; x_wconf 83' lang='lat' dir='ltr'><strong>captivitate</strong></span> <span class='ocrx_word' id='word_1_853' title='bbox 3326 5338 3470 5393; x_wconf 67' lang='lat' dir='ltr'><strong>prte-</strong></span> 
     </span>
    </p>
   </div>
   <div class='ocr_carea' id='block_1_112' title="bbox 1870 5416 3474 5491">
    <p class='ocr_par' dir='ltr' id='par_1_112' title="bbox 1870 5416 3474 5491">
     <span class='ocr_line' id='line_1_112' title="bbox 1870 5416 3474 5491; baseline -0.004 -16"><span class='ocrx_word' id='word_1_854' title='bbox 1870 5419 2002 5484; x_wconf 90' lang='lat' dir='ltr'><strong>dici,</strong></span> <span class='ocrx_word' id='word_1_855' title='bbox 2026 5419 2290 5491; x_wconf 70' lang='lat' dir='ltr'><strong>quoniam</strong></span> <span class='ocrx_word' id='word_1_856' title='bbox 2320 5416 2433 5490; x_wconf 79' lang='lat' dir='ltr'><strong>(At.</strong></span> <span class='ocrx_word' id='word_1_857' title='bbox 2463 5417 2705 5489; x_wconf 70' lang='lat' dir='ltr'><strong>quando)</strong></span> <span class='ocrx_word' id='word_1_858' title='bbox 2735 5425 2792 5473; x_wconf 84' lang='lat' dir='ltr'><strong>et</strong></span> <span class='ocrx_word' id='word_1_859' title='bbox 2819 5416 3131 5473; x_wconf 61' lang='lat' dir='ltr'><strong>iudicaram</strong></span> <span class='ocrx_word' id='word_1_860' title='bbox 3166 5423 3357 5485; x_wconf 73' lang='lat' dir='ltr'><strong>captus</strong></span> <span class='ocrx_word' id='word_1_861' title='bbox 3386 5423 3474 5470; x_wconf 85' lang='lat' dir='ltr'><strong>est</strong></span> 
     </span>
    </p>
   </div>
   <div class='ocr_carea' id='block_1_113' title="bbox 1871 5505 3474 5586">
    <p class='ocr_par' dir='ltr' id='par_1_113' title="bbox 1871 5505 3474 5586">
     <span class='ocr_line' id='line_1_113' title="bbox 1871 5505 3474 5586; baseline -0.002 -20"><span class='ocrx_word' id='word_1_862' title='bbox 1871 5514 2136 5586; x_wconf 79' lang='lat' dir='ltr'><strong>populus;</strong></span> <span class='ocrx_word' id='word_1_863' title='bbox 2162 5523 2219 5568; x_wconf 88' lang='lat' dir='ltr'><strong>ct</strong></span> <span class='ocrx_word' id='word_1_864' title='bbox 2245 5512 2543 5568; x_wconf 75' lang='lat' dir='ltr'><strong>Damascus</strong></span> <span class='ocrx_word' id='word_1_865' title='bbox 2564 5511 2650 5569; x_wconf 88' lang='lat' dir='ltr'><strong>cui</strong></span> <span class='ocrx_word' id='word_1_866' title='bbox 2676 5508 2986 5581; x_wconf 86' lang='lat' dir='ltr'><strong>imperabat</strong></span> <span class='ocrx_word' id='word_1_867' title='bbox 3019 5510 3209 5574; x_wconf 79' lang='lat' dir='ltr'><strong>Areta,</strong></span> <span class='ocrx_word' id='word_1_868' title='bbox 3232 5505 3474 5562; x_wconf 83' lang='lat' dir='ltr'><strong>similem</strong></span> 
     </span>
    </p>
   </div>
   <div class='ocr_carea' id='block_1_114' title="bbox 1872 5599 3479 5674">
    <p class='ocr_par' dir='ltr' id='par_1_114' title="bbox 1872 5599 3479 5674">
     <span class='ocr_line' id='line_1_114' title="bbox 1872 5599 3479 5674; baseline -0.007 -7"><span class='ocrx_word' id='word_1_869' title='bbox 1872 5608 2129 5668; x_wconf 87' lang='lat' dir='ltr'><strong>sustinuit</strong></span> <span class='ocrx_word' id='word_1_870' title='bbox 2160 5606 2477 5665; x_wconf 83' lang='lat' dir='ltr'><strong>servitutem</strong></span> <span class='ocrx_word' id='word_1_871' title='bbox 2504 5624 2517 5660; x_wconf 89' lang='lat'><strong>:</strong></span> <span class='ocrx_word' id='word_1_872' title='bbox 2550 5613 2609 5660; x_wconf 92' lang='lat' dir='ltr'><strong>ut</strong></span> <span class='ocrx_word' id='word_1_873' title='bbox 2632 5612 2830 5661; x_wconf 89' lang='lat' dir='ltr'><strong>cuneta</strong></span> <span class='ocrx_word' id='word_1_874' title='bbox 2855 5618 2982 5674; x_wconf 73' lang='lat' dir='ltr'><strong>quae</strong></span> <span class='ocrx_word' id='word_1_875' title='bbox 3006 5614 3177 5672; x_wconf 79' lang='lat' dir='ltr'><strong>super</strong></span> <span class='ocrx_word' id='word_1_876' title='bbox 3196 5614 3315 5656; x_wconf 84' lang='lat' dir='ltr'><strong>eam</strong></span> <span class='ocrx_word' id='word_1_877' title='bbox 3332 5599 3479 5657; x_wconf 85' lang='lat' dir='ltr'><strong>scri-</strong></span> 
     </span>
    </p>
   </div>
   <div class='ocr_carea' id='block_1_115' title="bbox 1870 5737 3473 5876">
    <p class='ocr_par' dir='ltr' id='par_1_115' title="bbox 1870 5737 3473 5876">
     <span class='ocr_line' id='line_1_115' title="bbox 1870 5737 3473 5876; baseline -0.006 -67"><span class='ocrx_word' id='word_1_878' title='bbox 1870 5748 2120 5827; x_wconf 75' lang='grc' dir='ltr'><strong>ἐπιφανῶν</strong></span> <span class='ocrx_word' id='word_1_879' title='bbox 2140 5746 2191 5807; x_wconf 83' lang='grc' dir='ltr'><strong>ἔν</strong></span> <span class='ocrx_word' id='word_1_880' title='bbox 2216 5756 2280 5826; x_wconf 73' lang='grc' dir='ltr'>τῇ</span> <span class='ocrx_word' id='word_1_881' title='bbox 2306 5751 2459 5876; x_wconf 37' lang='lat' dir='ltr'><strong>Eppia</strong></span> <span class='ocrx_word' id='word_1_882' title='bbox 2488 5743 2679 5805; x_wconf 73' lang='grc' dir='ltr'><strong>πόλεων</strong></span> <span class='ocrx_word' id='word_1_883' title='bbox 2714 5741 3057 5818; x_wconf 68' lang='grc' dir='ltr'><strong>ἐγηγερρένων</strong></span> <span class='ocrx_word' id='word_1_884' title='bbox 3090 5737 3473 5824; x_wconf 47' lang='grc' dir='ltr'><strong>..Ἀντιοχείας</strong></span> 
     </span>
     <span class='ocr_line' id='line_1_116' title="bbox 1873 5821 3472 5876; baseline -0.007 0"><span class='ocrx_word' id='word_1_885' title='bbox 1873 5828 2007 5876; x_wconf 75' lang='grc' dir='ltr'><strong>ωηιιῆ</strong></span> <span class='ocrx_word' id='word_1_886' title='bbox 2051 5826 2140 5876; x_wconf 85' lang='grc' dir='ltr'><strong>καὶ</strong></span> <span class='ocrx_word' id='word_1_887' title='bbox 2182 5829 2280 5876; x_wconf 77' lang='grc' dir='ltr'><strong>τῶν</strong></span> <span class='ocrx_word' id='word_1_888' title='bbox 2330 5821 2508 5876; x_wconf 58' lang='grc' dir='ltr'><strong>αελωκγ</strong></span> <span class='ocrx_word' id='word_1_889' title='bbox 2569 5830 2798 5876; x_wconf 80' lang='lat' dir='ltr'><strong>atrorum</strong></span> <span class='ocrx_word' id='word_1_890' title='bbox 2837 5827 2896 5870; x_wconf 90' lang='lat' dir='ltr'><strong>se</strong></span> <span class='ocrx_word' id='word_1_891' title='bbox 2922 5827 3069 5876; x_wconf 73' lang='lat' dir='ltr'><strong>pene</strong></span> <span class='ocrx_word' id='word_1_892' title='bbox 3117 5822 3472 5876; x_wconf 76' lang='lat' dir='ltr'><strong>Interpretem</strong></span> 
     </span>
    </p>
   </div>
   <div class='ocr_carea' id='block_1_116' title="bbox 1873 5821 3472 5898">
    <p class='ocr_par' dir='ltr' id='par_1_116' title="bbox 1873 5821 3472 5898">
     <span class='ocr_line' id='line_1_117' title="bbox 1873 5821 3472 5898; baseline -0.015 -12"><span class='ocrx_word' id='word_1_893' title='bbox 1873 5821 2140 5898; x_wconf 41' lang='lat' dir='ltr'><strong>ominum</strong></span> <span class='ocrx_word' id='word_1_894' title='bbox 2182 5821 2280 5878; x_wconf 64' lang='grc' dir='ltr'><strong>τῶίδ</strong></span> <span class='ocrx_word' id='word_1_895' title='bbox 2330 5821 2508 5877; x_wconf 60' lang='lat' dir='ltr'><strong>mw</strong></span> <span class='ocrx_word' id='word_1_896' title='bbox 2569 5830 2798 5889; x_wconf 85' lang='lat' dir='ltr'><strong>quorum</strong></span> <span class='ocrx_word' id='word_1_897' title='bbox 2837 5827 2896 5870; x_wconf 90' lang='lat' dir='ltr'><strong>se</strong></span> <span class='ocrx_word' id='word_1_898' title='bbox 2922 5827 3069 5885; x_wconf 75' lang='lat' dir='ltr'><strong>pene</strong></span> <span class='ocrx_word' id='word_1_899' title='bbox 3117 5821 3472 5888; x_wconf 71' lang='lat' dir='ltr'><strong>interpretem</strong></span> 
     </span>
    </p>
   </div>
   <div class='ocr_carea' id='block_1_117' title="bbox 1875 5894 2398 5967">
    <p class='ocr_par' dir='ltr' id='par_1_117' title="bbox 1875 5894 2398 5967">
     <span class='ocr_line' id='line_1_118' title="bbox 1875 5894 2398 5967; baseline -0.008 -16"><span class='ocrx_word' id='word_1_900' title='bbox 1875 5894 1986 5967; x_wconf 79' lang='lat' dir='ltr'><strong>agit</strong></span> <span class='ocrx_word' id='word_1_901' title='bbox 2008 5894 2398 5961; x_wconf 76' lang='lat' dir='ltr'><strong>Hieronymus.</strong></span> 
     </span>
    </p>
   </div>
  </div>
