4052 6442
605 357 706 418 175

1852 354 1908 412 S.
1955 353 2229 413 EUSEBII
2268 353 2652 413 HIERONYMI
3787 352 3868 408 l'lli

603 482 694 544 pta
729 475 877 536 sunt,
901 469 969 526 ad
1000 467 1203 525 Christi
1224 473 1458 542 tempus,
1495 473 1550 525 et
1580 466 1644 524 ad
1675 465 2061 538 Apostolorum
2085 486 2204 542 my-
2233 473 2281 534 Α
2380 469 2401 541 (
2427 469 2582 525 Vers.
2619 470 2670 535 7,
2708 467 2802 539 8.)
2848 466 2916 522 In
2945 467 3029 522 die
3052 467 3148 522 illa
3172 465 3505 521 inclinabitur
3527 465 3678 520 homo
3702 464 3766 518 ad
3789 469 3873 536 [ac-

603 569 771 623 steria
806 564 1225 620 transferantur.

677 661 869 730 (Vers.
905 658 998 730 ll.)
1031 659 1097 713 Et
1125 661 1223 714 erit
1267 661 1322 714 in
1353 660 1434 714 die
1463 659 1577 724 illa,
1635 661 1990 716 attenuabitur
2036 662 2204 732 gloria

601 753 788 819 Jacob,
823 762 871 807 et
921 753 1136 825 pingues
1178 769 1359 810 carnes
1399 757 1513 827 ejus
1563 765 1895 810 marcescant.
1939 755 2199 822 Quando,

605 847 802 917 inquit,
842 847 1141 902 Damascus
1175 856 1336 918 capta
1383 847 1568 916 fuerit,
1619 859 1673 904 et
1707 850 1900 905 civitas
1927 849 2068 918 Iesse
2109 848 2204 904 de-

601 939 781 1005 sierit,
812 949 868 996 et
899 939 1026 995 talis
1055 955 1176 996 eam
1211 941 1386 1013 gloria
1417 945 1789 1010 coronaverit,
1831 943 2013 1012 qualis
2041 958 2202 999 coro-

601 1035 758 1090 navit
792 1033 979 1102 Israel,
1012 1033 1067 1089 id
1098 1044 1201 1101 est,
1235 1034 1426 1090 decem
1459 1036 1638 1092 tribus
1675 1055 1687 1090 :
1717 1045 1847 1093 tunc
1871 1053 2035 1094 omne
2069 1054 2205 1109 prte—

603 1127 826 1194 sidium,
861 1136 918 1182 et
961 1127 1338 1198 pinguissima:
1369 1143 1590 1196 carnes,
1624 1139 1681 1184 et
1719 1131 1992 1200 refugium
2023 1147 2206 1188 emar-

599 1230 783 1277 cescet
827 1219 1044 1275 Jacob:
1111 1236 1458 1292 nequaquam
1506 1223 1652 1277 enim
1708 1223 1957 1292 habebit,
2007 1225 2207 1296 quibus

597 1314 805 1386 junctis
843 1324 1024 1370 vastet
1050 1313 1382 1371 Jerusalem.
1436 1316 1694 1387 Legimus
1746 1332 1911 1388 supra
1943 1318 2088 1389 quod
2120 1334 2209 1375 as-

600 1409 858 1464 cenderit
877 1408 1044 1464 Rasin
1079 1424 1175 1462 rex
1201 1408 1376 1479 Syria:
1399 1419 1454 1464 et
1477 1409 1688 1466 Phacee
1715 1410 1888 1466 Filius
1917 1411 2206 1481 Romeliae,

598 1517 695 1558 rex
719 1500 911 1570 Israel,
939 1502 993 1556 in
1013 1501 1340 1569 Jerusalem,
1365 1501 1434 1556 ad
1454 1502 1816 1572 praeliandum
1836 1513 2029 1560 contra
2054 1519 2206 1560 eam:

601 1596 1020 1667 nuntiatumque
1059 1597 1129 1651 sit
1149 1596 1334 1651 domui
1355 1596 1550 1652 David:
1577 1597 1844 1669 Requievit
1868 1599 2028 1670 Syria
2053 1617 2212 1671 super

600 1691 877 1765 Ephraim,
910 1692 977 1748 de
1003 1692 1204 1763 quibus
1236 1692 1507 1763 Propheta
1552 1693 1796 1764 loquitur
1852 1694 1918 1749 ad
1966 1693 2148 1750 Achaz
2196 1711 2211 1748 :

601 1783 732 1840 Noli
755 1787 949 1853 timere,
979 1794 1024 1840 et
1056 1802 1145 1839 cor
1176 1796 1320 1838 tuum
1363 1801 1426 1839 ne
1473 1786 1718 1854 formidet
1749 1803 1781 1840 a
1804 1787 2006 1841 duabus
2033 1787 2215 1843 caudis

2306 570 2469 616 torem
2489 577 2661 626 suum,
2689 568 2737 614 et
2761 559 2897 614 oculi
2919 561 3034 631 ejus
3051 559 3118 613 ad
3144 558 3401 613 Sanctum
3425 557 3595 612 Israel
3610 556 3872 626 respicient.

2306 653 2376 709 Et
2404 671 2507 710 non
2536 654 2879 709 inclinabitur
2925 653 2994 708 ad
3046 653 3260 721 altaria,
3312 669 3430 724 qua:
3458 657 3689 724 fecerunt
3725 668 3874 706 manus

2305 754 2441 824 ejus,
2474 759 2521 806 et
2551 767 2671 822 qua:
2701 751 2901 823 aperati
2938 759 3057 806 sunt
3086 749 3236 824 digiti
3287 749 3432 804 illius
3473 763 3495 803 :
3520 756 3566 802 et
3600 763 3700 802 non
3739 748 3875 818 respi-

2307 847 2439 901 cient
2471 848 2615 902 lucos
2641 855 2688 901 et
2711 846 2946 900 delubra.
2977 845 3089 900 Iloc
3114 844 3318 900 Christi
3357 843 3694 914 temporibus
3723 851 3879 912 putant

2307 955 2432 996 esse
2479 940 2839 1012 completum,
2883 939 3102 1010 quando
3133 938 3415 994 destructo
3443 952 3613 1008 regno
3640 935 3878 1001 Damasci,

2309 1045 2638 1108 perpetuum
2667 1035 2973 1092 Salvatoris
3006 1034 3272 1090 successit
3299 1033 3618 1104 imperium,
3650 1039 3704 1087 et
3740 1029 3880 1085 idolo-

2309 1131 2487 1189 latria:
2513 1149 2671 1189 error
2725 1141 2808 1187 est
2861 1130 3203 1188 imminutus.
3247 1130 3343 1185 Pia
3394 1128 3615 1200 quidem
3665 1125 3880 1180 voluntas

2312 1227 2822 1298 interpretantium,
2850 1225 2947 1280 sed
2977 1241 3086 1281 non
3120 1239 3349 1280 servans
3377 1221 3621 1277 historia:
3643 1219 3880 1275 ordinem.

2311 1321 2422 1377 Nos
2448 1330 2632 1377 autem
2663 1320 2920 1387 dicimus,
2952 1319 3094 1389 quod
3124 1319 3388 1376 subversa
3419 1317 3711 1382 Damasco,
3739 1321 3789 1369 et
3812 1312 3884 1368 de-

2312 1429 2428 1470 cem
2463 1413 2714 1468 tribubus
2760 1412 2943 1468 ductis
2990 1412 3042 1466 in
3097 1410 3378 1483 Assyrios,
3430 1405 3639 1464 residui
3683 1404 3884 1460 tribuum

2314 1507 2403 1578 qui
2429 1515 2591 1563 erant
2614 1521 2680 1562 ex
2710 1505 2899 1575 Israel,
2932 1503 2998 1560 ad
3022 1502 3272 1559 Ezechiae
3299 1503 3512 1557 litteras
3533 1496 3782 1556 conversi
3803 1497 3887 1552 sint

2314 1599 2382 1655 ad
2429 1599 2636 1654 cultum
2680 1599 2799 1663 Dei,
2848 1606 2906 1652 et
2935 1597 3001 1654 ad
3038 1597 3302 1668 templum
3336 1594 3642 1651 Jerusalem
3675 1592 3888 1648 advene-

2314 1695 2447 1761 rint,
2477 1696 2621 1765 sicut
2662 1692 3125 1764 Paralipomenon
3180 1701 3368 1747 narrat
3421 1687 3761 1760 historia(ll
3781 1685 3886 1742 Par.

2316 1803 2374 1842 nt
2402 1787 2443 1860 ).
2472 1787 2660 1843 Deleta
2709 1801 2840 1858 ergo
2874 1787 3164 1855 Damasco,
3216 1794 3609 1842 convertentur
3669 1783 3887 1838 homines

603 1881 844 1934 titionum
860 1880 1224 1950 fumigantium
1251 1880 1456 1948 horum,
1484 1881 1536 1935 in
1556 1883 1638 1935 ira
1669 1883 1860 1954 furoris
1879 1883 2047 1938 Rasin
2073 1884 2208 1955 regis
2237 1885 2286 1948 B
2313 1880 2380 1934 ad
2412 1880 2676 1936 factorem
2709 1895 2894 1947 suum,
2931 1879 2984 1934 id
3015 1889 3123 1949 est,
3157 1878 3225 1934 ad
3267 1894 3393 1934 eum
3439 1878 3533 1950 qui
3561 1893 3659 1934 eos
3689 1876 3888 1947 creavit,

601 1974 795 2045 Syrite,
847 1983 894 2028 et
936 1975 1030 2044 ﬁlii
1087 1973 1356 2043 Romelite,
1389 1992 1450 2030 eo
1504 1977 1640 2046 quod
1700 1976 1977 2030 consilium
2032 1979 2208 2032 inierit

598 2081 780 2122 contra
807 2078 854 2122 te
885 2069 1043 2140 Syria
1072 2070 1347 2141 pessimum
1396 2069 1651 2142 Ephraim
1681 2081 1728 2124 et
1761 2072 1904 2142 ﬁlius
1933 2070 2203 2127 Romeliw.

673 2161 878 2234 (Vers.
933 2160 987 2226 5,
1015 2162 1111 2234 6.)
1169 2163 1232 2217 Et
1262 2165 1359 2218 erit
1400 2165 1533 2218 sicut
1580 2181 1895 2238 congregans
1943 2168 1997 2220 in
2046 2183 2210 2222 messe

603 2257 742 2327 quod
804 2255 1084 2321 restiterit,
1141 2267 1188 2310 et
1247 2257 1514 2312 brachium
1567 2259 1679 2328 ejus
1724 2261 1896 2330 spicas
1945 2259 2120 2334 leget:
2161 2270 2210 2315 et

603 2349 700 2403 erit
782 2348 914 2402 sicut
968 2364 1202 2420 qutzrens
1276 2351 1453 2422 spicas
1496 2353 1550 2405 in
1610 2353 1743 2408 valle
1800 2353 2081 2426 Rapltaim.
2141 2354 2211 2410 Et

599 2441 919 2512 relinquetur
965 2444 1019 2496 in
1073 2461 1133 2498 eo
1179 2445 1315 2499 sicut
1362 2461 1626 2514 racemus,
1685 2457 1732 2502 et
1784 2448 1916 2502 sicut
1975 2451 2212 2505 excussio

601 2535 729 2590 olea:
760 2535 978 2589 duarum
1004 2545 1090 2591 aut
1123 2539 1278 2592 trium
1329 2539 1586 2594 olivarum
1610 2541 1664 2595 in
1715 2543 2010 2596 summitate
2055 2545 2208 2612 rami,

596 2629 704 2684 sive
724 2639 950 2700 quatuor
975 2640 1063 2684 aut
1107 2633 1334 2703 quinque
1379 2633 1433 2686 in
1479 2635 1832 2691 cacuminibus
1873 2639 1983 2708 ejus
2015 2641 2213 2708 fructus

606 2726 741 2796 ejus,
796 2723 920 2777 dicit
963 2722 1220 2780 Dominus
1266 2725 1408 2781 Deus
1449 2724 1638 2783 Israel.
1703 2729 1808 2796 Qui
1877 2740 2210 2800 praesentem

612 2816 866 2872 Damasci
897 2820 1207 2875 vastitatem
1248 2821 1350 2877 sub
1391 2821 1639 2878 Romano
1666 2823 1986 2896 intelligunt
2017 2841 2210 2897 regno,

611 2907 734 2964 haec
761 2909 830 2964 de
856 2910 1143 2980 Apostolis
1168 2912 1477 2984 significata
1508 2915 1872 2982 contendunt,
1905 2917 2051 2987 quod
2079 2933 2216 2988 quo-

604 3003 770 3057 modo
799 3018 992 3073 paucae
1044 3006 1208 3074 Spicte
1263 3015 1318 3061 et
1363 3006 1526 3062 oliva:
1557 3024 1848 3066 remanere
1895 3012 2110 3066 soleant
2159 3013 2214 3067 in

605 3112 739 3168 agro
764 3099 846 3152 vel
878 3097 931 3152 in
961 3099 1276 3168 arboribus,
1305 3101 1386 3156 sic
1426 3102 1677 3174 reliquiae
1708 3103 1875 3159 Israel
1902 3105 2212 3174 salventur;

2309 1983 2365 2030 et
2393 1975 2539 2030 oculi
2592 1989 2782 2030 eorum
2815 1989 3158 2046 nequaquam
3209 1974 3350 2030 idola
3402 1990 3524 2044 qua:
3568 1973 3809 2030 fecerant
3847 1973 3890 2026 in

2311 2067 2502 2124 Bethel
2525 2067 2656 2124 etin
2685 2069 2818 2134 Dan,
2839 2067 2934 2124 sed
2961 2068 3128 2123 Deum
3159 2066 3477 2138 respicient,
3502 2075 3892 2122 contemnentes

2311 2161 2538 2218 delubra
2591 2173 2644 2218 et
2675 2163 2890 2229 altaria,
2925 2179 3046 2231 qua:
3091 2163 3303 2233 operati
3344 2172 3470 2218 sunt
3515 2161 3674 2233 digiti
3705 2176 3891 2217 eorum.

2383 2258 2574 2330 (Vers.
2609 2258 2662 2314 9.
2692 2257 2711 2327 )
2778 2257 2845 2312 In
2887 2259 2972 2313 die
3000 2258 3097 2312 illa
3137 2266 3289 2322 erunt
3336 2258 3569 2312 civitates
3599 2256 3892 2329 fortitudinis

2312 2356 2426 2426 ejus
2476 2351 2741 2408 derelicta:
2782 2352 2918 2407 sicut
2945 2361 3145 2419 aratra,
3177 2361 3224 2406 et
3271 2360 3467 2423 segetes
3518 2366 3635 2420 qua:
3665 2350 3893 2405 derelicta:

2312 2452 2434 2499 sunt
2464 2461 2495 2496 a
2520 2444 2654 2513 {acie
2681 2443 2915 2513 ﬁliorum
2945 2442 3140 2511 Israel,
3172 2453 3222 2498 et
3253 2443 3348 2498 erit
3379 2445 3603 2497 deserta.
3651 2441 3766 2496 Hoc
3807 2453 3893 2493 non

2314 2537 2558 2607 loquitur
2586 2545 2777 2592 contra
2813 2536 3160 2601 Damascum,
3194 2534 3292 2591 sed
3341 2544 3533 2589 contra
3591 2531 3780 2589 decem
3815 2530 3895 2584 tri-

2314 2629 2438 2694 bus,
2455 2644 2577 2699 qua:
2604 2626 3118 2684 vocabanturlsrael
3137 2643 3150 2694 ;
3169 2625 3517 2697 utquomodo
3536 2624 3604 2680 ad
3627 2625 3892 2680 adventum

2313 2739 2382 2781 ex
2414 2723 2652 2796 Egypto
2678 2723 2868 2794 populi
2919 2723 3040 2788 Dei,
3095 2734 3116 2761 ο
3149 2736 3344 2779 omnes
3388 2732 3581 2792 gentes
3620 2736 3744 2792 quae
3772 2719 3897 2775 inco-

2317 2819 2505 2874 lebant
2536 2827 2737 2875 terram
2763 2818 3233 2886 repromissionis,
3257 2817 3439 2872 subito
3473 2831 3678 2886 pavore
3707 2825 3896 2872 conter-

2316 2912 2435 2968 ritae
2465 2922 2644 2966 aratra
2677 2911 3026 2980 dimiserunt,
3059 2924 3394 2984 acervosque
3431 2911 3591 2983 196
3620 2909 3826 2982 frugum
3851 2915 3895 2963 et

2319 3006 2493 3062 media
2525 3021 2716 3077 opera,
2751 3006 2982 3061 salutem
3015 3004 3251 3074 pedibus
3304 3004 3651 3075 requirentes
3692 3020 3707 3057 :
3758 3001 3831 3056 sic
3852 3009 3895 3055 et

2319 3109 2461 3155 terra
2480 3099 2646 3156 Israel
2670 3099 2841 3155 multo
2867 3109 3111 3170 tempore
3136 3098 3385 3154 desolata
3413 3104 3751 3166 permaneat.
3767 3091 3897 3151 Unde

613 3194 852 3248 maxime
879 3193 1010 3264 quia
1040 3202 1308 3264 sequatur
1335 3213 1348 3250 :
1381 3193 1448 3250 In
1474 3196 1556 3251 die
1583 3198 1680 3251 illa
1709 3196 2045 3253 inclinabitur
2067 3199 2220 3256 homo
2321 3195 2493 3250 miror
2525 3210 2624 3266 pro
2646 3194 2843 3250 aratris
2862 3204 2917 3250 et
2944 3194 3158 3250 acervis
3177 3191 3387 3263 frugum
3405 3191 3649 3246 voluisse
3675 3187 3896 3260 Aquilam

613 3285 683 3338 ad
705 3291 952 3356 {actorem
981 3303 1154 3356 suam,
1197 3297 1245 3342 et
1293 3289 1432 3343 oculi
1475 3293 1592 3362 ejus
1633 3289 1702 3342 ad
1745 3289 1997 3345 Sanctum
2043 3289 2215 3346 Israel
2240 3278 2285 3342 C
2320 3287 2688 3358 interpretari,
2734 3296 2918 3342 testam
2943 3296 2989 3341 et
3021 3282 3640 3357 Emir;Symmachum,
3672 3281 3900 3337 siluatith

605 3379 898 3448 respicient,
931 3379 983 3434 id
1014 3388 1120 3447 est,
1152 3379 1222 3435 ad
1250 3379 1563 3436 Christum.
1598 3383 1744 3438 Duas
1774 3381 1968 3451 olivas,
1994 3391 2050 3438 et
2079 3393 2213 3453 tres,
2318 3383 2497 3449 Amir;
2527 3381 2692 3451 LXX,
2737 3382 3069 3436 Amorrha’os
3093 3391 3140 3436 et
3172 3379 3378 3436 vaos.
3428 3377 3593 3434 Solus
3622 3372 3900 3432 Theodotio

605 3481 662 3525 ct
698 3481 954 3541 quatuor,
1006 3481 1062 3528 et
1119 3473 1386 3544 quinque,
1442 3474 1861 3544 quatuordecim
1919 3476 2215 3546 Apostolos
2316 3473 2645 3532 Hebraicum
2667 3475 2894 3531 verbum
2928 3476 3137 3545 posuit,
3178 3490 3276 3529 sas
3308 3490 3376 3529 ET
3410 3489 3540 3528 eum
3570 3488 3583 3525 :
3610 3470 3751 3542 quod
3780 3465 3900 3538 apud

609 3565 1070 3635 interpretantur,
1123 3566 1176 3622 id
1209 3574 1315 3631 est,
1360 3565 1650 3622 duodecim
1682 3568 1776 3638 qui
1797 3568 1957 3623 electi
1984 3579 2129 3637 sunt,
2161 3577 2218 3626 et
2316 3583 2412 3624 eos
2439 3568 2780 3624 emendatius
2805 3567 3008 3638 legitur
3023 3567 3380 3638 uonssO’J'ln)
3401 3583 3466 3622 s'r
3490 3581 3619 3621 AIIB
3645 3560 3897 3636 (1W1).

607 3654 1115 3711 tertiumdeeimum
1155 3665 1180 3693 η
1213 3655 1502 3724 Jacobum,
1547 3659 1643 3728 qui
1693 3659 1999 3729 appellatur
2043 3658 2213 3716 frater

614 3747 773 3819 195
809 3747 1056 3813 Domini;
1085 3747 1314 3803 Paulum
1344 3765 1559 3820 quoque
1588 3749 1911 3821 Apostolum
1941 3765 2035 3806 vas
2065 3752 2214 3808 elec-

609 3839 775 3894 tionis
807 3841 824 3910 (
849 3841 963 3896 Act.
991 3855 1065 3895 vn
1088 3841 1132 3912 ).
1162 3841 1266 3909 Qui
1314 3857 1445 3898 vero
1492 3843 1842 3914 Assyriorum
1874 3845 2212 3915 temporibus

607 3943 802 4003 putant
832 3936 1105 4007 completa
1129 3951 1251 4005 qua:
1277 3936 1421 3992 dicta
1455 3946 1603 4002 sunt,
1627 3937 1729 3993 hoc
1745 3939 1940 3994 volunt
1961 3939 2211 4011 intelligi,

607 4028 757 4097 quod
788 4029 892 4085 sub
922 4029 1147 4101 Assyria
1179 4030 1496 4101 captivitate
1524 4031 1821 4087 Damascus
1848 4043 1958 4086 non
1995 4032 2068 4088 sit
2095 4047 2214 4088 om-

613 4128 751 4183 nino
797 4125 999 4191 deleta,
1037 4124 1136 4180 sed
1169 4125 1451 4180 translatis
1483 4124 1808 4196 quibusdam
1835 4126 1892 4180 in
1917 4125 2212 4198 Cyrenem,

616 4219 719 4273 alia
765 4231 890 4287 pars
941 4217 1212 4272 cultorum
1256 4225 1418 4272 terrae
1459 4216 1683 4274 dimissa
1725 4217 1816 4286 sit,
1849 4233 1969 4288 quae
2011 4229 2065 4274 et
2096 4219 2246 4290 ipsa,

610 4321 805 4383 postea
839 4309 1138 4379 Babylonio
1192 4318 1440 4366 vastante
1484 4310 1664 4367 deleta
1711 4320 1826 4368 est:
1880 4311 2058 4367 donec
2112 4311 2216 4368 sub

607 4403 997 4460 Macedonibus
1011 4399 1107 4456 eth
1135 4400 1450 4457 Ptolemaeis
1478 4418 1700 4458 rursum
1726 4403 2145 4470 instauraretur,
2162 4413 2218 4460 et

609 4499 663 4554 in
705 4497 945 4552 adventu
975 4493 1184 4549 Christi
1216 4503 1365 4550 esset
1420 4495 1642 4564 quidem
1689 4497 1905 4563 civitas,
1959 4497 2056 4552 sed
2106 4512 2216 4553 non

609 4601 780 4648 tantm
802 4587 1065 4660 potentiae
1085 4597 1303 4659 quanta:
1335 4598 1501 4645 antea
1528 4588 1725 4645 fuerat.
1776 4591 1844 4646 Et
1872 4599 1956 4646 est
1978 4607 2172 4648 sensus
2199 4608 2213 4646 :

2315 3661 2368 3716 id
2397 3671 2502 3726 est,
2529 3677 2756 3716 vomeres
2783 3669 2838 3717 et
2864 3661 3035 3716 acervi
3057 3670 3311 3733 segetum.

2386 3753 2585 3824 (Vers.
2620 3755 2751 3825 I0.)
2801 3755 2939 3820 Quia
2987 3755 3153 3810 oblita
3191 3772 3243 3810 es
3277 3753 3374 3810 Dei
3422 3752 3719 3810 Saluatoris
3747 3751 3836 3815 tui,
3862 3756 3898 3802 et

2313 3847 2467 3918 fortis
2491 3848 2753 3921 adjutoris
2777 3849 2855 3903 tui
2881 3865 2986 3903 non
3013 3866 3066 3904 es
3095 3848 3398 3903 recordata.
3419 3847 3551 3914 Ista,
3581 3845 3775 3916 inquit,
3798 3856 3902 3913 per-

2313 3941 2562 4013 petieris,
2597 3957 2631 3998 o
2660 3942 2852 4008 Israel,
2876 3945 3003 4014 quia
3032 3942 3300 4012 reliquisti
3351 3942 3524 3997 Deum
3575 3939 3898 3995 Salvator-em

2316 4049 2489 4105 tuum,
2515 4039 2607 4110 qui
2655 4046 2708 4094 te
2740 4037 2993 4094 liberavit
3035 4053 3102 4093 ex
3137 4035 3402 4108 Egypto,
3454 4035 3545 4106 qui
3605 4033 3702 4090 tibi
3732 4041 3900 4104 gentes

2314 4132 2551 4202 subjecit
2579 4131 2833 4187 inimicas
2859 4149 2872 4184 :
2898 4139 2955 4186 et
2979 4130 3249 4201 adjutoris
3274 4129 3348 4184 tui
3383 4145 3492 4185 non
3521 4143 3583 4185 es
3607 4125 3896 4185 recordata.

2389 4223 2676 4296 Propterea
2701 4222 2962 4294 plantabis
2982 4221 3354 4295 plantationem
3373 4221 3601 4292 ﬁdelem,
3633 4231 3682 4276 et
3708 4232 3894 4291 germen

2315 4321 2543 4376 alienum
2581 4319 2878 4375 seminabis.
2905 4317 3021 4374 Hoc
3050 4317 3293 4389 pressius
3338 4327 3393 4373 et
3437 4332 3533 4388 per
3578 4315 3802 4371 ironiam
3829 4312 3898 4366 Ie-

2315 4417 2574 4486 gendum.
2610 4411 2770 4480 Quia,
2802 4409 3000 4481 inquit,
3033 4408 3192 4465 oblita
3219 4426 3273 4464 es
3299 4407 3401 4464 Dei
3430 4408 3724 4464 Saluatoris
3745 4405 3834 4470 tui,
3861 4409 3900 4456 et

2317 4506 2468 4579 fortis
2487 4506 2745 4577 adjutoris
2769 4502 2843 4558 tui
2864 4519 2968 4558 non
2991 4519 3043 4558 es
3064 4501 3371 4558 recordata:
3387 4516 3514 4557 num
3538 4500 3744 4556 idcirco
3766 4496 3900 4569 plan-

2318 4609 2434 4655 tare
2486 4597 2714 4655 debebis
2761 4596 3160 4669 plantationem
3209 4595 3450 4663 ﬁdelem,
3499 4604 3556 4651 et
3591 4609 3699 4650 non
3740 4590 3899 4664 potius

610 4697 722 4742 tam
769 4681 928 4755 pauci
960 4681 1324 4738 remanebunt
1373 4682 1426 4737 in
1469 4682 1763 4749 Damasco,
1822 4699 1986 4755 quam
2035 4685 2214 4742 solent
2239 4677 2293 4739 D
2318 4694 2555 4749 alienum
2587 4692 2863 4749 seminare
2893 4705 3142 4762 germen,
3168 4688 3313 4760 quod
3340 4688 3515 4744 hostis
3557 4685 3790 4759 eripiat?
3815 4679 3899 4736 Vel

616 4787 742 4850 post
796 4790 1076 4832 messores
1103 4791 1285 4845 paucae
1316 4789 1607 4833 remanere
1623 4777 1810 4848 Spicac,
1835 4792 1970 4848 quas
1994 4779 2044 4834 in
2070 4781 2214 4836 valle

619 4868 887 4941 Rapbaim
920 4866 1185 4924 latissima
1225 4877 1280 4924 et
1315 4869 1694 4939 potentissima
1727 4871 1910 4928 solent
1945 4888 2217 4944 pauperes

611 4967 797 5036 legere
825 4980 840 5017 :
873 4962 961 5019 vel
990 4963 1043 5017 in
1093 4962 1213 5018 olea
1245 4976 1433 5033 panem
1464 4964 1646 5034 olivae,
1703 4982 1823 5038 quae
1874 4966 2214 5039 diligentiam

614 5059 848 5129 legentis
877 5056 1176 5112 evaserint.

687 5207 714 5234 a
744 5192 1264 5270 Eusebiisententia
1291 5202 1396 5262 est,
1428 5211 1586 5270 quam
1616 5197 1732 5267 ipse
1760 5213 1830 5254 ex
1861 5198 2098 5270 Origene
2123 5217 2219 5258 ex-

616 5269 844 5344 pressit,
872 5277 926 5323 et
971 5268 1024 5319 in
1073 5280 1244 5344 quam.
1280 5275 1487 5344 tantum
1535 5267 1800 5344 abest,_ut
1827 5267 2014 5344 noster
2038 5273 2224 5328 Hiero-

617 5337 816 5414 nymus
855 5339 1192 5414 concesserit
1228 5337 1414 5414 (quod
1453 5341 1661 5414 putavit
1692 5341 2134 5398 Montfauconius
2163 5346 2218 5400 in

617 5408 761 5468 notis
804 5410 871 5468 ad
911 5408 1297 5482 hunc_Eusebii
1332 5408 1510 5464 locum
1537 5410 1580 5482 ),
1616 5421 1674 5466 ut
1718 5429 1836 5468 eam
1871 5425 1926 5468 et
1953 5415 2056 5469 sub
2082 5415 2220 5470 alio-

617 5501 736 5539 rum
788 5484 1008 5537 nomine
1053 5478 1140 5532 hic
1186 5478 1414 5552 referat,
1468 5478 1755 5552 et'janidiu
1796 5495 1953 5540 antea
1989 5488 2040 5539 in
2076 5485 2217 5543 libro

619 5566 813 5609 contra
843 5552 1149 5609 Helvidium
1196 5550 1608 5617 iniprobaverit.
1643 5555 1782 5611 Sunt
1824 5564 2006 5611 autem
2040 5557 2216 5613 Euse-

618 5626 690 5702 bii
715 5627 881 5680 verba
902 5644 912 5702 ς
1025 5622 1567 5702 35'}o¢1roi_1r_apo‘r_roii;
1585 5637 1729 5702 τρεῖς
1753 5629 1968 5688 τούτους
1988 5628 2210 5701 (nempe

623 5701 805 5771 Πέτρον
832 5701 914 5771 uoti.
939 5694 1179 5771 ἰἁκωϐρν
1209 5697 1295 5771 xui
1335 5694 1590 5771 'l'oic'cwnu,
1619 5694 1852 5767 quorum
1896 5694 2057 5767 supra
2095 5694 2209 5757 nie-

623 5766 808 5829 thiiiit)
837 5769 882 5821 οἱ
915 5766 1162 5891 τέσσαέοές
1207 5768 1310 5820 εἰσι
1339 5771 1427 5822 καὶ
1464 5770 1640 5835 πέντε,
1669 5774 1748 5825 καὶ
1785 5773 1907 5833 τοὺς
1948 5766 2213 5848 τέσσαρας

623 5842 843 5891 καὶτοὺς
872 5841 1042 5891 πέντε.
1101 5837 1192 5890 ista
1214 5840 1298 5891 καὶ
1320 5840 1586 5891 τέσσαρας
1607 5846 1813 5891 ποιήσει
1840 5846 1962 5891 τοὺς
1991 5847 2203 5891 πάντας

621 5844 704 5916 φὶ
725 5842 843 5916 ςορς
872 5841 1042 5916 πέντε,
1067 5837 1192 5916 δίκᾳ
1214 5840 1298 5892 καὶ
1320 5840 1586 5916 τέσσαρας
1607 5846 1813 5902 ποιήσει
1840 5846 1962 5916 tot):
1991 5837 2207 5916 λιι-ἁγίας,

621 5910 686 5968 ὧν
722 5909 920 5968 δώδεκα
958 5912 1047 5979 μὲν
1085 5909 1206 5969 τοὺς
1231 5909 1825 5986 πρώτους’ὰποστὸλονς
1861 5913 2025 5978 εἴποις
2055 5913 2118 5974 ἂν
2145 5909 2215 5976 εἶέ-

2317 4799 2465 4845 certe
2498 4787 2575 4843 sic
2603 4805 2615 4840 :
2646 4785 2788 4841 ﬁlios
2809 4799 2986 4852 meos,
3011 4783 3105 4855 qui
3131 4783 3199 4839 de
3227 4781 3411 4854 populi
3435 4781 3543 4838 mei
3568 4779 3740 4849 stirpe
3757 4789 3901 4850 gene-

2318 4882 2423 4938 rati
2450 4889 2598 4947 sunt,
2631 4879 2756 4936 ideo
2787 4875 3029 4933 fundasti
3077 4876 3131 4932 in
3164 4885 3331 4943 terra,
3388 4884 3448 4930 ut
3477 4888 3574 4931 eos
3617 4873 3818 4930 alienos
3855 4872 3902 4922 et

2317 4975 2585 5047 pessimos
2621 4973 2809 5028 facias.

2393 5066 2585 5137 (Vers.
2617 5065 2756 5135 Il.)
2796 5062 2864 5118 In
2913 5063 2998 5120 die
3043 5061 3386 5136 plantationis
3435 5069 3538 5116 tua:
3563 5059 3816 5126 labrusca,
3858 5058 3901 5109 et

2319 5225 2420 5278 χαι,
2450 5202 2537 5255 οὐκ
2565 5197 3042 5278 ἐλάττωβϊᾳῦτῶν
3081 5203 3172 5259 τήν
3213 5200 3399 5278 ἀρετήν
3427 5197 3632 5278 pasto»
3656 5196 3737 5278 κᾳε
3758 5192 3896 5278 aristis

2319 5269 2442 5328 ὅντα
2455 5273 2639 5331 κλητὸν
2675 5267 2984 5339 ἀπόστολον,
3024 5275 3109 5327 καὶ
3147 5267 3504 5326 τὸν”1ἀκωϐον
3537 5269 3785 5343 γεγονέναι
3820 5267 3897 5318 τὸν

2318 5343 2523 5419 ἀδελφὸν
2551 5350 2643 5419 to}?
2668 5348 2888 5419 μυρίῳ,
2917 5353 3026 5407 etc,
3056 5359 3091 5419 :_
3117 5356 3240 5419 qua;
3270 5350 3474 5419 tantum
3523 5355 3589 5394 ex
3631 5348 3894 5419 οιιωωριις

2317 5406 2509 5471 tatoris
2535 5415 2720 5471 ofllcio
2740 5406 2800 5472 S.
2833 5415 3034 5469 Doctor
3061 5406 3193 5468 dare
3217 5412 3426 5467 Latinis
3447 5425 3667 5483 quoque
3687 5406 3895 5464 auribus

2319 5487 2512 5544 voluit.
3466 5551 3526 5555 __
3587 5551 3596 5555 Α
3734 5551 3746 5555 _
3802 5547 3814 5555 _
3883 5542 3895 5555 ,

2387 5557 2414 5596 ι)
2457 5559 2702 5623 Drusius,
2762 5564 3058 5629 expvetere
3090 5569 3194 5629 suo
3241 5555 3408 5618 libro,
3463 5551 3770 5629 Tholomteis
3801 5547 3896 5629 legi

2315 5629 2453 5696 vult,
2473 5631 2627 5706 quod
2663 5637 2718 5706 et
2763 5627 2922 5706 nobis
2975 5627 3104 5683 alibi
3145 5624 3604 5706 no_ta_tum._est_ad
3633 5623 3894 5706 antiquits;

2319 5686 2524 5757 rum'in
2575 5701 2866 5756 scribendo
2915 5714 3146 5756 morem.
3185 5697 3321 5754 Vide
3364 5696 3460 5752 lib.
3508 5686 3786 5751 Nominuui
3833 5686 3894 5741 ad

2320 5787 2516 5829 nomen
2550 5771 2981 5827 Bartholomwus.

2394 5857 2416 5884 ο
2447 5844 2683 5903 Consule
2709 5843 2940 5916 Pr000p.
2967 5842 3022 5900 in
3050 5842 3282 5899 Vandal.
3313 5841 3412 5898 lib.
3442 5855 3502 5907 η,
3535 5853 3585 5895 c.
3615 5838 3696 5895 I0.
