4078 6328
215 326 322 384 177
740 314 1383 376 COMMENTARIORUM
1421 315 1489 373 IN
1527 315 1767 374 ISAIAM
1804 312 2236 375 PBOPIIETAM
2274 317 2406 375 LIB.
2448 317 2518 375 V.
2558 319 2718 376 CAP.
2762 319 2955 378 XVIII.
3398 328 3506 386 I78

217 463 356 502 mane
377 458 535 500 semen
557 450 699 495 tuum
742 437 966 509 ﬂorebit.
1015 436 1204 490 Ablata
1247 443 1323 492 est
1361 435 1544 492 messis
1580 435 1636 490 in
1693 435 1779 490 die
1806 443 2008 505 Acum
2066 449 2266 490 SELSEL
2323 413 2553 509 (5353),
2600 435 2747 508 quod
2798 435 3200 509 Symmachus,
3250 443 3503 512 sonitum,

216 536 532 602 hmeditatis,
565 542 610 589 et
640 531 834 587 dolebit
879 530 1008 604 [ΑΙ.
1061 529 1297 602 dolebis]
1344 531 1588 603 graviter.
1644 529 1780 598 Hos,
1881 527 1911 568 1³
1934 527 2314 596 Theodotion,
2360 545 2476 584 aves
2509 529 2855 601 interpretati
2885 540 3034 598 sunt,
3077 539 3134 588 et
3153 548 3257 589 nos
3285 535 3336 590 in
3360 552 3505 607 cym-

215 633 393 704 inquit,
444 643 665 699 operum
720 635 934 681 tuorum
979 623 1190 679 fructus
1238 623 1459 694 capies:
1515 621 1643 676 vitis
1691 629 1784 676 tua
1885 624 2059 680 balant
2085 623 2376 679 vertimus.
2414 623 2611 693 Aquila
2657 624 2732 679 bis
2760 625 2997 704 umbram
3028 627 3329 684 transtulit.
3389 628 3502 685 Sed

217 693 369 788 Sorec
408 720 749 794 degenerabit
775 719 831 775 in
857 719 1189 784 labruscam,
1220 731 1406 772 semen
1441 723 1593 771 tuum
1625 729 1781 785 spem

1895 716 2168 774 sciendum
2209 717 2356 786 quod
2406 717 2594 772 umbra
2633 731 2730 774 εει.
2765 693 2883 789 (53)
2913 717 3116 774 dicitur
3146 761 3162 787 ,
3192 720 3284 776 hic
3313 731 3498 778 autem

213 818 468 893 promittet
495 816 546 870 in
568 813 847 886 germine;
878 811 974 868 sed
1002 827 1126 867 cum
1151 809 1438 867 maturitas
1467 807 1782 876 advenerit,
1881 810 2100 882 syllaba
2130 811 2249 880 ipsa
2272 809 2610 881 geminatur.
2631 811 2711 866 Ex
2733 826 2843 881 quo
2863 826 3152 882 possumus
3172 812 3380 870 dictum
3408 815 3496 870 in-

212 914 282 970 ab
304 913 396 968 alio
420 910 746 966 demetetur.
779 906 849 962 Et
877 915 1003 961 tunc
1031 903 1245 961 dolebis
1270 902 1532 975 graviter,
1564 899 1784 972 quando

213 1013 406 1079 sperata
433 1011 484 1060 et
514 1017 650 1072 pene
673 1000 788 1072 jam
822 1006 964 1055 tenta
995 996 1320 1069 perdideris.

209 1165 216 1174 .
280 1097 456 1169 (Vers.
491 1092 718 1166 12-14.)
753 1091 847 1149 Vw
878 1091 1205 1148 multitudini
1243 1088 1561 1161 populorum
1591 1089 1784 1143 multo-

210 1208 334 1260 runt,
364 1199 416 1244 ut
463 1185 745 1244 multitudo
776 1186 936 1241 maris
963 1184 1200 1240 sonantis
1224 1199 1244 1238 :
1282 1191 1331 1237 et
1374 1180 1626 1237 tumultus
1675 1191 1787 1234 tur-

211 1289 392 1354 barum,
420 1285 550 1338 sicut
595 1283 798 1337 sonitus
839 1295 1094 1348 aquarum
1143 1276 1432 1332 multarum
1462 1293 1481 1332 :
1527 1274 1787 1331 sonabunt

213 1381 395 1454 populi,
425 1379 555 1433 sicut
582 1377 786 1432 sonitus
815 1391 1069 1444 aquarum
1091 1373 1506 1428 inundantium:
1538 1380 1585 1426 et
1615 1372 1789 1426 incre-

209 1474 334 1546 pabit
363 1487 494 1538 eum,
519 1479 568 1525 et
617 1469 782 1544 fugiet
825 1468 1012 1541 procul
1046 1483 1065 1522 :
1091 1480 1139 1522 et
1187 1466 1423 1538 rapietur
1447 1465 1584 1520 sicut
1617 1465 1787 1535 pulvis

208 1567 434 1623 montium
461 1581 494 1619 α
519 1565 654 1637 facie
675 1563 835 1629 venti,
860 1571 909 1618 et
926 1563 1058 1617 sicut
1081 1561 1232 1616 turbo
1259 1577 1437 1615 coram
1461 1568 1782 1631 tempestate.

209 1658 271 1715 In
309 1669 522 1733 tempore
543 1673 771 1728 vespera:
793 1673 812 1711 :
844 1665 890 1711 et
934 1671 1050 1712 ecce
1097 1653 1322 1709 turbatio
1352 1653 1408 1707 in
1439 1651 1713 1719 matutino,
1741 1659 1789 1706 et

208 1773 300 1810 non
323 1754 568 1808 subsistet.
616 1750 745 1807 Iltec
773 1761 852 1806 est
899 1767 1021 1823 pars
1070 1765 1269 1815 eorum,
1321 1748 1409 1819 qui
1461 1755 1788 1802 vastaverunt

1887 905 2134 976 telligere
2161 922 2174 958 :
2209 903 2306 960 Vae
2337 914 2497 960 terras
2519 945 2534 971 ,
2563 919 2684 974 quae
2706 904 2760 959 in
2790 905 2983 960 umbra
3016 905 3226 962 alarum
3276 921 3499 965 suarum

1885 999 2181 1071 pollicetur
2220 998 2505 1054 auxilium.
2551 997 2622 1052 Et
2661 1012 2788 1052 cum
2830 997 3112 1070 Scriptura
3138 999 3288 1055 dicat
3320 1018 3333 1056 :
3393 1001 3497 1067 Qui

1887 1093 2086 1148 habitat
2115 1093 2170 1147 in
2201 1093 2466 1165 adjutorio
2502 1090 2756 1146 Altissimi
2782 1132 2798 1158 ,
2843 1092 2896 1146 in
2921 1093 3236 1164 protectione
3261 1091 3360 1148 Dei
3385 1093 3502 1148 ειειί

1889 1187 2296 1242 commorabitur
2321 1183 2441 1258 (Ps.
2474 1199 2562 1251 xc,
2595 1183 2650 1255 1)
2671 1226 2684 1249 ,
2718 1199 2818 1255 pro
2848 1200 2957 1256 quo
2983 1185 3036 1239 in
3069 1184 3301 1242 Hebraeo
3329 1187 3499 1257 scrip

1887 1292 2000 1336 tum
2027 1281 2188 1354 198
2216 1288 2337 1343 est,
2395 1277 2462 1332 In
2491 1277 2676 1332 umbra
2727 1277 3109 1350 Omnipotentis
3159 1277 3502 1333 commorabi-

1892 1385 2008 1432 tur:
2047 1375 2221 1446 ipsam
2264 1375 2362 1431 Dei
2402 1373 2821 1431 similitudinem
2851 1374 3058 1431 habere
3098 1389 3158 1431 se
3182 1375 3416 1446 jactans,
3445 1384 3503 1432 et

1890 1470 1948 1526 in
1981 1469 2242 1538 periculis
2288 1469 2587 1525 constituta
2631 1469 2758 1524 aliis
2797 1468 3087 1539 sull'ragari
3138 1468 3495 1540 repromittit.

1892 1564 2178 1635 Signiﬁcat
2214 1573 2396 1619 autem
2444 1564 2562 1618 sive
2605 1562 2711 1630 No,
2753 1561 2977 1636 Egypti
3005 1562 3310 1629 civitatem,
3373 1577 3497 1635 quae

1892 1672 2038 1714 nunc
2058 1655 2396 1713 Alexandria
2423 1656 2647 1725 dicitur,
2665 1656 2780 1712 sive
2801 1655 3126 1728 Egyptum,
3150 1657 3203 1710 in
3228 1670 3334 1726 qua
3356 1671 3504 1712 sem-

1895 1769 1993 1826 per
2044 1753 2350 1810 Jerusalem
2385 1754 2544 1823 quasi
2603 1767 2770 1823 super
2795 1761 3112 1824 quassatam
3167 1753 3499 1811 arundinem

206 1865 309 1915 nos,
334 1855 378 1903 et
397 1863 504 1901 sors
522 1845 883 1915 diripientium
901 1843 1131 1911 nos.Qui
1156 1842 1499 1913 superiorem
1526 1840 1780 1896 Damasci
1812 1856 1859 1918 Β
1888 1848 2078 1905 innixa
2107 1859 2215 1914 est,
2271 1862 2393 1918 quae
2424 1846 2707 1904 confracta
2767 1863 2991 1904 manum
3024 1848 3265 1918 perforat
3295 1851 3507 1906 incum-

207 1939 549 2010 captivitatem
582 1952 612 1992 a
653 1937 916 1992 Romanis
945 1937 1156 1991 illatam
1209 1935 1523 2003 aestimant,
1573 1942 1630 1990 et
1679 1933 1785 1990 hoc

205 2031 332 2103 quod
370 2030 620 2102 scriptum
653 2038 740 2085 est
772 2047 784 2082 :
841 2027 1194 2084 Inclinabitur
1216 2030 1369 2084 homo
1417 2027 1488 2082 ad
1533 2032 1784 2100 factorem

203 2139 356 2188 suum,
401 2131 451 2176 et
492 2121 634 2178 oculi
661 2123 776 2194 ejus
801 2121 869 2175 ad
896 2121 1151 2178 Sanctum
1198 2119 1366 2178 Israel
1391 2121 1692 2192 respicient,
1717 2120 1784 2176 ad

203 2216 406 2284 Christi,
432 2226 486 2272 et
505 2216 896 2288 Apostolorum
917 2224 1161 2286 tempora
1189 2214 1457 2271 referunt.
1490 2215 1645 2288 197
1673 2212 1785 2270 Nec

202 2325 300 2366 non
327 2309 447 2365 illud
475 2309 620 2381 quod
657 2311 910 2382 sequitur
940 2327 954 2365 :
985 2309 1258 2365 Plantabis
1306 2311 1682 2380 plantationem
1712 2309 1780 2379 ﬁ-

204 2406 375 2473 delem,
389 2415 434 2462 et
453 2423 660 2480 germen
677 2407 908 2462 alienum
930 2405 1205 2462 seminabis
1217 2423 1235 2460 :
1258 2406 1312 2461 in
1330 2405 1416 2460 die
1438 2405 1784 2478 plautationis

203 2509 294 2555 tua:
321 2500 566 2568 labrusca,
613 2510 670 2558 et
699 2510 922 2567 caetera,
977 2509 1004 2537 ἰ
1035 2500 1104 2557 de
1157 2499 1481 2556 infidelitate
1532 2501 1784 2556 sentiunt

208 2591 516 2649 Iudaeorum.
552 2594 620 2649 Et
671 2592 778 2650 hoc
815 2592 1112 2665 Capitulum
1142 2593 1286 2662 quod
1320 2607 1466 2648 nunc
1498 2593 1785 2665 proposui-

207 2701 331 2753 mus,
353 2701 510 2758 super
536 2686 784 2742 Ethnicis
802 2689 1252 2758 interpretantur,
1271 2687 1364 2758 qui
1380 2697 1786 2757 persequuntur

206 2779 510 2836 Ecclesiam.
547 2780 685 2835 Illud
714 2795 933 2852 qquue
963 2781 1110 2850 quod
1157 2780 1429 2851 sequitur,
1486 2779 1786 2850 Increpabit

202 2889 322 2942 eum,
353 2883 396 2929 et
421 2875 581 2947 fugiet
611 2873 818 2947 procul,
863 2875 932 2930 de
962 2873 1180 2930 diabolo
1211 2873 1510 2945 accipiunt,
1537 2873 1785 2944 tropolo-

200 2967 300 3040 gica
347 2967 800 3038 interpretatione
856 2968 1170 3024 vastitatem
1223 2977 1674 3038 persecutorum,
1732 2977 1789 3024 et

199 3061 485 3121 daemonum
535 3063 1004 3120 demonstrantes.
1059 3063 1173 3118 Nos
1217 3072 1400 3118 autem
1430 3071 1668 3132 emptum
1696 3075 1788 3119 se-

198 3157 397 3228 quimur
437 3157 722 3225 ordinem,
755 3165 811 3212 et
848 3155 1106 3212 historica
1139 3155 1492 3212 fundamenta
1519 3155 1788 3212 historico

1887 1941 2093 1998 bentis.
2145 1940 2216 1996 Et
2257 1949 2343 1997 est
2366 1939 2458 1996 hic
2487 1940 2626 1997 ordo
2655 1941 3092 2013 pulcherrimus:
3130 1951 3193 1998 ut
3219 1943 3502 2012 quomodo

1887 2034 1942 2090 in
1974 2032 2150 2105 priori
2197 2033 2427 2090 Visione
2458 2049 2642 2090 sermo
2692 2035 3047 2106 prOpheticus
3094 2036 3361 2092 Damasco
3390 2037 3498 2092 mi—

1886 2127 2142 2194 nabatur,
2175 2126 2324 2198 quod
2356 2127 2545 2183 decem
2579 2128 2756 2183 tribus
2785 2128 2840 2183 in
2893 2128 2985 2183 illa
3014 2127 3309 2184 habuerint
3346 2129 3501 2184 auxi-

1887 2221 2049 2290 lium,
2083 2219 2514 2277 misericordiam
2569 2221 2670 2278 Dei
2710 2229 3005 2292 rogantes:
3051 2221 3131 2276 sic
3161 2220 3325 2276 etiam
3354 2236 3503 2278 nunc

1886 2315 2128 2389 Egypto
2156 2314 2382 2372 vastitas
2410 2314 2783 2386 praedicetur;
2813 2315 2884 2370 ob
2919 2314 3076 2386 cujus
3114 2315 3378 2370 auxilium
3404 2298 3503 2370 Dei

1888 2411 2140 2482 neglecta
2171 2410 2244 2464 sit
2272 2409 2573 2465 invocatio.
2607 2408 2728 2479 Ipsa
2773 2417 2860 2464 est
2888 2409 3036 2463 enim
3068 2414 3242 2476 terra,
3269 2423 3393 2478 quae
3418 2415 3504 2463 est

1890 2513 2042 2560 trans
2068 2503 2289 2558 ﬂumina
2320 2501 2620 2572 Ethiopiae
2645 2543 2660 2568 ,
2693 2501 2747 2556 id
2777 2510 2882 2567 est,
2912 2508 3068 2556 trans
3099 2501 3248 2557 rivos
3269 2500 3374 2556 Nili
3397 2500 3499 2555 ﬂu-

1892 2597 2062 2652 minis
2083 2638 2098 2662 ,
2127 2611 2290 2667 quem
2321 2595 2390 2650 de
2420 2594 2704 2664 Ethiopia
2733 2593 2786 2649 in
2810 2594 3106 2666 [Egyptum
3137 2593 3310 2650 ﬂuere
3337 2609 3503 2649 nemo

1889 2688 2123 2744 dubitat.
2149 2685 2626 2758 Potestngyptus
2642 2686 2850 2740 alarum
2879 2686 3187 2757 cymbalum
3207 2683 3316 2741 dici
3337 2701 3501 2757 prop-

1889 2788 1976 2836 ter
2025 2780 2379 2836 velocitatem
2439 2781 2689 2851 lrugum:
2741 2780 2905 2836 velox
2935 2781 3141 2851 quippe
3170 2789 3226 2836 et
3250 2780 3501 2837 concitus

1890 2873 2072 2927 avium
2103 2872 2316 2927 volatus
2343 2871 2524 2928 reddit
2544 2872 3058 2944 cymbalisonitum.
3082 2873 3315 2943 Quidam
3339 2889 3404 2930 ex
3433 2889 3502 2930 eo

1890 2963 2036 3036 quod
2068 2964 2350 3034 sequitur:
2383 2963 2487 3031 Qui
2515 2965 2671 3019 mittit
2699 2965 2756 3019 in
2785 2966 2919 3020 mari
2950 2965 3169 3038 legatos,
3207 2975 3256 3022 et
3283 2968 3338 3021 in
3363 2968 3501 3022 uasis

1890 3060 2077 3130 papyri
2103 3075 2258 3131 super
2284 3075 2462 3128 aquas,
2512 3059 2820 3116 Romanum
2844 3075 3071 3132 regnum
3103 3061 3416 3133 intelligunt
3445 3071 3504 3119 et

1888 3165 2108 3206 omnem
2160 3151 2446 3206 historiam
2492 3153 2743 3208 referunt
2798 3153 2866 3208 ad
2914 3154 3232 3224 Vespasiani
3279 3165 3336 3211 et
3387 3154 3499 3211 Titi

197 3249 419 3306 culmine
441 3251 800 3322 protegimus.
831 3249 949 3318 Vae,
983 3250 1176 3320 inquit,
1205 3251 1477 3307 universis
1505 3250 1782 3321 gentibus,
1815 3246 1860 3310 C
1895 3253 2161 3314 tempora,
2186 3260 2214 3300 a
2237 3245 2435 3317 quibus
2458 3247 2840 3320 Hierosolyma
2861 3248 3121 3305 subversa
3137 3260 3244 3306 est.
3269 3249 3378 3306 Sed
3399 3250 3502 3307 hoc

198 3359 307 3416 qua:
351 3345 724 3401 militaverunt
773 3354 965 3402 contra
1011 3346 1274 3416 populum
1319 3361 1524 3411 meum,
1555 3360 1788 3416 quarum

197 3444 368 3494 tantus
399 3439 635 3510 impetus
682 3437 802 3505 fuit,
834 3447 894 3494 ut
925 3439 1092 3494 maris
1135 3439 1392 3496 ﬂuctibus
1421 3440 1791 3510 coaequandus

191 3531 276 3588 sit.
317 3531 420 3588 Sed
462 3547 587 3588 cum
615 3533 872 3589 venerint
920 3533 1236 3600 saevientes,
1289 3542 1348 3589 et
1398 3535 1790 3591 inundaverint

193 3633 383 3680 terram
415 3641 614 3695 meam,
647 3635 775 3682 tunc
806 3627 1059 3697 princeps
1089 3642 1278 3683 earum
1307 3628 1686 3684 Sennacherib
1719 3630 1790 3684 ab

191 3731 252 3774 eo
279 3717 440 3790 fugiet
488 3719 830 3789 increpatus,
859 3729 913 3774 et
943 3717 1084 3774 sicut
1131 3720 1310 3789 pulvis
1339 3728 1503 3776 vento
1531 3729 1790 3790 raptante

193 3809 531 3882 dispergitur,
566 3821 623 3868 et
657 3811 818 3868 turbo
842 3812 894 3867 in
925 3812 1160 3870 sublime
1182 3814 1424 3869 volvitur
1455 3815 1509 3870 in
1543 3822 1787 3885 tempes-

195 3912 339 3960 tate:
383 3906 464 3962 sic
524 3905 617 3962 ille
669 3906 1129 3978 appropinquabit
1175 3908 1399 3980 quidem
1453 3907 1787 3977 Jerusalem,

194 3997 444 4066 obsidens
508 4013 630 4055 eam
659 4017 672 4052 :
704 3998 800 4055 sed
845 4001 1184 4070 percutietur
1209 4001 1278 4056 ab
1328 4001 1791 4072 Angelo;veniet

195 4105 366 4156 mane,
395 4102 450 4146 et
494 4092 738 4147 deletum
777 4093 1036 4161 potentiae
1077 4108 1190 4148 suae
1218 4092 1428 4148 videbit
1455 4095 1784 4148 exercitum.

194 4182 256 4237 Et
274 4183 380 4238 lucc
408 4187 504 4240 erit
529 4203 650 4257 pars
682 4203 860 4240 eorum
889 4187 976 4256 qui
1006 4196 1332 4242 vastaverunt
1364 4202 1476 4240 nos.
1510 4187 1625 4242 Iloc
1651 4186 1789 4242 Pro-

198 4281 347 4345 pheta
397 4279 640 4350 loquitur
669 4279 754 4334 vel
793 4295 858 4334 ex
885 4294 1114 4348 persona
1147 4281 1359 4350 populi,
1395 4279 1484 4335 vel
1515 4294 1575 4335 se
1607 4280 1787 4350 ipsum

191 4371 412 4441 iungens
441 4373 588 4445 genti
621 4389 736 4428 sua:
764 4375 780 4440 (
813 4373 882 4429 ιν
929 4374 1064 4443 Reg.
1099 4389 1211 4439 six,
1256 4372 1348 4438 '55,
1381 4373 1452 4430 56
1485 4372 1529 4445 ).
1583 4374 1786 4430 Postea

195 4464 414 4536 legimus
450 4486 462 4522 :
496 4466 753 4538 Egressus
784 4474 860 4520 est
891 4465 1123 4536 Angelus
1172 4464 1407 4531 Domini,
1451 4477 1499 4520 et
1531 4467 1787 4537 percussit

195 4559 242 4612 in
262 4561 438 4614 castris
466 4560 794 4631 Assyriorum
817 4568 1018 4613 centum
1046 4559 1306 4630 octoginta
1331 4558 1556 4628 quinque
1574 4556 1744 4613 millia
1764 4575 1784 4614 :

1898 3339 2025 3396 ﬁdei
2050 3347 2254 3396 nostrae
2277 3356 2386 3396 non
2410 3343 2687 3406 convenit,
2714 3344 3028 3400 utminetur
3052 3345 3311 3400 Dominus
3331 3360 3501 3417 regno

1894 3431 2164 3498 Romano,
2193 3449 2363 3504 quare
2391 3435 2615 3505 impiam
2642 3446 2862 3508 gentem
2900 3438 3258 3506 subverterit,
3289 3448 3348 3494 et
3376 3455 3498 3495 rur-

1895 3541 2016 3582 sum
2045 3527 2096 3581 in
2130 3537 2376 3582 montem
2432 3527 2566 3584 Sion
2593 3529 2738 3584 dicat
2765 3545 2992 3587 munera
3037 3532 3357 3600 deferenda,
3393 3533 3501 3589 nisi

1894 3621 2038 3677 forte
2079 3632 2134 3677 et
2165 3621 2281 3678 haec
2321 3621 2675 3693 spiritualiter
2706 3624 2761 3678 in
2785 3623 3038 3681 Ecclesia
3066 3626 3426 3698 accipiamus.

1971 3716 2151 3789 (Vers.
2180 3717 2264 3790 2.)
2322 3717 2426 3783 Qui
2473 3719 2630 3772 mittit
2669 3719 2722 3772 in
2748 3721 2881 3774 mari
2927 3719 3163 3790 legatos,
3215 3729 3263 3776 et
3291 3721 3348 3774 in
3367 3720 3506 3776 vasis

1895 3813 2088 3882 papyri
2115 3828 2270 3883 super
2291 3829 2475 3883 aquas.
2506 3812 2610 3882 Ite,
2633 3812 2806 3882 angeli
2825 3812 3044 3879 veloces,
3069 3814 3138 3866 ad
3158 3822 3358 3884 gentem
3378 3829 3507 3867 con-

1893 3903 2093 3958 vulsam
2114 3914 2158 3958 et
2176 3904 2533 3971 dilaceratam,
2555 3906 2624 3959 ad
2640 3904 2892 3978 populum
2911 3904 3335 3973 terribilem,post
3349 3922 3502 3977 quem

1895 4015 1998 4052 non
2029 4007 2101 4052 est
2117 3995 2252 4052 alius
2270 4041 2284 4064 ,
2313 3997 2381 4050 ad
2407 4007 2611 4070 gentem
2642 4008 3019 4066 exspectantem
3045 4009 3093 4052 et
3116 3999 3494 4067 conculcatam,

1894 4091 2042 4158 cujus
2069 4088 2396 4162 diripuerunt
2419 4091 2637 4160 [Iuntina
2667 4099 2857 4145 terram
2883 4094 3019 4164 ejus.
3061 4090 3217 4162 Apud
3237 4091 3497 4150 Hebraeos

1895 4193 1951 4238 et
1970 4181 2236 4255 Egyptus
2277 4191 2332 4239 et
2370 4181 2662 4255 Egyptius
2691 4195 2745 4240 et
2774 4184 3039 4256 Egyptii,
3093 4200 3206 4240 uno
3230 4185 3500 4242 vocabulo

1895 4285 2281 4346 nuncupantur
2307 4292 2542 4332 nasum!
2596 4277 2852 4350 (unum).
2903 4278 3017 4334 l-loc
3045 4276 3254 4334 dictum
3279 4279 3374 4348 sit,
3432 4295 3503 4336 ne

1893 4372 2014 4443 quis
2038 4372 2090 4427 in
2115 4373 2284 4428 verbo
2314 4371 2541 4440 haereat,
2561 4388 2685 4428 cum
2722 4390 2822 4445 pro
2841 4389 3044 4444 genere
3067 4373 3332 4430 feminino
3359 4389 3507 4430 mas-

1893 4468 2133 4524 culinum
2167 4469 2465 4537 invenerit,
2501 4469 2553 4524 id
2603 4479 2712 4536 est,
2743 4485 2844 4539 pro
2871 4478 3014 4525 terra
3046 4468 3348 4536 hominem,
3376 4469 3504 4540 quia

1895 4573 1950 4618 et
1973 4578 2118 4618 nunc
2149 4563 2390 4618 dicitur:
2441 4563 2540 4630 Qui
2583 4563 2737 4617 mittit
2769 4564 2821 4616 in
2849 4565 2981 4616 mari
3003 4563 3220 4634 legatos,
3257 4563 3360 4618 hoc
3384 4573 3502 4633 est,

196 4666 239 4710 et
266 4665 596 4712 surrexerunt
650 4671 822 4724 mane,
874 4665 920 4708 et
971 4669 1084 4708 ecce
1132 4669 1308 4709 omnes
1351 4653 1604 4708 cadavera
1645 4669 1786 4708 mor-
1815 4647 1870 4707 D
1897 4656 2012 4728 ipsa
2037 4656 2307 4724 Mesraim,
2333 4659 2452 4729 ipse
2474 4657 2870 4729 lEgyptius,eo
2887 4657 3032 4728 quod
3051 4658 3121 4715 de
3143 4659 3500 4729 Alexandria,

200 4760 414 4804 tuorum.
445 4749 516 4804 Et
543 4765 774 4822 egressus
801 4756 894 4814 est,
931 4757 979 4802 et
1026 4749 1174 4814 abiit,
1204 4757 1252 4802 et
1282 4763 1517 4802 reversus
1549 4756 1622 4801 est
1653 4747 1788 4802 Sen-

197 4847 428 4902 naclterib
469 4863 565 4902 rex
595 4846 928 4917 Assyriorum
958 4853 1006 4898 et
1036 4842 1284 4898 habitavit
1312 4844 1367 4897 in
1392 4841 1606 4899 Ninive.

263 4940 415 5013 (Cap.
455 4939 647 5008 XVIII,
689 4938 828 4994 Vera
859 4938 937 5009 1.)
994 4936 1086 4992 Va:
1111 4947 1262 4992 terra:
1309 4935 1547 5008 cymbala
1587 4938 1792 4993 alarum

201 5048 306 5102 qua:
346 5042 421 5087 est
467 5041 614 5086 trans
655 5031 875 5100 ﬂumina
919 5026 1227 5100 {Et/tiopiw.
1271 5027 1508 5084 Verbum
1556 5027 1790 5086 Hebrai-

265 5158 287 5185 η
323 5149 499 5203 Vatic.
530 5147 596 5201 de
616 5144 921 5214 infelicitate
945 5144 1198 5211 sentiunt,
1229 5153 1336 5199 etc.

267 5219 293 5258 ι’
317 5221 567 5276 Placeret
588 5217 786 5272 Drusio
825 5231 892 5271 ex
922 5227 1108 5270 vetere
1137 5231 1238 5270 suo
1266 5229 1370 5270 ms.
1404 5215 1595 5286 reponi
1640 5215 1806 5270 Theo—

1897 4766 2019 4822 qute
2052 4758 2199 4819 tunc,
2239 4760 2302 4806 ut
2355 4751 2615 4820 diximus,
2665 4749 2746 4806 No
2775 4751 3092 4819 vocabatur,
3134 4752 3294 4825 199
3339 4751 3506 4823 legati

1899 4844 2052 4900 missi
2081 4854 2210 4900 sunt
2240 4845 2679 4916 Hierosolymam
2709 4853 2764 4899 et
2791 4845 2845 4898 in
2876 4847 3024 4900 vasis
3054 4847 3277 4918 papyri,
3309 4845 3360 4901 id
3391 4854 3500 4914 est,

1905 4947 1928 4976 ο
1945 4937 2221 5006 epistolis,
2243 4937 2358 4993 sive
2381 4938 2633 5006 navibus,
2658 4953 2816 4993 suum
2847 4938 2956 4994 illis
2983 4940 3246 4996 auxilium
3279 4941 3512 5012 promit-

1906 5040 2103 5100 tentes,
2138 5031 2416 5088 dixerint:
2469 5030 2551 5088 Ite
2581 5033 2822 5088 velociter
2848 5033 2917 5088 ad
2937 5033 3250 5090 Judreorum
3305 5044 3508 5108 gentem

1905 5146 2062 5221 ritas,
2097 5146 2541 5221 quamejusqui
2561 5147 3015 5221 Alegit,studium,
3044 5165 3153 5221 quo
3173 5159 3510 5219 postremam

1911 5217 1965 5272 N
1996 5219 2232 5274 litteram
2274 5218 2329 5273 in
2385 5217 2780 5274 Theodotionis
2811 5222 3031 5278 nomine
3064 5217 3209 5277 inde
3262 5221 3509 5276 avulsam

205 5291 338 5346 datio
379 5293 558 5346 navim
596 5305 696 5359 pro
737 5287 1064 5363 Theodotion
1096 5302 1216 5363 aues
1250 5302 1268 5342 :
1311 5295 1374 5363 _et
1412 5301 1537 5363 mox
1561 5329 1575 5353 ,
1617 5287 1807 5363 Aquila
1909 5290 2266 5363 subsequenti
2297 5292 2464 5346 verbo
2488 5308 2606 5345 aves
2638 5293 2890 5360 praefixit.
2911 5292 3114 5348 COntra
3143 5293 3510 5363 Hieronymus

206 5363 253 5416 in
299 5364 535 5446 umbram
565 5357 667 5442 pro
694 5361 1056 5446 3210111171..
1093 5357 1418 5446 Suffragium
1452 5358 1570 5446 ejus
1592 5357 1810 5446 conjec-
1913 5362 1966 5416 in
1997 5363 2234 5446 subnexa
2261 5357 2794 5446 expositionefquod
2819 5380 2848 5419 a
2871 5365 3098 5446 singulis
3119 5357 3510 5446 interpretibus

207 5443 335 5491 tura:
361 5429 582 5489 addunt
606 5431 710 5501 ipsi
738 5429 882 5485 LXX
903 5476 917 5500 ,
953 5431 1044 5500 qui
1071 5431 1240 5484 navim
1265 5431 1606 5501 interpretati
1637 5439 1764 5484 sunt
1788 5449 1803 5485 :

208 5508 326 5577 οὐαὶ
353 5515 448 5577 γῆς
477 5500 670 5561 πλοίών
695 5505 970 5577 πτέρυγες,
1002 5517 1078 5556 va:
1111 5513 1261 5577 terrte
1286 5500 1656 5577 naviumalw:
1691 5513 1800 5556 tum

353 5532 371 5545 ⁸⁵
391 5532 448 5568 ης
477 5532 670 5561 πΛοιων
695 5532 970 5577 πτερυγις,
1004 5532 1076 5556 υω
1111 5532 1258 5556 ιτιιιῠ
1289 5532 1495 5554 ursusqu
1519 5532 1614 5556 um:
1638 5543 1650 5556 .
1691 5532 1800 5556 Hllll

347 5532 739 5648 I’Iieronymus,
775 5576 872 5648 lib.
908 5575 1178 5644 sequenti,
1200 5572 1301 5648 ubi
1343 5573 1453 5648 hoc
1470 5572 1612 5627 idem
1645 5582 1804 5648 caput

211 5643 576 5721 recognoscit,
591 5656 648 5701 et
659 5643 1331 5721 Aquilam,_pro_cym_balo,
1346 5644 1583 5721 umbram
1603 5643 1809 5721 alarum

212 5715 462 5790 interpres
480 5727 630 5772 atnm
655 5715 822 5790 fuisse
842 5717 1028 5790 tradit.
1055 5715 1236 5790 Nihilo
1257 5715 1439 5790 secius
1454 5724 1704 5790 neutrum
1732 5717 1810 5773 lo-

212 5787 741 5869 guchontt-apss.
787 5787 948 5869 Iidem
992 5787 1640 5869 m_utandum_exi_stimo,
1679 5802 1804 5869 nam
1907 5822 2021 5869 ποι,

214 5856 464 5922 Drusiani
510 5855 719 5919 codicis
750 5873 856 5915 non
885 5867 991 5914 tum
1038 5860 1140 5916 hoc
1179 5859 1306 5917 loco
1336 5859 1588 5916 laudatur
1618 5855 1804 5916 aucto.

210 5576 318 5648 ipse

1909 5436 2235 5490 translatum
2255 5447 2339 5490 est
2359 5478 2374 5503 ,
2399 5435 2559 5490 simul
2588 5436 2853 5506 jungens,
2881 5438 3053 5490 avium
3075 5449 3291 5504 quoque
3312 5435 3513 5506 ingerit

1917 5523 2116 5562 nomen
2145 5526 2158 5562 :
2203 5506 2445 5562 Concitus
2469 5551 2482 5574 ,
2529 5507 2726 5578 inquit,
2768 5510 2938 5562 avium
2960 5507 3160 5561 volatus
3179 5506 3347 5559 reddit
3369 5522 3512 5578 cym-

1914 5599 2018 5653 bali
2055 5600 2300 5653 sonitum.
2345 5599 2586 5669 Denique
2632 5599 2781 5654 vocis
2799 5581 2942 5670 5353
2989 5597 3271 5670 geminata
3301 5599 3510 5670 syllaba

1915 5681 2059 5726 recte
2083 5672 2158 5725 bis
2181 5670 2412 5724 umbraut
2437 5668 2688 5740 Aquilam
2720 5669 3023 5740 reddidisse
3048 5668 3398 5740 persuadent.

1989 5753 2012 5781 ο
2039 5743 2241 5800 Recole
2279 5757 2402 5813 qua}
2442 5738 2796 5799 observamus
2839 5741 2892 5796 in
2925 5738 3086 5810 epist.
3110 5739 3174 5796 51
3201 5774 3218 5813 ί
3263 5759 3414 5801 num.
3448 5745 3501 5811 1,
