4084 6330
564 356 668 414 {79

1812 348 1872 411 ε.
1914 348 2193 412 EUSED"
2232 350 2614 411 iilERONYbil

3764 355 3869 414 180

561 475 859 532 convulsam
879 517 895 543 ,
936 480 992 530 et
1020 468 1367 547 Assyriorum
1396 471 1811 544 impugnatione
1830 466 2116 527 laceratam
2146 485 2166 529 :
2190 474 2242 540 Α
2273 470 2710 542 magnitudinem
2739 468 3014 525 anhelitus
3039 470 3263 541 probat,
3287 471 3603 543 grati~sima
3631 482 3712 528 est
3734 472 3871 530 roris

561 569 631 626 ad
658 569 915 642 populum
942 564 1216 641 quondam
1261 564 1571 624 terribilem
1600 611 1616 635 ,
1657 567 1749 638 qui
1780 566 1876 623 Dei
1909 565 2165 622 utebatur

562 662 796 735 imperio
817 708 830 731 ,
857 660 923 718 ad
952 662 1109 732 cujus
1134 660 1435 733 potentiam
1467 660 1651 717 nullus
1679 660 1819 718 alius
1839 673 2165 733 comparan-

560 756 665 812 dus
686 765 767 812 est
784 755 879 811 :ad
904 765 1148 828 gentem,
1175 770 1295 826 qum
1323 752 1419 811 Dei
1440 770 1664 826 semper
1686 753 2047 827 exspectabat
2067 766 2165 808 au-

555 848 769 915 xilium,
822 856 879 904 et
911 846 1264 904 nihilominus
1307 848 1378 905 ab
1418 846 1733 904 hominibus
1773 849 2161 904 conculcatur:

557 942 715 1015 cujus
744 951 949 999 terram
972 940 1220 1012 ﬂumina,
1252 940 1309 999 id
1335 951 1439 1007 est,
1496 942 1703 1000 diversi
1734 956 1891 1014 reges
1921 940 2165 1015 depopu-

556 1036 655 1094 lati
675 1048 824 1095 sunt.
858 1036 963 1094 Alii
987 1046 1168 1096 autem
1192 1046 1426 1111 putant,
1480 1036 1623 1111 quod
1673 1035 2003 1107 apostropha
2031 1035 2167 1091 diri-

557 1140 715 1205 gatur
736 1131 804 1188 ad
834 1130 1123 1188 Dominum
1144 1175 1159 1200 ,
1189 1142 1245 1189 et
1270 1130 1342 1188 sit
1370 1146 1565 1188 sensus
1598 1148 1611 1184 :
1640 1128 1687 1186 Ο
1714 1128 1885 1196 Deus,
1913 1127 2003 1200 qui
2036 1126 2164 1183 mit-

559 1228 631 1283 tis
658 1226 712 1283 in
762 1241 914 1283 mare
967 1227 1155 1284 smculi
1203 1225 1365 1283 istius
1409 1224 1752 1297 PrOphetas,
1806 1234 1863 1279 et
1884 1222 2040 1295 quasi
2071 1236 2166 1292 per

557 1318 822 1392 epistolas
874 1320 1238 1393 navigantes,
1305 1318 1566 1393 populum
1617 1328 1996 1385 commoneas,
2058 1316 2166 1372 tuis

556 1414 796 1485 imperas
826 1415 1031 1471 nuntiis
1058 1432 1073 1469 :
1130 1414 1205 1470 ite
1236 1412 1497 1469 velociter
1536 1411 1603 1468 ad
1637 1418 1854 1481 gentem
1884 1423 2063 1465 meam
2087 1407 2166 1464 la-

560 1516 807 1564 ceratam
855 1516 1021 1580 atque
1051 1507 1391 1575 convulsam,
1440 1502 1508 1563 ad
1557 1504 1816 1576 pepulum
1844 1500 2166 1559 robustissi-

562 1614 710 1656 mum
736 1642 752 1666 ,
799 1600 892 1673 qui
921 1601 1176 1660 omnibus
1228 1600 1507 1673 quondam
1539 1600 1591 1655 in
1618 1596 1850 1654 circuitu
1903 1594 2165 1668 gentibus

560 1694 762 1752 terrori
790 1694 910 1765 fuit,
937 1696 1026 1767 qui
1060 1709 1284 1766 semper
1314 1690 1405 1750 Dei
1433 1692 1775 1763 easnectavit
1796 1690 2083 1759 auxilium,
2111 1700 2165 1746 et

563 1802 663 1859 pro
696 1798 1043 1861 peccatorum
1071 1787 1465 1861 magnitudine,
1490 1784 1635 1859 quod
1667 1794 1874 1857 sperat,
1907 1800 2015 1841 non
2045 1798 2163 1839 me-

2269 561 2583 632 temperies,
2608 560 2641 602 δ
2663 564 2711 620 si
2730 570 2953 620 arentes
2979 564 3213 635 stipulas
3242 566 3544 620 matutinus
3570 563 3764 619 humor
3783 580 3871 622 se-

2266 656 2472 713 cabiles
2498 655 2696 713 faciat:
2728 658 2803 714 ita
2825 672 2984 713 meus
3006 672 3211 729 sermo,
3242 673 3403 730 quem
3436 657 3871 716 consideraboiu

2267 749 2391 805 loco
2411 764 2553 817 meo,
2603 750 2816 807 cunctis
2868 751 2920 805 in
2950 766 3039 807 me
3069 751 3422 807 credentibus
3475 758 3666 824 gratus
3712 751 3874 809 adve-

2268 845 2402 903 niet.
3858 840 3869 847 ’

2338 939 2519 1010 (Vers.
2546 941 2599 1010 5,
2633 940 2718 1015 6.)
2768 940 2896 997 Ante
2941 959 3153 998 messem
3192 943 3331 1000 enim
3372 952 3510 999 totus
3534 944 3799 1017 efﬂoruit,
3823 950 3876 1001 et

2267 1032 2542 1089 immatura
2565 1035 2815 1106 perfectio
2841 1036 3171 1109 germinavit,
3221 1047 3271 1092 et
3299 1038 3656 1110 prwcidentur
3676 1054 3875 1094 ramus-

2267 1126 2375 1181 culi
2405 1128 2520 1200 ejus
2553 1126 2777 1196 falcibus
2798 1169 2814 1196 ,
2844 1137 2895 1182 et
2914 1146 3029 1201 qua:
3053 1128 3300 1184 derelicta
3325 1131 3542 1203 fuerint,
3573 1131 3877 1187 abscinden-

2268 1228 2351 1275 tur
2378 1230 2429 1275 et
2470 1221 2810 1278 excutientur.
2850 1221 2916 1278 Et
2937 1224 3294 1296 relinquentur
3325 1223 3485 1280 simul
3524 1225 3705 1280 avibus
3732 1241 3877 1282 mon-

2268 1314 2396 1369 tium
2413 1324 2465 1369 et
2503 1314 2677 1371 bestiis
2730 1327 2899 1382 terrae,
2936 1328 2987 1372 et
3022 1326 3201 1372 testate
3243 1327 3492 1392 perpetua
3545 1328 3701 1373 erunt
3730 1333 3879 1391 super

2268 1421 2386 1461 eam
2414 1407 2672 1474 volucres,
2721 1418 2769 1462 et
2792 1425 2971 1465 omnes
3004 1409 3179 1467 bestia:
3208 1419 3360 1467 terrm
3401 1427 3558 1486 super
3579 1412 3731 1467 illuni
3756 1412 3877 1486 hye-

2269 1498 2499 1555 mabunt.
2549 1500 2683 1570 Quia
2716 1500 2784 1559 de
2833 1502 3062 1559 meridie
3084 1503 3315 1574 dixerat,
3339 1515 3394 1562 et
3424 1506 3627 1563 nubem
3657 1507 3799 1563 roris
3821 1507 3878 1565 in

2270 1602 2459 1651 testate
2480 1609 2544 1650 ac
2567 1610 2748 1652 messe
2774 1596 3139 1667 praemiserat,
3167 1609 3218 1655 et
3240 1598 3312 1654 ab
3341 1599 3674 1673 agricultura
3707 1608 3879 1659 trans-

2271 1686 2526 1743 lationem
2555 1697 2895 1761 sumpserat,
2930 1700 3113 1747 servat
3143 1705 3263 1747 eam
3296 1690 3350 1747 in
3386 1690 3641 1763 reliquis,
3671 1692 3881 1750 descri-

2269 1777 2408 1836 bens
2453 1778 2676 1855 Egypti
2724 1780 3081 1854 superbiam,
3138 1795 3191 1840 et
3232 1784 3416 1857 populi
3459 1786 3611 1841 illius
3659 1788 3882 1844 vastita-

558 1890 711 1939 retur
753 1882 1040 1955 accipere:
1091 1882 1254 1954 cujus
1313 1880 1657 1939 diversarum
1706 1883 1954 1954 gentium
2004 1892 2169 1951 reges
2198 1880 2245 1942 Β
2273 1886 2381 1933 tem
2404 1918 2419 1943 ,
2450 1886 2507 1932 et
2536 1876 2804 1932 cadavera
2839 1892 2937 1949 per
2965 1880 3275 1935 universam
3309 1878 3678 1952 provinciam,
3708 1894 3879 1954 quth

561 1986 848 2033 vastavere
890 1986 1115 2044 terram,
1149 1986 1203 2033 et
1224 1985 1422 2032 ecetera
1470 1990 1594 2049 quae
1617 1981 1944 2046 sequuntur.
2000 1973 2172 2030 Euse-

562 2070 686 2126 hius
740 2068 1095 2127 Czcsariensis
1130 2070 1446 2128 historieam
1477 2068 1989 2141 interpretationem
2013 2066 2171 2124 titulo

564 2162 974 2236 repromittens,
1006 2162 1241 2221 diversis
1258 2160 1514 2220 sensibus
1545 2176 1828 2235 evagatur,
1855 2160 2013 2233 cujus
2044 2176 2168 2218 cum

563 2257 738 2316 libros
771 2258 1031 2332 legerem,
1071 2258 1220 2315 aliud
1277 2259 1455 2315 multo
1511 2256 1717 2329 reperi,
1771 2272 1936 2329 quam
1991 2255 2169 2312 iudice

566 2352 938 2422 promittebat.
971 2351 1320 2424 Ubicumque
1357 2353 1504 2409 enim
1535 2366 1660 2408 eum
1694 2350 1924 2407 historia
1952 2348 2171 2406 defece-

565 2447 658 2515 rit,
688 2446 879 2505 transit
910 2447 979 2503 ad
1009 2446 1354 2521 allegoriam,
1400 2455 1456 2504 et
1477 2448 1552 2503 ita
1579 2456 1829 2519 separata
1857 2444 2163 2515 consociat,

564 2548 620 2593 ut
653 2538 821 2596 mirer
849 2552 975 2596 eum
999 2554 1137 2597 nova
1159 2539 1435 2596 sermonis
1456 2536 1661 2596 fabrica
1692 2537 1746 2594 in
1775 2552 1942 2594 unum
1964 2550 2169 2608 corpus

561 2631 801 2705 lapidem
833 2632 1156 2705 ferrumque
1182 2632 1535 2706 conjungere.
1570 2630 1683 2690 lioc
1710 2632 1953 2691 breviter
1972 2631 2168 2689 admo-

567 2724 679 2793 nui,
734 2730 759 2763 η
785 2740 852 2782 ne
876 2725 1000 2798 quis
1033 2740 1133 2783 nos
1166 2736 1319 2799 putet
1346 2742 1411 2782 ex
1445 2726 1595 2784 illius
1625 2726 1863 2786 fontibus
1888 2736 2167 2787 mutuassc

565 2832 686 2888 quae
735 2812 1015 2885 dicimus;
1054 2832 1181 2874 nam
1233 2830 1287 2875 et
1321 2820 1375 2875 in
1410 2820 1665 2890 praesenti
1704 2821 1941 2893 capitulo
1970 2822 2168 2881 adver-

563 2907 912 2964 sumludasos
931 2908 1437 2986 etiiierosolymam
1460 2911 1594 2969 dicit
1612 2914 1953 2986 prophetiam
1977 2916 2161 2989 dirigi,

562 3002 707 3074 quod
738 3002 790 3058 in
822 3002 1098 3076 principio
1130 3000 1254 3061 fidei
1302 3004 1617 3062 christiana:
1666 3006 1732 3061 ad
1786 3016 1930 3066 totas
1974 3019 2167 3080 gentes

562 3094 824 3166 epistolas
838 3096 1109 3165 miserint,
1129 3110 1197 3153 ne
1217 3097 1565 3169 susciperent
1586 3098 1894 3170 passionem
1918 3098 2124 3157 Christi
2148 3118 2163 3158 :

563 3201 616 3246 et
646 3191 894 3247 miserint
923 3204 1098 3262 usque
1141 3192 1210 3248 ad
1263 3188 1604 3264 [Ethiopiam
1656 3203 1711 3248 et
1751 3190 2163 3252 Occidentalem

2279 1971 2593 2027 volucribus
2622 1970 2940 2028 devocanda
2961 1972 3090 2030 sint.
3122 1973 3413 2043 Quomodo
3434 1974 3583 2030 enim
3617 1986 3749 2032 ante
3777 1990 3882 2032 ma-

2274 2066 2551 2122 turitatem
2577 2076 2795 2139 segetes
2816 2079 3190 2139 erumpentes,
3224 2069 3335 2125 cito
3356 2079 3610 2141 pereunt,
3643 2079 3703 2127 et
3731 2080 3880 2128 ante-

2272 2174 2434 2232 quam
2470 2159 2737 2231 perfectio
2791 2162 3054 2233 temporis
3105 2162 3316 2229 veniat,
3354 2163 3736 2235 germinantes
3767 2163 3882 2221 inu-

2274 2254 2398 2312 tiles
2428 2264 2590 2313 sunt:
2644 2257 2743 2325 sic,
2800 2256 3017 2329 inquit,
3071 2252 3311 2331 Egyptii
3341 2258 3526 2328 populi
3554 2257 3716 2330 quasi
3748 2258 3879 2314 rami

2274 2349 2495 2405 inutiles
2524 2349 2752 2406 falcibus
2784 2349 3171 2423 prtecidentur,
3223 2360 3276 2406 et
3304 2361 3519 2406 cuncta:
3551 2351 3882 2423 propagines

2271 2441 2642 2498 nudabuntur.
2679 2444 2757 2499 Ae
2786 2459 2854 2499 ne
2884 2454 3109 2515 putares
3135 2456 3260 2497 eum
3289 2441 3359 2498 de
3379 2442 3537 2499 vinea
3571 2442 3795 2505 dicere,
3828 2450 3881 2501 et

2271 2549 2378 2590 non
2410 2533 2480 2591 de
2506 2534 2819 2592 hominibus
2841 2578 2856 2607 ,
2905 2536 3073 2593 vertit
3122 2534 3503 2607 metaphoram
3550 2536 3606 2592 in
3639 2535 3880 2594 historia)

2271 2628 2553 2684 veritatem
2579 2645 2594 2686 :
2618 2626 2689 2683 Et
2712 2630 3089 2700 relinquentur,
3113 2629 3309 2697 inquit,
3340 2628 3499 2684 simul
3535 2630 3718 2686 avibus
3740 2646 3881 2686 mon-

2267 2723 2420 2791 tium,
2456 2732 2503 2779 et
2532 2722 2705 2779 bestiis
2736 2734 2909 2781 terrm.
2942 2724 3085 2781 Aves
3129 2724 3273 2780 enim
3309 2730 3364 2780 et
3396 2724 3584 2781 bestia:
3616 2740 3726 2781 non
3759 2725 3881 2782 abs-

2269 2816 2416 2872 cisos
2442 2815 2700 2872 arborum
2733 2832 2938 2885 ramos,
2971 2817 3067 2874 sed
3100 2816 3365 2874 Cadavera
3394 2817 3686 2875 devorant.
3715 2818 3881 2890 Lega-

2270 2924 2390 2964 mus
2415 2909 2630 2979 plenius
2660 2910 2930 2977 Ezechiel,
2954 2911 3043 2967 ubi
3067 2909 3354 2982 prophetat
3370 2912 3728 2984 zolcontra
3744 2912 3881 2968 Pha-

2269 3018 2491 3061 raonem
2521 3012 2574 3059 et
2611 3013 2803 3060 contra
2845 3004 3171 3078 Egyplum:
3205 3015 3261 3060 cl
3294 3003 3410 3060 hare
3436 3004 3618 3060 omnia
3650 3006 3882 3077 apertis-

2268 3099 2406 3156 sime
2425 3099 2631 3170 scripta
2649 3099 2985 3168 reperiemus
3007 3098 3220 3173 (Ezech.
3240 3102 3412 3171 sus).
3433 3100 3702 3171 Quodque
3715 3100 3877 3158 dicit:

2271 3192 2345 3248 διε
2348 3203 2478 3250 state
2490 3203 2737 3265 perpetua
2754 3204 2902 3250 erunt
2923 3212 3077 3267 super
3097 3210 3211 3251 eunt
3223 3191 3479 3262 volucres,
3494 3203 3545 3248 et
3562 3210 3739 3249 omnes
3763 3192 3877 3249 bes-

566 3284 799 3356 plagam,
835 3294 1122 3357 totumque
1170 3284 1356 3343 orbem
1386 3284 1550 3357 hujus
1597 3284 1952 3358 blasphemia:
1985 3286 2161 3346 disse-
2192 3278 2240 3343 C
2270 3289 2357 3344 tia:
2379 3302 2538 3360 super
2564 3288 2711 3342 illum
2729 3286 3059 3360 hyemabunt,
3089 3296 3184 3342 aut
3208 3302 3338 3344 vere
3373 3286 3783 3344 interfectorum
3804 3288 3879 3344 si-

566 3381 867 3435 minatione
895 3380 1320 3450 compleverint.

640 3473 821 3546 (Vers.
852 3474 932 3547 3.)
965 3473 1155 3529 Omnes
1183 3474 1496 3529 habitatores
1519 3474 1657 3529 orbis
1695 3475 1785 3547 qui
1810 3476 2087 3532 moramini
2114 3476 2167 3532 in

565 3580 726 3633 terra,
758 3582 871 3623 cum
900 3572 1151 3624 eleuatum
1190 3568 1348 3638 fuerit
1396 3570 1602 3642 signum
1642 3572 1697 3624 in
1719 3570 1999 3637 mentibus,
2029 3571 2170 3628 vide-

562 3660 700 3725 bitis,
732 3668 780 3714 et
801 3659 1099 3734 clangorem
1127 3659 1265 3715 tuba!
1284 3660 1530 3716 audietis.
1548 3659 1793 3727 Cuncta',
1820 3662 2015 3733 inquit,
2036 3680 2171 3738 geu-

563 3764 665 3823 tes,
702 3766 801 3826 per
826 3756 1138 3821 circuitum,
1188 3754 1407 3826 quando
1433 3770 1611 3811 meatu
1648 3756 1975 3827 jussionem,
2011 3761 2168 3828 quasi

561 3849 775 3921 signum
803 3850 856 3905 in
886 3847 1164 3905 montibus
1194 3848 1469 3905 elevatum
1491 3893 1504 3915 ,
1566 3863 1859 3922 meumque
1879 3851 2043 3924 200
2062 3851 2168 3907 im-

564 3943 796 4013 perium,
831 3944 986 4015 quasi
1026 3942 1341 4016 clangorem
1399 3942 1543 3998 tubae
1573 3942 1882 4001 sublimiter
1909 3959 2169 4003 resonan-

563 4036 631 4090 tis
657 4034 962 4103 audieritis,
993 4044 1122 4091 tunc
1150 4034 1405 4091 videbitis
1429 4034 1557 4106 quid
1586 4038 1958 4109 praeceperim.

640 4127 818 4198 (Vero.
864 4126 947 4199 4.)
1000 4126 1140 4194 Quia
1164 4127 1276 4184 hate
1304 4128 1431 4183 dicit
1471 4127 1730 4186 Dominus
1769 4132 1838 4186 ad
1873 4148 1990 4187 me:
2035 4131 2167 4201 Qui-

563 4234 757 4283 escam,
771 4227 818 4273 et
839 4218 1177 4274 considerabo
1202 4220 1261 4274 in
1288 4221 1403 4274 loco
1424 4236 1559 4276 meo.
1580 4222 1719 4290 Quid
1746 4222 1987 4295 estquod
2015 4224 2167 4281 loeu-

565 4318 653 4366 tus
682 4319 767 4366 est
797 4310 1062 4365 Dominus
1083 4310 1150 4365 ad
1178 4310 1554 4381 Prophetamt
1581 4313 1693 4369 Hoc
1717 4314 1858 4385 quod
1881 4314 2163 4387 sequitur:

564 4403 741 4458 donec
791 4402 1016 4458 veniant
1042 4416 1164 4473 qua
1191 4403 1457 4473 praecepi,
1504 4404 1559 4459 in
1604 4420 1723 4461 mea
1768 4406 1903 4463 sede
1949 4408 2170 4479 requie-

564 4508 714 4551 scam
741 4504 828 4551 :ut
852 4494 1026 4551 Judaei
1053 4500 1271 4566 putant,
1294 4494 1348 4551 in
1373 4495 1638 4567 Templo;
1670 4508 1728 4555 ut
1755 4516 1877 4569 nos,
1904 4501 2167 4560 incuties-

560 4588 727 4645 tibus.
767 4586 837 4645 Et
865 4586 1249 4659 considerabo,
1279 4588 1456 4662 inquit
1476 4634 1490 4659 ,
1518 4592 1610 4662 qui
1630 4608 1814 4650 rerum
1843 4593 1969 4653 linis
1993 4596 2164 4654 adve-

560 4682 696 4737 niat.

636 4776 787 4832 Sicut
814 4775 1105 4831 meridiana
1134 4775 1231 4832 tua:
1259 4776 1402 4832 clara
1429 4784 1507 4832 est
1525 4820 1541 4845 ,
1570 4786 1618 4833 et
1644 4780 1775 4836 sicut
1813 4782 1976 4840 nubes
2028 4785 2165 4843 roris

561 4869 616 4922 in
646 4868 731 4922 die
764 4867 962 4923 messis.
1002 4867 1158 4924 Sicut
1196 4869 1250 4923 in
1280 4876 1397 4925 toto
1422 4868 1512 4926 die
1545 4870 1676 4926 nihil
1702 4884 1785 4929 est
1808 4874 2011 4933 clarius
2048 4892 2165 4935 me-

558 4962 718 5031 ridie,
776 4960 1000 5034 quando
1036 4963 1120 5019 sol
1147 4958 1219 5019 de
1246 4963 1429 5019 medio
1451 4964 1594 5022 eteio
1622 4966 1831 5036 rutilat,
1861 4978 1917 5025 et
1941 4985 2159 5028 omnem

557 5054 750 5111 orbem
779 5055 982 5126 pariter
1020 5054 1288 5125 illustrat,
1331 5067 1388 5114 et
1416 5058 1557 5114 sicut
1605 5058 1660 5115 iu
1702 5070 1840 5117 testu
1881 5070 1935 5119 et
1975 5064 2161 5121 calore

554 5158 827 5220 torrente,
850 5149 1071 5221 quando
1090 5150 1266 5209 nudus
1294 5164 1507 5210 messor
1532 5156 1875 5227 excoquitur,
1898 5166 1954 5216 et
1968 5161 2155 5231 operis

629 5314 863 5390 s_Huju_s
883 5314 1078 5385 opinor
1106 5312 1503 5386 expositionem
1532 5316 1761 5390 capituli
1796 5326 2064 5390 pernegat
2092 5334 2153 5375 se

629 5330 659 5353 ι
691 5330 863 5383 nujus
883 5330 1078 5385 OplllOl'
1106 5330 1503 5386 expositionem
1532 5330 1754 5444 euanuit
1796 5330 2064 5403 pernegat
2092 5334 2152 5375 se

556 5386 627 5444 ab
647 5384 888 5459 Eusebio
923 5392 1223 5459 m‘utuasse,
1247 5393 1361 5459 aut,
1384 5386 1553 5459 quod
1640 5387 1990 5446 ontfaucomo
2038 5392 2152 5459 pla-

554 5468 664 5532 cet,
688 5458 759 5514 de
803 5464 918 5532 toto
946 5457 1356 5532 Commentario
1378 5458 1669 5530 intelligit,
1726 5460 1781 5515 in
1809 5476 1968 5532 quem
1997 5457 2149 5518 certe

556 5531 816 5603 pleraque
844 5530 948 5585 alia
979 5528 1294 5603 congessit,
1341 5544 1489 5603 quae
1508 5528 1777 5585 Eusebius
1817 5528 1919 5587 nec
1969 5533 2148 5603 attigit

555 5599 798 5672 quidem,
824 5617 924 5657 nec
946 5599 1124 5672 potuit
1145 5599 1406 5672 attigisse.
1442 5600 1721 5672 ,Caaterum
1754 5603 1954 5658 nedum
1978 5599 2149 5659 histo-

554 5672 698 5743 ricas
718 5671 922 5743 aliquot
950 5671 1340 5743 expositiones
1363 5714 1378 5743 ,
1403 5671 1726 5742 allegoricas
1771 5688 1989 5743 quoque
2014 5690 2151 5730 nou-

554 5740 737 5818 nullas
756 5741 940 5797 abillo
967 5740 1243 5818 accepisse
1273 5740 1675 5818 S.‘Docto'rem,
1711 5740 1843 5818 ipim
1863 5740 1997 5814 quas
2021 5745 2150 5803 sub.

554 5812 682 5871 inde
701 5822 1046 5879 annotamus,
1081 5812 1392 5871 testimonio
1422 5822 1568 5870 sunt.

624 5883 655 5929 ι·
676 5880 878 5959 Vatia,
911 5885 1040 5943 sicut
1062 5897 1266 5947 arentes
1287 5886 1526 5967 stipulas,
1554 5896 1609 5948 et
1628 5902 1751 5949 mox
1785 5888 1925 5973 facit.

2272 3378 2497 3452 gniﬁcat
2517 3380 2946 3445 multitudinem,
2966 3387 3059 3435 aut
3083 3395 3179 3443 per
3195 3380 3443 3437 eamdem
3464 3380 3876 3439 translationem

2272 3472 2631 3543 demonstrat,
2665 3472 2809 3545 quod
2828 3487 2859 3528 a
2888 3473 3103 3529 cunctis
3120 3473 3373 3545 gentibus
3404 3474 3699 3530 vastandus
3723 3476 3814 3530 sit.

2344 3566 2527 3642 (Vers.
2560 3568 2643 3640 7.)
2678 3568 2743 3624 In
2770 3580 2996 3641 tempore
3026 3566 3119 3623 illo
3145 3567 3410 3641 deferetur
3436 3584 3627 3624 munus
3649 3566 3878 3625 Domino

2271 3664 2590 3719 exercituum
2631 3680 2664 3719 a
2692 3662 2887 3738 p0pulo
2923 3664 3124 3720 divulso
3170 3672 3220 3718 et
3263 3662 3573 3731 dilacerata,
3617 3682 3649 3718 α
3685 3663 3877 3739 populo

2270 3755 2509 3819 terribili,
2543 3765 2654 3825 post
2683 3772 2834 3828 quem
2872 3774 2976 3811 non
3032 3757 3132 3828 fuit
3182 3755 3320 3812 alius
3352 3772 3372 3812 :
3415 3774 3448 3812 a
3475 3768 3626 3830 gente
3666 3772 3877 3829 exspec-

2270 3855 2438 3911 tante,
2489 3857 2817 3917 exspectante
2862 3856 2913 3903 et
2963 3847 3290 3915 conculcata,
3341 3851 3494 3922 cujus
3542 3849 3876 3918 diripuerunt

2269 3940 2488 4007 ﬂumina
2525 3950 2714 3995 terram
2737 3944 2872 4015 ejus,
2912 3941 2984 3996 ad
3027 3940 3198 3997 locum
3229 3941 3452 3997 nominis
3482 3939 3698 3997 Domini
3727 3956 3872 3997 cater-

2269 4033 2466 4088 cituum
2493 4044 2715 4089 montem
2745 4034 2897 4091 Sion.
2930 4034 3060 4091 Post
3100 4033 3325 4108 Egypti
3354 4037 3666 4091 vastitatem
3698 4044 3753 4092 et
3779 4032 3875 4091 de-

2270 4126 2436 4181 letum
2469 4126 2589 4197 ejus
2634 4126 2946 4198 imperium,
2999 4142 3343 4200 nequaquam
3376 4124 3541 4183 Israel
3572 4127 3626 4183 in
3669 4128 3876 4183 umhrte

2269 4217 2415 4275 illius
2436 4219 2679 4277 vanitate
2701 4219 2961 4289 confidet,
2993 4220 3089 4278 sed
3117 4227 3428 4277 revertetur
3455 4220 3522 4276 ad
3556 4220 3869 4287 Dominum,

2269 4318 2325 4365 et
2352 4324 2451 4366 sua
2483 4326 2706 4369 munera
2736 4312 2945 4371 deferet
2980 4314 3047 4370 ad
3078 4322 3320 4371 montem
3367 4314 3525 4383 Sion,
3573 4314 3628 4371 id
3681 4323 3786 4381 est,
3818 4317 3871 4371 ln

2269 4404 2532 4473 templum
2566 4408 2707 4478 ejus,
2746 4417 2801 4464 et
2830 4408 2983 4465 illum
3015 4409 3187 4465 solum
3220 4422 3455 4480 rogans,
3485 4408 3641 4481 cujus
3684 4425 3871 4467 verum

2266 4505 2641 4571 atternumque
2672 4501 2989 4572 prtesidium
3021 4507 3127 4559 est.
3172 4501 3288 4559 [loc
3316 4511 3497 4557 autem
3555 4503 3659 4557 sub
3710 4502 3872 4560 Zoro—

2267 4590 2423 4647 babel
2450 4602 2505 4648 et
2529 4590 2690 4660 Jesu,
2723 4600 2778 4649 et
2805 4592 2942 4649 Ezra
2988 4608 3053 4650 ac
3092 4592 3314 4650 Neemia
3363 4592 3565 4650 factum
3615 4593 3875 4667 intelligi-

2188 4670 2245 4735 Ι)
2268 4702 2409 4744 mus.
2436 4685 2601 4757 LXX,
2632 4702 2733 4760 pro
2762 4702 2828 4744 eo
2851 4686 2997 4759 quod
3027 4702 3128 4744 nos
3156 4686 3391 4743 diximus
3421 4705 3434 4741 :
3467 4695 3868 4761 exspectantem,

2266 4791 2680 4856 exspectantem,
2719 4784 2859 4840 etin
2901 4782 3168 4840 llebraico
3212 4783 3473 4854 scriptum
3501 4793 3608 4849 est,
3659 4798 3871 4854 speran-

2267 4888 2388 4946 tem,
2419 4888 2735 4950 sperantem,
2768 4877 3081 4934 econtrario
3108 4876 3455 4948 interpretati
3490 4885 3620 4932 sunt
3667 4876 3869 4934 ἀνέλπι-

2265 4992 2388 5030 στον
2407 5015 2422 5039 ,
2456 4970 2509 5026 id
2541 4976 2647 5038 est,
2677 4986 2783 5024 non
2807 4978 3121 5041 sperantem.
3152 4968 3223 5024 Et
3260 4968 3330 5024 ob
3359 4968 3501 5023 hanc
3526 4982 3751 5024 causam
3779 4967 3873 5024 de-

2263 5065 2463 5121 derunt
2490 5062 2836 5120 occasionem
2881 5062 3147 5132 Eusebio,
3182 5072 3207 5103 ο
3236 5069 3296 5117 ut
3348 5061 3453 5118 hoc
3496 5061 3567 5118 de
3615 5062 3871 5133 gentibus

2261 5160 2458 5232 magis,
2490 5174 2611 5231 quae
2639 5174 2739 5215 nec
2783 5172 2934 5230 spem
2987 5156 3243 5224 habeant,
3300 5171 3403 5214 nec
3455 5155 3868 5213 Testamentum

2335 5328 2358 5359 ο
2390 5316 2667 5374 Eusebius
2687 5332 2875 5374 revera
2907 5317 2997 5373 hic
3024 5315 3156 5372 illud
3182 5324 3454 5371 memorat
3482 5314 3701 5373 Domini
3727 5331 3868 5387 pra:-

2258 5400 2479 5462 ceptum
2511 5389 2796 5462 discipulis
2826 5388 2962 5454 suis,
2981 5389 3019 5462 _l
3030 5397 3078 5443 te
3114 5388 3284 5462 potius
3305 5387 3373 5443 ad
3396 5402 3538 5451 oves,
3561 5403 3682 5459 quin
3703 5387 3868 5462 perie-

2255 5458 2374 5517 runt
2396 5462 2580 5516 domus
2600 5458 2789 5529 Israel,
2816 5468 2922 5515 etc.
2970 5458 3165 5514 Euntes
3194 5460 3373 5513 docete
3411 5458 3589 5515 omnes
3618 5470 3794 5531 gentes
3813 5460 3863 5513 itt

2254 5535 2462 5608 nomine
2483 5549 2614 5599 meo,
2655 5532 2976 5608 subditque,
3012 5533 3106 5608 Δῳ)Δ
3129 5533 3232 5608 γὰρ
3276 5536 3407 5608 πρὸς
3444 5532 3865 5608 pampineus-acti

2255 5607 2386 5685 πρρς
2434 5609 2652 5685 aiataiat};
2685 5606 2839 5685 fuit:
2862 5606 2963 5685 ¹καὶ
3000 5601 3245 5685 ἁδρλῲῳῧς
3285 5601 3653 5685 cinae-rpiter
3673 5645 3697 5685 _.

2254 5670 2388 5753 πξοός
2415 5678 2555 5767 τινὰς
2583 5670 3349 5767 ἀξεξινρμένοθς,ίὲ7ὗὼστε’δς
3376 5670 3566 5767 ξινδβας
3595 5676 3687 5728 καὶ
3714 5674 3864 5763 ano-

2292 5742 2414 5827 ξνεῖς
2452 5749 2574 5827 rati;
2622 5747 2670 5801 iv
2696 5742 2975 5827 fiatﬁat“;
3018 5742 3216 5827 ἱᾷνέσέι,
3265 5746 3317 5803 ἐν
3356 5742 3431 5827 oi;
3456 5742 3588 5827 ἦσαν
3615 5746 3862 5827 μετὲφροι

2292 5770 2414 5811 ινεις
2452 5770 2574 5809 τους
2622 5770 2670 5801 ιν
2706 5770 2839 5803 πασι
2867 5770 2975 5809 τοις
3018 5770 3216 5813 ιυνεσι,
3265 5770 3317 5803 εν
3356 5770 3431 5807 οις
3456 5770 3588 5809 nam
3615 5770 3862 5827 μετ-πωροι

2255 5770 2472 5909 ἔληθῶς,
2505 5824 2593 5878 ἐπὶ
2619 5817 3298 5909 μῃδένὶὲδβαίουᾷἐστᾶζτεςη
3330 5819 3648 5909 «laudant-ttat
3670 5822 3755 5880 atati
3778 5837 3863 5883 trs-

2256 5891 2578 5981 ριφιρόμενοι
2609 5891 2762 5961 nam
2783 5891 2950 5971 ᾀνέμῳ
2974 5901 3067 5962 τῆς
3088 5892 3338 5955 πολυθέον
3360 5891 3575 5961 nime.
