4014 6496
493 381 600 440 185

1747 371 1806 427 S.
1839 367 2113 427 EUSEBII
2153 363 2534 423 HIERONYMI
2611 415 2614 418 .

3692 356 3791 412 184

491 511 686 572 septem
715 499 957 566 vallibus,
1006 497 1080 552 ita
1127 505 1184 550 ut
1211 495 1539 566 pertranseat
1568 505 1683 546 eum
1712 490 1827 562 quis
1857 486 2087 542 calceata
2116 491 2440 556 Aquarum,
2489 478 2765 551 significat
2819 475 2964 548 quod
3032 474 3276 572 Egyptii‘
3297 473 3496 529 heroas
3542 480 3600 572 e_t
3660 470 3795 528 deos

494 595 626 666 pede
651 610 671 649 :
701 593 843 664 quod
873 590 1085 647 scilicet
1123 589 1303 645 omnis
1328 603 1484 644 error
1510 584 1895 658 Egyptiarum
1923 597 2092 654 aqua-

495 703 642 753 rum,
672 695 728 742 et
753 693 898 740 artes
929 682 1212 751 maleﬁca},
1245 680 1444 751 quibus
1487 679 1746 749 subjectis
1777 675 1992 748 populis
2024 675 2094 730 il-

492 779 778 844 ludebant,
801 775 1004 831 Christi
1033 775 1312 830 siccentur
1342 772 1600 828 adventu.
1631 769 1897 840 Quodque
1923 767 2055 823 dicit
2079 783 2092 822 :

497 870 709 927 Arescet
726 885 858 939 aqua
881 867 945 921 tle
972 867 1124 931 mari,
1146 875 1202 921 et
1223 865 1481 920 historice
1500 877 1794 933 possumus
1823 861 2095 930 accipere,

494 979 603 1019 non
627 977 776 1018 mare
804 976 1062 1033 maguum
1087 957 1407 1029 significari,
1437 956 1532 1013 sed
1549 958 1723 1012 lacum
1739 953 2094 1020 Mareotiden,

499 1074 564 1115 eo
605 1057 747 1129 quod
779 1057 1063 1126 Scriptura
1094 1069 1288 1109 omnes
1332 1052 1787 1122 congregationes
1836 1063 2096 1120 aquarum

498 1153 740 1224 appellet
787 1152 982 1206 maria.
1031 1149 1270 1204 Possunt
1305 1155 1360 1202 et
1392 1144 1742 1218 hyperbolice
1768 1143 1910 1198 dicta
1939 1141 2102 1197 intel-

499 1246 616 1316 ligi.
653 1244 917 1314 Quodque
946 1242 1195 1312 sequitur
1221 1257 1234 1294 :
1270 1238 1569 1293 Nudabitur
1590 1237 1763 1291 alueus
1793 1235 1886 1289 riui
1909 1252 1940 1288 a
1961 1238 2102 1306 fonte

499 1354 616 1404 suo,
649 1335 923 1392 describit
949 1333 1093 1405 quod
1123 1333 1281 1388 rivus
1304 1340 1360 1387 et
1389 1331 1509 1386 fons
1534 1336 1788 1385 arescant
1816 1326 1995 1382 simul.

579 1429 761 1502 (Vers.
808 1425 994 1499 8-10.)
1031 1426 1096 1481 Et
1127 1423 1406 1480 mterebunt
1435 1424 1710 1495 piscatores
1729 1463 1743 1487 ,
1768 1431 1817 1475 et
1861 1418 2105 1492 lugebant

503 1539 678 1576 omnes
710 1521 966 1575 mittentes
993 1519 1044 1572 in
1067 1520 1260 1589 [lumen
1283 1518 1514 1581 hamum,
1547 1524 1594 1570 et
1626 1514 1974 1585 expandentes
2000 1520 2107 1567 rete

506 1630 659 1685 super
704 1613 886 1683 facient
931 1628 1078 1683 aqua!
1114 1618 1447 1665 marcescent.
1483 1605 1552 1661 Et
1599 1608 1982 1677 confundentur
2019 1605 2108 1676 qui

503 1717 792 1776 aperantar
852 1706 1036 1771 linum,
1089 1703 1393 1772 plectentes,
1435 1711 1482 1755 et
1513 1708 1736 1756 (carentes
1771 1699 1981 1754 subtilia
2013 1714 2033 1754 :
2059 1708 2107 1753 et

506 1811 656 1854 erunt
698 1800 896 1872 irrigua
937 1802 1046 1874 ejus
1077 1798 1345 1869 ﬂaccentia
1369 1813 1387 1850 .'
1425 1811 1598 1849 omnes
1627 1794 1716 1865 qui
1746 1793 2002 1864 faciebant
2029 1793 2107 1846 la-

2197 585 2448 632 auctores
2496 588 2609 629 sua:
2639 573 2820 644 gentis
2871 565 3212 638 simulent,b
3241 565 3413 633 Oron,
3462 572 3518 622 et
3567 563 3704 633 Isin,
3744 570 3796 620 et

2196 670 2403 737 Osirin,
2432 681 2485 725 et
2510 668 2836 739 Tiphonem.

2271 763 2453 837 (Vers.
2485 761 2574 830 M,
2607 760 2720 830 15.)
2751 759 3007 814 Dominus
3047 757 3251 812 miscuit
3276 756 3329 810 in
3351 755 3519 810 medio
3547 754 3662 826 ejus
3691 753 3798 825 spi-

2199 859 2357 913 ritum
2375 855 2642 928 rertiginis
2669 869 2688 908 :
2717 862 2764 907 et
2787 868 2962 908 errare
2993 853 3221 923 fecerunt
3251 847 3543 922 [Egyptum
3565 847 3620 901 in
3660 846 3797 900 omni

2201 967 2353 1021 opere
2379 965 2496 1016 suo,
2543 949 2675 1002 sicut
2721 955 2860 1000 errat
2907 944 3078 998 ebrius
3107 952 3154 997 et
3176 957 3380 997 vomens
3411 951 3503 996 :et
3553 958 3655 994 non
3708 940 3799 994 erit

2202 1043 2438 1115 /qupto
2482 1057 2611 1112 Opus
2641 1039 2780 1108 quod
2803 1038 2983 1110 faciat,
3017 1047 3171 1108 caput
3201 1045 3246 1090 et
3278 1034 3500 1089 caudam
3526 1034 3800 1115 incurvan-

2204 1113 2325 1202 teni,
2354 1113 2403 1189 et
2426 1138 2796 1206 refrenantem.
2825 1129 3066 1186 Primum
3084 1128 3153 1184 de
3173 1113 3627 1198 interpretatione
3651 1125 3798 1182 dica-

2205 1245 2350 1295 mus,
2382 1236 2437 1284 et
2476 1236 2664 1298 postea
2696 1226 2764 1281 de
2789 1226 2872 1279 his
2895 1239 3016 1294 quae
3043 1222 3245 1292 scripta
3269 1231 3416 1286 sunt,
3442 1220 3796 1278 disseremus.

2203 1321 2309 1376 Pro
2354 1321 2538 1393 spiritu
2584 1318 2848 1390 vertiginis
2877 1316 3237 1386 interpretari
3281 1324 3466 1386 potest
3507 1323 3565 1370 et
3590 1315 3800 1386 spiritus

2207 1415 2420 1469 erroris.
2452 1412 2510 1468 In
2543 1427 2610 1468 eo
2638 1425 2856 1482 quoque
2883 1409 3030 1482 quod
3060 1423 3161 1464 nos
3189 1408 3597 1476 transtulimus,
3629 1409 3801 1464 incur-

2205 1519 2429 1574 vantem,
2479 1517 2526 1562 et
2573 1509 2943 1579 refrenantem,
2977 1520 3269 1578 possumus
3299 1505 3487 1561 dicere
3529 1505 3798 1559 incurvum

2205 1613 2253 1658 et
2295 1602 2667 1669 lascivientem,
2721 1609 2780 1657 ut
2820 1601 3188 1671 intelligamus
3237 1616 3410 1655 senem
3462 1609 3511 1654 et
3565 1614 3798 1670 puerum.

2206 1695 2315 1753 Nos
2364 1704 2546 1754 autem
2596 1696 2822 1752 verbum
2874 1695 3201 1752 Hebraicutn
3255 1705 3278 1734 ο
3323 1708 3499 1751 senon
3549 1694 3797 1778 (Τιΰλκ),

2209 1790 2340 1846 dum
2369 1791 2630 1847 celeriter
2659 1805 2782 1862 qua:
2812 1790 3018 1860 scripta
3047 1799 3178 1844 sunt
3208 1787 3495 1854 vertimus,
3531 1785 3800 1856 ambigui-

513 1909 673 1947 cunas
702 1893 769 1946 ad
801 1891 1080 1963 capiendos
1104 1891 1286 1960 pisces.
1328 1888 1400 1943 Et
1440 1887 1545 1944 hoc
1575 1886 1868 1957 dupliciter
1897 1886 2104 1956 accipe,
2137 1889 2184 1949 Β
2214 1892 2325 1940 tate
2356 1883 2592 1955 decepti,
2624 1889 2970 1955 refrenantem
3015 1883 3278 1948 diximus,
3311 1881 3455 1952 quod
3486 1881 3798 1951 significan-

501 1983 648 2054 quod
679 1992 886 2038 vastata
923 1982 1183 2055 )Egypto,
1218 1988 1274 2037 et
1301 1989 1497 2036 cuncta
1548 1979 1828 2051 provincia
1857 1978 2109 2035 ariditate

501 2079 732 2146 siccata,
766 2088 1034 2136 maereant
1064 2079 1384 2148 piscatores,
1426 2085 1480 2132 et
1516 2077 1733 2147 lugeant
1771 2077 1861 2147 qui
1908 2076 1961 2132 in
2009 2076 2110 2132 ﬂu-

510 2186 637 2226 men
689 2171 978 2227 mittebant
1022 2171 1274 2238 hamum,
1331 2178 1386 2225 et
1427 2170 1521 2240 qui
1564 2168 1934 2239 Operabantur
1971 2168 2109 2223 retia

507 2277 574 2318 ac
603 2278 851 2333 sagenas,
886 2273 941 2319 et
969 2263 1228 2319 texebant
1261 2261 1430 2332 junco
1479 2261 1680 2317 diversi
1725 2261 1942 2332 generis
1984 2276 2112 2317 vas~

507 2357 671 2422 cula,
724 2357 778 2412 id
830 2366 954 2424 est,
1006 2357 1278 2428 principes
1327 2365 1384 2412 et
1432 2356 1566 2427 regii
1624 2355 1879 2428 generis,
1948 2363 2113 2426 atque

511 2460 763 2508 rectores
791 2469 804 2510 :
831 2463 887 2509 et
906 2453 1050 2523 quod
1075 2453 1128 2508 in
1157 2454 1396 2509 adventu
1417 2450 1624 2508 Christi
1653 2467 1843 2508 onmes
1870 2454 2112 2524 perversi

509 2547 727 2616 generis
758 2547 1082 2616 piscatores,
1115 2549 1206 2618 qui
1236 2555 1428 2603 contra
1461 2546 1830 2618 Apostolicam
1863 2545 2110 2616 discipli-

502 2653 630 2693 nam
662 2639 956 2708 capiebant
1004 2638 1258 2696 homines
1304 2641 1358 2694 in
1400 2638 1766 2710 perditionem
1794 2682 1808 2708 ,
1847 2648 1902 2695 et
1948 2639 2110 2694 stulta

512 2731 781 2800 sapientia
815 2731 1071 2787 texebant
1101 2731 1236 2787 retia
1264 2741 1319 2787 et
1345 2747 1603 2803 sagenas,
1646 2730 1844 2802 quibus
1873 2731 2116 2802 perditos

507 2823 813 2891 irretirent,
843 2825 1057 2880 confusi
1081 2835 1228 2892 sunt,
1245 2835 1300 2881 et
1319 2827 1500 2882 nullus
1526 2834 1620 2881 aut
1641 2841 1798 2882 rarus
1821 2828 1874 2882 in
1896 2826 2117 2900 Egypti

512 2923 660 2970 terra
693 2925 720 2954 ει
750 2917 823 2972 sit
848 2917 974 2972 talis
1002 2919 1263 2988 piscator.
1295 2918 1406 2973 Hoc
1450 2933 1619 2990 opere
1652 2919 1907 2975 videmus
1931 2921 2120 2991 exple-

514 3015 653 3074 tum,
701 3009 848 3080 quod
882 3009 1253 3067 Ecclesiarum
1286 3019 1489 3082 tropaea
1528 3023 1905 3084 consurgunt,
1957 3024 2012 3070 et
2062 3014 2115 3069 in

517 3103 667 3157 omni
696 3101 935 3174 Egypto
963 3103 1108 3160 idola
1134 3115 1480 3161 corruerunt.

591 3192 779 3265 (Vers.
831 3194 1052 3265 1145.)
1108 3194 1271 3252 Stulti
1315 3197 1571 3269 principes
1607 3199 1831 3267 Taneos,
1864 3202 2120 3273 sapientes

2217 1979 2323 2034 tius
2369 1979 2559 2050 Aquila
2613 1979 2890 2034 transtulit
2921 1978 3292 2054 στρεϐλοῦντα,
3325 1975 3377 2030 id
3410 1984 3512 2040 est,
3549 1974 3643 2045 qui
3676 1972 3803 2028 nihil

2213 2083 2363 2130 recte
2393 2074 2526 2144 agit,
2560 2073 2655 2129 sed
2687 2087 2850 2128 omne
2883 2085 3228 2142 perversum,
3276 2077 3335 2123 ut
3371 2083 3600 2139 puerum
3645 2067 3808 2138 signi-

2215 2167 2424 2223 ficaret.
2450 2166 2547 2222 Est
2571 2167 2734 2238 igitur
2763 2180 2957 2221 sensus
2991 2182 3004 2220 :
3039 2164 3201 2220 Stulti
3227 2163 3352 2218 facti
3383 2169 3507 2217 sunt
3535 2160 3808 2234 principes

2215 2261 2451 2326 Taneos,
2494 2271 2549 2316 et
2580 2260 2855 2331 sapientes
2897 2257 3196 2314 consiliarii
3238 2256 3509 2312 Pharaoni
3547 2254 3811 2311 dederunt

2217 2357 2381 2430 206
2406 2357 2693 2412 consilium
2726 2355 3016 2426 insipiens,
3036 2362 3091 2409 et
3120 2359 3510 2408 emarcuerunt
3541 2348 3811 2419 principes

2218 2451 2560 2521 Mempheos,
2603 2461 2658 2506 et
2701 2451 3048 2520 deceperunt
3094 2447 3390 2519 IEgyptum
3423 2444 3686 2516 angulum
3721 2458 3808 2513 po-

2219 2546 2491 2616 pulorum,
2524 2546 2652 2617 quia
2683 2544 2944 2600 Dominus
2974 2540 3195 2597 miscuit
3222 2541 3301 2595 eis
3331 2540 3587 2609 spiritum
3616 2535 3811 2594 erroris

2220 2650 2386 2712 atque
2439 2639 2744 2711 vertiginis,
2795 2648 2856 2694 ut
2913 2638 3164 2709 ignorent
3213 2633 3339 2705 quid
3395 2635 3712 2704 loquantur,
3763 2638 3810 2684 et

2220 2751 2406 2792 errare
2438 2735 2638 2790 faciant
2667 2732 2986 2806 IEgyptum.
3022 2731 3093 2786 Et
3120 2731 3264 2786 sicut
3291 2728 3478 2784 ebrius
3509 2735 3564 2782 et
3595 2739 3813 2782 vomens

2220 2830 2391 2900 egerit
2433 2829 2578 2901 quod
2627 2831 2957 2901 ingesserat,
2988 2836 3043 2881 et
3082 2825 3172 2880 ubi
3205 2823 3298 2890 sit,
3331 2822 3529 2888 nescit,
3557 2818 3655 2877 sed
3678 2821 3813 2890 jacet

2221 2923 2424 2979 mentis
2465 2923 2660 2978 alienm
2690 2938 2704 2975 :
2736 2922 2817 2975 sic
2857 2919 3064 2975 nullum
3096 2915 3325 2972 habebit
3364 2913 3636 2985 Egyptus
3659 2926 3810 2982 opus,

2221 3016 2338 3071 sive
2359 3014 2674 3080 consilium,
2707 3012 2852 3084 quod
2898 3019 2993 3066 aut
3037 3017 3206 3079 caput
3248 3007 3469 3074 habeat,
3501 3016 3596 3062 aut
3626 3008 3807 3071 tinem,

2222 3119 2316 3166 aut
2345 3109 2572 3166 senibus
2593 3109 2908 3172 conveniat,
2953 3114 3046 3162 aut
3091 3104 3296 3173 pueris,
3327 3117 3559 3173 quorum
3598 3099 3691 3155 alii
3725 3114 3813 3170 per

2225 3204 2446 3260 nimiam
2494 3210 2707 3257 aetatem
2747 3199 3023 3270 desipiunt
3062 3205 3229 3267 atque
3276 3196 3533 3262 delirant,
3581 3193 3675 3249 alii
3723 3208 3813 3264 per

519 3286 808 3342 consiliarii
869 3284 1166 3343 Pharaonis
1214 3289 1462 3344 dederunt
1510 3292 1783 3346 consilium
1821 3294 2068 3365 insipiens
2096 3310 2114 3348 :
2142 3291 2188 3354 C
2221 3296 2499 3353 lasciviam
2549 3304 2606 3350 et
2647 3294 2930 3348 infantiam
2976 3293 3231 3362 ignorant
3278 3288 3409 3359 quid
3461 3295 3644 3358 agant.
3705 3287 3811 3340 Hoc

523 3379 688 3452 205
726 3380 984 3450 quomodo
1023 3381 1202 3436 dicetis
1243 3379 1554 3437 Pharaoni:
1593 3381 1769 3438 Filius
1809 3386 2122 3456 sapientium

519 3489 642 3544 ego,
689 3474 832 3542 ﬁlius
872 3490 1048 3548 regum
1085 3477 1456 3548 antiquorum?
1499 3475 1599 3532 Ubi
1618 3488 1739 3533 sunt
1760 3496 1895 3534 nunc
1915 3481 2124 3551 sapien-

522 3577 597 3622 tes
627 3567 746 3621 tui?
775 3570 1081 3624 annuntient
1123 3569 1249 3635 tibi,
1294 3580 1341 3624 et
1381 3572 1626 3639 indicent,
1668 3573 1793 3644 quid
1831 3575 2124 3645 cogitaverit

523 3661 784 3719 Dominus
815 3665 1132 3720 exercituum
1153 3681 1308 3733 super
1328 3665 1643 3738 ngyptum.
1675 3667 1839 3722 Stulti
1861 3669 1984 3738 [acti
2004 3677 2124 3723 sunt

518 3758 780 3830 principes
826 3757 1046 3826 Taneos,
1089 3770 1440 3814 emarcuerunt
1479 3762 1734 3834 principes
1777 3759 2124 3834 Mempheos:

529 3850 842 3922 deceperunt
862 3851 1151 3923 AEgyptum
1173 3851 1424 3924 angulum
1447 3853 1754 3926 populorum
1776 3856 1905 3923 eius.
1930 3856 2122 3911 Tanim

518 3945 871 4014 metropolim
902 3943 1070 4000 fuisse
1119 3944 1372 4018 Egypti,
1406 3954 1461 4001 et
1508 3945 1796 4002 Psalmista
1847 3947 2121 4016 declarat,

520 4037 668 4108 quod
699 4039 771 4095 ibi
794 4039 1009 4111 Moyses
1053 4040 1223 4095 multa
1252 4041 1404 4111 signa
1447 4041 1659 4110 fecerit,
1691 4058 1814 4115 quae
1847 4043 1902 4097 in
1937 4042 2124 4098 Exodo

519 4129 939 4187 describuntur:
963 4131 1149 4187 Posuit
1169 4134 1223 4187 in
1246 4132 1480 4207 ngypto
1501 4137 1651 4207 signa
1671 4152 1788 4204 sua,
1814 4144 1858 4190 et
1883 4136 2126 4208 prodigia

521 4226 704 4280 suain
749 4242 928 4298 campo
969 4225 1176 4282 Taneos
1222 4227 1341 4297 (Ps.
1393 4243 1589 4296 Lxxvn,
1655 4228 1768 4298 11).
1829 4229 2124 4300 Memphim

521 4332 745 4389 quoque
791 4319 1015 4390 magicis
1045 4320 1252 4375 artibus
1282 4319 1520 4375 deditam
1542 4362 1556 4386 ,
1589 4319 1806 4391 pristini
1855 4336 2028 4390 usque
2057 4321 2126 4376 ad

519 4425 769 4483 prmsens
802 4421 1019 4484 tempus
1056 4413 1283 4484 vestigia
1315 4414 1520 4469 erroris
1548 4413 1868 4469 ostendunt.
1909 4414 1978 4468 Et
2024 4416 2128 4470 hoc

520 4503 769 4560 breviter
815 4505 1122 4576 indicatur,
1179 4504 1326 4576 quod
1378 4506 1672 4578 Babylonia
1731 4509 1985 4563 vastitate
2037 4523 2130 4563 ve-

523 4597 736 4666 niente,
766 4600 948 4654 omnia
975 4601 1257 4672 Magorum
1287 4601 1539 4668 consilia,
1571 4611 1626 4658 et
1652 4616 1839 4658 eorum
1871 4604 1961 4673 qui
1991 4602 2129 4658 futu-

2227 3400 2408 3445 autem
2450 3389 2568 3446 sive
2609 3388 2662 3444 in
2695 3387 2994 3460 Babylonia
3027 3385 3305 3452 vastitate,
3340 3383 3454 3438 sive
3485 3381 3540 3437 in
3581 3380 3812 3437 adventu

2224 3483 2454 3550 Christi,
2502 3493 2556 3538 et
2586 3481 2741 3554 juxta
2787 3481 3049 3546 litteram,
3083 3489 3135 3534 et
3161 3477 3318 3549 juxta
3357 3475 3702 3547 spiritualem
3733 3476 3812 3528 in-

2226 3576 2586 3648 telligentiam
2657 3574 2907 3644 recipere
2977 3571 3252 3638 volueris,
3325 3568 3553 3625 habebit
3623 3581 3814 3623 conse-

2225 3674 2527 3746 quentiam.

2302 3765 2484 3838 (Vers.
2522 3764 2608 3832 16,
2638 3763 2754 3837 17.)
2783 3759 2851 3818 In
2877 3761 2960 3818 die
2994 3759 3087 3815 illa
3109 3760 3204 3814 erit
3233 3758 3497 3831 zEgyptus
3523 3757 3674 3827 quasi
3710 3771 3816 3808 mu-

2226 3858 2399 3926 lieres,
2445 3869 2492 3913 et
2534 3858 2812 3930 stupebant
2854 3865 2902 3911 et
2941 3855 3185 3910 timebunt
3225 3871 3258 3909 a
3297 3856 3432 3927 facie
3469 3851 3814 3908 commotionis

2227 3973 2414 4011 manus
2457 3954 2668 4009 Domini
2715 3954 3051 4015 exercituum,
3099 3967 3260 4023 quam
3289 3951 3398 4023 ipse
3424 3948 3642 4004 movebit
3669 3961 3812 4016 super

2227 4065 2360 4104 eam.
2392 4047 2460 4102 Et
2483 4049 2575 4102 erit
2601 4057 2732 4101 terra
2752 4044 2900 4100 Juda
2926 4044 3159 4116 /Egypto
3181 4045 3234 4098 in
3261 4043 3589 4113 festivitatem
3611 4058 3630 4096 :
3660 4039 3813 4095 omnis

2228 4141 2316 4210 qui
2341 4141 2485 4196 illius
2513 4142 2666 4212 fuerit
2696 4139 3018 4202 recordatus,
3044 4138 3242 4209 pavebit
3268 4154 3299 4191 a
3327 4138 3463 4208 facie
3489 4135 3688 4192 consilii
3715 4132 3813 4188 Do-

2228 4235 2355 4289 mini
2375 4234 2713 4300 exercituum,
2737 4233 2873 4303 qaod
2903 4234 3011 4304 ipse
3031 4231 3270 4302 cogitavit
3293 4247 3448 4302 super
3472 4247 3607 4285 eam.
3638 4228 3813 4285 Melius

2229 4343 2356 4384 reor
2387 4327 2552 4382 etiam
2601 4326 2883 4397 proprium
2915 4338 3158 4380 errorem
3201 4322 3628 4394 reprehendere,
3662 4335 3810 4392 quam

2230 4423 2358 4480 dum
2391 4423 2656 4479 erubesco
2694 4421 3025 4493 imperitiam
3068 4419 3317 4475 confiteri
3340 4461 3354 4485 ,
3393 4419 3447 4474 in
3475 4433 3666 4475 errore
3693 4431 3808 4488 per-

2231 4515 2447 4572 sistere.
2505 4513 2562 4568 ln
2611 4527 2681 4569 eo
2721 4512 2865 4583 quod
2917 4511 3194 4578 transtuli,
3244 4509 3313 4564 Et
3359 4511 3454 4565 erit
3505 4519 3643 4565 terra
3680 4506 3812 4562 Juda

2234 4606 2468 4678 .izgypto
2519 4607 2572 4660 in
2618 4605 2967 4677 festivitatem,
3022 4619 3124 4675 pro
3173 4603 3446 4673 festivitate
3477 4603 3529 4657 in
3560 4600 3812 4658 Hebraico

519 4705 710 4746 rerum
760 4691 1047 4748 scientiam
1077 4693 1499 4764 promittebant,
1533 4694 1781 4749 stultitia:
1823 4708 2124 4766 coarguan-
2155 4699 2203 4758 ι)
2232 4701 2432 4772 legitur
2459 4716 2594 4756 scca
2623 4700 2795 4772 (mn),
2829 4697 2974 4769 quod
3017 4698 3362 4768 interpretari
3396 4707 3575 4768 p0test
3604 4706 3658 4752 et
3684 4695 3814 4768 {esti-

518 4793 634 4852 tur,
661 4795 714 4840 et
744 4786 798 4841 in
828 4785 1059 4842 adventu
1105 4785 1306 4843 Christi
1356 4795 1549 4843 cuncta
1592 4787 1908 4858 redigantur
1951 4788 2004 4842 in
2039 4787 2125 4842 ni-

519 4877 650 4944 hili,
688 4895 796 4934 non
842 4879 1243 4938 invenientibus
1273 4883 1563 4938 consilium
1611 4881 1826 4955 Egypti
1856 4883 2081 4952 .vatibus
2105 4925 2121 4950 ,

517 4978 797 5046 quomodo
853 4979 1051 5050 dogma
1101 4983 1416 5051 opprimant
1472 4983 1860 5039 christianum.
1916 4983 2124 5038 ldioma

518 5079 702 5126 autem
733 5070 1137 5141 Scripturarum
1169 5086 1273 5140 est,
1302 5083 1364 5130 ut
1400 5076 1655 5147 angulum
1702 5091 1801 5147 pro
1831 5091 2001 5148 regno
2033 5094 2126 5145 po-

519 5174 674 5229 nant,
708 5179 775 5220 eo
804 5165 949 5234 quod
981 5168 1215 5237 populos
1257 5169 1566 5236 contineat,
1611 5179 1665 5226 et
1716 5171 1868 5241 quasi
1925 5172 1978 5226 in
2013 5179 2123 5225 tota

518 5256 686 5313 domo
740 5256 1094 5312 fortissimum
1140 5258 1228 5313 sit.
1279 5260 1434 5317 Unde
1479 5270 1534 5318 et
1580 5263 1834 5318 Christus
1890 5263 2123 5319 duorum

520 5350 852 5420 p0pulorum
883 5349 1120 5422 parietes
1159 5355 1480 5422 continens,
1517 5356 1655 5427 lapis
1683 5356 1883 5411 dicitur
1909 5358 2134 5428 angula-

520 5442 841 5516 ristEpltes.
873 5444 960 5514 tt).
1009 5444 1274 5516 Quodque
1334 5447 1519 5502 intulit
1561 5465 1574 5502 :
1629 5450 1902 5516 Quomodo
1947 5450 2130 5504 dicetis

520 5533 827 5606 Pharaoni,
878 5537 1020 5607 ﬁlius
1055 5539 1368 5610 sapientium
1415 5556 1530 5611 ego,
1579 5539 1721 5609 ﬁlius
1772 5555 1951 5612 regum
1995 5541 2132 5595 anti-

595 5685 623 5753 ξι
653 5676 828 5753 yatic.
847 5723 872 5753 ,_
887 5681 944 5734 in
964 5679 1200 5753 zEgypti
1213 5688 1355 5753 terra,
1379 5678 1515 5734 ultra
1536 5679 1794 5751 capiatur.
1840 5677 1977 5746 Hoc,
2017 5687 2124 5753 etc.

519 5744 802 5878 “13:59:?
834 5744 997 5805 Orum
1020 5744 1131 5809 ε’ἑὲ
1159 5751 1396 5808 Eusebio
1419 5744 1609 5807 autem
1634 5753 1751 5805 haec
1781 5744 1998 5822 quoque
2022 5749 2120 5808 de.

2230 4795 2360 4849 vitas
2383 4794 2554 4867 (unde
2579 4802 2635 4848 et
2658 4794 2889 4863 Aggteus
2919 4791 2973 4846 in
3005 4791 3244 4864 festivum
3274 4790 3532 4863 vertitur)
3558 4801 3614 4846 et
3654 4791 3809 4853 timor,

2231 4888 2374 4961 quod
2419 4887 2813 4960 significantius
2856 4886 3050 4957 Aquila
3100 4886 3380 4942 transtulit
3420 4885 3674 4965 76pmaw,
3703 4897 3813 4942 cum

2229 4980 2434 5051 aliquis
2488 4979 2744 5051 pavidus,
2788 4988 2844 5034 et
2894 4989 3136 5034 tremens
3185 4977 3506 5034 circumfert
3535 4980 3739 5044 oculos,
3765 4983 3814 5031 et

2229 5073 2613 5128 advenientem
2643 5070 2900 5126 formidat
2927 5071 3228 5126 inimicum.
3255 5071 3403 5142 Ergo
3424 5072 3469 5126 si
3497 5071 3811 5128 voluerimus

2231 5167 2286 5221 in
2330 5166 2532 5221 bonam
2581 5175 2790 5235 partem
2843 5163 3114 5233 accipere,
3147 5163 3292 5233 quod
3331 5163 3651 5219 recordatio
3674 5160 3811 5219 ludas

2231 5258 2470 5331 Egypto
2507 5259 2579 5314 sit
2609 5257 2815 5329 gaudii,
2851 5267 3001 5313 recte
3034 5257 3312 5312 festivitas
3340 5256 3567 5315 dicitur.
3599 5258 3691 5314 Sin
3728 5271 3811 5310 au-

2233 5365 2363 5420 tem,
2398 5353 2739 5419 utarbitror,
2761 5354 2812 5406 in
2847 5352 3099 5408 timorem
3125 5367 3225 5424 pro
3259 5352 3559 5409 festivitate
3581 5352 3810 5415 vertitur,

2234 5446 2605 5517 intelligamus
2658 5444 3010 5500 formidinem
3053 5445 3139 5500 vel
3185 5459 3468 5514 pavorem,
3520 5443 3662 5516 quod
3699 5455 3810 5497 cum

2234 5540 2744 5598 Nabuchodonosor
2771 5541 3006 5607 venerit,
3032 5550 3088 5596 et
3118 5555 3310 5596 omnes
3339 5539 3583 5596 virorum
3607 5539 3809 5595 fortium

2237 5679 2370 5735 Mss.
2407 5679 2605 5751 Egmon
2639 5679 2937 5752 praeferunt
2964 5697 2978 5734 :
3007 5689 3187 5737 textus
3209 5680 3350 5748 ipse,
3383 5691 3442 5736 ut
3467 5681 3808 5752 reposuimus,

2223 5756 2410 5841 mm.
2437 5751 2575 5808 Vide
2599 5751 2739 5807 infra
2771 5751 2865 5809 lib.
2895 5768 2996 5826 vn,
3031 5753 3120 5810 ubi
3147 5755 3250 5844 hoc
3282 5752 3427 5810 idem
3458 5751 3622 5826 caput
3643 5764 3809 5807 recur-

2224 5845 2298 5900 rit
2317 5855 2372 5902 et
2393 5845 2544 5901 locus

599 5921 621 5949 ε
662 5908 895 5982 Legerat
936 5911 1209 5984 Martian.,
1263 5915 1456 5973 Acmon
1490 5926 1543 5974 et
1584 5914 1884 5985 Hebraice,
1918 5917 2115 5996 mpii.
2206 5935 2211 5940 ν
