4014 6440
204 409 291 466 185

729 397 1384 459 COMMENTARIORUM
1422 398 1492 457 IN
1531 396 1768 456 ISAIAM
1807 395 2231 454 PROPHETAM
2270 396 2403 454 LIB.
2448 394 2511 456 ν.
2553 395 2708 455 CAP.
2751 396 2897 455 XIX.

3358 397 3462 455 186

200 537 366 582 manus
385 520 536 595 quasi
563 519 850 577 mulierum
895 519 1098 577 fuerint
1116 518 1425 588 dissolutae,
1457 518 1624 575 etiam
1654 532 1754 574 vo-
1782 520 1835 579 A
1864 516 2123 574 Ecclesia:
2143 516 2387 586 ordines,
2413 517 2725 590 episcopos,
2759 518 3140 593 presbyteros,
3172 519 3458 591 diaconos,

199 615 423 673 cabulum
453 612 604 669 Judte
634 612 835 669 terrori
862 611 934 667 sit
958 610 1219 683 Egypto,
1251 611 1376 682 quia
1405 610 1533 666 dum
1563 610 1616 666 ei
1646 608 1764 665 vult

198 706 431 765 auxilium
462 704 729 777 praebere,
766 715 915 760 tanta
947 705 1085 759 mala
1119 719 1377 777 perpessa
1406 705 1498 759 sit.
1528 704 1604 759 De
1632 718 1763 759 nos-

196 802 280 858 tris
320 800 648 870 temporibus
692 814 856 856 nemo
897 799 1134 866 dubitat,
1167 801 1309 871 quod
1350 799 1762 871 comparatione

194 894 602 952 Christianorum
652 907 850 950 omnes
891 893 1108 949 Ethnici
1144 893 1295 965 quasi
1328 893 1588 949 mulieres
1628 892 1759 960 sint,

198 989 416 1045 inlirmas
462 986 728 1043 habentes
779 985 1107 1054 sententias,
1139 995 1194 1042 et
1238 985 1500 1057 quidquid
1525 985 1763 1041 dixerint

191 1080 309 1138 verti
336 1080 385 1135 in
412 1080 718 1148 stultitiam,
754 1080 884 1135 dum
914 1090 1169 1151 stupeant
1191 1088 1399 1135 tantam
1424 1081 1603 1151 gentis
1627 1094 1759 1135 con-

190 1175 488 1240 versionem,
520 1181 577 1231 et
603 1175 874 1231 mirentur
896 1183 1056 1246 atque
1084 1173 1395 1245 intelligant
1434 1174 1596 1247 207
1638 1188 1755 1228 ma-

187 1283 295 1327 num
324 1268 557 1332 Domini,
578 1279 633 1325 et
655 1268 987 1339 quicumque
1006 1266 1291 1340 gentilium
1322 1267 1564 1323 nominis
1584 1267 1759 1323 chris-

188 1364 299 1421 tiani
338 1363 499 1420 luerit
542 1364 898 1431 recordatus,
946 1362 1381 1420 imbecillitatem
1426 1361 1771 1419 idololatriae

187 1456 354 1513 timore
385 1456 637 1514 fateatur.

241 1550 410 1623 (Vers.
440 1550 558 1625 l8.)
599 1550 668 1606 In
692 1552 779 1633 die
826 1552 921 1608 illa
954 1562 1108 1607 erunt
1153 1553 1379 1623 quinque
1424 1551 1656 1608 civitates
1701 1552 1755 1607 in

180 1653 297 1703 terra
321 1644 534 1719 .Egypti
564 1646 831 1720 loquentes
851 1647 1030 1720 lingua
1052 1647 1324 1714 Chanaan,
1347 1656 1396 1702 et
1405 1650 1647 1721 jurantes
1666 1664 1758 1719 per

179 1736 430 1795 Dominum
450 1742 768 1796 exercituum
796 1758 816 1797 :
842 1743 1021 1797 civitas
1041 1742 1167 1797 solis
1192 1744 1459 1798 vocabitur
1486 1760 1611 1799 una.
1646 1742 1753 1798 Pro

178 1831 371 1889 civitate
397 1833 555 1902 solis,
586 1836 777 1891 nescio
804 1835 932 1907 quid
959 1837 1212 1893 volentes
1233 1835 1378 1892 LXX
1409 1838 1751 1908 interpretati

1868 610 2084 677 ﬁdeles,
2122 609 2551 668 catechumenos
2586 611 2831 668 sentiunt
2862 628 2877 666 :
2909 620 3005 669 aut
3030 621 3181 669 certe
3210 612 3468 686 spiritua-

1867 703 1973 761 lem
2026 704 2160 775 legis
2208 704 2648 776 intelligentiam,
2689 705 2760 762 de
2789 720 2897 777 qua
2937 714 2995 763 et
3020 706 3320 778 Apostolus
3346 709 3463 767 ait:

1872 797 2005 853 Volo
2028 799 2251 870 quinque
2274 799 2437 854 verbis
2482 800 2621 872 loqui
2658 802 2715 855 in
2759 800 3010 857 Ecclesiis
3039 802 3094 857 in
3122 819 3278 858 sensu
3314 819 3452 872 meo,

1864 909 2016 963 quam
2039 894 2213 949 decem
2250 893 2480 950 millibus
2509 894 2781 950 verborum
2807 899 2862 951 in
2884 898 3065 970 lingua
3089 896 3132 968 (Ι
3161 895 3283 954 Cor.
3306 899 3421 972 xiv)
3448 917 3462 956 :

1865 995 1921 1045 et
1957 988 2101 1060 quod
2134 1005 2238 1045 una
2288 989 2531 1061 quinque
2579 988 2867 1046 civitatum
2920 992 3229 1063 appelletur
3271 994 3465 1050 civitas

1864 1080 2019 1148 solis,
2059 1082 2225 1154 208
2252 1080 2508 1137 videlicet
2546 1080 2800 1152 justitite,
2848 1083 3103 1155 incujus
3149 1084 3345 1157 pennis
3380 1094 3468 1143 est

1863 1174 2091 1230 sanitas.

1937 1264 2117 1338 (Vers.
2154 1266 2369 1339 19-21.)
2394 1268 2463 1325 In
2510 1269 2596 1324 die
2636 1269 2734 1325 illa
2784 1270 2881 1325 erit
2929 1270 3095 1325 altare
3146 1270 3357 1327 Domini
3404 1272 3461 1329 in

1861 1359 2029 1414 medio
2080 1370 2231 1416 terra:
2259 1359 2502 1435 Egypti,
2536 1372 2585 1417 et
2617 1360 2804 1417 titulus
2837 1365 2999 1437 juxta
3046 1364 3325 1419 terminum
3351 1366 3463 1439 ejus

1860 1450 2107 1507 Domino.
2132 1452 2201 1508 Et
2224 1456 2322 1509 erit
2350 1456 2406 1509 in
2434 1456 2665 1528 signum,
2697 1467 2743 1511 et
2768 1457 2823 1511 in
2853 1457 3203 1535 testimonium
3234 1458 3458 1515 Domino

1860 1547 2175 1601 exercituum
2217 1547 2274 1601 in
2312 1557 2449 1603 terra
2479 1548 2727 1621 /Egypti.
2752 1548 3063 1606 Clamabunt
3087 1552 3226 1606 enim
3251 1552 3320 1607 ad
3348 1552 3461 1609 Do-

1857 1639 2056 1693 minum
2077 1656 2107 1693 a
2134 1641 2269 1712 facie
2294 1641 2595 1698 tribulantis
2616 1658 2636 1698 :
2664 1652 2712 1698 et
2740 1644 2905 1699 mittet
2930 1645 3003 1699 eis
3029 1644 3378 1714 Salvatorem,
3407 1656 3458 1703 et

1857 1743 2294 1806 propugnatorem
2325 1736 2416 1807 qui
2444 1735 2625 1792 liberet
2661 1753 2767 1792 eos.
2815 1737 2882 1793 Et
2912 1749 3247 1810 cognoscetur
3275 1740 3457 1796 Domi-

1855 1844 1953 1882 nus
1979 1828 2042 1882 ab
2074 1828 2330 1903 .«Egypto,
2375 1839 2423 1885 et
2462 1840 2767 1903 cognoscent
2810 1832 3053 1905 zEggptii
3080 1832 3364 1889 Dominum
3402 1837 3457 1890 in

175 1934 282 1981 εηηι
307 1934 332 1962 ι
359 1926 565 1993 “sed”,
589 1942 755 1999 quam
801 1927 1021 1999 quidam
1048 1937 1359 1985 ηοειτοι-υηι
1382 1926 1410 1967 b
1433 1930 1609 1984 urbem
1627 1930 1743 2002 im.
1777 1924 1826 1984 B
1852 1920 1935 1974 die
1964 1919 2079 1987 illa,
2109 1930 2155 1975 et
2185 1928 2352 1976 colent
2377 1938 2493 1977 eum
2520 1924 2573 1977 in
2595 1922 2801 1992 hostiis,
2831 1934 2879 1979 et
2910 1926 3231 1995 muneribus,
3260 1936 3307 1982 et
3336 1937 3455 1984 vota

175 2020 281 2075 tilia:
323 2021 740 2092 interpretatur,
789 2032 845 2078 et
888 2023 1088 2079 ductus
1139 2039 1349 2090 errore,
1405 2023 1551 2095 quod
1588 2023 1743 2095 juxta

174 2111 465 2169 llehraicum
513 2130 654 2171 anes
706 2116 872 2189 (mn)
900 2116 1164 2188 scriptum
1213 2116 1301 2181 sit,
1343 2126 1530 2173 terram
1568 2126 1741 2189 putat,

171 2219 272 2276 qua:
330 2206 448 2262 aliis
514 2208 716 2264 litteris
769 2209 1046 2266 scribitur.
1115 2210 1308 2266 Melius
1375 2225 1506 2283 ergo
1567 2219 1745 2267 trans-

172 2297 271 2352 tulit
310 2298 698 2371 Symmachus,
744 2302 924 2358 civitas
960 2302 1089 2357 solis
1132 2304 1396 2359 vocabitur
1430 2321 1535 2359 una
1566 2320 1585 2360 :
1611 2320 1743 2361 ARES

167 2390 290 2446 enim
319 2392 546 2448 verbum
579 2395 891 2466 ambiguum
941 2404 996 2453 et
1037 2404 1165 2452 testa
1209 2397 1410 2454 dicitur
1447 2409 1497 2454 et
1547 2399 1645 2466 sol,
1674 2414 1742 2455 eo

167 2483 288 2555 quod
318 2494 612 2559 utrumque
664 2497 839 2555 arent,
883 2498 938 2545 et
991 2489 1194 2545 siccum
1239 2492 1329 2547 sit.
1363 2490 1520 2548 Hunc
1561 2491 1738 2547 locum

168 2592 256 2633 non
284 2580 590 2653 intelligens
610 2581 800 2651 Onias,
822 2583 1086 2655 templum
1117 2584 1391 2641 exstruxit
1419 2586 1471 2641 in
1502 2584 1739 2657 Egypto

167 2671 208 2727 in
256 2683 278 2711 ο
326 2675 523 2746 oppido
583 2674 925 2739 ⁸ηλιοπόλεως.
976 2677 1119 2749 Lege
1178 2677 1408 2750 Iosephi
1472 2678 1739 2734 Historias

167 2761 376 2838 (Ioseph.
405 2766 496 2824 lib.
527 2784 630 2835 xu,
661 2787 778 2843 cap.
813 2768 892 2841 9).
921 2770 1028 2825 Alii
1061 2772 1212 2839 Ares,
1241 2771 1295 2827 id
1326 2780 1432 2839 est,
1462 2769 1732 2852 ὄστρακον,

166 2855 251 2914 hoc
270 2870 366 2928 est,
394 2870 608 2929 testam,
656 2862 853 2920 urbem
883 2863 1226 2921 Ostracinem
1260 2866 1485 2937 intelligi
1524 2866 1735 2936 volunt,

164 2962 205 3008 et
228 2958 614 3028 caeterasjuxta
649 2957 1111 3027 Rhinocoruram,
1137 2971 1189 3016 et
1218 2957 1435 3015 Casium
1464 2959 1735 3027 civitates,

162 3058 275 3116 quas
306 3063 469 3121 usque
515 3049 689 3107 hodie
743 3050 800 3106 in
848 3050 1088 3123 Egypto
1133 3052 1311 3123 lingua
1351 3051 1735 3120 Chananitide,

164 3139 245 3197 hoc
283 3155 378 3212 est,
424 3146 571 3219 Syra
625 3147 778 3219 loqui
833 3147 1183 3204 manifestum
1229 3158 1316 3205 est
1349 3167 1363 3203 :
1396 3158 1452 3205 et
1480 3160 1670 3220 putant
1706 3166 1737 3207 e

164 3232 316 3291 vicino
358 3238 530 3310 Syros
580 3247 745 3311 atque
792 3240 1003 3298 Arabas
1052 3258 1081 3297 a
1132 3241 1646 3301 Nabuchodonosor
1685 3245 1736 3300 in

1848 2012 2095 2067 vovebant
2134 2013 2378 2082 Domino,
2426 2023 2475 2069 et
2514 2014 2731 2070 solvent.
2778 2016 2861 2071 Ab
2893 2016 2997 2072 hoc
3020 2018 3141 2074 loco
3167 2033 3340 2088 usque
3383 2020 3451 2075 ad

1851 2105 2015 2161 ﬁnem
2048 2107 2324 2180 Egyptize
2353 2108 2611 2174 Visionis,
2664 2111 2781 2167 sive
2805 2110 3093 2180 Ponderis,
3122 2124 3179 2168 et
3201 2112 3377 2169 Judaei
3400 2123 3456 2170 et

1848 2201 2025 2257 nostri
2072 2202 2141 2258 de
2187 2200 2396 2259 Christi
2446 2203 2683 2260 adventu
2709 2205 2939 2278 intelligi
2977 2206 3194 2273 volunt;
3241 2206 3339 2263 sed
3375 2207 3449 2263 illi

1846 2303 1971 2351 vota
2003 2309 2101 2351 sua
2134 2293 2398 2352 differunt
2429 2298 2481 2352 in
2514 2296 2779 2365 futurum,
2810 2313 2912 2355 nos
2939 2300 3095 2370 quasi
3122 2300 3236 2371 jam
3262 2308 3444 2357 trans-

1844 2399 1965 2445 acta
2014 2390 2335 2447 retinemus.
2387 2391 2536 2447 Diem
2587 2401 2769 2448 autem
2802 2407 2897 2463 pro
2937 2401 3188 2464 tempore
3212 2394 3445 2465 accipe:

1844 2500 2171 2556 quamquam
2203 2486 2306 2540 sub
2336 2485 2472 2540 Onia
2500 2485 2778 2557 Iosephus
2809 2486 2925 2541 haec
2956 2484 3094 2541 facta
3123 2487 3445 2553 contendat,

1843 2579 1932 2650 qui
1968 2581 2227 2650 profugus
2258 2580 2311 2634 in
2358 2580 2676 2650 IEgyptum,
2708 2593 2830 2634 cum
2881 2577 3040 2634 turba
3089 2578 3324 2649 plurima
3353 2576 3447 2633 Ju-

1842 2673 2083 2730 dteorum
2140 2672 2432 2728 aediﬁcavit
2474 2673 2759 2745 templum,
2794 2683 2849 2728 et
2876 2673 3069 2738 altare,
3114 2680 3171 2729 et
3203 2671 3444 2743 pr0phe-

1842 2773 1971 2825 tiam
1999 2768 2205 2825 Christi
2251 2784 2405 2825 cassa
2451 2770 2679 2840 implere
2726 2771 3035 2826 temeritate
3063 2778 3293 2825 conatus
3331 2780 3440 2827 est.

1840 2862 1917 2918 Ita
1948 2873 2129 2917 autem
2153 2860 2172 2899 τ
2204 2877 2370 2917 unum
2393 2862 2570 2917 altare
2599 2862 2821 2931 dicitur,
2854 2861 3131 2933 quomodo
3156 2878 3259 2918 una
3281 2862 3442 2932 ﬁdes,

1841 2967 1894 3015 et
1925 2973 2090 3014 unum
2124 2958 2417 3029 baptisma,
2452 2968 2507 3014 et
2535 2973 2643 3013 una
2670 2957 2940 3014 Ecclesia.
2987 2957 3058 3013 Et
3085 2958 3266 3013 titulus
3282 2961 3445 3033 juxta

1841 3054 2117 3107 terminum
2146 3054 2262 3124 ejus
2300 3048 2551 3115 Domino,
2588 3050 2733 3106 haud
2760 3050 2983 3106 dubium
3018 3050 3147 3121 quin
3188 3050 3442 3122 Evange-

1838 3144 1993 3211 lium,
2038 3152 2096 3199 et
2141 3143 2532 3213 Apostolorum
2581 3142 2784 3214 scripta
2834 3143 3124 3214 signiﬁcet.
3155 3141 3445 3211 Quomodo

1840 3238 1986 3294 enim
2019 3253 2180 3309 supra
2210 3244 2365 3308 juxta
2394 3236 2818 3309 Tropologicam
2849 3238 3264 3308 intelligentiam
3294 3247 3439 3294 terra

163 3324 284 3382 illam
307 3337 504 3386 terram
543 3331 717 3389 fuisse
748 3334 1061 3390 translatos.
1095 3335 1269 3391 Porro
1299 3337 1387 3407 qui
1417 3337 1470 3392 in
1494 3337 1735 3393 adventu
1764 3322 1810 3386 C
1839 3331 1975 3389 Iuda
2001 3332 2240 3405 Egypto
2263 3331 2645 3399 [omit-labilis.
2693 3333 2808 3388 Sive
2838 3334 3126 3400 solemnis.
3158 3342 3320 3389 vellis
3359 3334 3442 3390 in-

160 3416 355 3487 Christi,
383 3431 438 3478 et
471 3422 726 3480 Romano
757 3426 992 3496 imperio
1047 3426 1385 3499 prephetiam
1431 3427 1732 3497 disserunt,

160 3513 372 3584 quinque
424 3516 713 3583 civitates,
790 3517 878 3573 vel
932 3518 1104 3589 legem
1167 3518 1383 3576 Domini
1411 3518 1461 3587 ἀ,
1512 3537 1634 3591 qua:
1681 3522 1734 3578 in

159 3602 451 3663 Alexandria
482 3607 727 3680 primum
779 3609 1139 3682 interpretata
1174 3622 1257 3668 est
1300 3623 1349 3679 ο,
1376 3613 1464 3670 vel
1491 3614 1736 3687 quinque

204 3731 237 3805 ft
271 3723 474 3780 Asedec.
506 3725 572 3781 In
610 3724 810 3805 Lexi‘co
836 3724 1168 3805 Ctigeniano
1207 3728 1593 3805 Hebraicorum
1634 3747 1733 3788 no-

157 3796 354 3867 minum,
385 3812 588 3854 nomen
613 3796 805 3853 Asedec
836 3796 1257 3866 interpretatum
1288 3803 1509 3867 ponitur
1530 3804 1731 3867 iustitia

156 3865 287 3940 solis:
331 3869 467 3925 unde
512 3869 750 3939 conjicio
806 3865 1092 3940 Origenem
1136 3871 1238 3926 hoc
1288 3865 1411 3928 loco
1461 3865 1727 3930 notatum.

158 3934 300 4012 Porro
330 3955 525 3997 nomen
564 3934 707 4012 mea
752 3934 948 3996 Asedec
993 3944 1230 4012 ignobile
1262 3944 1574 4010 habueram,
1606 3962 1730 4001 cum

156 4008 275 4080 elidi
299 4012 546 4069 Gnaeum
575 4010 816 4068 Lexicon
845 4008 1058 4069 Nomia.
1077 4014 1275 4080 chr.;
1306 4032 1403 4071 nec
1424 4008 1618 4071 mirum
1650 4018 1731 4072 vi-

155 4078 252 4159 deri
276 4094 462 4159 potest,
495 4084 649 4159 quod
683 4099 805 4139 cum
841 4085 1171 4159 llieronymo
1219 4078 1587 4159 ignoraverim
1630 4105 1726 4142 vo-

156 4151 376 4227 cabulum
408 4151 530 4213 noni
555 4156 874 4221 Hebraeum;
900 4158 993 4212 sed
1026 4151 1095 4213 u'n
1126 4151 1265 4227 ipsis
1286 4158 1430 4213 LXX
1457 4159 1731 4227 Interpre-

157 4224 280 4279 tibus
299 4228 615 4284 conﬁctam.
642 4228 685 4283 E
714 4243 821 4298 quo
853 4237 1032 4284 tamen
1065 4224 1215 4285 fonte
1244 4229 1523 4285 hauserint
1555 4224 1727 4286 (Ξὲωεί

156 4308 327 4353 nomen
382 4300 615 4368 Asedec,
673 4298 804 4354 mihi
858 4301 1016 4356 hodie
1072 4301 1301 4357 omnino
1355 4312 1728 4371 compertum;

152 4380 325 4444 nempe
352 4372 586 4442 ecapite
610 4387 728 4438 xtx,
765 4372 856 4437 l8,
884 4371 1036 4427 Isaiae
1069 4373 1364 4443 prophetae,
1399 4373 1541 4444 quod
1573 4384 1728 4428 antea

153 4438 305 4515 minus
332 4438 920 4515 compertumihabui,
970 4438 1252 4515 opponens
1292 4438 1430 4500 huic
1456 4445 1578 4500 voci
1609 4461 1728 4501 ver-

152 4506 277 4579 bum,
310 4506 643 4570 Asedémoth.
667 4506 937 4571 ΜΑιιτιΑιιί.

1844 3426 2107 3498 telligitur
2150 3425 2560 3481 Testamentum
2599 3444 2611 3480 :
2645 3430 2727 3481 sic
2766 3435 2820 3482 et
2867 3425 3059 3481 titulus
3092 3428 3147 3481 in
3191 3426 3439 3483 terminis

1843 3521 2090 3595 Egypti,
2120 3519 2541 3592 Evangeliorum
2572 3520 2799 3576 historia
2825 3520 3253 3577 demonstratur.
3279 3522 3443 3577 Deni—

1842 3631 1948 3687 que
1969 3613 2147 3687 jungit
2176 3632 2189 3668 :
2221 3612 2289 3668 Et
2310 3615 2405 3668 erit
2436 3616 2489 3670 in
2516 3616 2745 3685 signum,
2776 3624 2822 3668 et
2844 3615 2899 3669 in
2924 3614 3293 3681 testimonium,
3328 3613 3440 3670 Do-

1909 3730 1936 3769 ί¹
1962 3732 2189 3789 Scholas
2206 3731 2589 3788 catechisticas
2613 3741 2667 3787 et
2684 3731 2991 3803 Scriptura:
3020 3731 3441 3801 interpretandte

1839 3803 2038 3869 innuit,
2062 3818 2183 3874 quae
2219 3803 2451 3874 primum
2488 3804 2831 3859 Alexandria:
2864 3803 3127 3874 instituta:
3151 3812 3299 3874 sunt,
3329 3804 3436 3869 ubi,

1838 3884 1898 3929 ιιι
1921 3876 2038 3945 ipse.
2062 3872 2143 3930 ait
2164 3875 2218 3928 in
2245 3872 2491 3945 Catalog.
2522 3874 2589 3929 de
2621 3875 2904 3941 Parumne,
2931 3891 2963 3929 a
2987 3873 3168 3928 Marco
3198 3872 3438 3945 Evange-

1836 3943 1958 4001 lista
1976 3962 2190 4017 semper
2216 3943 2552 3999 ecclesiastici
2579 3949 2723 4017 fuere
2752 3945 3002 3999 doctores.

1912 4028 1934 4055 ε
1966 4014 2279 4089 Ερὶέεοροε.
2306 4014 2684 4085 Episcopaium
2705 4015 2808 4089 hoc
2821 4018 2942 4071 loco
2954 4015 3200 4070 ordinem
3216 4014 3442 4073 distinc-

1837 4097 1947 4143 tum
1978 4088 2423 4158 a’prcshyteratu
2447 4088 3098 4158 agnoscitHieronymus;
3130 4102 3304 4157 neque
3323 4103 3443 4145 mc-

1834 4161 1995 4215 minit
2033 4156 2348 4214 inlet'iurum
2398 4156 2681 4224 Ordinum,
2727 4156 2927 4229 nempe
2966 4156 3436 4216 SubdiacOnorum

1832 4242 1886 4287 ct
1925 4241 2242 4286 czeterorum
2276 4230 2567 4284 minorum.
2595 4231 2864 4287 Maurus.

1904 4331 1977 4343 ι-
1999 4302 2127 4357 Ila~e
2168 4317 2331 4364 porro
2362 4301 2582 4356 Eusebii
2614 4310 2744 4356 sunt
2768 4319 2781 4354 :
2810 4305 2959 4361 πέντε
3002 4303 3056 4360 δὲ
3084 4301 3256 4364 πόλεις
3283 4304 3333 4358 ἐν
3358 4305 3438 4359 ἐκ·

1835 4376 2016 4451 ξλησίᾳ
2042 4370 2139 4429 εἷεν
2169 4371 2229 4451 ᾅν
2254 4374 2308 4428 αἱ
2350 4372 2579 4451 διάφοροι
2609 4376 2907 4451 Διιι-ολιτεῖοιυΔ
2926 4378 3073 4433 πέντε
3112 4373 3165 4429 δὲ
3194 4376 3437 4451 τάγματα

1835 4445 2133 4524 ᾃιῃρηέιένα,
2164 4445 2319 4524 ἦγονν
2348 4445 2834 4524 τρλσῗζὰριθμήσεις·
2858 4448 2916 4502 τὸ
2938 4454 3141 4524 Ῑτρῷτον
3162 4445 3439 4524 τῶίὰτμέ·

1835 4516 2184 4603 ξρὼνιὲάγμςι,
2206 4516 2298 4603 Beati
2318 4516 2759 4603 τὸδιρτερονβῶν
2789 4516 3177 4596 πρεσϐύτέρων,
3202 4517 3316 4603 r61:
3332 4516 3438 4603 ῖτῷν

209 4583 351 4681 :1'1'.
362 4588 441 4681 ξιξ
449 4588 494 4642 is
521 4588 981 4681 “calciasset
1004 4586 1285 4681 tensius
1300 4586 1591 4681 εοςιξείιξξξ
1611 4604 1729 4681 nec:

1850 4583 2080 4645 ἲὶακὸνων
2094 4583 2157 4645 iro
2183 4592 2373 4681 τρίτον,
2399 4592 2484 4644 καὶ
2511 4583 2611 4644 τξῦν
2633 4583 2914 4679 ἐνθΧριέτῷ
2933 4583 3327 4677 πεφὼτισμένφν
3348 4593 3437 4646 τέ·-

2167 4664 2177 4681 .
2280 4663 2291 4680 .
2398 4662 2408 4676 ο
2589 4668 2613 4678 -
2787 4664 2799 4680 .
2991 4670 3012 4679 -

151 4654 629 4737 ιίιιεειειι-ἀχςιρές
659 4657 728 4711 ab
755 4654 986 4737 Hebrmo
1013 4665 1180 4718 ωτι.
1212 4658 1348 4715 Vide
1375 4675 1497 4730 qua:
1524 4660 1577 4715 in
1620 4659 1733 4716 Ori-

149 4726 345 4797 genian.
376 4726 586 4787 Leiic'o
613 4733 1021 4786 annotavimus.

152 4796 165 4880 4
208 4796 233 4836 δ
259 4800 410 4880 Quod
442 4810 941 4880 nostrum_y_ncans,
972 4801 1375 4880 Latinumesse
1406 4803 1731 4873 scriptorem

152 4872 323 4927 innuat
348 4874 407 4930 S.
441 4876 661 4939 doctor,
686 4872 1026 4929 Victorinum
1063 4872 1733 4931 Petabionensem’notare

148 4942 355 5012 opinor,
398 4961 511 5015 quo
555 4955 823 5013 excepto.
866 4943 1374 5001 Commentatorum
1431 4947 1483 5000 in
1536 4946 1729 5002 lsaiam

148 5028 369 5089 magnum
410 5017 555 5089 apud
594 5015 811 5071 Latinos
840 5017 1105 5089 silentium
1142 5032 1265 5073 esse
1282 5018 1392 5087 jam
1429 5018 1640 5073 dixerat
1675 5018 1727 5072 in

148 5081 458 5158 Brélationé
506 5088 734 5158 hujusce
781 5089 986 5157 operis.
1047 5081 1320 5143 Caeterum
1378 5089 1566 5145 eadem
1629 5089 1732 5144 fuit

146 5154 350 5213 Eusebii
377 5154 656 5215 senteniia
683 5154 847 5229 atque
873 5158 1065 5214 eadem
1090 5174 1227 5226 pene
1262 5160 1495 5216 dixerim
1521 5160 1684 5214 verba
1712 5178 1725 5214 :

146 5233 261 5285 κατά
288 5229 340 5305 δέ
368 5235 429 5286 τὸ
458 5234 786 5305 ἀκριϐὲςΑτῆς
820 5232 983 5305 αὐτοῦ
1017 5229 1281 5305 διαλέξεως
1303 5240 1398 5305 γῆς
1426 5233 1569 5293 πόλις
1593 5233 1728 5288 λέλε-

146 5320 269 5371 κται,
300 5300 427 5379 ὅπερ
453 5298 637 5379 cura);
659 5298 718 5359 ἂν
743 5303 1090 5379 ἑρμηνευθείη,
1121 5303 1268 5364 πόλις
1290 5298 1386 5379 is;
1423 5312 1517 5376 γῆς
1546 5304 1727 5365 Κληθή-

146 5391 279 5430 σεται
303 5374 460 5448 triuia
486 5376 652 5441 πόλις,
694 5374 828 5448 etei,
880 5374 929 5429 id
968 5382 1070 5439 est,
1104 5376 1390 5448 secundum
1431 5374 1726 5448 accuratam

145 5457 251 5515 vero
294 5446 579 5500 disserendi
625 5446 875 5501 rationem
925 5454 1086 5500 terra:
1114 5446 1304 5500 civitas
1334 5446 1545 5510 dicitur,
1590 5447 1727 5515 quod

143 5512 210 5585 ita
232 5517 376 5570 reddi
403 5519 587 5585 possit,
609 5516 805 5573 Civitas
836 5528 988 5572 terra:
1016 5516 1282 5571 vocabitur
1310 5534 1412 5571 una
1437 5512 1638 5572 civitas.
1658 5517 1725 5573 Et

144 5584 292 5663 paulo
312 5584 502 5663 supra,
532 5592 664 5663 κατὰ
684 5592 775 5663 μὲν
802 5592 925 5663 got);
946 5588 980 5644 θ’
998 5590 1312 5663 adspiciam
1340 5587 1573 5663 ’Aasds‘x,
1606 5587 1632 5645 ὂ
1663 5588 1725 5651 δή

146 5662 382 5734 ξηραίνει,
418 5659 764 5734 dimicabatur.
796 5660 1099 5734 Secundum
1126 5659 1271 5715 LXX
1299 5663 1505 5734 quidem
1533 5662 1724 5715 dicitur

145 5729 346 5806 Asedec,
374 5733 517 5806 quod
542 5733 800 5806 signiﬁcat
818 5733 1061 5806 justititc.

213 5802 543 5877 °__JOS§phu_8
577 5806 631 5877 ἓν
654 5804 793 5877 νόμῳ
818 5802 1162 5865 "alienolaet;
1178 5845 1192 5869 ,
1211 5805 1351 5877 _sive
1377 5804 1435 5877 in,
1450 5805 1722 5877 territorio

149 5862 455 5945 Heliopolis.
491 5874 689 5933 Confer
712 5862 1116 5945 'H'ieronymum
1139 5862 1371 5932 inferius
1403 5876 1495 5933 lib.
1529 5892 1620 5944 vn,
1653 5877 1720 5934 ad

149 5939 244 5998 hbe
270 5939 414 6001 idem
446 5946 627 6016 'cnpnt,
651 5954 706 6002 ct
730 5961 853 6016 qum
878 5939 952 6002 ibi
975 5958 1319 6002 annotamus.
1406 5984 1409 5989 ι

1841 4682 2031 4738 caprea
2048 4703 2061 4728 ,
2092 4664 2178 4716 καὶ
2207 4662 2293 4716 ἐπὶ
2319 4662 2524 4738 rubrm;
2546 4668 2647 4738 τῷν
2676 4663 2727 4738 ἓν
2748 4662 3016 4738 ἐἰσαγωῄ
3028 4662 3433 4738 [τυγχανόντων.

1838 4731 1994 4799 Quod
2023 4742 2201 4786 autem
2242 4731 2531 4785 maluisset
2563 4731 2928 4795 Martianmtts,
2957 4731 3254 4787 'iiil'eriot'es
3295 4749 3434 4799 quo-

1837 4818 1943 4874 que
1986 4804 2237 4875 ordines,
2299 4802 2693 4875 subdiaconum
2742 4814 2799 4858 et
2850 4814 3087 4860 caeteros
3134 4803 3434 4875 nominari,

1837 4875 2051 4929 etiamsi
2095 4874 2332 4929 instituti
2381 4874 2581 4944 ubique
2626 4873 2879 4936 fuissent,
2930 4875 3155 4929 minime
3195 4873 3264 4928 ad
3320 4873 3435 4932 rem

1836 4956 1955 5000 erat
1987 4964 2000 4999 :
2032 4944 2300 5015 siquidem
2338 4943 2692 4999 diaconorum
2732 4947 2950 5002 nomine
2975 4946 3160 5003 clerici
3197 4946 3439 5004 minores

1835 5016 2227 5087 comprehendi
2255 5015 2522 5088 solebant.
2553 5032 2730 5086 neque
2765 5019 3003 5073 alterum
3035 5018 3103 5073 ab
3134 5017 3245 5088 illis
3276 5030 3436 5088 caput

1834 5086 2249 5143 constituebant
2274 5088 2326 5141 in
2347 5087 2629 5143 Ecclesia:
2655 5088 2907 5158 Optatus,
2931 5090 3025 5145 lib.
3053 5105 3089 5145 Il
3118 5108 3129 5143 :
3155 5086 3290 5144 Cum
3310 5086 3436 5157 sint,

1835 5160 2030 5231 inquit,
2056 5170 2277 5230 quatuor
2302 5176 2493 5230 genera
2522 5161 2749 5230 capitum
2796 5166 2849 5215 in
2883 5160 3137 5224 Ecclesia,
3167 5163 3433 5231 episcOpo-

1831 5246 1969 5297 rum,
2019 5232 2455 5305 presbyterorum,
2500 5233 2857 5305 diaconorum,
2904 5246 2952 5289 et
2994 5231 3248 5305 ﬁdelium.
3292 5231 3434 5305 Quid

1831 5305 1976 5370 quod
2028 5317 2094 5357 ex
2154 5303 2411 5368 Eusebio,
2448 5311 2499 5357 ut
2549 5304 2808 5372 diximus,
2857 5322 2964 5360 nun
2995 5302 3100 5361 suo
3137 5318 3305 5359 sensu
3345 5302 3435 5360 hic

1832 5372 2057 5429 Hieron.
2086 5374 2358 5442 |0t|uilllr?

1910 5445 1928 5484 τ
1964 5445 2039 5522 1!“
2074 5445 2377 5522 βυβοῧίυςε
2406 5444 2494 5509 Ὠς
2527 5445 2580 5502 δέ
2609 5450 2703 5522 μία
2727 5453 2906 5511 πίστις
2929 5453 3015 5505 καὶ
3039 5450 3090 5505 ἔν
3128 5446 3429 5522 βάπιςισμα,

1829 5520 1916 5595 {oti
1946 5519 2038 5589 μία
2066 5518 2303 5595 exuiton
2328 5518 2526 5595 εἴρηται
2544 5563 2557 5585 ,
2588 5518 2721 5595 οὕτω
2741 5525 2826 5577 καὶ
2854 5523 3222 5595 θυσιαστήριον
3243 5519 3295 5573 ἓν
3318 5518 3432 5576 itaO‘

1828 5587 1954 5653 tilia;-
1983 5598 2076 5649 τῆς
2122 5587 2388 5667 ᾼίγύτετού
2431 5592 2764 5667 ἐγηγερμένον
2793 5596 2843 5648 ἐν
2877 5600 2997 5667 ταῖς
3023 5587 3311 5667 inducias;
3336 5600 3426 5649 τοῦ

1828 5612 1946 5653 usus
1983 5612 2076 5649 της
2122 5612 2388 5664 Αιγυπτον
2431 5612 2453 5644 s
2558 5613 2764 5667 ερμενον
2793 5615 2843 5648 εν
2877 5615 2997 5654 ταις
3023 5612 3311 5652 sacrauerat;
3336 5614 3426 5649 του

1827 5669 1951 5738 Θεοῦ
1975 5662 2430 5738 τνγχάνειηΤυιη,
2451 5612 2582 5719 mi
2601 5672 2675 5736 τῷ
2695 5671 2917 5738 Χριστοῦ
2939 5664 3292 5738 Ova-totarum?
3312 5685 3429 5720 συν-

1827 5731 2309 5812 ςζιυγλιεένὴίηστὴλη
2335 5737 2402 5812 ’τὸ
2432 5744 2525 5812 τῆς
2554 5731 2993 5812 natiiis-amari“?
3019 5733 3094 5812 εἴη
3124 5731 3397 5812 ἄνἰὖαγγέ
3420 5772 3428 5778 ·

1824 5803 1923 5884 Atqu
1944 5803 1963 5871 ζ
1979 5803 2239 5884 διορίζον
2262 5809 2384 5884 τοὺς
2408 5808 2492 5884 ,εἰς
2518 5808 2605 5861 τὸν
2633 5809 2851 5884 Χριστὸν
2899 5805 3284 5869 πιστεύσαντας
3314 5803 3429 5864 ’ἑῶν

1826 5876 2123 5949 Αἰγυπτίών
2147 5876 2247 5934 διπὸ
2269 5883 2370 5934 τῶν
2397 5877 2650 5934 ἀπίστων.
