4014 6442
519 379 620 435 187

1766 383 1824 439 S.
1868 382 2135 441 RUSEBII
2174 382 2556 441 lilEliONYMl

3705 390 3801 451 188

514 502 729 558 minicze
753 500 1011 558 videlicet
1038 500 1330 572 passionis.
1361 500 1513 558 Tunc
1542 500 1596 557 hi
1626 502 1715 573 qui
1743 500 2098 565 crediderint,
2133 506 2180 568 Α
2208 511 2377 558 autem
2401 518 2515 557 mea
2545 499 2732 558 Israel.
2764 499 3118 573 Nequaquam
3145 501 3314 561 lsrael
3346 503 3493 561 inter
3515 502 3801 578 Egyptum

512 596 968 652 concurrentibus
1011 593 1281 668 Egyptiis
1315 604 1505 650 contra
1554 594 1868 667 Egyptios,
1909 603 1965 651 et
2011 611 2103 665 pu-

516 696 717 759 gnante
750 688 868 742 viro
893 698 1086 743 contra
1116 690 1340 744 fratrem
1379 702 1559 753 suum,
1592 700 1647 744 et
1676 689 1895 745 civitate
1922 698 2112 745 contra

514 784 794 839 civitatem
826 782 1119 838 ditnieante
1145 800 1158 835 :
1190 797 1315 838 cum
1341 782 1735 853 persecutionis
1751 791 1967 852 tempus
1984 792 2010 820 δ
2030 783 2112 838 in-

514 874 1328 948 gruerit,ﬁOQimplorabunt
1379 875 1593 930 Domini
1645 874 2106 943 misericordiam,

515 968 809 1040 statimque
829 967 1083 1025 Salvator
1108 969 1383 1035 adveniet,
1415 970 1469 1024 id
1491 980 1599 1038 est,
1630 968 1804 1040 Iesus,
1836 970 1939 1026 hoc
1964 970 2110 1027 enim

517 1064 572 1118 in
601 1063 783 1135 lingua
816 1071 999 1119 nostra
1048 1073 1228 1119 sonat.
1253 1063 1319 1119 Et
1348 1074 1712 1136 cognoscetur
1752 1064 2015 1125 Domitius
2042 1064 2113 1121 ab

519 1155 815 1228 ASgyptiis,
845 1167 1249 1226 etcognoscent
1277 1172 1425 1222 eunt,
1457 1156 1572 1212 sive
1623 1165 2001 1226 persecutores
2020 1157 2113 1230 qui

519 1247 720 1302 fuerint
742 1247 1007 1319 superati,
1030 1247 1150 1302 sive
1170 1246 1463 1303 credentes
1487 1247 1745 1319 pra~senti
1769 1248 1968 1303 auxilio
1988 1247 2115 1304 line

520 1340 642 1395 rati.
677 1339 745 1395 Et
771 1341 953 1395 colent
977 1354 1101 1395 eum
1126 1339 1180 1395 iu
1206 1339 1399 1394 hostiis
1425 1347 1481 1394 et
1507 1340 1853 1405 muneribus,
1877 1348 2115 1411 votaque

519 1435 796 1489 vowbunt
846 1433 1077 1488 Domino
1118 1441 1173 1488 et
1211 1434 1446 1489 solvent.
1482 1433 1871 1503 Respondeant
1895 1432 2111 1489 Judaei:

521 1526 664 1598 Lege
698 1535 1030 1598 prosecutum
1060 1536 1167 1591 est,
1193 1534 1251 1580 ut
1293 1525 1467 1582 altare
1503 1540 1610 1581 non
1635 1525 1725 1582 liat
1765 1526 1870 1582 nisi
1910 1526 1964 1582 in
1994 1527 2115 1582 loco

521 1636 629 1676 uno
673 1636 836 1691 quem
882 1621 1109 1692 elegerit
1159 1621 1421 1675 Dominus
1473 1621 1639 1689 Deus,
1682 1629 1738 1676 et
1777 1620 1970 1679 hostiae
1999 1630 2118 1676 tan.

520 1722 632 1768 tum
686 1727 719 1768 a
766 1712 1164 1769 Sacerdotibus
1222 1712 1454 1768 Levitici
1499 1713 1719 1784 generis
1765 1712 2116 1769 immolentur

520 1803 703 1878 (Deut.
728 1806 903 1878 xxvi).
931 1806 1072 1862 Ecce
1102 1805 1271 1862 Isaias
1300 1815 1487 1877 aperte
1520 1807 1677 1862 docet
1702 1806 1848 1878 quod
1872 1806 2112 1879 Egyptii

2208 601 2265 648 et
2295 594 2579 666 As~yrium
2606 594 2822 650 medius
2842 593 3102 661 elidetur,
3133 609 3278 651 nunc
3306 594 3596 653 Antiocbis
3623 607 3678 653 et
3710 599 3803 657 lle-

2212 688 2421 743 mctriis
2444 688 2511 744 ad
2539 703 2599 744 se
2626 700 2649 728 ο
2675 688 2830 747 Judm
2853 687 3194 745 trahentibus
3219 704 3446 761 regnum
3468 731 3484 757 ,
3514 705 3659 751 nunc
3684 691 3802 750 Pto-c

2211 777 2419 835 letnaais
2441 779 2841 849 possessionem
2865 780 2985 850 ejus
3016 780 3119 837 sibi
3151 780 3592 847 vindicantibus;
3624 782 3719 839 sed
3748 792 3801 844 et

2211 870 2326 941 ipsa
2356 870 2457 927 sub
2488 871 2735 929 Romano
2764 872 3024 944 imperio.
3054 887 3122 933 ac
3151 889 3246 943 per
3272 873 3378 930 bac
3399 873 3599 933 Christi
3629 876 3797 947 impe-

2212 965 2296 1020 rio
2324 966 2641 1032 constituta,
2672 967 2779 1022 erit
2804 967 2923 1036 ejus
2947 967 3308 1031 conditionis,
3337 966 3496 1036 cujus
3519 979 3576 1024 et
3601 967 3799 1041 (Egyp—

2216 1068 2300 1116 tns
2325 1070 2380 1116 et
2406 1060 2650 1134 Assyrii,
2682 1069 2739 1117 et
2779 1061 3137 1121 benedicatur
3179 1063 3233 1119 in
3266 1062 3414 1119 omni
3461 1071 3628 1121 terra.
3673 1062 3801 1129 Quia

2214 1171 2279 1210 es
2321 1154 2452 1213 Sion
2492 1155 2661 1215 exibit
2700 1154 2823 1220 lex.
2865 1163 2920 1213 et
2958 1155 3187 1217 verbum
3234 1154 3446 1213 Domini
3476 1155 3547 1211 de
3584 1153 3802 1213 Jerusa-

2215 1250 2343 1307 lem.
2387 1250 2541 1307 ‘l‘unc
2584 1251 2802 1306 dicetur
2842 1265 2869 1304 a
2915 1249 3189 1309 Domino:
3236 1248 3545 1309 Benedictus
3591 1251 3804 1321 populus

2218 1361 2357 1400 meus
2403 1343 2625 1417 .~Egypti
2656 1360 2676 1401 :
2734 1343 2953 1414 quando
3011 1358 3357 1415 nequaquam
3412 1344 3604 1416 Moyse
3635 1384 3651 1409 ,
3712 1341 3804 1401 sed

2214 1438 2436 1495 Christo
2468 1439 2698 1493 Domino
2727 1445 3043 1508 praeeunte,
3079 1437 3291 1492 inﬁnita
3325 1435 3611 1495 hominum
3642 1436 3806 1493 millia

2216 1532 2543 1591 solitudines
2574 1532 2904 1604 repluverint
2924 1573 2939 1598 ,
2967 1542 3025 1589 et
3055 1530 3342 1587 Pharaone
3368 1530 3665 1589 submerso
3685 1571 3701 1595 ,
3730 1529 3807 1584 di-

2217 1629 2398 1685 xerint
2427 1628 2482 1683 in
2514 1627 2735 1685 deserto
2762 1643 2777 1684 :
2806 1625 3085 1683 Cantemus
3115 1625 3372 1693 Domino,
3412 1624 3639 1697 gloriose
3676 1624 3806 1685 enim

2215 1720 2575 1794 magnificatus
2619 1730 2742 1777 est:
2786 1737 2972 1792 equum
2997 1761 3014 1786 ,
3062 1729 3108 1775 et
3157 1734 3481 1781 ascensorem
3526 1718 3715 1792 dcjecit
3756 1718 3808 1777 in

2215 1832 2357 1871 mare
2386 1814 2594 1887 (Exod.
2621 1829 2715 1883 sv,
2742 1814 2829 1885 l).
2859 1813 3013 1871 Tunc
3041 1822 3097 1869 et
3127 1827 3267 1886 opus
3296 1826 3554 1871 manuum
3601 1809 3809 1871 Domini

518 1910 851 1969 cognoscant
885 1900 1194 1967 Dominum,
1226 1904 1294 1955 ’et
1324 1900 1508 1956 colant
1537 1914 1685 1967 eum,
1718 1911 1772 1956 et
1799 1900 2029 1966 hostias,
2059 1910 2113 1956 et

2229 1909 2321 1965 erit
2346 1909 2400 1965 in
2431 1908 2702 1980 Assyriis;
2733 1909 2817 1963 lue
2846 1906 2995 1965 enim
3039 1906 3126 1963 vel
3167 1906 3419 1965 maxima:
3464 1911 3661 1975 gentes
3701 1916 3810 1958 mo-

517 2005 742 2046 munera
773 1990 1027 2057 oll'craut,
1074 2000 1129 2047 et
1158 2000 1281 2047 vota
1308 2001 1542 2048 voveant
1580 2001 1743 2063 atque
1774 1992 2111 2063 persolvant.

516 2083 574 2142 Si
606 2084 844 2158 IEgyptii
877 2086 1245 2142 sacerdotium
1296 2085 1517 2152 habent,
1550 2086 1802 2157 impletur
1833 2096 1887 2142 et
1925 2085 1979 2141 in
2008 2085 2116 2142 illis

518 2177 671 2234 Pauli
719 2179 1097 2235 testimonium
1144 2179 1427 2235 dicentis:
1480 2179 1759 2236 Translata
1798 2178 2111 2246 sacerdotia,

517 2285 721 2327 necesse
751 2279 827 2325 est
857 2279 911 2324 ut
942 2271 1068 2341 legis
1099 2271 1375 2327 translatio
1412 2272 1507 2341 ﬁat
1537 2271 1731 2343 (Hebr.
1764 2286 1860 2341 vn,
1895 2272 2010 2343 i3).

590 2362 779 2436 (Vers.
811 2362 931 2436 ἥ.)
960 2362 1031 2419 Et
1057 2365 1306 2436 percutiet
1338 2364 1587 2421 Dominus
1619 2364 1910 2439 ngyptum
1936 2367 2112 2437 plaga,

516 2462 565 2509 et
586 2454 790 2512 sanabit
820 2474 931 2512 eam
954 2472 974 2511 :
1000 2465 1049 2512 et
1074 2467 1433 2514 convertentur
1461 2457 1531 2514 ad
1558 2455 1839 2514 Dantinunt
1867 2499 1883 2524 ,
1923 2468 1972 2513 et
2001 2459 2117 2531 pla-

516 2550 714 2605 cabitur
740 2551 811 2606 eis
829 2592 845 2620 ,
878 2565 926 2608 et
954 2551 1158 2607 sanabit
1186 2568 1293 2607 eos.
1336 2554 1508 2621 Quem
1550 2553 1697 2609 enim
1728 2552 1906 2624 diligit
1931 2552 2117 2609 Dami-

515 2658 649 2709 nus,
683 2647 955 2716 corripit,
987 2647 1221 2716 castigat
1260 2657 1441 2703 autem
1474 2662 1693 2704 onmem
1739 2646 1908 2703 lilium
1950 2663 2113 2718 quem

515 2738 736 2809 recipit.
772 2737 1096 2797 Persecutio
1123 2755 1235 2796 non
1266 2741 1333 2795 ad
1365 2740 1710 2811 negationem
1739 2741 2078 2799 credentium
2098 2784 2112 2811 ,

516 2831 612 2887 sed
641 2832 709 2888 ad
744 2834 1128 2903 probationem
1160 2837 1434 2906 pertinet,
1467 2844 1524 2891 et
1549 2851 1830 2894 coronam.

587 2924 770 2999 (Vers.
802 2927 923 2998 25.)
959 2927 1025 2983 In
1055 2928 1151 2984 illa
1185 2928 1270 2984 die
1308 2930 1404 2986 erit
1440 2932 1523 2986 aia
1560 2931 1624 2987 ds
1660 2929 1896 3005 /Egypto
1934 2931 1988 2986 in
2015 2930 2117 2989 As-

516 3022 683 3091 syrias
704 3062 719 3087 ,
751 3031 798 3076 et
824 3021 1032 3078 intrabit
1060 3023 1302 3094 Assyrius
1327 3025 1381 3079 in
1408 3024 1702 3097 .Egyptum
1723 3068 1737 3092 ,
1763 3035 1808 3083 et
1834 3026 2118 3099 rEgyptius

516 3114 571 3168 in
599 3115 880 3186 Assyrios:
912 3124 961 3171 et
984 3117 1198 3171 servient
1220 3117 1459 3191 .Ifgyptii
1488 3121 1668 3175 Assur.
1697 3124 1836 3181 Ante
1856 3120 1885 3161 δ
1913 3122 2119 3179 ιιιίνθιιο

520 3217 633 3263 ιυιη
663 3207 870 3265 Christi
904 3226 1250 3282 unaquaeque
1280 3228 1414 3283 gens
1443 3229 1599 3269 suum
1635 3214 1871 3272 habebat
1898 3231 2079 3286 regem
2099 3259 2114 3285 ,

2219 2004 2520 2059 nachorum
2551 2000 2750 2059 ﬂorent
2776 2000 3120 2059 examinibus
3145 2042 3159 2063 .
3188 1998 3462 2071 Egyptus
3482 2039 3498 2066 ,
3542 2008 3602 2054 et
3642 1996 3811 2056 Meso-

2219 2096 2452 2166 potamia
2476 2137 2491 2162 ,
2524 2107 2579 2152 et
2611 2096 2730 2166 pari
2764 2096 2908 2151 inter
2938 2108 3001 2151 se
3028 2093 3232 2165 pietate
3271 2090 3639 2153 contendunt.
3689 2088 3806 2151 liceo

2218 2187 2420 2247 reditas
2448 2196 2625 2243 autem
2652 2186 2854 2245 Christi
2885 2186 3050 2242 Israel
3070 2227 3085 2252 ,
3119 2184 3226 2241 boc
3251 2192 3339 2241 est
3359 2225 3375 2251 ,
3405 2181 3735 2249 nativitatis,
3758 2187 3811 2241 et

2218 2283 2395 2341 crucis
2418 2324 2433 2349 ,
2467 2292 2522 2338 ct
2551 2279 2975 2339 resurrectionis
2994 2324 3008 2345 ,
3042 2277 3498 2348 ascensionisque
3525 2276 3646 2346 ejus
3677 2276 3807 2345 loca.

2217 2373 2286 2429 ad
2315 2389 2435 2444 quiat
2463 2373 2532 2428 de
2562 2380 2677 2428 tutu
2710 2372 2842 2429 urbe
2868 2370 3239 2427 concurritur.

2290 2464 2463 2537 (Cap.
2496 2462 2615 2521 XX.
2644 2492 2716 2503 —-
2743 2462 2903 2519 Vers.
2937 2462 3035 2532 1.)
3084 2463 3232 2517 Anno
3276 2477 3379 2535 quo
3429 2460 3694 2535 ingressus
3742 2465 3809 2518 est

2219 2553 2471 2615 Thartam
2521 2556 2577 2612 in
2617 2556 2865 2620 Aeolum.
2907 2570 3026 2611 cum
3065 2554 3286 2610 misisset
3325 2569 3442 2613 eum
3480 2553 3692 2628 Sargan
3728 2568 3811 2611 rex

2219 2647 2545 2720 Assyriorum
2566 2692 2581 2716 ,
2613 2658 2662 2703 et
2690 2657 2974 2722 pugnasset
3011 2657 3196 2703 contra
3231 2646 3451 2707 Asatum
3471 2686 3485 2711 ,
3512 2655 3572 2722 et
3605 2647 3816 2719 cepisset

2217 2756 2353 2799 eam.
2404 2739 2471 2796 In
2514 2752 2739 2813 tempore
2783 2740 2876 2797 illa
2919 2738 3122 2796 locutus
3161 2749 3237 2796 est
3283 2740 3535 2797 Dominus
3559 2740 3614 2795 in
3660 2755 3815 2796 inantt

2220 2832 2377 2891 Isaia:
2405 2833 2503 2903 [illi
2530 2837 2686 2889 Amos
2707 2876 2721 2902 ,
2753 2835 2929 2891 dicens
2953 2850 2970 2890 :
3004 2834 3153 2890 Vade
3179 2843 3226 2891 et
3252 2834 3392 2890 solve
3419 2848 3627 2891 saccum
3667 2842 3813 2888 tuum

2220 2929 2283 2984 tle
2305 2928 2494 2986 lumbis
2515 2930 2638 2998 tuis,
2658 2938 2705 2984 et
2729 2928 3075 2986 calceamenta
3096 2940 3181 2985 tua
3210 2929 3335 2986 tolle
3360 2930 3423 2984 de
3441 2927 3657 3002 pedibus
3685 2928 3782 2989 tuis
3796 2939 3818 2984 :

2219 3034 2267 3081 et
2293 3025 2410 3096 fecit
2440 3026 2515 3081 sic
2532 3066 2545 3089 ,
2569 3023 2760 3081 uadens
2785 3024 2954 3080 nudus
2979 3034 3029 3079 et
3050 3023 3412 3080 discalceatus.
3437 3020 3692 3095 Dixitque
3713 3021 3817 3077 Dea

2221 3120 2432 3173 minus:
2481 3117 2629 3174 Sicut
2670 3116 2949 3175 ambulavit
2989 3132 3165 3175 servus
3200 3132 3340 3173 meus
3366 3114 3540 3171 Isaias
3564 3116 3740 3171 nudus
3776 3122 3823 3177 et

2225 3210 2585 3273 discalceatus,
2611 3211 2768 3265 trium
2790 3225 3044 3264 annorum
3073 3209 3313 3279 signum,
3340 3218 3387 3265 et
3415 3217 3709 3280 portentum
3730 3205 3820 3267 erit

520 3315 575 3358 et
604 3305 673 3360 de
699 3304 808 3360 alia
840 3305 907 3359 ad
940 3305 1104 3361 aliam
1138 3307 1322 3363 nullus
1352 3309 1434 3364 ire
1463 3317 1681 3379 poterat
1709 3311 1988 3368 nationem
2016 3329 2026 3364 :
2061 3311 2114 3369 in

2229 3319 2371 3376 super
2397 3300 2688 3374 gyptunt
2705 3344 2717 3364 .
2745 3310 2794 3356 et
2824 3316 2980 3374 super
3003 3299 3354 3374 zEthinpiant.
3386 3298 3476 3357 Sic
3498 3298 3717 3354 minabit
3735 3312 3822 3355 res;

518 3398 768 3454 Romano
814 3408 995 3454 autem
1046 3400 1280 3469 imperio
1334 3417 1500 3457 unum
1549 3403 1691 3458 facta
1735 3411 1864 3458 sunt
1906 3403 2114 3461 omnia.

523 3493 725 3548 Dnctns
759 3493 935 3547 lector
961 3503 1173 3550 veteres
1207 3494 1454 3550 revolvat
1483 3495 1740 3553 historias
1761 3537 1776 3563 ,
1811 3505 1866 3555 et
1903 3498 1972 3555 ab
2012 3497 2120 3555 Eue

520 3585 717 3655 plurale
760 3601 932 3658 usque
971 3586 1039 3642 ad
1069 3587 1317 3658 Tigrim,
1359 3604 1577 3644 onlnem
1622 3590 1674 3647 in
1717 3589 1900 3647 medio
1936 3590 2120 3663 regio-

524 3697 645 3736 nem
677 3683 1028 3753 Assyriorum
1067 3682 1233 3738 fuisse
1267 3694 1582 3753 cognoscat.
1626 3683 1773 3754 Ergo
1803 3699 1939 3756 quos
1968 3694 2119 3743 vetc-

520 3787 609 3830 rcs
649 3773 948 3846 Assyrios,
1000 3790 1144 3830 nunc
1185 3790 1287 3831 nos
1334 3790 1597 3832 vocamus
1643 3776 1849 3849 Syros,
1895 3793 1926 3837 a
1969 3790 2123 3848 parte

523 3873 694 3921 totum
741 3866 1104 3937 appellantes.
1153 3868 1311 3935 Quod
1363 3878 1545 3924 autem
1596 3869 1839 3926 dicitur:
1883 3869 2125 3945 zEgyptii

521 3961 739 4016 servient
781 3961 932 4035 Syris
956 4005 969 4032 ,
1011 3961 1100 4018 vel
1126 3962 1205 4018 sic
1231 3962 1612 4036 accipiendum
1634 4006 1647 4030 ,
1683 3964 1829 4036 quod
1863 3964 2125 4021 Romanae

522 4053 765 4126 legiones
788 4057 930 4129 Syro
956 4057 1243 4114 instructa:
1272 4058 1386 4129 (At.
1414 4058 1706 4133 instructo)
1729 4060 1901 4116 milite
1921 4058 2130 4132 Egypo

525 4154 636 4199 tum
666 4146 1015 4215 custodiant,
1049 4148 1315 4219 autquod
1356 4150 1643 4222 utriusque
1682 4152 1863 4220 gentis
1895 4151 2039 4207 inter
2069 4166 2129 4208 se

522 4239 852 4294 commercia
884 4240 998 4295 sint
1017 4281 1031 4304 ,
1066 4250 1122 4294 et
1145 4240 1537 4298 abundantiam
1566 4241 1785 4316 Egypti
1813 4242 1984 4316 Syriae
2009 4259 2132 4300 sus-

524 4330 728 4403 cipiaut
748 4333 1023 4399 civitates,
1062 4335 1203 4390 sicut
1226 4339 1539 4395 ccontrario
1565 4336 1869 4395 Palmstinte
1895 4346 1948 4393 et
1968 4335 2132 4395 Phin-

528 4425 666 4482 nicis
708 4426 866 4481 bonis
904 4426 1172 4500 Egyptus
1210 4428 1488 4500 irrigetur.
1543 4430 1777 4499 Quidam
1820 4438 2131 4487 nostrorum

526 4519 669 4575 male
698 4518 816 4575 haec
847 4520 914 4576 ad
945 4522 1096 4578 mille
1127 4536 1299 4577 annos
1327 4522 1606 4591 referunt,
1638 4534 1690 4579 et
1722 4540 1875 4582 more
1900 4524 2133 4585 ludalco

528 4612 583 4671 in
614 4614 1092 4675 consummatione
1120 4615 1307 4673 mundi
1337 4617 1503 4692 210
1533 4615 1710 4675 futura
1745 4620 2125 4689 pronuntiant.

2221 3396 2555 3468 Assyriorum
2581 3394 2931 3468 captivitatem
2958 3392 3177 3465 zEgypti
3195 3435 3211 3461 ,
3244 3402 3292 3447 et
3320 3392 3822 3465 transmigrationeat

2224 3489 2543 3562 fifthiopite,
2569 3492 2818 3563 juvenum
2842 3497 2889 3541 et
2914 3503 3094 3543 senum
3118 3485 3316 3541 nudam
3340 3495 3389 3541 et
3420 3484 3821 3557 discalceatatn,

2223 3584 2562 3657 discoopertis
2586 3583 2811 3650 natibus,
2830 3582 3170 3653 ignominiam
3191 3578 3438 3653 cEgypti.
3462 3577 3529 3635 Et
3554 3577 3821 3645 timebunt,

2224 3690 2270 3735 et
2298 3681 2679 3757 confundantur
2704 3679 2768 3734 ab
2798 3677 3074 3748 .Etltiopia
3111 3692 3202 3746 spe
3240 3692 3335 3730 sua
3354 3717 3371 3743 ,
3412 3685 3460 3730 et
3501 3675 3565 3728 ab
3592 3672 3826 3747 .Egypto

2224 3775 2391 3849 gloria
2416 3791 2529 3831 sua.
2559 3772 2623 3829 Et
2648 3776 2808 3851 all
2833 3771 2967 3827 dicet
2992 3769 3251 3825 habitator
3277 3767 3465 3825 insula:
3485 3766 3646 3841 hujus
3671 3767 3727 3825 in
3747 3764 3826 3823 die
3882 3786 3887 3795 ·

2224 3870 2351 3925 illa:
2381 3867 2513 3923 Ecca
2540 3867 2651 3923 Itazc
2674 3878 2785 3922 erat
2809 3882 2923 3938 spes
2945 3875 3142 3925 nostra.
3169 3863 3238 3918 ad
3260 3878 3391 3935 quos
3416 3861 3749 3932 confugimus
3772 3858 3828 3916 in

2228 3964 2511 4029 auxilium,
2544 3974 2598 4017 ut
2630 3962 2870 4016 liberaret
2910 3976 3003 4015 nos
3043 3975 3075 4013 a
3115 3959 3249 4029 facie
3285 3957 3419 4029 regis
3462 3955 3827 4029 Assyriorum,

2229 4066 2276 4112 et
2306 4056 2564 4129 quomodo
2590 4053 2816 4126 effugere
2841 4054 3123 4126 poterimus
3155 4053 3293 4107 nos?
3322 4050 3517 4107 Totam
3549 4049 3829 4120 posuimus

2230 4150 2456 4217 capituli
2491 4148 2650 4219 hujus
2680 4145 3073 4202 continentiam
3100 4187 3115 4211 ,
3146 4156 3208 4201 ut
3248 4159 3345 4215 per
3392 4152 3575 4214 partes
3616 4138 3831 4211 singula

2230 4242 2589 4299 disseramus.
2646 4239 2852 4296 Azotus
2906 4254 3029 4310 qua:
3082 4237 3353 4294 Hebraiee
3406 4236 3610 4291 dicitur
3666 4246 3831 4289 ssnon

2234 4335 2491 4410 (arma),
2523 4335 2654 4391 urbs
2687 4333 2786 4390 fuit
2817 4333 3198 4405 potentissima
3230 4330 3541 4388 Palmstina:
3569 4329 3638 4385 de
3669 4327 3830 4401 quin-

2232 4446 2338 4501 que
2386 4429 2651 4485 urbibus:
2704 4427 2845 4484 hane
2887 4429 3098 4498 Sargon
3148 4441 3244 4483 rex
3292 4424 3677 4498 Assyriorum.
3736 4419 3827 4492 qui

2233 4531 2439 4593 septem
2470 4520 2782 4577 nominibus
2811 4520 3148 4591 appellatur,
3178 4519 3352 4574 misso
3380 4519 3521 4573 duce
3560 4516 3834 4573 exercitus

2234 4616 2355 4684 sui,
2385 4617 2471 4672 cui
2508 4631 2704 4672 nomen
2736 4622 2857 4673 erat
2886 4614 3129 4671 'l‘ltartan
3152 4656 3168 4681 ,
3211 4612 3359 4686 cepit
3406 4620 3463 4669 et
3502 4610 3706 4668 tenuit.
3752 4610 3833 4667 Eo

526 4707 743 4776 quando
770 4708 1139 4766 Antichristus
1166 4710 1235 4765 de
1263 4712 1504 4783 Assyriis
1533 4713 1762 4767 veniens
1785 4753 1799 4776 ,
1833 4712 2129 4786 Egyptum
2158 4697 2207 4757 Ῑ)
2234 4712 2396 4781 igitur
2435 4721 2683 4781 tempore
2707 4727 2813 4781 quo
2838 4708 3013 4764 vicina
3043 4708 3243 4767 Civitas
3264 4715 3421 4779 capia
3448 4719 3553 4774 θείω
3580 4704 3834 4778 Ρΐίιῖεῖβίη

529 4797 979 4871 [Ειιιὶορίιιιιιιιιιθ
1008 4802 1339 4871 possederit.

602 4891 781 4965 (Vers.
797 4892 891 4962 24,
906 4892 1026 4966 25.)
1051 4893 1116 4951 In
1139 4895 1224 4953 die
1248 4896 1342 4951 illa
1362 4897 1455 4952 erit
1482 4894 1652 4957 Israel
1673 4898 1856 4955 tertius
1878 4898 2134 4973 Afgyptio

529 4994 575 5039 et
602 4986 833 5058 Assyrio,
859 4987 1143 5043 benedictio
1164 4990 1218 5045 in
1239 4988 1408 5046 medio
1435 5002 1602 5061 terra,
1629 4993 1712 5047 cui
1743 4993 2001 5049 benedixit
2024 4992 2130 5048 Do-

531 5080 701 5133 minus
733 5081 1083 5150 exercituum,
1132 5081 1341 5151 dicens,
1383 5082 1690 5139 Benedictus
1730 5086 1951 5160 papnlus
1989 5102 2133 5141 meus

533 5172 776 5249 ngypn',
803 5185 851 5230 et
879 5191 1009 5246 Opus
1037 5192 1285 5232 numnum
1311 5194 1542 5234 mearum
1570 5182 1786 5251 Assyrio
1811 5197 1830 5241 .'
1856 5180 2135 5238 hes-reditas

605 5340 630 5369 α
660 5330 907 5387 Martian.
934 5331 1179 5399 irruerit;
1208 5350 1315 5389 non
1340 5344 1507 5390 recte.

604 5401 631 5441 δ
670 5403 868 5479 Totum
899 5402 1043 5479 hunc
1064 5422 1282 5479 sensum
1308 5406 1529 5479 Hieran.
1555 5408 1623 5461 ab
1648 5407 1884 5465 Eusebio
1905 5423 2130 5479 expres-

532 5474 633 5540 sit,
657 5475 751 5552 sed
780 5475 1146 5552 paucioribus.
1172 5478 1397 5552 Quando
1420 5494 1503 5545 (uc
1524 5487 1703 5533 autem
1730 5481 1840 5552 ipsa
1866 5474 2132 5552 interpre-

535 5555 681 5627 tatur
712 5547 931 5627 Eusebii
966 5557 1130 5627 verba
1147 5590 1162 5617 ,
1197 5561 1252 5602 nt
1291 5550 1408 5627 haec
1435 5557 1561 5627 sunt
1584 5552 1720 5627 ξηρὰ
1750 5547 1857 5627 gap,
1878 5547 2135 5627 Ῥωμὰὶωιι

536 5620 713 5696 ᾁρχῆς
756 5618 1043 5696 ἰδίαςρνταςς
1085 5617 1228 5696 εἶχον
1275 5620 1515 5696 Domitia;
1559 5622 1604 5676 oi
1645 5617 1699 5696 ’ξε
1742 5617 2138 5696 Ᾰίιίύπτιόι-καί

2239 4816 2327 4861 tur
2348 4806 2505 4861 Isaiae
2527 4846 2541 4871 ,
2565 4817 2624 4859 ut
2647 4804 2893 4875 deposita
2921 4817 3111 4858 saccea
3134 4803 3317 4857 tunica
3340 4803 3358 4872 (
3384 4802 3472 4857 hic
3501 4801 3652 4857 enim
3679 4794 3834 4858 erat‘l

2241 4901 2459 4957 habitus
2502 4898 2837 4973 prophetalis
2883 4897 3066 4969 populi
3116 4896 3319 4952 delicta
3370 4892 3756 4967 plangentis),
3786 4898 3838 4948 et

2236 4994 2620 5051 calceamentis
2659 5007 2691 5049 e
2743 4991 2972 5062 pedibus
2993 5031 3009 5058 ,
3038 5006 3161 5061 qua:
3190 4988 3337 5049 LXX
3366 4988 3561 5061 caligas
3600 4994 3837 5057 vocant,

2239 5088 2415 5143 nudus
2471 5095 2529 5143 et
2576 5085 2940 5141 disealceatus
2990 5082 3306 5147 incederet,
3349 5090 3542 5154 typum
3588 5080 3840 5151 prebens

2239 5179 2572 5255 captivitatis
2604 5177 2879 5255 [Egyptian
2911 5185 2967 5232 et
2997 5175 3343 5248 EthiOpum,
3369 5175 3459 5249 qui
3484 5172 3760 5245 Egyptiis
3783 5170 3840 5226 in

2228 5332 2970 5416 ὁρῶνλσςρατὸιῖιδα-Ῥωμᾳϊκά
3007 5336 3177 5416 Eiiva
3213 5330 3411 5416 ἀνδρῶν
3449 5332 3579 5416 κατδε
3625 5328 3842 5416 nepam;

2230 5354 2356 5416 ὀρῶν
2391 5354 2687 5413 σρατοπιοα
2735 5354 2970 5409 Perpetua:
3007 5354 3177 5461 2.1.wa
3213 5354 3411 5405 ανορων
3449 5354 3579 5386 κατα
3625 5354 3840 5403 nepam;

2230 5418 2329 5483 τῶν
2361 5411 2657 5483 Αἰγυπτίων
2693 5410 3023 5483 ἐγκᾳθήμςνα,
3107 5407 3374 5481 ἰγυπτίονς
3398 5404 3695 5483 ’τε-τούςοις
3726 5398 3840 5456 δου-

2232 5471 2488 5557 ζξὺογταξ,
2521 5482 2607 5535 οὐκ
2632 5471 2960 5557 hanging/ain
2982 5471 3074 5539 't'riv
3091 5471 3203 5557 ἀξῆς
3236 5478 3545 5557 προφητξίας
3576 5471 3794 5557 ἒξκϐεισιν
3814 5484 3837 5557 ξ

2241 5553 2306 5609 Et
2332 5541 2587 5621 denique,
2626 5557 2726 5613 Νῦν
2757 5549 2810 5609 δὲ
2834 5541 2872 5609 δ’
2896 5541 3074 5633 ita:pr
3091 5550 3234 5633 λόγος
3270 5541 3523 5629 neruosum»
3550 5547 3725 5605 αὐτοῖς
3762 5541 3843 5599 καὶ

2241 5619 2501 5698 ἐπιμιξραιι
2529 5625 2788 5698 Ossa-iga,
2820 5636 2941 5698 qum.
2972 5619 3106 5679 infra
3141 5619 3356 5698 repetit.

537 5687 833 5769 ’Ae-abptoi.
868 5687 1221 5769 'l'ttmistlt'tiic
1250 5710 1264 5747 :
1290 5689 1607 5769 Ἀσσυρίους
1653 5691 1706 5747 δέ
1747 5687 1961 5769 insanibat
1998 5691 2141 5769 οἶμαι

556 5712 833 5763 Λσσυριοι.
879 5712 1002 5745 ιιιιιι
1031 5712 1264 5747 ιδιιιιιξιεε
1305 5712 1607 5817 nocuimus);
1653 5712 1706 5747 os
1747 5712 1961 5752 ενταιιυα
1998 5712 2139 5769 etiam

540 5759 733 5852 uulsis"
745 5766 1054 5852 sangpqrpriu
1076 5805 1089 5829 ,
1118 5767 1240 5851 rei);
1268 5770 1358 5818 νῦν
1374 5785 1452 5851 ,κα
1483 5766 1726 5836 ουμένους
1745 5768 1941 5852 ’Σύροιές
1960 5784 1972 5797 '
2004 5769 2139 5829 κατά

542 5832 600 5910 gs
640 5830 794 5910 πᾲλαι
833 5830 1077 5910 δῖοὶδτὴγ
1099 5830 1275 5908 Sapiam
1294 5838 1385 5910 ξαὶ
1411 5830 1829 5910 ,Μεσόποταμίαιί
1867 5843 2138 5909 οἰκοῦντες,

544 5900 813 5987 Ἀσσύριοι
843 5900 1239 5985 ,ἀχρημάτιςὸνο
1294 5906 1360 5966 Ει
1408 5902 1547 5968 infra
1575 5926 1585 5962 :
1616 5900 1707 5977 Τίέ
1748 5909 1830 5970 οὖν
1876 5900 2143 5994 ὀγθαλμοῗξ·

576 6142 1049 6245 /

2320 5686 2341 5733 δ
2387 5686 2558 5752 Vatic.
2590 5686 2941 5761 Judwtchni
2978 5704 3031 5746 et
3061 5707 3182 5747 innx
3207 5688 3521 5745 Tltolontwis
3554 5686 3719 5761 habet
3751 5696 3848 5759 pro

2248 5764 2580 5832 Ptolomaeis,
2612 5765 2679 5818 de
2707 5782 2810 5832 qua
2847 5760 3082 5821 lectione
3112 5763 3276 5834 paulo
3311 5763 3566 5834 superius
3587 5760 3846 5834 uisimus.

2318 5830 2624 5911 {Verbum
2664 5830 2773 5911 erat
2812 5830 3132 5911 sollemnitas
3161 5831 3441 5911 e‘dunbus
3478 5846 3610 5889 mss.
3653 5830 3851 5911 liuius.

2252 5909 2396 5977 modi
2424 5912 2527 5968 alia
2558 5909 2757 5986 passim
2786 5924 2816 5971 e
2844 5925 2894 5967 ιιι
2912 5926 2974 5973 ηδ.
3004 5906 3367 5969 restituimus.
3746 5906 3753 5911 ’
3790 5920 3791 5925 ‘
