4014 6440
236 365 323 426 l89
765 361 1412 422 COMMENTARIORUM
1456 360 1523 419 ΙΝ
1564 359 1798 419 ISAIAM
1827 356 2256 416 PRUPBETAM
2294 356 2426 412 LIB.
2469 355 2535 411 ν.
2574 353 2730 414 CAP.
2773 356 2918 414 XXI.

3387 356 3499 417 £90

228 483 529 557 adiutorium
579 482 837 540 fuerant:
878 482 1023 552 quod
1068 478 1348 549 quomodo
1394 477 1566 544 isaias
1610 476 1789 533 nudus
1814 478 1865 539 Δ
1893 486 2041 531 serto
2081 474 2216 529 mari
2253 474 2548 545 imponitur
2580 492 2595 529 :
2630 474 2987 545 Perspicuum
3027 488 3158 545 ergo
3186 482 3303 539 est,
3347 472 3496 545 quod

223 577 538 642 ambularet,
568 584 625 633 et
650 574 950 632 nuditatem
980 572 1337 630 cernentibus
1365 572 1527 629 nudis
1567 571 1790 628 natibus

223 674 633 730 demonstraret:
667 670 743 725 ita
775 668 957 724 omnis
987 666 1261 739 Egyptus
1288 678 1454 738 atque
1482 665 1788 736 Ethiopian,

222 765 490 839 populante
519 763 774 835 Assyrio,
819 763 976 820 nuda:
1018 762 1249 829 tierent,
1290 770 1348 818 et
1387 761 1525 818 nihil
1566 762 1792 817 ontttino

220 860 268 914 in
296 870 434 915 terra
457 865 791 927 remaneret.
821 854 936 914 Nec
966 855 1071 910 hoc
1099 855 1299 926 aliquis
1330 863 1486 925 putet
1515 853 1791 925 superiori

219 950 443 1008 felicitati
468 990 485 1016 ,
515 964 637 1020 quae
662 948 941 1021 Egyptiis
962 947 1392 1018 repromittitur,
1424 961 1546 1003 esse
1571 953 1792 1003 contra-

218 1047 339 1101 rium
361 1063 375 1099 :
404 1043 534 1113 quia
560 1042 637 1098 ibi
665 1050 787 1113 post
812 1042 958 1099 mala
984 1041 1052 1099 de
1075 1040 1258 1097 futura
1286 1040 1626 1098 beatitudine
1651 1056 1792 1112 pras-

216 1139 442 1195 dicatur:
474 1136 563 1193 hic
588 1148 770 1192 autem
802 1151 1046 1206 prteseus
1068 1143 1323 1192 narratur
1346 1136 1659 1206 captivitas,
1695 1151 1793 1206 per

212 1248 358 1303 quam
387 1231 574 1287 deleto
608 1230 779 1286 israei
810 1239 867 1287 et
904 1229 1176 1286 Damasco
1200 1271 1216 1295 ,
1245 1239 1301 1285 et
1328 1228 1624 1284 Pbilistiim
1652 1269 1667 1294 ,
1704 1244 1791 1284 re.

210 1332 286 1380 cta
315 1323 394 1378 via
432 1322 677 1392 perrexit
704 1320 999 1394 rEgyptum
1027 1364 1042 1386 ,
1075 1330 1131 1376 et
1159 1322 1307 1391 ipsos
1336 1320 1544 1391 pariter
1573 1319 1793 1377 Ethio-

213 1429 399 1486 pesque
426 1412 729 1485 superavit.
762 1412 923 1481 Quod
953 1429 1022 1469 ne
1052 1414 1141 1468 cui
1173 1411 1423 1468 videatur
1448 1411 1789 1483 ambiguum,

210 1508 366 1581 ipsius
393 1508 552 1565 lsaiae
584 1524 859 1579 ponamus
891 1508 1300 1565 testimonium:
1336 1508 1589 1563 Reversus
1618 1519 1792 1562 autem

213 1602 491 1675 Rapsaces,
521 1602 719 1657 invenit
759 1618 930 1673 regem
956 1601 1291 1672 Assyriorum
1335 1602 1660 1671 proeliantem
1699 1600 1794 1654 ad-

212 1712 370 1753 versus
397 1694 634 1750 Lobnatu
651 1712 670 1751 :
695 1696 933 1750 audierat
959 1696 1096 1749 enim
1124 1696 1250 1767 quia
1276 1698 1543 1767 profectus
1572 1704 1703 1750 esset
1730 1694 1795 1749 de

212 1776 379 1843 Larltis
401 1805 421 1844 :
443 1798 488 1844 et
513 1788 712 1843 audivit
734 1787 800 1843 de
817 1786 1053 1842 Tharaca
1072 1803 1192 1859 rege
1216 1786 1510 1858 Ethiopite
1530 1786 1755 1842 dicentes
1773 1803 1793 1843 :

1893 570 2166 628 desertum
2191 585 2342 627 mare
2377 570 2617 643 Babylon
2643 571 2972 641 appellatur,
3004 569 3241 626 Ieremia
3279 568 3496 627 dicente

1891 683 1958 722 ex
1986 682 2216 737 persona
2245 666 2370 721 Dei:
2394 664 2465 719 Et
2486 666 2744 722 desertum
2764 666 2959 738 faciam
2980 681 3121 720 mare
3139 667 3287 738 ejus,
3322 672 3372 719 et
3393 663 3497 718 sic-

1890 759 2020 814 cabo
2039 770 2228 814 terram
2245 758 2390 814 illius
2405 799 2418 824 ,
2452 769 2497 813 et
2519 760 2617 814 erit
2640 758 2876 831 Babylon
2894 759 2950 817 in
2972 755 3199 811 tumulos
3218 770 3499 813 arenarum

1892 853 2124 923 (Jerem.
2150 870 2202 910 ιι
2221 898 2235 922 ,
2264 854 2367 922 36,
2390 855 2459 910 57
2478 856 2520 925 ).
2558 855 2706 910 Mare
2737 864 2917 910 autem
2948 860 3170 923 propter
3193 851 3496 908 multitudi-

1893 962 2017 1002 nem
2042 946 2404 1002 habitantium
2425 946 2645 1001 dicitur.
2673 945 2829 1003 Unde
2848 955 2899 1001 et
2921 960 3083 1016 supra
3108 944 3330 1017 Egypti
3356 942 3498 999 mul-

1894 1041 2071 1096 titudo
2094 1040 2235 1096 mari
2255 1048 2567 1111 comparata
2592 1049 2694 1096 est.
2724 1041 3005 1095 Desertum
3038 1038 3197 1094 faciet
3231 1037 3498 1095 Dominus

1894 1155 2047 1196 mare
2072 1139 2312 1213 Egypti.
2342 1139 2497 1208 Quod
2529 1146 2713 1194 autem
2745 1136 2883 1194 Medi
2916 1144 2974 1191 et
3009 1138 3187 1190 Perste
3218 1148 3497 1206 pugnaveo

1895 1234 2004 1288 rint
2031 1243 2220 1288 contra
2254 1232 2587 1304 Babylonem
2609 1273 2621 1294 ,
2646 1240 2701 1287 et
2734 1228 3105 1285 subverterint
3128 1242 3248 1283 eam
3269 1269 3284 1295 ,
3309 1226 3362 1281 in
3396 1241 3494 1282 su-

1894 1327 2142 1397 pradicto
2179 1325 2412 1382 .lcrentia
2458 1325 2727 1395 legimus:
2776 1324 2958 1377 Acuite
2995 1321 3211 1393 sagittas
3233 1361 3249 1387 ,
3285 1320 3499 1392 implete

1893 1427 2184 1493 pharetras.
2232 1419 2512 1476 Suscitabit
2543 1417 2794 1472 Dominus
2829 1416 3070 1486 spiritum
3107 1429 3288 1487 regum
3317 1412 3501 1468 Medo-

1894 1529 2009 1568 rum
2038 1514 2200 1587 213
2231 1523 2278 1567 et
2306 1521 2486 1567 contra
2513 1510 2834 1582 Babylonem
2866 1525 3008 1563 mens
3048 1509 3192 1579 ejus,
3228 1515 3284 1561 ut
3316 1505 3498 1577 perdat

1895 1623 2047 1673 eam,
2070 1607 2317 1678 quoniam
2339 1603 2472 1661 ultio
2492 1601 2706 1656 Domini
2728 1611 2803 1655 est
2821 1642 2835 1663 ,
2872 1600 3002 1655 ultio
3030 1597 3232 1671 Templi
3252 1598 3353 1654 sui.
3390 1597 3501 1652 Su-

1896 1721 1987 1775 per
2006 1719 2179 1758 muros
2202 1699 2489 1773 Babylonis
2514 1697 2678 1753 levate
2696 1697 2902 1770 signum
2920 1737 2934 1762 ,
2965 1702 3146 1768 augete
3166 1692 3492 1759 custodiant,

1896 1796 2088 1852 elevate
2125 1794 2359 1849 custodes
2386 1836 2401 1858 ,
2447 1800 2739 1865 prwparate
2783 1788 3044 1844 insidias:
3087 1787 3208 1858 quia
3256 1784 3499 1856 cogitauit

211 1882 447 1957 Egressus
472 1892 551 1939 est
578 1891 634 1937 ut
657 1891 849 1955 pugnet
877 1892 1059 1936 contra
1086 1889 1133 1937 te
1161 1880 1261 1954 (iV
1289 1879 1422 1953 Reg.
1450 1896 1540 1936 ιιι
1564 1921 1578 1944 ,
1610 1883 1671 1946 8,
1699 1879 1787 1938 9).

1902 1891 2182 1955 Dominus,
2206 1899 2258 1943 et
2278 1888 2396 1958 fecit
2422 1901 2754 1957 quartumque
2783 1882 2987 1937 locutus
3018 1892 3092 1936 est
3114 1892 3295 1935 contra
3327 1878 3502 1950 Baby-

211 1973 476 2044 Simulque
502 1973 772 2030 discimus
798 1972 1169 2029 obedientiam
1199 1972 1616 2041 prolihetarnm,
1645 1971 1793 2043 quod

209 2070 286 2125 vir
320 2067 518 2124 nobilis
560 2067 824 2140 (tradunt
862 2067 1009 2124 enim
1053 2065 1265 2121 Hebraei
1305 2066 1500 2122 lsaiam
1542 2081 1793 2123 socerum

212 2162 365 2218 fuisse
399 2160 659 2217 Manasse
695 2159 795 2215 lilii
834 2158 1083 2216 Ezechiae
1122 2157 1271 2229 regis
1298 2157 1439 2214 Juda
1469 2158 1489 2229 )
1520 2174 1631 2214 non
1662 2174 1793 2214 ern-

210 2257 368 2313 buerit
393 2255 578 2312 nudus
610 2255 905 2321 incedere;
936 2253 1035 2311 sed
1068 2254 1167 2309 Dei
1200 2252 1495 2325 praeceptis
1525 2253 1666 2309 nihil
1699 2253 1797 2307 bo-

213 2350 401 2406 nestins
435 2348 734 2420 judicans,
780 2346 1099 2418 deposuerit
1138 2360 1399 2410 saccum,
1431 2360 1539 2416 quo
1581 2346 1798 2415 ahjecto

212 2448 368 2503 nudus
388 2448 561 2505 fuerit
580 2484 595 2514 ,
626 2461 789 2502 unam
815 2445 972 2517 prius
999 2443 1211 2499 habens
1239 2442 1511 2506 tunicam,
1541 2450 1592 2496 et
1622 2442 1795 2512 ipsam

212 2542 485 2597 cilicinatn.
536 2539 693 2608 Quod
726 2547 906 2594 autem
937 2538 1176 2592 dicitur:
1220 2534 1404 2590 Trium
1434 2550 1691 2589 annorum
1720 2536 1795 2589 si-

211 2651 381 2707 gnum,
431 2644 477 2688 et
534 2642 832 2702 portentum
880 2631 975 2686 erit
1014 2646 1170 2699 super
1213 2627 1504 2702 ngyptunt
1546 2637 1595 2683 et
1641 2642 1798 2695 super

214 2726 568 2798 .Etltiopiant,
607 2728 713 2782 hoc
755 2724 1065 2796 significat,
1114 2723 1258 2793 quod
1308 2722 1487 2777 tribus
1529 2722 1687 2776 annis
1727 2719 1798 2777 ab

214 2822 433 2894 Assyriis
458 2820 740 2893 Egyptus
770 2817 1030 2874 vastanda
1074 2818 1145 2871 sit
1183 2825 1241 2871 et
1278 2813 1581 2885 Ethiopia.
1618 2813 1795 2882 Tunc,

216 2916 404 2986 inquit.
437 2917 579 2970 dicet
608 2914 870 2969 habitator
900 2912 1086 2967 insulae
1114 2910 1273 2985 hujus
1298 2950 1313 2975 ,
1348 2898 1453 2963 huc
1484 2918 1568 2964 est
1592 2950 1607 2975 ,
1640 2908 1798 2964 Jeru-

214 3009 362 3061 snlem
390 3009 560 3080 212
588 3022 708 3077 qua:
737 3004 1043 3059 vicinarum
1082 3004 1322 3073 gentium
1372 3001 1634 3057 ﬂuctibus
1678 3012 1798 3056 tnu-

214 3100 379 3155 ditur:
417 3101 668 3155 llteccine
698 3108 810 3155 erat
837 3114 956 3169 spes
982 3100 1203 3153 nostra?
1231 3106 1287 3152 et
1322 3096 1389 3151 ad
1424 3096 1524 3151 hos
1553 3094 1801 3167 confugi-

217 3209 351 3261 mus,
379 3203 438 3249 ut
466 3193 636 3250 nobis
663 3192 975 3264 praeberent
1016 3191 1277 3246 auxilium
1301 3232 1315 3257 ,
1345 3191 1433 3259 qui
1476 3205 1535 3245 se
1564 3189 1635 3245 de
1669 3204 1799 3259 cap-

1898 1987 2033 2042 Ionis
2058 1985 2385 2040 habitatores.
2415 1982 2481 2037 Et
2506 1995 2722 2035 rursum
2751 1998 2764 2034 :
2799 1977 2983 2033 Let'ate
3006 1976 3211 2047 signum
3237 1976 3290 2028 in
3317 1983 3455 2028 terra
3472 2012 3490 2039 ,

1898 2079 2123 2150 clangite
2164 2077 2380 2132 buccina
2421 2077 2476 2129 in
2516 2073 2756 2146 gentibus
2784 2113 2798 2137 ,
2838 2070 3163 2140 sanctiﬁcate
3198 2082 3353 2135 super
3392 2080 3505 2120 eam

1897 2182 2090 2247 gentes,
2104 2170 2408 2226 annuntiate
2426 2175 2605 2223 contra
2618 2166 2765 2220 illam
2781 2163 2987 2235 regibus
3004 2162 3214 2226 Ararat,
3232 2159 3430 2227 blenni,
3452 2166 3501 2214 et

1898 2264 2126 2319 Ascenes
2144 2304 2158 2328 ,
2183 2270 2449 2316 numerate
2470 2269 2653 2314 contra
2671 2273 2786 2315 eam
2811 2255 3029 2329 Tapsar,
3054 2254 3295 2309 adducite
3315 2268 3501 2323 equum

1897 2358 2047 2428 quasi
2068 2356 2319 2411 bruchum
2339 2352 2654 2410 aculeatam.
2687 2351 3024 2418 Sauctiﬁcate
3041 2357 3222 2403 contra
3244 2362 3356 2402 eam
3375 2361 3501 2418 gen-

1899 2463 2003 2521 tes,
2028 2466 2172 2523 reges
2195 2448 2415 2511 Mediae,
2448 2449 2604 2509 duces
2635 2449 2749 2518 ejus
2782 2453 2829 2499 et
2862 2445 3131 2497 universus
3163 2441 3501 2511 magistratus

1899 2550 2041 2620 ejus,
2066 2555 2405 2613 cunctamque
2427 2552 2616 2596 terram
2646 2539 2914 2606 potestatis
2947 2538 3077 2607 ejus.
3114 2535 3183 2590 Et
3211 2549 3500 2589 commove-

1900 2642 2037 2695 bitur
2057 2649 2191 2694 terra
2210 2682 2224 2705 ,
2256 2648 2303 2692 et
2326 2637 2631 2703 lurbabitar,
2668 2634 2791 2702 quia
2813 2633 3037 2704 vigilavit
3069 2639 3247 2683 contra
3271 2625 3501 2698 Babylo-

1900 2749 2015 2786 nem
2035 2732 2280 2803 cogitatio
2310 2726 2553 2795 Domini,
2580 2736 2634 2780 ut
2672 2734 2828 2797 ponat
2868 2734 3057 2777 terram
3092 2718 3376 2792 Babylonis
3408 2718 3501 2773 de-

1900 2835 2122 2890 sertam,
2167 2832 2214 2877 et
2252 2818 2645 2876 inbabitabilem
2684 2817 2922 2890 (Jerem.
2954 2831 3037 2881 LI,
3068 2814 3157 2877 ll,
3181 2829 3319 2883 seqq.
3346 2813 3388 2884 ).

1973 2918 2155 2992 (Vers.
2199 2932 2238 2983 t,
2268 2916 2324 2971 2.
2355 2920 2371 2985 )
2403 2916 2551 2972 Sicut
2592 2913 2818 2968 turbines
2846 2912 2909 2965 ab
2952 2910 3129 2980 Africo
3160 2909 3391 2976 veniunt,
3435 2906 3501 2962 de

1902 3013 2102 3065 deserto
2130 3010 2262 3065 venit
2289 3010 2354 3063 de
2379 3021 2515 3062 terra
2546 3006 2801 3061 horribili.
2835 3004 2980 3059 Visio
3011 3003 3143 3056 dura
3168 3002 3407 3055 nuntiata
3428 3007 3501 3055 est

1903 3106 2046 3161 mihi.
2082 3104 2199 3162 Vox
2232 3105 2510 3176 Babylonii
2545 3102 2728 3173 pepuli
2763 3085 3003 3155 timentis
3047 3097 3346 3161 inducitur,
3385 3093 3503 3151 sive

1901 3199 2079 3270 ipsius
2128 3196 2441 3269 Babylonis,
2484 3195 2628 3266 quod
2678 3192 2861 3248 audiat
2908 3190 3091 3247 Medos
3132 3198 3187 3245 et
3239 3186 3503 3243 Elamitas

217 3290 415 3345 tivitalis
451 3289 606 3345 malo
644 3302 840 3344 eruere
871 3302 978 3342 non
1009 3284 1345 3357 quiverunt?
1374 3284 1476 3340 ES!
1519 3284 1681 3355 igillll‘
1712 3281 1799 3339 hic
1824 3270 1869 3334 Ο
1902 3305 2089 3351 contra
2122 3308 2182 3349 se
2212 3292 2511 3347 exercitum
2544 3302 2875 3359 prwparare’
2910 3292 2967 3339 et
2994 3284 3181 3340 venire
3209 3281 3279 3337 de
3306 3279 3503 3336 solilu.

214 3381 333 3436 ordo
368 3380 733 3453 providentia:
774 3381 906 3446 Dei,
940 3396 1100 3434 omne
1142 3377 1423 3434 hominum
1455 3393 1627 3449 genus
1660 3376 1796 3433 inei~

217 3475 352 3531 labili
385 3474 600 3547 judicio
639 3474 1030 3544 dispensantis.
1073 3470 1279 3545 contra
1319 3470 1415 3526 Dei
1456 3470 1591 3525 iram
1633 3470 1795 3525 Israel

215 3572 433 3640 speravit
476 3574 537 3626 in
580 3571 885 3626 Dumasco:
931 3569 1186 3624 diruatur
1219 3568 1413 3623 civitas
1443 3584 1562 3638 qua:
1605 3568 1800 3624 adver—

214 3680 318 3721 sum
358 3667 506 3722 illius
547 3665 891 3721 voluntatem
920 3663 1103 3732 impiis
1134 3669 1362 3733 praestat
1387 3662 1668 3716 auxilium.
1701 3660 1797 3715 Ju-

213 3758 296 3812 das
330 3759 575 3829 speravit
612 3758 665 3812 in
706 3756 1020 3829 Egyptiis:
1062 3765 1118 3811 et
1155 3754 1424 3828 Egyptus
1453 3754 1792 3809 destruatur.

214 3848 430 3923 (Egyptii
460 3850 660 3907 conlisi
688 3859 818 3906 sunt
851 3850 903 3905 in
925 3848 1277 3920 Ethiopibus
1301 3865 1314 3901 :
1339 3845 1630 3917 Ethiopes
1654 3861 1795 3918 quo-

213 3952 305 4015 que
325 3946 617 4001 vincantur
637 3945 706 4001 ab
728 3944 989 4016 Assyriis.
1015 3942 1226 4014 Assyrii
1247 3942 1657 4011 superbierunt,
1684 3955 1794 3995 non

215 4039 331 4109 Dei,
358 4042 451 4097 sed
478 4055 706 4097 suarttm
736 4040 932 4094 virium
960 4037 1290 4092 arbitrantes
1316 4050 1439 4091 esse
1467 4034 1750 4090 victoriam
1777 4049 1791 4088 :

211 4142 259 4188 ct
282 4133 374 4203 ipsi
404 4135 698 4190 vincantur
723 4147 752 4187 a
785 4131 1127 4203 Babyloniis-
1147 4128 1384 4201 Babylon
1408 4112 1638 4185 elevavit
1664 4142 1797 4183 cnn-

212 4236 278 4281 trs
302 4227 462 4284 Deum
485 4236 651 4298 caput
672 4243 685 4280 :
709 4234 763 4281 et
782 4226 899 4297 ipsa
921 4240 949 4279 a
974 4223 1144 4280 Medis
1167 4222 1458 4291 Persisque
1478 4230 1792 4292 superetur.

212 4321 371 4379 Perstr
397 4334 451 4381 et
476 4322 622 4379 Medi
647 4338 712 4378 ex
742 4306 897 4391 parte
925 4319 1193 4391 persecuti
1220 4325 1347 4374 sunt
1373 4316 1633 4387 populum
1660 4306 1789 4381 Dei,

208 4428 256 4471 et
277 4419 413 4474 aries
437 4416 776 4473 saevissimus
802 4413 869 4470 ad
897 4412 1175 4469 Orientem
1204 4420 1261 4466 et
1284 4410 1641 4465 Occidentem
1669 4422 1792 4463 om-

208 4528 295 4569 nes
322 4514 551 4586 populos
590 4510 906 4576 ventilavit;
949 4508 1129 4563 veniat
1159 4505 1343 4561 hircus
1374 4503 1703 4569 Alexander,
1737 4510 1794 4559 et

206 4615 437 4663 conterat
477 4621 603 4663 eum
633 4602 867 4682 pedibus
889 4601 1023 4657 suis.
1053 4598 1125 4655 Et
1153 4600 1257 4654 iste
1282 4598 1375 4668 qui
1403 4598 1541 4652 ultra
1569 4594 1791 4652 modum

1899 3387 2049 3451 dine,
2086 3385 2343 3455 ponitque
2374 3382 2801 3454 comparationis
2832 3378 3171 3447 exemplum.
3203 3374 3375 3436 Sicut,
3424 3373 3506 3427 in-

1899 3482 2035 3552 quit,
2071 3480 2141 3534 ab
2185 3479 2370 3533 Africo
2422 3484 2588 3531 vento
2633 3476 2930 3531 vehemens
2972 3479 3270 3541 tempestas
3315 3466 3506 3522 vcniro

1899 3570 2224 3629 consuevit:
2259 3572 2332 3626 ita
2375 3568 2504 3624 mihi
2546 3568 2615 3623 de
2644 3564 2944 3622 solitudine
2988 3565 3209 3617 vaSIitas
3239 3558 3402 3625 venit,
3436 3558 3505 3614 de

1902 3676 2043 3722 terra
2078 3664 2343 3727 itorribili,
2376 3664 2535 3731 cujus
2565 3676 2631 3715 ne
2663 3675 2861 3714 nomen
2905 3656 3121 3727 quidem
3157 3656 3344 3710 audire
3372 3668 3504 3726 pns-

1900 3775 2016 3813 sum
2044 3758 2250 3827 absque
2270 3756 2585 3810 formidine.
2620 3752 2771 3807 Visio
2795 3751 2929 3805 dura
2962 3750 3208 3803 nuntiata
3232 3757 3314 3803 est
3339 3746 3505 3802 mihi:

1899 3853 2027 3923 quid
2061 3851 2206 3909 enim
2234 3849 2426 3904 durius
2456 3862 2617 3917 quam
2651 3860 2890 3915 praesens
2918 3841 3252 3912 captivitas?

1974 3945 2077 4011 Qui
2100 3943 2398 3998 incredulus
2423 3950 2519 4006 est,
2564 3938 2849 4008 infideliter
2878 3936 3025 4006 agit:
3065 3943 3112 3988 et
3143 3934 3226 4001 qui
3270 3933 3507 4004 depopu-

1900 4038 2034 4092 lator
2053 4045 2150 4105 est,
2172 4043 2352 4091 vastat.
2385 4034 2563 4090 Petest
2592 4031 2645 4085 in
2675 4030 2905 4085 Ilebrtco
2930 4029 3000 4082 ita
3026 4028 3131 4098 legi
3157 4044 3169 4081 :
3204 4026 3306 4095 Qui
3325 4026 3505 4093 credis,

1900 4131 2072 4198 ccede;
2100 4139 2148 4182 et
2177 4130 2265 4199 qui
2298 4136 2486 4192 vastas,
2524 4135 2689 4189 vasta,
2721 4132 2779 4179 ut
2812 4122 2876 4177 ad
2909 4123 3084 4192 ipsum
3133 4118 3421 4173 Elatnitctn
3452 4124 3509 4173 ct

1900 4226 2114 4282 Medum
2175 4222 2475 4294 propltctim
2520 4218 2834 4275 vaticinium
2889 4216 3176 4287 dirigatur,
3234 4212 3507 4269 hortantis

1898 4335 2024 4377 eum
2046 4318 2275 4389 implere
2296 4314 2439 4385 quod
2462 4314 2647 4383 coepit,
2666 4310 2997 4381 intrepidum
3017 4306 3341 4372 ascendere,
3359 4305 3509 4361 obsi-

1898 4414 2030 4469 dere
2060 4410 2500 4483 potcntissimam
2528 4407 2833 4462 civitatem.
2864 4404 2959 4462 Sin
2984 4413 3162 4458 autem
3183 4401 3261 4456 sic
3279 4400 3500 4472 legitur,

1897 4513 1956 4560 ut
1985 4502 2384 4569 transtulimus,
2417 4499 2568 4571 quasi
2592 4500 2661 4555 de
2689 4511 2924 4569 persona
2958 4495 3118 4551 tertia
3147 4492 3378 4558 dicatur,
3412 4491 3502 4563 qui

1899 4597 2198 4655 incredulus
2228 4605 2322 4662 est,
2355 4592 2637 4665 inﬁdeliter
2668 4592 2775 4663 agit
2800 4606 2819 4645 :
2845 4600 2891 4644 et
2921 4589 3007 4659 qui
3034 4585 3379 4658 depopulator
3401 4594 3500 4655 est,

205 4709 403 4756 erectus
429 4707 549 4763 est,
577 4667 792 4753 veneno
814 4674 1038 4765 pereat,
1078 4667 1413 4761 regnumque
1440 4688 1558 4759 eius
1583 4686 1793 4743 divida-
1815 4667 1871 4730 Ῑ)
1894 4698 2091 4744 vastat:
2126 4702 2248 4743 cum
2280 4683 2650 4756 superioribus
2677 4679 3041 4752 copulandum
3071 4687 3179 4746 est,
3210 4680 3263 4734 in
3305 4679 3502 4750 quibus

203 4802 282 4848 tur
294 4794 345 4848 in
367 4802 554 4863 partes
575 4808 588 4844 :
614 4799 671 4846 et
693 4803 817 4844 cum
841 4772 1013 4842 multo
1032 4793 1281 4854 tempore
1302 4783 1447 4837 inter
1463 4795 1523 4837 se
1538 4780 1787 4836 collisum

205 4885 375 4959 fuerit,
416 4886 669 4941 Romano
706 4884 983 4951 vincente,
1026 4880 1336 4952 populetur.
1359 4877 1637 4933 Romanus
1672 4878 1790 4948 ipse

203 4978 407 5036 ferratis
438 4979 698 5036 dentibus
726 4976 1106 5048 unguibusque
1140 4980 1450 5029 sanctorum
1481 4986 1709 5039 carnes,
1734 4981 1790 5028 et

200 5084 414 5131 cruento
440 5089 538 5131 ore
564 5072 865 5130 laceravit:
890 5056 1171 5127 excidatur
1193 5067 1329 5139 lapis
1354 5066 1423 5123 de
1445 5075 1632 5123 monte
1669 5067 1788 5123 sine

203 5168 471 5238 manibus,
498 5177 554 5223 et
587 5166 1029 5239 potentissimum
1059 5163 1292 5235 primum
1318 5176 1543 5233 regnum
1585 5175 1649 5217 ac
1682 5160 1787 5217 fero

201 5274 374 5327 reum,
406 5260 607 5317 deinde
637 5259 829 5331 fragile
860 5268 916 5315 et
934 5257 1212 5314 infirmum
1237 5296 1252 5320 ,
1292 5255 1344 5311 in
1378 5262 1638 5312 testarum
1669 5268 1787 5310 mo-

201 5355 318 5409 dum
341 5365 592 5410 conterat
621 5351 870 5427 (Daniel.
899 5350 999 5424 11).

264 5445 420 5518 (Cap.
445 5444 837 5503 XXl.-—Vers.
867 5444 946 5517 1.)
980 5444 1127 5498 Onus
1158 5442 1344 5497 deserti
1374 5441 1556 5495 maris.
1590 5439 1704 5495 Nisi
1732 5440 1788 5496 in

198 5540 649 5610 consequentibus
682 5539 844 5610 hujus
872 5537 1096 5609 capituli
1132 5537 1369 5608 legerem
1398 5552 1413 5589 :
1443 5532 1676 5606 Babylon
1708 5537 1791 5589 dt-

201 5633 323 5688 lecta
342 5635 484 5704 facta
506 5644 579 5687 est
601 5632 729 5688 mihi
747 5634 803 5687 in
831 5632 1163 5686 miraculum.
1202 5630 1483 5684 Etiterttm
1513 5648 1524 5682 :
1557 5629 1786 5695 Cecidit,

201 5728 374 5783 cecidit
408 5728 643 5801 Babylon
666 5773 680 5797 ,
727 5739 774 5784 et
796 5728 970 5784 omnia
991 5724 1261 5794 sculptilia
1279 5726 1496 5779 deorum
1525 5726 1639 5797 ejus
1668 5739 1791 5778 con-

201 5825 313 5878 trita
331 5834 454 5880 sunt
476 5825 528 5881 in
552 5835 703 5881 terra.
731 5824 1017 5896 Etsupra:
1059 5823 1287 5882 Ascende
1324 5822 1475 5881 Elam
1496 5867 1511 5894 ,
1537 5830 1583 5875 ct
1615 5818 1791 5878 obside

209 5915 711 6016 iltdetduhitarent
742 5921 886 6011 quod
926 5928 1075 5983 esset
1106 5920 1208 6011 hoc
1235 5919 1484 5996 Pontius,
1516 5916 1661 6015 quod
1693 5915 1791 5978 de-

1894 4782 1996 4838 sibi
2021 4779 2264 4852 Babylon
2296 4778 2563 4832 visionem
2595 4774 2787 4829 duram
2820 4774 3082 4846 prwdicat
3115 4772 3440 4827 nuntiatam.

1965 4872 2194 4929 Ascende
2227 4869 2400 4932 Elam,
2434 4869 2610 4924 obside
2638 4867 2833 4924 Mede:
2880 4884 3081 4922 omnem
3111 4868 3352 4936 gemitum
3382 4867 3498 4938 ejus

1893 4982 2093 5022 cessare
2113 4965 2231 5036 feci.
2268 4963 2343 5018 No
2371 4964 2587 5028 timeas,
2622 4961 2820 5032 inquit,
2851 4975 2884 5015 ο
2906 4960 3067 5015 Persa
3099 4970 3154 5014 et
3183 4958 3359 5027 Mode,
3389 4958 3495 5013 Ba-

1891 5060 2107 5133 bylonis
2130 5056 2559 5121 multitudinem,
2586 5069 2654 5110 ne
2671 5053 2817 5109 illius
2841 5053 3170 5124 praeteritam
3196 5053 3494 5122 potentiam

1893 5151 2249 5211 reformides:
2285 5164 2503 5205 omnem
2552 5148 2812 5219 gemitum
2845 5146 2963 5217 ejus
3006 5161 3071 5201 ac
3104 5145 3335 5216 pondus,
3388 5157 3495 5214 quo

1892 5255 1946 5304 te
1968 5254 2095 5301 ante
2126 5259 2378 5316 premere
2400 5252 2782 5308 consueverat,
2813 5255 3031 5297 cessare
3060 5239 3164 5295 ieci
3191 5257 3204 5293 :
3236 5254 3330 5295 seu
3350 5237 3494 5308 quod
3520 5287 3526 5293 .

1894 5340 2074 5395 nullus
2102 5338 2213 5407 jam
2241 5346 2420 5407 gemat
2449 5344 2506 5392 ct
2529 5336 2713 5390 doleat
2744 5349 2966 5403 pressus
2994 5333 3231 5404 polentia
3266 5332 3500 5403 Babylo-

1893 5434 1977 5488 nis
2003 5449 2017 5486 :
2048 5447 2146 5487 scu
2173 5431 2316 5500 qttod
2340 5430 2505 5484 tantis
2530 5429 2687 5482 malis
2713 5442 2976 5497 oppressa
3003 5428 3073 5481 sit
3097 5426 3207 5495 ipsa
3230 5424 3495 5496 Babylon,

1895 5536 1951 5583 nt
1981 5541 2051 5581 ne
2082 5522 2246 5597 214
2273 5522 2537 5594 gemitum
2570 5520 2791 5590 quidem
2826 5520 3059 5575 liberum
3095 5518 3312 5573 habeat.

1966 5621 2145 5694 (Vcrs.
2170 5620 2227 5686 5,
2257 5618 2343 5690 ι.)
2380 5618 2663 5689 Pr0pterea
2706 5617 2885 5687 repleti
2913 5623 3033 5669 sunt
3080 5613 3240 5667 lumbi
3273 5614 3369 5669 mei
3402 5615 3499 5668 do-

1893 5717 2001 5771 lore
2022 5734 2041 5770 :
2086 5714 2323 5785 angustia
2351 5712 2575 5785 possedit
2606 5726 2704 5775 me,
2751 5710 2884 5763 sicut
2929 5706 3171 5776 angustia
3204 5706 3453 5778 parientis
3479 5725 3500 5763 .'

1893 5816 2066 5870 corrui
2095 5831 2212 5868 cum
2257 5814 2513 5879 audirem,
2562 5810 2894 5868 conturbatus
2923 5824 3037 5864 sum
3085 5824 3201 5864 cum
3247 5807 3494 5865 viderem.

1898 5910 2175 5973 Emarcuit
2207 5926 2296 5971 cor
2322 5925 2510 5985 meum,
2548 5905 2766 5973 tenebris
2793 5905 3242 5996 obstupefecerant
3261 5920 3361 5964 me.
3393 5901 3499 5965 Ba-
