4014 6476
473 369 574 431 191

1723 367 1784 424 S.
1828 365 2103 426 EUSEBII
2141 365 2525 425 HIERONYMI

3664 373 3763 432 192

473 488 653 560 bylon,
689 488 880 544 dilecta
905 503 1038 553 mea,
1062 485 1234 559 posita
1259 494 1332 542 est
1351 484 1478 540 mihi
1500 485 1556 539 in
1585 483 1916 539 miraculum.
1941 482 2076 540 Pro-
2101 486 2152 548 Α
2180 485 2570 556 potentissimi.
2598 483 2710 542 Iste
2736 499 2867 559 ergo
2896 500 3036 542 unus
3063 501 3347 555 ascensor,
3382 488 3610 545 duarum
3637 503 3768 562 gen-

474 585 656 654 pheta:
673 582 796 638 ideo
815 580 1032 638 obscuri
1055 590 1205 648 sunt,
1227 580 1352 652 quia
1373 593 1624 650 personae
1649 578 1700 634 in
1723 577 1812 634 his
1830 577 2077 648 plurimae

474 684 903 734 commutantur.
931 676 1077 746 Ergo
1097 684 1152 731 et
1172 688 1314 729 nunc
1326 688 1432 729 vox
1451 674 1603 729 Isaia:
1627 672 1905 728 inducitur
1925 673 2080 743 plan-

473 769 654 840 gentis
673 769 1003 839 Babylonem
1027 767 1221 838 spiritu
1242 765 1570 836 pr0phetali,
1596 765 1740 836 quod
1765 773 1914 820 tanta
1936 763 2076 819 mala

473 875 641 931 super
667 875 788 914 eam
815 867 1046 914 ventura
1094 859 1228 925 sint,
1258 868 1316 913 ut
1345 858 1466 928 ipse
1509 859 1599 930 qui
1643 866 1852 924 narrat,
1885 855 2080 912 timore

475 962 764 1023 superatus
781 962 1020 1024 nequeat
1037 954 1090 1007 in
1112 954 1278 1010 verba
1294 967 1676 1023 prorumpere,
1703 950 1896 1007 videns
1915 959 2081 1007 tantas

476 1047 844 1104 multitudinis
872 1048 1194 1116 sanguinem
1229 1045 1383 1103 fundi
1410 1065 1422 1101 :
1458 1055 1515 1102 et
1540 1047 1934 1102 misericordiae
1965 1063 2082 1103 mo-

481 1148 567 1194 tus
595 1138 791 1194 allectu
819 1138 1018 1212 (homo
1050 1141 1195 1194 enim
1225 1139 1292 1194 de
1324 1138 1638 1195 hominibus
1668 1137 1939 1210 loquitur)
1973 1153 2080 1194 non

478 1233 659 1288 minus
703 1231 908 1297 doleat,
937 1247 1102 1302 quam
1155 1231 1355 1287 mulier
1384 1231 1597 1287 ululare
1627 1233 1680 1286 in
1711 1239 1867 1302 partu
1899 1230 2079 1298 solet;

477 1325 574 1381 sed
599 1325 960 1380 conturbatus
987 1333 1044 1380 et
1069 1325 1339 1394 trepidus,
1386 1334 1441 1380 et
1468 1324 1521 1380 in
1546 1334 1746 1380 terram
1793 1338 2080 1390 corruens,

477 1417 846 1488 caligantibus
875 1417 1052 1473 oculis
1078 1418 1288 1473 nesciat
1315 1417 1441 1487 quid
1468 1418 1743 1489 loquatur.
1769 1417 1876 1472 Pro
1903 1432 1968 1472 eo
1990 1431 2084 1471 au-

481 1521 586 1567 tem
613 1511 757 1583 quod
781 1525 881 1567 nos
903 1512 1202 1566 vertimus:
1228 1510 1485 1583 Babylon,
1511 1511 1700 1567 dilecta
1729 1527 1863 1578 mea,
1893 1512 1950 1566 in
1977 1510 2085 1567 lle-

477 1603 630 1659 brreo
659 1604 881 1676 legitur,
913 1620 1117 1661 NESEPH
1146 1620 1257 1662 ESCI
1291 1605 1473 1689 (nam
1494 1605 1666 1689 qua);
1697 1614 1752 1661 et
1781 1616 1865 1661 est
1907 1605 2084 1676 ipsum

480 1697 711 1753 verbum
742 1697 884 1768 quod
915 1698 968 1753 in
1017 1698 1294 1769 principio
1333 1698 1618 1768 Babylonii
1657 1697 1854 1754 Oneris
1903 1697 2087 1766 posui-

481 1806 627 1858 mus,
651 1807 806 1862 super
834 1798 1054 1846 montem
1082 1792 1421 1863 caliginosum
1442 1808 1462 1846 :
1491 1806 1588 1860 pro
1614 1791 1896 1863 caliginoso
1915 1791 2082 1856 enim,

2181 579 2314 635 tium
2342 580 2512 636 fultus
2558 582 2826 646 exercitu,
2871 580 3026 637 venit
3053 591 3246 638 contra
3290 582 3620 656 Babylonem
3655 602 3670 640 :
3719 592 3774 642 et

2181 673 2492 741 Speculator
2516 673 2610 729 ille
2633 673 2723 745 qui
2745 676 2957 745 positus
2986 683 3125 740 erat,
3156 683 3216 730 ut
3241 684 3470 730 ventura
3498 676 3774 747 prospice-

2181 774 2287 832 ret,
2330 767 2589 823 clamavit
2623 769 2780 839 quasi
2814 769 2920 836 leo,
2971 769 3088 826 sive
3131 771 3250 841 ipse
3281 773 3548 840 propheta
3595 771 3777 841 appel-

2182 857 2324 914 latur
2350 859 2459 915 leo.
2493 861 2562 915 Et
2586 862 2710 930 quia
2739 862 2971 917 dubium
3013 872 3131 918 erat
3157 863 3226 918 de
3266 877 3500 933 persona
3532 863 3779 934 specula-

2184 951 2340 1017 toris,
2380 952 2473 1023 qui
2501 953 2703 1024 Cyrum
2732 954 2947 1009 viderat
2973 953 3385 1020 ascendentem,
3413 955 3532 1024 ipse
3561 954 3780 1021 exponit

2185 1045 2548 1109 manifestius,
2573 1055 2628 1101 et
2658 1044 2730 1100 ait
2758 1063 2772 1099 :
2808 1045 2982 1116 Super
3012 1046 3277 1118 speculam
3306 1045 3520 1100 Domini
3549 1062 3642 1118 ego
3671 1064 3779 1102 sum

2184 1145 2323 1189 stans
2342 1138 2545 1210 jugiter
2577 1154 2668 1208 per
2698 1138 2854 1205 diem,
2892 1139 3290 1208 speculatorem
3322 1139 3534 1194 Domini
3566 1153 3628 1194 se
3656 1153 3774 1195 esse

2185 1228 2573 1298 pronuntians,
2596 1229 2688 1300 qui
2713 1245 2932 1300 semper
2946 1231 3155 1300 positus
3175 1231 3227 1285 in
3251 1228 3434 1284 ofﬁcio
3451 1230 3775 1301 prophetali,

2185 1331 2240 1377 et
2271 1321 2465 1378 diebus
2493 1338 2557 1378 ac
2581 1323 2832 1378 noctibus
2859 1322 3078 1379 Domini
3104 1339 3301 1394 parens
3332 1324 3584 1395 imperio,
3611 1323 3781 1395 quod-

2187 1428 2418 1483 cumque
2441 1415 2668 1485 jusserit
2696 1415 2958 1486 loquitur.
2988 1415 3128 1484 Quid
3167 1417 3333 1487 igitur
3372 1416 3634 1472 clamavit
3659 1417 3777 1472 leo:

2188 1507 2322 1562 Ecce
2351 1509 2444 1563 iste
2475 1510 2608 1564 venit
2639 1526 2880 1564 ascensor
2908 1511 2984 1564 vir
3013 1510 3144 1584 biga:
3196 1512 3422 1582 equitum
3445 1526 3466 1566 :
3495 1510 3640 1566 haud
3688 1511 3783 1566 du-

2187 1599 2334 1656 bium
2364 1601 2493 1673 quin
2518 1603 2694 1673 Cyrus
2719 1603 3008 1658 indicetur.
3037 1603 3105 1658 Et
3128 1605 3412 1674 respondit
3437 1613 3491 1659 et
3512 1604 3654 1659 dixit
3671 1604 3782 1676 ipse

2190 1693 2276 1749 leo
2299 1696 2388 1765 qui
2415 1711 2578 1766 supra
2605 1697 2938 1752 clamaverat
2963 1714 2976 1752 :
3011 1696 3230 1762 Cecidit,
3257 1696 3439 1751 cecidit
3458 1695 3714 1768 Babylon,
3737 1704 3783 1750 et

2189 1789 2362 1844 omnia
2409 1789 2672 1861 scnlptilia
2703 1790 2914 1844 deorum
2967 1791 3078 1860 ejus
3126 1791 3346 1845 contrita
3391 1801 3511 1843 sunt
3543 1790 3596 1844 in
3629 1799 3780 1844 terra.

481 1896 577 1938 seu
611 1883 874 1938 tenebroso
916 1885 1178 1954 scriptum
1211 1893 1297 1940 est
1337 1882 1569 1954 Neseph.
1602 1884 1942 1954 Proprieque
1969 1883 2085 1939 ιιωο
2113 1883 2163 1945 Β
2194 1879 2454 1937 VaStante
2506 1883 2652 1938 enim
2701 1897 2994 1938 ascensore
3035 1883 3198 1954 bigae,
3232 1882 3476 1954 Babylon
3526 1897 3702 1953 usque
3732 1883 3782 1938 in

481 1975 615 2030 urbs
661 1974 739 2030 sic
768 1984 1020 2043 vocatur,
1067 1988 1293 2048 propter
1340 1975 1688 2031 altitudinem
1735 1984 1793 2031 et
1836 1984 2086 2032 erectum

481 2081 653 2138 usque
685 2067 752 2122 ad
782 2068 982 2124 coelum
1017 2069 1296 2138 superbiae
1327 2069 1614 2125 verticem.

554 2159 739 2232 (Vers.
788 2160 872 2230 5.)
920 2159 1065 2215 Pone
1092 2177 1340 2228 mensam,
1375 2162 1727 2235 contemplare
1772 2162 1827 2217 in
1876 2162 2090 2233 specula

482 2258 803 2310 comedentes
826 2264 871 2309 et
898 2254 1124 2310 bibentes
1147 2272 1165 2310 :
1193 2257 1406 2329 surgite,
1428 2257 1712 2328 principes,
1738 2257 1953 2329 arripite
1982 2256 2090 2329 cly-

487 2362 661 2417 peum.
683 2346 860 2402 Locus
888 2347 992 2403 iste
1018 2347 1318 2418 dupliciter
1343 2349 1639 2418 accipitur:
1663 2364 1697 2406 ο
1717 2350 1858 2406 Medi
1877 2359 1934 2407 et
1963 2351 2091 2406 Ela-

486 2439 657 2505 ntitae,
703 2439 900 2510 quibus
964 2454 1126 2511 supra
1181 2440 1296 2496 dixi
1345 2460 1359 2498 :
1408 2443 1627 2498 ascende
1680 2441 1856 2512 Elam,
1913 2444 2092 2500 obside

487 2531 664 2598 Mede,
696 2533 896 2589 sumite
924 2533 1131 2598 cibum,
1180 2533 1370 2590 futuro
1398 2549 1492 2590 vos
1520 2536 1714 2607 praelio
1760 2546 2089 2608 praeparate,

489 2641 557 2683 uc
583 2635 868 2697 postquam
915 2628 1287 2685 dimicationis
1328 2639 1544 2701 tempus
1591 2631 1895 2698 advenerit,
1931 2634 2090 2690 lassi-

489 2721 620 2776 tudo
654 2736 748 2776 vos
781 2722 1050 2778 retrahat.
1081 2724 1329 2794 Cumque
1362 2725 1713 2782 comederitis
1735 2735 1792 2783 et
1817 2727 2090 2796 hiberitis,

486 2816 718 2886 surgite,
743 2831 896 2870 arma
917 2817 1200 2887 corripite,
1221 2817 1578 2890 Babylonium
1600 2819 1895 2877 debellate.
1911 2821 2094 2890 Quod-

487 2921 594 2976 que
640 2907 736 2974 ait,
771 2911 1121 2980 contemplare
1145 2911 1199 2964 in
1229 2910 1461 2980 specula,
1507 2911 1613 2966 hoc
1642 2927 1808 2967 sensu
1840 2913 2043 2984 legitur
2077 2931 2091 2968 :

489 2997 786 3069 diligenter
813 3017 937 3071 quae
965 3012 1194 3059 ventura
1228 3013 1372 3068 sunt,
1407 3005 1680 3073 prOSpice.
1714 3005 1902 3062 Potest
1929 3017 1985 3062 et
2014 3008 2094 3063 sic

489 3091 718 3161 intelligi
750 3109 762 3146 :
797 3108 830 3147 o
862 3093 1126 3166 Babylon,
1162 3112 1289 3166 para
1321 3097 1607 3154 Balthasar
1637 3099 1751 3154 lilio
1788 3100 2093 3157 Evilmaro-

487 3183 628 3240 dach
659 3187 842 3256 nepoti
872 3187 1376 3247 Nabuchodonosor
1401 3194 1515 3263 regi
1540 3203 1636 3249 tuo
1663 3210 1907 3252 mensam
1932 3206 2096 3268 atque

2193 1984 2458 2031 aeternum
2506 1976 2686 2032 deleta
2737 1984 2842 2042 est,
2895 1985 2952 2032 et
2982 1975 3126 2031 Belis
3181 1975 3442 2046 templum
3500 1979 3786 2047 omniaque

2191 2067 2335 2124 idola
2362 2085 2533 2139 usque
2563 2068 2630 2124 ad
2661 2069 2838 2124 solum
2871 2077 3063 2124 strata.
3094 2067 3254 2135 Quod
3285 2079 3466 2122 autem
3495 2067 3781 2138 sequitur:

2192 2161 2408 2217 Tritura
2437 2180 2570 2232 mea,
2607 2172 2654 2217 et
2683 2162 2764 2232 ﬁli
2786 2178 3079 2228 arewmetr,
3104 2161 3172 2216 ad
3198 2161 3504 2218 Jerusalem
3539 2169 3787 2231 apostro-

2193 2256 2358 2327 pham
2399 2256 2549 2324 l’acit,
2595 2267 2651 2312 et
2679 2256 2745 2310 ad
2778 2255 3059 2326 Templum
3091 2254 3238 2325 quod
3271 2255 3325 2308 in
3371 2268 3498 2310 area
3527 2253 3693 2308 Ornat
3719 2253 3788 2307 si—

2195 2358 2305 2404 tum
2337 2359 2442 2415 est,
2494 2349 2733 2420 dicitque
2759 2347 2826 2402 ad
2855 2363 2976 2402 eam
3003 2365 3016 2401 :
3067 2362 3100 2402 ο
3125 2345 3460 2412 Jerusalem,
3509 2356 3566 2401 et
3599 2344 3787 2416 popule

2193 2441 2270 2497 ﬁli
2301 2441 2517 2512 Templi
2546 2442 2675 2508 mei,
2727 2457 2834 2497 non
2867 2441 2964 2496 tibi
3002 2441 3254 2496 videatur
3300 2438 3648 2494 incredulum
3674 2451 3788 2494 esse

2193 2535 2337 2606 quod
2366 2535 2480 2590 dixi
2506 2554 2520 2590 :
2555 2550 2659 2588 non
2693 2550 2810 2590 mea
2843 2535 2987 2590 enim
3011 2533 3177 2589 verba
3199 2541 3347 2599 sunt,
3381 2532 3475 2588 sed
3494 2530 3713 2587 Domini
3739 2538 3786 2586 et

2193 2643 2292 2700 per
2323 2643 2385 2683 os
2413 2627 2578 2700 216
2605 2643 2784 2682 meum
2809 2628 2954 2682 illius
2977 2627 3143 2683 verba
3177 2635 3529 2682 resonarunt.
3559 2623 3785 2692 Quidam

2197 2733 2406 2797 putant,
2439 2727 2539 2780 sed
2569 2725 2732 2792 male,
2759 2723 2861 2780 hoc
2893 2739 3000 2779 non
3023 2723 3092 2778 ad
3117 2722 3441 2786 Jerusalem,
3474 2720 3572 2776 sed
3603 2719 3668 2775 ad
3691 2719 3784 2776 Ba-

2196 2818 2451 2890 bylonem
2483 2818 2616 2885 dici,
2661 2818 2730 2872 de
2777 2833 2880 2889 qua
2910 2827 2962 2872 et
2994 2832 3160 2887 supra
3193 2815 3426 2888 Babylon
3455 2813 3651 2869 dilecta
3678 2829 3784 2867 mea

2194 2913 2365 2984 posita
2387 2921 2463 2966 est
2483 2912 2609 2966 nti/ti
2634 2913 2686 2966 in
2712 2913 3058 2978 miraculum;
3089 2919 3145 2967 et
3184 2925 3308 2967 esse
3356 2925 3580 2967 sensum
3611 2928 3625 2964 ε
3673 2924 3787 2980 qua:

2196 3005 2506 3061 contrivisti
2548 3021 2654 3072 me,
2691 3006 2799 3061 eris
2837 3015 2891 3060 et
2922 3005 3040 3076 ipsa
3071 3003 3335 3071 contrita,
3383 3017 3492 3058 non
3522 3015 3651 3057 meo
3681 3015 3790 3056 sero

2197 3112 2380 3162 moue,
2411 3097 2507 3153 sed
2538 3097 2752 3153 Domini
2797 3106 3088 3168 potestate,
3121 3112 3244 3168 quae
3276 3096 3372 3150 tibi
3414 3095 3532 3150 haec
3561 3103 3787 3150 ventura

2199 3192 2550 3260 praenuntiat.
2599 3190 2738 3258 Quid
2769 3190 2872 3246 sibi
2913 3199 3092 3246 autem
3119 3189 3401 3246 voluerint
3427 3192 3479 3243 in
3529 3188 3635 3243 hoc
3675 3189 3788 3243 loco

490 3277 830 3346 convivium,
879 3291 934 3336 et
963 3282 1087 3338 vide
1113 3284 1242 3352 quid
1270 3293 1395 3355 post
1418 3287 1599 3342 cibum
1627 3291 1865 3359 eveniat,
1900 3291 1954 3346 in
1984 3308 2092 3363 quo
2121 3274 2167 3338 C
2200 3285 2343 3341 LXX
2399 3286 2758 3356 interpretes,
2792 3298 2852 3341 ut
2894 3302 2992 3358 pro
3024 3286 3204 3353 leone,
3239 3286 3330 3356 qui
3375 3283 3642 3340 Hebraice
3663 3283 3791 3339 dici-

491 3375 688 3428 scortis
717 3382 774 3429 et
799 3376 1124 3433 concubinis
1153 3376 1207 3433 iu
1238 3380 1384 3435 vasis
1418 3381 1629 3436 Domini
1685 3384 2018 3453 propinabit.
2050 3387 2093 3441 0

493 3466 792 3536 principes,
834 3470 927 3538 qui
953 3483 1075 3524 cum
1130 3485 1256 3542 rege
1285 3475 1632 3542 accumbitis,
1683 3476 1870 3532 Medos
1912 3488 2095 3536 autem

495 3559 804 3631 Persasque
840 3562 1131 3634 signiﬁcat,
1177 3567 1389 3636 surgite
1436 3578 1492 3623 et
1535 3569 1604 3624 ad
1651 3570 2094 3628 interficiendum

494 3666 679 3722 regem
702 3670 852 3709 arma
885 3656 1167 3726 corripite.
1203 3657 1319 3714 Hoc
1349 3659 1563 3730 plenius
1589 3661 1647 3718 in
1679 3662 1920 3720 Danielis
1942 3667 2097 3722 volu-

497 3744 644 3799 mine
671 3745 934 3803 discimus
968 3747 1122 3821 (Cap.
1153 3749 1232 3821 v).

568 3837 752 3910 (Vers.
775 3839 807 3894 6
829 3839 1011 3912 seqq.)
1031 3840 1156 3897 Haec
1178 3843 1317 3897 enim
1338 3844 1466 3898 mihi
1490 3845 1622 3900 dixit
1635 3845 1895 3904 Dominus
1918 3866 1936 3904 :
1971 3850 2100 3907 vade

493 3940 544 3986 et
600 3948 733 4000 pone
780 3934 1195 4005 speculatorem,
1230 3948 1278 3991 et
1324 3938 1681 4012 quodcumque
1727 3942 1954 4007 viderit,
2006 3960 2102 3996 an-

498 4025 721 4079 nuntiet.
753 4024 823 4080 Et
872 4028 996 4082 vidit
1046 4046 1256 4083 currunt
1311 4033 1533 4087 duorum
1562 4036 1818 4106 equitum,
1861 4053 2102 4091 ascensa-

494 4133 603 4171 rem
636 4120 794 4185 asini,
824 4131 870 4175 et
898 4140 1219 4179 ascensorem
1248 4127 1411 4200 215
1443 4130 1646 4184 cameli.
1676 4129 1747 4185 Et
1774 4135 2095 4203 contempla-

497 4219 579 4264 tus
607 4221 677 4265 est
708 4211 982 4283 diligenter
1005 4216 1167 4270 multo
1191 4219 1404 4286 intuitu,
1439 4219 1779 4290 clamavitque
1799 4224 1877 4277 leo
1899 4241 1918 4278 :
1945 4241 2101 4295 super

496 4303 765 4374 speculam
810 4305 1021 4361 Dontini
1049 4325 1144 4379 ego
1187 4327 1302 4364 sum
1330 4319 1472 4365 stans
1509 4315 1712 4386 jugiter
1747 4332 1836 4382 per
1865 4316 2103 4388 diem,.et

500 4415 654 4471 super
683 4401 973 4454 custodiam
1020 4419 1183 4457 meant
1213 4421 1305 4476 ego
1349 4422 1463 4459 sum
1494 4417 1637 4461 stans
1682 4409 1802 4464 totis
1846 4409 2099 4465 noctibus.

500 4488 636 4544 Ecce
664 4491 760 4545 iste
789 4494 926 4546 venit
951 4510 1192 4549 ascensor
1208 4496 1283 4549 vir
1306 4497 1434 4567 biga:
1462 4499 1710 4569 equitum,
1747 4509 1794 4554 et
1835 4503 2104 4573 respondit

498 4594 544 4638 et
575 4584 708 4637 dixit
738 4600 756 4639 :
788 4586 992 4651 cecidit,
1039 4587 1223 4643 cecidit
1251 4587 1513 4661 Babylon,
1549 4602 1598 4646 et
1623 4594 1794 4648 omnia
1838 4596 2104 4668 sculptilia

2197 3388 2283 3435 tur
2315 3395 2439 3435 una
2471 3379 2664 3453 (nl'lts),
2697 3381 2871 3435 uriant
2903 3381 3303 3446 transtulerint,
3335 3394 3443 3435 non
3469 3379 3611 3434 Satis
3640 3378 3791 3434 intel-

2197 3472 2330 3544 ligo,
2365 3475 2667 3544 praesertim
2696 3489 2818 3528 cum
2844 3473 3190 3545 supradictus
3214 3472 3474 3528 sacerdos
3499 3471 3678 3540 Urias,
3705 3471 3790 3543 qui

2197 3581 2423 3625 vocatur
2454 3569 2508 3624 in
2540 3569 2936 3634 testimonium,
2971 3567 3094 3625 aliis
3126 3568 3328 3624 litteris
3350 3567 3587 3636 scriptus
3611 3567 3704 3622 sit.

2270 3663 2452 3730 (Vers.
2485 3666 2574 3730 11,
2609 3664 2722 3735 id.)
2749 3663 2895 3718 Onus
2918 3661 3109 3718 Duma.
3133 3662 3215 3716 Ad
3235 3678 3315 3716 me
3335 3661 3524 3715 clamat
3551 3676 3616 3715 ea:
3637 3659 3791 3716 Seir:

2200 3767 2394 3822 custos,
2423 3758 2548 3826 quid
2573 3758 2637 3811 de
2669 3758 2854 3811 nocte?
2882 3755 3085 3825 custos,
3104 3755 3229 3828 quid
3255 3755 3320 3810 de
3347 3757 3539 3810 nocte?
3567 3753 3638 3808 Et
3667 3754 3794 3808 dixit

2201 3859 2393 3914 custos,
2429 3850 2563 3903 venit
2599 3865 2751 3904 mane
2786 3859 2832 3903 et
2858 3865 3002 3904 nox:
3049 3850 3094 3904 si
3117 3850 3370 3921 quam'tis,
3401 3851 3635 3919 quaerite,
3679 3863 3794 3902 con-

2203 3943 2478 4008 vertimini,
2511 3944 2697 3996 venite.
2725 3943 2831 3997 Pro
2851 3941 3048 4008 Duma,
3077 3941 3222 3996 LXX
3251 3941 3541 3995 ldunucam
3567 3950 3791 4010 ponunt.

2203 4036 2298 4090 Est
2329 4045 2509 4090 autem
2563 4036 2732 4089 Duma
2785 4051 2892 4089 non
2949 4045 3060 4090 tota
3092 4025 3326 4090 lduntaea
3356 4034 3656 4105 provincia,
3705 4033 3793 4088 scd

2203 4127 2452 4198 qua-dam
2494 4126 2612 4196 ejus
2643 4127 2791 4198 regio
2823 4143 2945 4198 quae
2997 4127 3064 4181 ad
3112 4130 3368 4181 Austrum
3419 4127 3618 4198 vergit,
3651 4127 3794 4182 etab

2203 4219 2337 4276 urbe
2387 4219 2715 4284 Palaestinae,
2747 4235 2869 4288 qua:
2919 4218 3084 4275 hodie
3130 4217 3329 4274 dicitur
3357 4217 3792 4290 Eleuthempolis,

2203 4311 2390 4382 viginti
2414 4312 2578 4366 distat
2601 4311 2844 4366 millibus
2870 4329 2884 4366 :
2905 4312 3059 4382 juxta
3081 4327 3243 4382 quam
3266 4320 3394 4366 sunt
3415 4320 3633 4367 montes
3654 4309 3791 4377 Seir,

2204 4416 2424 4477 sumpto
2453 4407 2520 4462 ab
2545 4414 2770 4463 auctore
2797 4407 3018 4464 nomine
3044 4425 3058 4473 ;
3093 4407 3211 4463 Seir
3238 4407 3441 4478 quippe
3475 4408 3798 4478 interpreta-

2206 4509 2294 4556 tur
2321 4502 2555 4572 hispidus
2585 4512 2630 4557 et
2658 4501 2876 4571 pilosus,
2905 4501 3051 4573 quod
3080 4502 3218 4557 Esau
3249 4502 3372 4557 fuit.
3396 4501 3453 4556 lu
3485 4501 3657 4557 Abdia
3681 4516 3799 4572 pro-

2206 4594 2371 4666 pheta
2404 4595 2618 4665 plenius
2657 4610 2823 4666 super
2852 4597 2954 4651 hac
3003 4605 3165 4668 gente
3209 4611 3237 4649 a
3267 4596 3426 4651 nobis
3468 4595 3794 4667 disputatum

499 4679 711 4732 deorum
741 4683 852 4751 ejus-
882 4682 1106 4736 contrita
1133 4692 1251 4737 sunt
1277 4684 1328 4736 in
1361 4693 1518 4740 terra.
1551 4683 1762 4740 Tritura
1791 4704 1926 4756 mea,
1959 4699 2007 4743 et
2023 4691 2102 4759 ﬁli
2131 4662 2181 4721 D
2205 4699 2324 4745 est:
2373 4690 2426 4745 in
2459 4705 2566 4761 quo
2597 4705 2822 4746 necesse
2873 4689 2971 4745 fuit
3013 4700 3254 4746 veterem
3289 4691 3572 4746 historiam
3627 4689 3799 4746 revol-

501 4787 636 4827 arete
663 4789 809 4840 metu,
840 4791 955 4845 qua:
999 4776 1176 4829 audivi
1205 4792 1235 4829 a
1261 4775 1486 4831 Domino
1518 4779 1837 4834 exercituum
1879 4779 1990 4837 Deo
2017 4782 2103 4838 Is-

501 4868 632 4932 rael,
665 4869 971 4921 annuntiavi
1008 4868 1174 4924 vobis.
1205 4868 1409 4925 Causas
1438 4871 1619 4927 reddit
1647 4875 1949 4944 superioris
1989 4878 2102 4932 for-

505 4959 749 5025 midinis,
804 4975 974 5031 quare
1003 4962 1251 5032 angustia
1300 4965 1608 5034 possederit
1632 4983 1756 5022 eum
1807 4969 1947 5024 sicut
1976 4986 2103 5042 par-

502 5054 821 5120 turientem,
851 5065 907 5110 et
948 5056 1224 5111 corruerit
1255 5057 1506 5124 audiens,
1555 5071 1610 5115 et
1652 5063 1982 5131 perterritus
2008 5064 2100 5130 sit,

501 5163 567 5203 ac
601 5149 890 5204 tenebroso
918 5149 1145 5205 horrore
1172 5151 1567 5209 circumdatus.
1598 5154 1744 5221 Haec,
1785 5157 1984 5226 inquit,
2016 5158 2100 5212 di-

503 5244 582 5297 xit
613 5243 876 5298 Dominus
917 5244 1048 5298 mihi
1076 5262 1088 5299 :
1119 5245 1255 5302 vade
1278 5257 1334 5302 et
1374 5249 1645 5304 constitue
1675 5251 2100 5320 speculatorem,

501 5348 562 5393 ut
605 5339 796 5408 Spiritu
832 5339 1136 5410 prophetali
1181 5341 1274 5395 tibi
1306 5341 1487 5397 futura
1531 5346 1901 5413 prmnuntiet;
1939 5361 2099 5416 quem

502 5447 625 5486 cum
652 5434 954 5502 posuissem
980 5435 1030 5488 in
1059 5434 1360 5503 speculam,
1398 5435 1534 5490 vidit
1553 5438 1862 5493 venientem
1897 5439 2100 5508 bigam,

503 5533 559 5580 et
585 5529 825 5598 aurigam
849 5528 1106 5598 desuper,
1135 5529 1484 5598 asinnmque,
1508 5541 1564 5585 et
1587 5533 1854 5587 carnelum
1877 5547 2100 5588 currum

506 5615 744 5673 trahere.
794 5617 1078 5688 Signiﬁcat
1127 5627 1308 5674 autem
1337 5619 1537 5691 Cyrum
1589 5621 1880 5678 Persarum
1916 5639 2098 5695 regem

501 5718 669 5780 atque
708 5710 1009 5778 Medorum,
1039 5727 1163 5768 cum
1207 5727 1380 5783 parvo
1408 5723 1463 5768 et
1502 5729 1701 5784 magno
1749 5716 1976 5787 imperio
2005 5734 2099 5774 ve-

504 5803 770 5859 nientem.
807 5804 988 5861 Persa:
1019 5806 1163 5862 enim
1211 5816 1340 5862 ante
1378 5806 1577 5878 Cyrum
1610 5807 1874 5880 ignobiles
1922 5819 2098 5879 erant,

508 5906 561 5954 et
594 5895 798 5954 nullius
829 5897 966 5954 inter
985 5909 1176 5968 gentes
1197 5899 1298 5955 loci
1321 5897 1693 5959 habebuntur:
1719 5900 1854 5960 Medi
1883 5915 2101 5972 semper

2206 4800 2359 4850 vere,
2388 4794 2446 4840 et
2475 4785 2782 4841 Ezechielis
2807 4785 3168 4856 Jeremiaique
3212 4786 3432 4841 easdem
3461 4786 3515 4840 in
3555 4785 3796 4840 testimo-

2209 4880 2355 4934 nium
2379 4879 2596 4936 trahere
2614 4879 2892 4946 Visiones,
2915 4888 2971 4935 et
2992 4881 3229 4935 maxime
3247 4878 3588 4948 prophetiam
3610 4887 3793 4934 contra

2206 4982 2446 5029 montem
2469 4972 2818 5046 Seir(Ezech.
2849 4989 2952 5027 xxv
2966 4983 3014 5027 et
3048 4988 3210 5039 xxxv,
3234 4971 3429 5026 Jerem.
3453 4971 3626 5038 xm).
3652 4970 3715 5026 Et
3737 4970 3795 5025 il-

2202 5069 2295 5124 lud
2317 5069 2385 5124 de
2414 5069 2679 5123 Psalmis:
2705 5067 2770 5122 In
2794 5066 3082 5122 [dammam
3103 5067 3378 5121 extendam
3395 5067 3793 5121 calceamentum

2207 5179 2400 5216 meum.
2421 5160 3015 5217 EtalibizTabernacula
3030 5160 3384 5216 ldnmaaorum
3399 5171 3447 5215 et
3460 5159 3792 5224 Ismahelita',

2208 5253 2386 5320 Moab,
2421 5263 2467 5307 et
2491 5253 2738 5324 Agareni,
2771 5252 2936 5307 Gebal
2975 5263 3020 5307 et
3057 5254 3294 5315 Ammon,
3330 5262 3375 5306 et
3403 5252 3646 5308 Amalech
3681 5249 3794 5322 (Ps.

2212 5361 2321 5412 ιιι,
2350 5345 2444 5410 1Ο;
2482 5345 2573 5399 Ps.
2606 5361 2812 5412 Lxxxn,
2840 5347 2894 5409 7,
2920 5345 2997 5417 8).
3031 5347 3197 5401 Amos
3214 5361 3434 5416 quoque
3458 5345 3671 5417 inquit:
3701 5343 3798 5400 Su-

2209 5455 2300 5507 per
2329 5438 2490 5492 tribus
2515 5439 2789 5492 sceleribus
2813 5437 3006 5506 Edam,
3040 5448 3085 5492 et
3115 5456 3271 5508 super
3291 5451 3511 5509 quatuor
3531 5456 3635 5493 non
3661 5453 3801 5492 aver-

2209 5530 2360 5585 sabor
2389 5548 2526 5595 eum,
2575 5548 2632 5586 eo
2662 5532 2800 5602 quod
2828 5542 3122 5600 persecutus
3165 5533 3230 5586 sit
3273 5535 3326 5585 in.
3373 5533 3549 5603 gladio
3592 5534 3798 5604 fratrem

2211 5639 2383 5689 suum,
2415 5633 2464 5676 et
2492 5623 2757 5678 violaverit
2787 5623 3191 5677 misericordiam
3223 5641 3371 5678 suam
3396 5625 3576 5694 (Amos
3605 5641 3651 5691 l,
3688 5624 3792 5691 11),

2211 5715 2350 5782 sive,
2375 5725 2435 5770 ut
2461 5714 2826 5787 Symmachus
2853 5717 3154 5781 transtulit,
3174 5718 3368 5772 viscera
3395 5735 3514 5786 sua,
3537 5718 3680 5789 quod
3709 5716 3792 5771 ad-

2211 5824 2401 5866 versus
2423 5818 2685 5880 cognatos
2703 5809 2934 5881 populos
2955 5824 3120 5866 ausus
3139 5811 3209 5867 sit
3229 5811 3512 5879 dimicare,
3542 5821 3599 5867 et
3621 5808 3796 5865 hostili

2210 5898 2374 5957 hodio
2399 5900 2685 5957 dissidere.
2742 5899 2863 5957 Fuit
2891 5908 3071 5960 autem
3103 5895 3254 5974 regio
3289 5899 3398 5974 [ΑΙ.
3440 5899 3610 5974 regia]
3639 5899 3794 5964 Esau,
