4084 6330
250 327 345 386 195

809 325 1458 387 COMMENTARIORUM
1501 327 1568 385 IN
1609 326 1847 385 ISAIAM
1889 326 2311 388 PROPHETAM
2351 329 2484 387 LIB.
2525 330 2593 389 ν.
2635 329 2792 389 CAP.
2833 331 2980 390 XXI.

3453 337 3556 396 194

245 444 292 499 in
321 441 548 514 regione
581 443 782 514 Duma,
826 447 930 503 hoc
958 457 1063 517 est,
1106 448 1160 502 in
1207 445 1484 504 montibus
1515 447 1660 512 Seir.
1694 445 1849 501 Hanc
1875 449 1928 512 Α
1954 447 2083 517 28);
2113 447 2405 518 statimque
2437 447 2684 518 sequitur
2711 465 2723 502 :
2760 447 2890 502 [huc
2918 447 3043 503 dicit
3067 447 3340 515 Dominus,
3361 451 3558 520 surgite

245 544 298 591 ut
344 537 740 607 metropolim,
793 540 944 609 juxta
988 542 1236 597 ordinem
1285 541 1630 611 superiorum
1662 539 1844 598 Visio-

245 644 386 694 num,
418 629 487 685 ab
516 632 786 703 Assyriis,
817 633 937 688 sive
975 649 1007 689 a
1034 633 1547 691 Nabuchodonosor
1567 649 1846 705 expugna-

245 732 346 778 tam
373 737 500 780 esse
527 725 834 794 credimus,
885 742 1299 800 memoremque
1343 728 1562 798 pristini
1601 731 1846 799 generis,

241 817 460 890 quodzde
485 817 775 876 Abraham
802 828 856 877 et
875 820 1024 878 Isaac
1047 821 1122 878 sit
1150 822 1322 893 stirpe
1343 821 1852 892 generata,jimplo-

243 927 386 968 rasse
411 913 686 968 auxilium
717 915 838 984 Dei,
859 925 914 971 et
933 915 1260 971 necessitate
1281 924 1534 986 cogente,
1563 914 1714 970 illius
1735 914 1852 970 cle-

243 1004 496 1061 mentiam
528 1004 835 1076 ﬂagitasse.
868 1007 1061 1062 Narrat
1085 1022 1217 1079 ergo
1243 1022 1391 1062 nunc
1417 1007 1724 1063 Dominus:
1757 1006 1852 1078 qui

245 1101 522 1158 obsidetur
548 1103 604 1157 in
636 1102 784 1169 Seir,
837 1110 894 1160 et
936 1103 1004 1160 ab
1048 1102 1302 1160 hostibus
1348 1102 1611 1174 cingitur,
1663 1117 1850 1159 meum

247 1193 498 1264 implorat
523 1195 820 1262 auxilium,
853 1205 909 1250 et
937 1195 1106 1252 dicit:
1137 1211 1172 1252 o
1197 1204 1384 1254 custos
1409 1195 1604 1264 Israel,
1635 1198 1728 1268 qui
1753 1211 1854 1269 po-

245 1289 424 1360 pulum
476 1297 630 1344 tuum
681 1289 842 1361 217
871 1290 1043 1345 tueris
1087 1290 1336 1345 custodia
1385 1291 1743 1360 sempiterna,
1797 1301 1854 1348 et

243 1382 392 1454 quasi
421 1385 474 1439 in
507 1394 697 1452 nocte,
731 1384 844 1439 illis
875 1383 1298 1450 dormientibus,
1330 1384 1544 1456 vigilas,
1580 1400 1650 1441 ne
1677 1385 1852 1441 hostis

244 1475 546 1547 irrumpat;
577 1491 756 1548 quare
784 1485 839 1532 et
859 1491 960 1533 nos
986 1477 1078 1547 qui
1105 1477 1173 1533 de
1195 1477 1312 1547 ejus
1340 1485 1366 1514 ⁸
1388 1478 1604 1532 semine
1635 1493 1849 1547 sumus,

243 1584 346 1624 non
375 1569 546 1624 simili
597 1569 895 1625 clementia
939 1569 1226 1641 protegis?
1274 1569 1484 1638 Quibus
1513 1586 1617 1642 ego
1661 1581 1851 1628 custos

245 1663 474 1734 vigilque
501 1661 844 1735 respondeo,
876 1663 944 1719 de
973 1678 1081 1734 quo
1112 1663 1374 1734 scriptum
1407 1673 1526 1720 est:
1577 1662 1702 1719 Non
1729 1664 1853 1719 dor-

246 1757 435 1812 mitabit
462 1775 632 1830 neque
659 1757 947 1813 obdormiet
968 1760 1058 1829 qui
1079 1758 1298 1813 custodit
1325 1755 1497 1814 Israel
1549 1758 1671 1832 (Ps.
1721 1774 1848 1827 cxx,

1950 551 1998 594 et
2026 541 2285 595 ascendite
2309 539 2376 593 ad
2409 539 2595 608 Cedar,
2629 551 2678 596 et
2707 551 2900 596 vastate
2927 541 3063 612 ﬁlios
3089 541 3316 596 Orientis
3341 557 3357 594 :
3391 542 3560 596 taber-

1951 632 2139 688 nacula
2167 649 2365 702 eorum,
2410 641 2458 688 et
2497 649 2675 706 greges
2713 643 2892 688 eorum
2937 635 3158 706 capient,
3193 632 3352 706 pelles
3381 650 3559 688 eorum

1951 735 2000 781 et
2029 727 2204 781 omnia
2245 742 2388 792 rasa,
2430 736 2480 780 et
2509 724 2730 779 camelos
2768 724 2951 780 tollent
2979 725 3077 779 sibi
3107 723 3302 797 (Ibid.,
3343 724 3472 796 29):
3505 733 3560 780 et

1952 815 2149 870 iterum
2174 829 2194 869 :
2240 813 2401 869 lnivit
2432 814 2566 868 enim
2595 822 2774 868 contra
2817 829 2907 870 vos
2951 812 3437 868 Nabuchodonosor
3466 829 3559 868 rea:

1952 908 2233 980 Babylonis
2254 907 2548 976 consilium,
2569 909 2810 982 cogitavit
2831 907 3077 963 adversus
3095 923 3179 963 vos
3196 907 3555 980 cogitationes.

1954 1003 2164 1074 Surgite
2204 1012 2253 1057 et
2277 1002 2537 1056 ascendite
2565 1003 2633 1055 ad
2660 1010 2859 1072 gentem
2884 1002 3134 1072 quietam,
3168 1011 3212 1056 et
3240 999 3559 1070 conﬁdenter

1953 1095 2291 1164 habitantem,
2337 1096 2411 1150 ait
2447 1093 2736 1150 Dominus:
2775 1110 2880 1149 non
2917 1095 3068 1164 ostia,
3114 1110 3217 1149 non
3246 1105 3408 1148 vectes
3443 1095 3516 1149 eis
3538 1111 3558 1150 :

1951 1189 2050 1246 soli
2071 1189 2324 1244 habitant.
2374 1187 2443 1242 Et
2475 1197 2624 1243 erunt
2656 1186 2844 1242 cameli
2874 1203 3056 1243 eorum
3098 1188 3153 1242 in
3191 1188 3554 1258 direptionem,

1953 1291 2004 1337 et
2026 1281 2304 1336 multitudo
2319 1284 2678 1354 jumentorum
2700 1281 2754 1334 in
2777 1281 3027 1348 prwdam.
3057 1278 3126 1334 Et
3149 1280 3444 1353 dispergam
3470 1295 3559 1336 eos

1953 1376 2008 1430 in
2054 1392 2257 1431 omnem
2301 1384 2504 1430 ventum
2533 1375 2623 1446 qui
2671 1384 2790 1428 sunt
2837 1375 3028 1429 attonsi
3056 1378 3113 1428 in
3150 1391 3390 1429 comam:
3419 1384 3465 1430 et
3497 1390 3560 1428 ea:

1957 1471 2095 1524 onmi
2115 1469 2339 1540 conﬁnio
2374 1485 2550 1524 eorum
2573 1467 2829 1524 adducam
2865 1469 3130 1524 interitum
3169 1485 3323 1542 super
3351 1486 3457 1538 eos,
3490 1468 3564 1522 ait

1953 1561 2208 1616 Dominus
2231 1579 2250 1616 :
2278 1563 2474 1634 eritque
2504 1563 2636 1620 Asor
2660 1561 3015 1617 habitaculum
3047 1563 3335 1618 draconum
3364 1563 3568 1618 deserta

1952 1657 2006 1710 in
2037 1658 2407 1727 sempiternum
2438 1674 2577 1713 :non
2621 1659 2842 1713 manebit
2873 1657 2944 1712 ibi
2971 1659 3070 1724 vir,
3102 1675 3194 1713 nec
3223 1657 3411 1712 incolet
3452 1674 3566 1713 eant

1955 1749 2095 1819 ﬁlius
2149 1749 2376 1805 hominis
2417 1748 2608 1823 (Ibid.,
2659 1749 2730 1808 30
2775 1749 2970 1822 seqq.).
3028 1750 3226 1805 Totum
3258 1750 3565 1822 prophetia:

244 1852 318 1924 4).
349 1852 512 1909 venit
541 1868 708 1908 mane
739 1853 942 1923 populo
983 1867 1131 1919 meo,
1164 1861 1219 1908 et
1250 1867 1359 1908 nox
1395 1853 1548 1924 genii
1581 1853 1850 1910 Idumam-
1877 1855 1926 1917 Β
1955 1842 2332 1900 testimonium
2357 1844 2426 1900 de
2453 1845 2690 1900 Jeremia
2721 1845 2902 1916 posui,
2932 1853 2991 1899 ut
3012 1859 3134 1915 quae
3153 1844 3226 1900 sit
3249 1842 3449 1909 Cedar,
3483 1845 3565 1900 in-

247 1962 384 2012 rnm;
416 1946 526 2001 illis
569 1945 834 2016 prabebo
865 1947 1066 2013 lucem,
1093 1960 1190 2001 vos
1233 1947 1284 2000 in
1315 1945 1557 2002 tenebris
1597 1946 1844 2003 derelin-

246 2055 424 2110 quam.
455 2039 554 2095 Vel
586 2049 743 2095 certe
777 2041 886 2095 ita:
939 2040 1096 2096 venit
1119 2040 1212 2095 lux
1253 2049 1414 2096 nocte
1452 2049 1770 2109 transacta;
1800 2040 1846 2096 si

249 2147 420 2190 meum
449 2133 726 2189 invocatis
771 2131 1063 2203 auxilium,
1114 2141 1171 2189 et
1210 2133 1342 2189 estis
1369 2131 1438 2188 de
1485 2134 1656 2204 stirpe
1703 2133 1846 2190 servi

251 2228 350 2283 mei
396 2226 681 2283 Abraham
703 2270 720 2294 ,
756 2228 929 2283 nolite
963 2242 1051 2284 me
1084 2235 1294 2282 tantum
1327 2227 1383 2282 in
1427 2228 1848 2284 necessitatibus

251 2320 632 2390 qumrere,sed
652 2328 769 2376 toto
789 2320 856 2375 ad
883 2335 970 2376 me
990 2320 1174 2377 animo
1194 2321 1602 2377 convertimini.
1635 2321 1848 2390 Venite,

251 2426 304 2472 et
327 2417 625 2487 suscipiam
679 2416 1034 2487 pmnitentes.
1068 2415 1181 2471 Hoc
1217 2416 1374 2486 juxta
1424 2416 1706 2472 historiam
1737 2417 1851 2473 dic-

253 2517 358 2564 tum
389 2509 491 2564 sit:
527 2517 797 2564 caeterum
832 2519 1054 2579 propter
1095 2507 1509 2565 similitudinem
1544 2510 1763 2577 litterae,
1795 2518 1852 2566 et

253 2617 312 2657 ex
337 2617 407 2658 eo
434 2601 586 2673 quod
615 2618 715 2658 nes
745 2612 802 2658 et
830 2619 1064 2672 onera,
1091 2617 1199 2658 non
1226 2603 1456 2658 multum
1489 2604 1632 2660 inter
1662 2619 1722 2659 se
1743 2603 1854 2660 dis-

253 2703 496 2763 crepent,
530 2696 755 2766 quidam
790 2695 1141 2752 Hebraeorum
1172 2711 1272 2768 pro
1301 2695 1496 2763 Dama,
1530 2696 1751 2752 Romam
1777 2698 1854 2754 le-

253 2795 401 2858 gunt,
427 2789 682 2844 volentes
703 2789 1050 2860 prophetiam
1078 2799 1271 2846 contra
1297 2806 1521 2862 regnum
1546 2790 1852 2846 Romanum

257 2880 434 2953 dirigi,
464 2881 664 2938 frivola
714 2884 1092 2954 persuasione,
1123 2901 1226 2955 qua
1263 2900 1482 2957 semper
1508 2886 1560 2940 in
1604 2885 1854 2942 Idumaeas

259 2978 474 3034 nomine
520 2976 808 3033 Romanos
849 2977 1169 3034 existimant
1214 2977 1626 3034 demonstrari:
1687 2979 1856 3034 Duma

257 3081 434 3126 autem
466 3069 866 3139 interpretatur
895 3066 1184 3124 silentium.

325 3165 514 3236 (Vers.
545 3165 616 3220 l3
641 3162 838 3235 seqq.)
869 3163 1012 3218 Onus
1025 3164 1079 3218 in
1101 3164 1312 3219 Arabia.
1344 3163 1407 3220 In
1427 3165 1564 3222 saltu
1582 3165 1651 3220 ad
1678 3183 1855 3240 vespe-

1952 1934 2268 1992 dubitanter
2293 1936 2583 2008 intelligas.
2609 1936 2678 1991 Et
2700 1936 2990 1992 considera
3022 1935 3298 2007 quomodo
3319 1935 3565 2008 Ismaeli-

1951 2034 2164 2096 tarum,
2197 2027 2303 2084 huc
2346 2038 2430 2084 est
2454 2006 2902 2096 {Saracenorum
2935 2006 3157 2099 proprie
3203 2037 3425 2100 gentem
3465 2006 3564 2084 de-

1951 2119 2268 2189 scripserit,
2300 2120 2428 2191 quia
2460 2122 2709 2176 habitant
2750 2122 2801 2175 in
2834 2122 3117 2176 tentoriis:
3157 2121 3247 2188 qui
3281 2135 3418 2192 quas
3451 2135 3560 2176 nox

1951 2212 2307 2283 compulerit,
2340 2211 2500 2268 sedes
2546 2221 2768 2269 tenent:
2801 2213 2998 2284 quibus
3046 2220 3295 2269 armenta
3324 2223 3472 2280 sunt,
3505 2219 3563 2268 et

1954 2321 2151 2377 pecora
2178 2308 2623 2377 camelorumque
2653 2323 2886 2379 greges:
2922 2308 3013 2378 qui
3050 2323 3159 2362 non
3193 2306 3397 2364 habent
3420 2307 3562 2363 ostia

1951 2417 2054 2456 nec
2081 2408 2306 2458 vectes:
2338 2418 2447 2457 non
2477 2402 2623 2460 enim
2648 2411 2940 2459 versantur
2978 2402 3036 2458 in
3067 2402 3316 2471 urbibus,
3364 2401 3464 2458 sed
3508 2403 3565 2459 in

1953 2494 2252 2551 solitudine
2294 2495 2556 2550 habitant.
2605 2496 2670 2550 Et
2717 2495 2774 2550 hi
2821 2511 2954 2567 ergo
2981 2511 3012 2550 a
3043 2495 3356 2566 Babyloniis
3397 2494 3565 2550 deleti

1953 2595 2099 2656 sunt,
2133 2602 2200 2644 eo
2222 2587 2364 2658 quod
2393 2588 2534 2644 Asor
2563 2588 2865 2655 civitatem,
2893 2604 3015 2660 quae
3042 2588 3362 2658 metropolis
3383 2588 3564 2658 gentis

1952 2680 2105 2737 illius
2143 2683 2196 2737 in
2224 2697 2410 2737 eremo
2461 2681 2583 2750 fuit,
2619 2696 2791 2754 usque
2832 2683 2900 2738 ad
2931 2683 3109 2738 solum
3141 2681 3562 2738 subvenerint:

1955 2783 2010 2830 et
2060 2785 2240 2830 tamen
2280 2790 2403 2830 cum
2450 2759 2784 2831 camelor’um
2837 2784 2892 2830 et
2935 2773 3120 2830 ovium
3167 2787 3364 2843 greges
3415 2772 3567 2842 capti

1953 2877 2085 2924 sunt
2115 2867 2222 2941 [AL
2257 2866 2411 2940 sint],
2444 2868 2722 2939 pellesque
2745 2884 2936 2925 eorum
2964 2877 3124 2939 atque
3155 2865 3388 2924 tentoria
3418 2874 3566 2924 sorte

1956 2962 2168 3018 divisa:
2203 2977 2313 3018 non
2344 2963 2522 3018 omnis
2550 2963 2732 3034 gentis
2762 2964 2909 3021 illius
2930 2963 3561 3036 signiticaturinteritus,

1957 3073 2023 3114 eo
2071 3059 2218 3128 quod
2269 3057 2630 3114 drornedariis
2684 3059 2912 3114 camelis
2956 3068 3174 3114 centum
3226 3065 3282 3114 et
3327 3058 3566 3129 amplius

1960 3153 2132 3210 millia
2157 3168 2265 3210 uno
2280 3152 2368 3209 die
2395 3168 2494 3224 per
2516 3165 2725 3209 vastam
2748 3153 3101 3210 solitudinem
3114 3154 3304 3226 fugere
3327 3155 3562 3223 soleant,

258 3274 365 3311 ram
388 3257 673 3324 dormietis,
699 3256 757 3309 in
776 3256 968 3311 semitis
986 3254 1268 3313 Dodanim.
1297 3257 1631 3315 Occurrentes
1662 3261 1853 3315 sitienti
1880 3245 1925 3308 C
1957 3248 2252 3321 Auferetur,
2291 3249 2488 3319 inquit,
2539 3250 2703 3303 omnis
2734 3247 2902 3320 gloria
2950 3247 3150 3304 Cedar:
3192 3259 3245 3305 et
3277 3249 3566 3305 imminuto

260 3352 382 3422 ferte
417 3365 608 3421 aquam
630 3365 650 3403 :
689 3350 780 3420 qui
809 3349 1057 3405 habitatis
1097 3359 1284 3405 terram
1317 3353 1514 3421 Austri,
1561 3370 1676 3408 cum
1706 3355 1855 3425 pani-

261 3445 348 3500 bus
365 3445 618 3500 occurrite
641 3445 878 3517 fugienti.
904 3444 950 3500 Α
966 3446 1099 3517 facie
1116 3447 1250 3501 enim
1271 3445 1572 3518 gladiorum
1590 3451 1854 3520 fugerunt,

260 3554 292 3591 a
321 3539 452 3610 facie
469 3536 638 3612 gladii
659 3538 994 3605 imminentis,
1027 3555 1058 3592 a
1087 3539 1221 3611 [acie
1237 3555 1390 3595 arcus
1420 3541 1632 3608 extenti,
1664 3558 1698 3594 a
1726 3541 1858 3608 facie

261 3635 428 3704 gravis
467 3632 659 3704 prwlii.
696 3632 955 3698 Quoniam
994 3631 1103 3688 haec
1151 3633 1276 3688 dicit
1333 3633 1586 3690 Dominus
1631 3635 1700 3688 ad
1739 3649 1858 3690 me:

263 3726 440 3782 Adhuc
467 3727 524 3782 in
555 3744 660 3782 uno
690 3743 828 3781 anno
855 3727 1006 3798 quasi
1045 3727 1099 3782 in
1137 3744 1272 3783 anno
1313 3729 1614 3783 mercenarii
1631 3743 1650 3783 :
1677 3738 1726 3782 et
1755 3744 1858 3782 au-

266 3818 452 3890 feretur
480 3821 649 3876 omnis
677 3818 847 3892 gloria
877 3819 1062 3888 Cedar,
1095 3833 1144 3875 et
1160 3820 1390 3894 reliquie:
1418 3823 1616 3878 numeri
1643 3822 1862 3892 sagitta-

268 3914 453 3969 riorum
481 3915 699 3985 fortium
729 3917 794 3968 de
821 3915 944 3984 [iliis
981 3914 1147 3970 Cedar
1174 3915 1542 3971 imminuantur
1564 3933 1583 3971 :
1603 3915 1860 3974 Dominus

270 4009 398 4063 enim
435 4008 578 4065 Deus
613 4008 787 4065 Israel
814 4008 1015 4065 locutus
1043 4019 1138 4066 est.
1171 4010 1446 4078 Qumrenti
1494 4009 1629 4066 mihi
1667 4019 1726 4068 et
1769 4011 1861 4068 diu

270 4117 384 4160 cum
429 4105 832 4162 deliberatione
869 4107 1120 4163 tractanti
1163 4123 1284 4178 qua:
1313 4107 1710 4164 esset'Arabia
1735 4151 1749 4175 ,
1793 4107 1861 4163 ad

268 4215 420 4273 quam
449 4201 810 4274 propheticus
835 4217 1018 4258 sermo
1043 4202 1316 4274 dirigitur,
1361 4211 1544 4258 utrum
1586 4202 1856 4272 Moabitte,

269 4306 330 4348 an
355 4293 708 4362 Ammonitte,
741 4302 796 4350 et
824 4294 1065 4361 Idumaei,
1094 4305 1414 4368 cunctaque
1433 4294 1556 4350 aliae
1583 4295 1858 4366 regiones,

271 4402 384 4458 quae
421 4405 570 4446 nunc
615 4388 815 4444 Arabia
857 4399 1256 4462 nuncupantur,
1293 4389 1638 4447 occasionem
1674 4389 1866 4446 tribuit

273 4481 323 4538 in
347 4484 444 4542 hac
463 4484 658 4542 eadem
688 4483 910 4542 Visione
926 4485 1068 4557 quod
1089 4485 1340 4558 sequitur
1365 4503 1378 4540 :
1403 4484 1680 4557 Auferetur
1699 4483 1862 4540 omnis

272 4572 433 4649 gloria
460 4578 653 4647 Cedar,
689 4587 737 4632 et
756 4579 987 4650 reliquie:
1001 4579 1201 4636 numeri
1227 4580 1617 4652 sagittariorum
1651 4578 1865 4648 fortium

1959 3346 2369 3418 sagittariorum
2418 3359 2675 3413 numero,
2726 3345 2852 3416 quia
2910 3343 3146 3401 maxime
3189 3344 3400 3415 pollent
3447 3354 3566 3400 arte

1963 3439 2281 3512 pugnandi:
2314 3439 2502 3495 cmleri
2546 3440 2635 3510 qui
2676 3437 2940 3510 fugerint,
2993 3439 3374 3495 remanebunt.
3427 3438 3564 3506 Quia

1962 3535 2334 3591 intelleximus
2364 3549 2485 3604 qua:
2515 3533 2586 3589 sit
2615 3532 2814 3602 Cedar,
2847 3542 2902 3588 et
2930 3547 3051 3604 quas
3081 3533 3302 3601 Arabia,
3335 3547 3566 3602 quaeque

1961 3628 2127 3695 Asor,
2147 3626 2434 3682 videamus
2463 3625 2632 3682 Isaias
2662 3626 2929 3696 propheta
2955 3625 3086 3696 quid
3117 3625 3297 3680 dicat:
3330 3623 3396 3678 In
3426 3623 3567 3679 saltu

1962 3725 2033 3775 ad
2061 3739 2331 3794 vesperam
2359 3721 2644 3790 dormietis,
2695 3721 2750 3775 in
2779 3720 2972 3775 semitis
3003 3718 3286 3772 Dodanim.
3319 3717 3565 3773 Verbum

1962 3833 2103 3873 anan
2155 3818 2348 3888 (Ζῆν),
2381 3823 2441 3870 ut
2488 3829 2634 3886 sazpe
2661 3813 2688 3852 ι)
2721 3813 2834 3884 jam
2864 3812 3124 3880 diximus,
3178 3821 3233 3867 et
3274 3827 3470 3878 vesper,
3511 3819 3567 3867 et

1963 3909 2176 3977 Arabia,
2212 3920 2267 3964 et
2313 3924 2513 3974 corvus,
2548 3916 2602 3962 et
2630 3906 2893 3977 planities,
2940 3915 2996 3960 et
3038 3903 3283 3958 Occidens
3324 3903 3568 3974 appella~

1964 4012 2073 4060 tur.
2117 4004 2181 4059 Et
2234 4018 2333 4073 pro
2375 4017 2442 4058 eo
2463 4000 2610 4074 quod
2641 4015 2740 4057 nos
2777 4000 2932 4071 juxta
2962 3998 3108 4055 LXX
3159 3998 3559 4068 transtulimus,

1965 4099 2129 4171 219
2150 4097 2431 4166 dormietis,
2466 4105 2645 4166 potest
2676 4093 3046 4165 interpretari,
3071 4091 3421 4158 morabimini,
3452 4091 3566 4147 sive

1965 4189 2284 4256 habitabilis,
2318 4190 2420 4246 hoc
2448 4195 2534 4246 est
2561 4189 2908 4255 αὖλιθήσεσθε,
2939 4186 3084 4258 quod
3118 4185 3387 4242 Hebraice
3427 4184 3566 4240 dici-

1968 4293 2055 4341 tur
2083 4299 2318 4341 rnsunu
2351 4266 2561 4357 (1:511).
2588 4283 2832 4338 DODANlI
2863 4280 3086 4354 (nim)
3116 4293 3332 4350 quoque
3360 4277 3416 4334 in
3439 4295 3566 4348 pro-

1967 4378 2449 4453 pinquosvvertilur
2476 4387 2531 4434 et
2561 4385 2829 4450 cognatos.
2866 4375 3051 4446 Itaque
3083 4372 3395 4445 przedicitur
3424 4388 3568 4429 nunc

1966 4471 2191 4542 Judazis,
2225 4471 2318 4544 qui
2347 4469 2693 4528 obsidionem
2719 4469 3067 4540 Babyloniam
3098 4466 3339 4538 effugere
3369 4475 3567 4538 potue-

1967 4567 2096 4635 rint,
2115 4574 2170 4622 et
2184 4565 2251 4622 de
2271 4565 2436 4622 totius
2458 4564 2758 4637 provinciae
2775 4564 3027 4618 vastitate
3044 4560 3113 4617 ad
3130 4577 3278 4617 erem
3289 4578 3378 4617 um
3393 4569 3571 4616 trans.

273 4670 332 4725 de
367 4671 492 4741 [aliis
537 4670 711 4728 Cedar
758 4671 1126 4727 imminuantur
1168 4671 1190 4746 (
1221 4650 1355 4728 ιεάξ,
1416 4689 1542 4743 χχι,
1588 4673 1676 4742 16,
1733 4673 1797 4728 Π
1819 4671 1862 4744 ),
1892 4650 1946 4712 D
1972 4661 2050 4718 ire
2084 4661 2340 4729 vicinam,
2370 4658 2515 4732 quod
2547 4657 2844 4714 habitaturi
2874 4657 2983 4722 sint
3011 4656 3067 4711 in
3110 4655 3404 4712 solitudine
3433 4657 3570 4711 Ara-

274 4761 571 4822 lsmaelitas
603 4765 806 4822 debere
832 4765 1084 4838 intelligi.
1115 4765 1280 4824 Liber
1309 4767 1586 4825 Geneseos
1616 4767 1781 4824 docet
1801 4783 1867 4824 ex

275 4857 498 4918 Ismaele
546 4859 729 4916 Cedar
765 4868 822 4916 et
869 4859 1172 4932 Agarenos,
1205 4860 1299 4933 qui
1349 4875 1606 4933 perverso
1647 4860 1870 4916 nomine

274 4951 577 5010 Saracenos
620 4960 923 5020 vocantur,
967 4967 1092 5010 esse
1145 4941 1382 5025 genitos.
1441 4953 1507 5008 Hi
1555 4969 1652 5025 per
1700 4963 1870 5009 totam

275 5046 523 5105 habitant
551 5047 924 5114 solitudinem,
961 5047 1032 5104 de
1075 5047 1271 5118 quibus
1297 5057 1427 5120 puto
1465 5056 1523 5104 et
1547 5055 1762 5119 poetam
1789 5046 1874 5103 di-

275 5156 429 5198 cere:
461 5141 695 5214 Lateque
721 5151 965 5214 vagantes
993 5140 1194 5197 Βανεωὶ
1241 5142 1260 5214 (
1288 5141 1434 5215 Virg.
1492 5141 1710 5197 .Eneid.
1745 5157 1798 5198 ιν
1819 5141 1868 5214 );

275 5244 325 5291 et
355 5235 728 5307 supradictum
759 5234 1039 5304 volumen,
1071 5233 1264 5290 Contra
1293 5235 1478 5306 facient
1499 5236 1726 5290 omnium
1759 5238 1870 5307 fra-

275 5336 408 5382 trum
453 5343 671 5383 suorum
711 5326 960 5382 habitabit
992 5325 1156 5398 (Gen.
1190 5342 1306 5393 xvr,
1340 5327 1440 5397 12)
1469 5345 1481 5380 :
1515 5341 1580 5382 eo
1605 5325 1752 5398 quod
1790 5327 1872 5382 la-

275 5421 481 5480 tissima
507 5434 726 5480 eremus
753 5423 918 5494 218
941 5421 1009 5478 ab
1038 5421 1184 5476 ludia
1202 5421 1272 5476 ad
1297 5420 1675 5476 Mauritaniam
1703 5433 1872 5490 usque

279 5516 550 5587 tendatur,
580 5525 638 5572 et
679 5515 1010 5571 Atlanticum
1039 5515 1313 5572 Oceanum
1341 5555 1355 5581 ,
1384 5513 1530 5586 quod
1563 5521 1690 5586 puto
1716 5512 1873 5569 Jere—

278 5611 398 5667 mite
420 5611 641 5667 titulum
659 5623 857 5665 sonare
888 5627 901 5664 :
924 5609 1005 5664 Ad
1033 5609 1204 5665 Cedar
1228 5617 1278 5664 et
1306 5609 1375 5662 ad
1395 5625 1556 5682 regna
1585 5609 1732 5674 Asor,
1760 5623 1875 5677 qua:

279 5705 532 5774 percussit
563 5702 1052 5760 Nabuchodonosor
1087 5721 1181 5761 rex
1216 5702 1503 5777 Babylonis
1537 5701 1692 5776 (Jer.
1725 5717 1874 5773 xm,

343 5883 373 5915 ⁸
418 5874 626 5943 Vatic.,
648 5871 738 5944 qui
760 5873 823 5928 de
849 5875 964 5946 ejus
985 5888 1168 5947 genere
1199 5887 1400 5928 sumus.

1970 4752 2074 4809 bis:
2105 4753 2158 4808 in
2188 4751 2388 4808 itinere
2417 4748 2562 4822 quod
2591 4748 2743 4804 ducit
2767 4746 2836 4803 ad
2866 4747 3081 4804 fratres.
3125 4747 3471 4819 Rursumque
3501 4746 3568 4802 ad

1971 4846 2273 4903 Ismaelitas
2312 4860 2496 4902 sermo
2526 4843 2885 4914 convertitur,
2931 4853 2989 4900 et
3017 4857 3112 4900 eos
3141 4843 3208 4899 ad
3253 4845 3567 4899 misericor-

1973 4939 2120 4996 diam
2153 4939 2503 4994 cohortatur:
2527 4936 2756 5006 currite,
2791 4945 2849 4993 et
2873 4935 3034 4992 lassis
3059 4935 3315 4992 fratribus
3345 4949 3408 4991 ac
3428 4935 3569 5006 peri-

1975 5033 2293 5093 clitantibus
2339 5032 2538 5090 ardore
2568 5032 2709 5101 sitis,
2756 5032 2900 5089 obvii
2948 5031 3088 5089 ferte
3129 5047 3336 5104 aquas:
3389 5038 3570 5086 tantus

1975 5129 2121 5187 enim
2150 5127 2332 5184 fervor
2360 5136 2447 5184 est
2472 5126 2628 5195 solis,
2663 5134 2724 5183 ut
2750 5126 2859 5182 nisi
2884 5126 3265 5194 subveneritis,
3295 5125 3350 5180 in
3381 5123 3582 5179 solituo'

1976 5225 2105 5281 dine
2125 5231 2388 5296 pereant:
2419 5231 2476 5279 et
2504 5238 2613 5278 non
2641 5222 3032 5293 solumaquas,
3068 5220 3165 5277 sed
3186 5221 3349 5276 etiam
3374 5231 3568 5286 panem

1977 5318 2116 5376 ferte
2145 5317 2496 5390 fugientibus,
2545 5325 2601 5372 ut
2631 5330 2769 5388 quos
2815 5314 3056 5372 confecit
3100 5312 3337 5378 obsidio,
3386 5320 3573 5364 vestra

1976 5415 2270 5472 clementia
2298 5412 2534 5469 relevet.
2587 5410 2869 5482 Simulque
2915 5407 3094 5465 reddit
3135 5419 3356 5462 causam
3401 5420 3572 5475 quare

1980 5509 2099 5566 haec
2156 5509 2391 5580 imperet
2429 5505 2584 5575 ﬁeri,
2643 5507 2872 5562 dicens:
2907 5503 3162 5573 fugerunt
3215 5498 3572 5570 Babylonium

1982 5602 2248 5675 gladium,
2290 5601 2552 5672 fugerunt
2573 5613 2733 5656 arcus
2774 5595 3146 5659 Elamitarum,
3175 5590 3431 5662 fugerunt
3466 5593 3574 5649 im-

1989 5699 2204 5756 minens
2222 5696 2494 5768 praelium.
2511 5695 2624 5751 Nec
2641 5689 2954 5763 despiciatis
2973 5686 3208 5744 miseros
3233 5686 3378 5744 :cito
3389 5688 3577 5749 veniet

2052 5861 2080 5901 ι)
2119 5861 2244 5950 yid.
2275 5859 2440 5931 paulo
2467 5855 2719 5930 superius
2762 5853 2818 5911 in
2845 5867 2966 5925 cap.
2995 5867 3092 5924 xv,
3121 5851 3234 5912 col.
3268 5852 3393 5911 188.
