4014 6442
553 326 655 388 199

1804 313 1861 371 S.
1896 307 2172 370 EUSEBII
2211 303 2601 368 HIERONYMI

3739 287 3830 351 ’.ω

546 439 722 498 tendit
757 437 952 504 Deum,
997 440 1052 491 et
1086 446 1156 489 ne
1200 428 1556 502 pontiﬁcatus
1593 424 1813 498 quidem
1861 423 2147 495 privilegio
2176 425 2230 485 Α
2254 422 2376 487 citri,
2424 419 2514 490 qui
2566 419 2966 487 interpretatur
3018 410 3155 466 Deus
3193 397 3507 480 resurgens,
3535 399 3830 470 Evangelicl

548 544 660 590 tuta
707 546 830 588 esse
874 537 1070 602 potest.
1120 526 1230 582 Iste
1259 533 1342 580 est
1371 524 1555 580 Sobna
1597 521 1762 593 (sicut
1800 517 2019 590 quidam
2051 532 2150 587 pu-

551 625 688 696 tant)
712 633 768 680 et
789 623 1038 684 Eliacim,
1062 619 1131 675 de
1153 618 1347 690 quibus
1367 617 1509 672 idem
1535 615 1811 684 Propheta
1837 611 2146 667 subtexuit:

555 719 701 775 Misit
725 733 816 772 rex
845 714 1174 786 Assyriorum
1211 711 1496 766 Rabsacem
1521 709 1585 762 de
1619 706 1812 761 Lachis
1856 705 1907 758 in
1937 702 2152 757 Jerusa-

553 813 651 868 lem
689 809 758 864 ad
797 823 967 879 regem
1008 804 1281 862 Ezechiant
1321 804 1378 858 in
1426 818 1584 856 manu
1619 799 1762 873 gravi
1786 814 1804 852 :
1831 806 1880 852 et
1919 796 2053 850 stetit
2096 794 2148 847 in

549 903 866 977 aquwductu
918 901 1132 974 piscina:
1172 897 1492 970 superioris,
1533 895 1588 948 in
1631 893 1716 946 via
1756 891 1866 964 agri
1908 887 2150 960 fullonis,

551 1012 886 1073 egressusque
918 1006 990 1051 est
1021 993 1090 1048 ad
1120 1009 1239 1048 eum
1262 989 1484 1045 Eliacim
1513 986 1656 1058 filius
1683 983 1903 1049 Helciae,
1931 982 2020 1052 qui
2044 989 2153 1035 erat

550 1110 704 1168 super
735 1098 968 1156 domum,
1002 1099 1051 1144 et
1076 1089 1255 1145 Sobna
1286 1085 1453 1140 scriba
1472 1124 1488 1153 ,
1533 1090 1582 1138 et
1614 1080 1783 1135 Johae
1812 1079 1950 1148 filius
1979 1075 2152 1146 Asaph

551 1207 582 1244 a
620 1185 1010 1244 commentariis
1037 1181 1171 1256 (Isa.
1195 1196 1379 1246 xxxvr,
1413 1178 1450 1232 2
1478 1186 1526 1232 et
1561 1175 1750 1246 seqq.).
1775 1172 2002 1228 Jubetur
2023 1182 2154 1239 ergo

546 1283 760 1357 ingredi
792 1281 1070 1352 Propheta
1101 1277 1168 1334 ad
1195 1273 1534 1348 pontiﬁcem,
1561 1270 1652 1342 qui
1676 1267 1976 1331 habitabat,
2000 1263 2154 1334 juxta

550 1379 718 1448 LXX,
747 1379 804 1432 in
835 1372 1198 1446 pastOphorio;
1222 1370 1372 1442 juxta
1399 1367 1675 1437 Aquilam,
1700 1363 1750 1416 in
1778 1358 2111 1414 tabernaculo
2136 1373 2154 1410 :

548 1491 649 1548 pro
693 1488 802 1544 quo
832 1485 1069 1542 sequens
1107 1466 1432 1522 Hebraicam
1476 1461 1769 1517 veritatem
1807 1453 2152 1512 TheodOtion

551 1547 666 1622 ait:
699 1563 982 1636 Ingredere
1009 1561 1078 1615 ad
1109 1559 1273 1615 Sacen
1302 1557 1478 1622 istum,
1507 1551 1658 1624 quod
1689 1547 2034 1619 interpretari
2062 1559 2158 1616 po-

557 1668 687 1727 test,
720 1673 924 1729 wquum
964 1664 1011 1710 et
1054 1662 1254 1708 rectum
1285 1650 1366 1719 (ut
1404 1647 1619 1703 scilicet
1665 1644 1796 1700 κατὰ
1835 1643 2150 1717 ἁντίφρασιν,

552 1753 766 1824 iniquus
792 1748 1126 1818 intelligatur
1152 1753 1207 1800 et
1233 1740 1470 1816 pravus),
1492 1739 1560 1794 ad
1592 1735 1908 1808 pontiﬁcem
1945 1729 2155 1800 templi,

2255 514 2433 570 cultus
2483 517 2832 567 sacramenta
2888 504 3183 562 monstrari
3243 519 3256 554 :
3309 501 3384 554 ita
3444 507 3498 553 ut
3555 495 3659 549 hoc
3705 491 3830 564 quod

2254 609 2501 680 sequitur
2524 625 2536 661 :
2564 606 2727 679 226
2750 603 2814 658 In
2836 603 2917 658 die
2941 602 3062 666 illo,
3087 600 3213 654 dicit
3238 596 3491 650 Dominus
3513 591 3832 654 exercituum,

2253 703 2518 772 auferetur
2562 695 2819 768 paxillus,
2856 694 2942 765 qui
2973 693 3112 764 fixus
3152 694 3324 764 fuerat
3369 687 3422 741 in
3455 685 3568 739 loco
3608 680 3768 752 ﬁdeli,
3792 688 3833 732 et

2253 796 2522 866 frangetur
2551 800 2599 846 et
2643 790 2814 855 cadet,
2857 787 2923 842 ad
2957 784 3158 857 prioris
3200 780 3387 854 populi
3434 777 3645 834 ruinam
3685 773 3837 844 perti-

2256 897 2402 947 neat.
2445 887 2619 944 Nemo
2652 891 2832 941 autem
2876 882 3111 947 dubitat,
3155 885 3212 934 et
3250 877 3405 948 juxta
3447 870 3753 933 historiam,
3787 875 3835 923 et

2250 985 2406 1056 juxta
2458 981 2813 1052 allegoriam,
2859 977 2987 1048 quia
3041 973 3302 1046 paxillum
3350 970 3598 1034 dixerat,
3649 962 3838 1022 servari

2256 1076 2633 1146 metaphoram
2672 1074 2728 1128 in
2757 1070 3117 1140 suspensione
3157 1081 3409 1122 vasorum
3455 1061 3662 1119 diversi
3689 1074 3837 1132 gene-

2255 1170 2334 1226 ris
2360 1187 2374 1225 :
2402 1177 2457 1224 et
2478 1166 2623 1238 quod
2651 1164 2921 1235 prioribus
2950 1162 3158 1226 tractis,
3187 1159 3294 1215 alia
3327 1155 3757 1229 suspendantur.

2331 1263 2490 1335 (Cap.
2524 1259 2718 1318 XXIII.
2745 1287 2815 1300 -ο
2849 1257 3004 1312 Vers.
3042 1254 3120 1327 i.)
3157 1253 3303 1309 Onus
3329 1251 3478 1323 Tyri.
3513 1247 3727 1304 Ululate
3755 1263 3836 1299 na-

2258 1376 2340 1414 ves
2369 1358 2550 1425 maris,
2574 1357 2696 1428 quia
2725 1363 2927 1410 uastata
2947 1362 3019 1408 est
3050 1350 3251 1417 domus,
3283 1347 3420 1402 unde
3441 1344 3612 1400 uenire
3640 1357 3837 1396 consue-

2255 1461 2431 1508 uerant
2458 1469 2476 1505 :
2505 1455 2568 1506 de
2592 1460 2730 1504 terra
2771 1447 2969 1503 Cethim
3023 1443 3249 1498 revelata
3297 1449 3372 1494 est
3425 1439 3517 1492 eis.
3553 1435 3732 1489 Tacete
3763 1431 3838 1500 qui

2259 1549 2501 1604 habitatis
2531 1548 2586 1601 in
2623 1545 2800 1600 insula
2844 1541 3120 1616 negotiatio
3164 1537 3402 1595 Sidonis.
3435 1532 3768 1591 Manifestius
3794 1537 3839 1585 et

2261 1644 2480 1714 plenius
2509 1639 2765 1696 Ezechiel
2797 1636 3066 1708 propheta
3098 1641 3153 1690 et
3181 1629 3598 1688 subversionem
3629 1625 3772 1698 Tyri,
3796 1631 3840 1680 et

2259 1749 2452 1791 causas
2495 1730 2866 1788 subversionis
2911 1727 3154 1799 exponit,
3207 1724 3434 1780 dicens:
3468 1717 3581 1775 Fili
3611 1717 3838 1784 hominis,

554 1853 612 1903 et
640 1811 792 1900 dices
824 1843 876 1899 ei
910 1860 922 1897 :
956 1840 1062 1909 Qui
1093 1811 1310 1894 habitas
1335 1837 1388 1890 in
1417 1811 1585 1890 domo
1616 1831 1735 1895 Dei,
1768 1827 1924 1898 cujus
1946 1826 2153 1880 scelera
2185 1827 2233 1888 B
2261 1845 2355 1901 pro
2377 1843 2437 1882 eo
2463 1826 2602 1898 quod
2628 1825 2759 1879 dia-it
2788 1823 2960 1894 Tyrus
2991 1821 3054 1874 de
3079 1817 3372 1873 Jerusalem
3407 1830 3424 1869 :
3454 1811 3624 1884 Euge,
3649 1813 3839 1880 confra-

554 1939 608 1994 in
643 1945 754 1993 tota
793 1934 1016 1991 civitate
1050 1929 1408 1993 bacchantur,
1452 1941 1551 1982 cur
1579 1937 1808 1980 securus
1837 1934 1896 1976 es
1938 1920 1988 1973 in
2022 1932 2155 1986 ope-

552 2029 704 2085 ribus
734 2027 864 2097 tuis,
899 2025 1055 2097 quasi
1102 2039 1211 2078 non
1256 2019 1503 2078 verearis
1541 2017 1703 2090 225
1733 2011 2102 2084 captivitatem
2139 2027 2151 2062 :

554 2119 808 2177 excidisti
854 2117 954 2174 tibi
1002 2117 1058 2172 in
1106 2124 1259 2187 petra
1295 2112 1628 2183 sepulcrum,
1663 2117 1718 2164 et
1763 2115 1873 2161 tam
1924 2102 2158 2174 superbe

554 2211 865 2280 tediticasti,
906 2219 968 2267 ut
1005 2209 1235 2266 ambitio
1279 2214 1334 2263 te
1375 2215 1430 2263 et
1478 2205 1532 2260 in
1575 2211 1752 2258 morte
1797 2197 2156 2271 sequeretur?

555 2307 695 2364 Audi
717 2321 840 2379 qua:
867 2305 939 2361 sit
964 2304 1019 2360 in
1051 2314 1103 2361 te
1137 2303 1352 2360 Domini
1385 2299 1658 2355 sententia
1695 2313 1709 2350 :
1743 2293 2015 2367 quomodo
2042 2292 2156 2364 gal-

552 2400 640 2456 lus
667 2399 1002 2471 gallinaceus
1031 2395 1259 2452 humero
1287 2390 1552 2464 portantis
1575 2388 1843 2454 aufertur,
1872 2395 1929 2442 et
1956 2384 2156 2456 singuli

553 2494 838 2550 hominum
871 2493 1056 2548 levant
1087 2490 1142 2546 in
1184 2488 1406 2559 scapula
1444 2485 1673 2558 pallium
1716 2498 1873 2538 suum
1911 2499 1923 2533 :
1955 2480 2035 2536 sic
2062 2488 2153 2534 tua

547 2586 725 2643 facilis
753 2587 860 2642 erit
886 2584 939 2640 in
964 2583 1343 2655 captivitatem
1385 2578 1697 2634 translatio.
1722 2574 1959 2632 Habebis
1991 2589 2155 2631 coro-

553 2697 678 2738 nam
704 2696 813 2737 non
845 2679 1061 2736 lamina:
1097 2693 1303 2741 aureae,
1341 2683 1397 2732 et
1430 2670 1870 2730 sanctiﬁcationis
1911 2670 2150 2737 Domini,

551 2775 647 2833 sed
681 2774 1046 2832 tribulationis
1070 2782 1125 2830 et
1151 2771 1437 2844 angustiae.
1463 2770 1616 2826 Sicut
1638 2769 1784 2824 enim
1816 2766 1926 2838 pila
1957 2767 2001 2821 si
2031 2765 2154 2821 mit-

553 2879 698 2926 tatur
729 2869 785 2924 in
811 2869 1075 2939 proclive,
1108 2875 1256 2922 stare
1281 2879 1386 2919 non
1415 2871 1619 2934 potest,
1649 2860 1746 2918 sed
1773 2860 1948 2915 veloci
1987 2872 2152 2914 cursu

555 2963 791 3019 volvitur
825 2961 938 3016 :ita
979 2969 1031 3016 et
1065 2968 1120 3014 tu
1151 2958 1217 3014 ad
1257 2967 1456 3014 terram
1491 2954 1809 3012 latissimam
1841 2950 2149 3019 deduceris,

552 3071 714 3129 quam
743 3062 837 3110 aut
865 3053 1184 3126 Egyptum,
1208 3060 1303 3107 aut
1340 3047 1656 3122 Babyloniae
1695 3061 1917 3119 campos
1945 3045 2147 3101 intel|i~

552 3163 766 3219 gamus,
804 3149 989 3217 ibique
1024 3148 1276 3202 morieris
1308 3163 1321 3199 :
1355 3153 1412 3200 et
1441 3145 1515 3200 ibi
1547 3151 1709 3200 erunt
1737 3156 1930 3197 currus
1961 3139 2150 3211 gloria:

2261 1933 2355 1977 cta:
2389 1930 2508 1978 sunt
2530 1929 2691 1992 ρον-ιω
2719 1915 3052 1990 papulorum,
3086 1918 3416 1967 conversaest
3449 1909 3517 1962 ad
3547 1923 3648 1973 nte,
3676 1903 3839 1975 imple-

2259 2017 2372 2082 bor,
2399 2016 2600 2069 deserta
2645 2022 2737 2066 est.
2769 2009 3051 2082 Pr0pterea
3095 2007 3202 2061 haec
3228 2005 3351 2058 dicit
3378 2002 3630 2057 Dominus
3675 1999 3839 2052 Deus:

2260 2109 2394 2164 Ecce
2431 2126 2522 2181 ego
2565 2123 2722 2178 super
2770 2116 2841 2170 te,
2888 2102 3043 2174 Tyre,
3075 2111 3121 2156 et
3151 2099 3427 2154 ascendere
3467 2096 3657 2166 faciam
3697 2091 3760 2146 ad
3800 2103 3839 2145 te

2259 2211 2432 2278 gentes
2461 2201 2676 2266 multas,
2711 2198 2843 2252 sicut
2870 2195 3098 2250 ascendit
3127 2207 3266 2246 mare
3299 2193 3578 2261 ﬂuctuans,
3613 2195 3660 2240 et
3704 2184 3840 2239 dissi-

2259 2299 2392 2372 pabo
2435 2312 2613 2350 muros
2653 2293 2804 2365 Tyri,
2839 2301 2886 2348 et
2934 2290 3198 2344 destruant
3229 2298 3392 2341 turres
3440 2288 3577 2358 ejus,
3604 2293 3651 2338 et
3676 2281 3838 2336 radunt

2258 2393 2517 2466 pulverem
2569 2391 2683 2462 ejus
2712 2387 2775 2441 de
2820 2402 2880 2440 ea
2922 2382 3141 2455 (Ezeeh.
3175 2397 3335 2447 xxvr,
3365 2378 3420 2446 2,
3454 2387 3500 2431 et
3529 2373 3696 2447 seqq.)
3726 2375 3838 2441 Qua:

2259 2497 2439 2542 autem
2457 2484 2577 2539 ista:
2592 2483 2910 2552 sintgentes
2927 2477 3133 2543 multae,
3156 2491 3276 2546 qme
3291 2472 3638 2530 inundabuot
3654 2470 3835 2541 Tyrum

2258 2580 2400 2636 sicut
2431 2592 2580 2632 mare
2624 2575 2924 2639 ﬂuctuans,
2963 2569 3284 2627 nominatim
3312 2568 3364 2622 in
3397 2562 3839 2636 consequentibus

2257 2673 2418 2729 docet
2451 2690 2464 2726 :
2494 2670 2627 2725 Ecce
2656 2685 2750 2741 ego
2773 2667 3027 2722 adducam
3053 2663 3121 2718 ad
3149 2661 3346 2734 Tyrum
3372 2657 3837 2715 Nabuchodonosor

2256 2784 2424 2840 regem
2441 2765 2721 2836 Babylonis
2745 2762 2808 2816 ab
2834 2760 3102 2830 Aquilone,
3130 2772 3296 2827 regem
3323 2769 3522 2825 regunt,
3551 2767 3670 2804 cum
3691 2748 3835 2819 equis,

2257 2873 2305 2917 et
2323 2859 2556 2914 curribus
2576 2866 2624 2910 et
2636 2854 2908 2924 equitibus,
2930 2861 2980 2908 et
3000 2860 3128 2906 ccetu
3153 2846 3671 2922 populoquemagno.
3688 2840 3837 2894 Filias

2258 2964 2370 3008 tuas
2399 2967 2513 3023 quae
2555 2958 2672 3004 sunt
2723 2947 2778 3002 in
2801 2962 2948 3017 agro,
2980 2942 3159 3016 gladio
3183 2939 3460 3008 interﬁciat
3488 2954 3506 2991 :
3544 2945 3590 2990 et
3637 2935 3839 2988 circnm-

2256 3047 2397 3101 dabit
2425 3056 2470 3099 te
2491 3042 2902 3098 munitionibus:
2930 3048 2976 3093 et
2999 3034 3335 3107 comportabit
3361 3046 3602 3104 aggerem
3623 3029 3678 3084 in
3704 3041 3836 3101 gyro,

2255 3153 2302 3198 et
2333 3141 2546 3198 elevabit
2573 3147 2752 3192 contra
2779 3145 2826 3190 te
2853 3133 3111 3206 clypeum,
3160 3140 3208 3184 et
3250 3130 3424 3182 vineas
3471 3135 3628 3198 atque
3676 3125 3839 3176 arietes

555 3251 685 3308 tuae,
714 3255 908 3298 omnes
936 3241 1197 3313 potentize
1222 3248 1277 3296 et
1305 3254 1458 3310 opes,
1489 3238 1686 3310 quibus
1715 3251 1855 3291 nunc
1881 3235 2046 3290 fultus
2069 3233 2150 3288 in-
2177 3229 2221 3292 C
2257 3233 2554 3306 temperabit
2583 3231 2638 3285 in
2668 3245 2842 3285 muros
2886 3237 3021 3293 tuos,
3053 3233 3099 3279 et
3147 3233 3312 3278 turres
3366 3231 3479 3274 tuas
3527 3217 3752 3272 destruet
3794 3214 3840 3266 in

550 3335 726 3392 cedis.
756 3335 835 3391 Ibi
881 3335 1086 3391 senties
1134 3332 1485 3406 ignominiam
1526 3332 1723 3387 domus
1770 3328 1980 3384 Domini
2024 3328 2098 3383 tui
2134 3344 2146 3382 :

554 3428 682 3499 quia
712 3438 936 3500 propter
962 3443 1127 3496 opera
1166 3427 1336 3494 mala,
1361 3435 1416 3483 et
1446 3425 1711 3481 violatum
1741 3421 2026 3491 Templum
2055 3420 2148 3475 Dei

546 3521 627 3577 tui
660 3521 762 3576 ista
795 3519 1041 3592 patieris.
1086 3519 1377 3576 Detraham
1422 3527 1473 3574 te
1519 3518 1586 3574 de
1623 3517 1794 3590 gradu
1839 3525 1953 3584 tuo,
1985 3524 2040 3570 et
2080 3513 2148 3569 de

553 3615 900 3685 pontiﬁcatus
928 3615 1108 3671 ol‘ﬁcio
1142 3614 1451 3685 projiciam,
1475 3623 1530 3669 et
1565 3626 1666 3684 pro
1693 3622 1746 3667 te
1775 3611 2002 3666 Eliacim
2034 3625 2150 3665 ser-

553 3724 681 3764 vum
723 3725 905 3765 meum
952 3709 1124 3765 ﬁlium
1157 3707 1358 3765 llelciae
1392 3707 1613 3763 induam
1645 3703 1986 3762 vestimentis
2017 3703 2144 3767 tuis,

549 3812 608 3860 et
631 3803 852 3874 cingulo
886 3813 978 3860 tuo
1009 3803 1324 3860 decorabo:
1359 3803 1501 3858 sicut
1545 3800 1770 3856 Eleazar
1805 3797 2150 3856 vestimentis

548 3898 734 3953 Aaron
757 3895 932 3968 patris
961 3897 1186 3953 indutus
1208 3907 1314 3954 est.
1345 3894 1456 3968 Ipsi
1480 3895 1623 3952 dabo
1640 3904 1962 3966 potestatem
1988 3894 2148 3949 Tem-

549 3989 649 4062 pli,
678 3991 771 4061 qui
806 3991 1007 4046 habeat
1038 3991 1296 4062 populum
1339 4005 1450 4046 non
1495 3990 1806 4062 subjectum
1851 3988 1953 4045 sibi
1995 3986 2147 4060 quasi

547 4097 792 4152 servum,
828 4082 926 4140 sed
953 4092 1255 4140 amatorem
1286 4083 1371 4140 sui
1417 4085 1572 4155 quasi
1613 4083 1807 4139 ﬁlium.
1853 4082 1972 4154 Ipse
2009 4081 2151 4137 acci-

549 4177 663 4249 piet
689 4179 898 4235 clavem
936 4178 1130 4235 domus
1159 4194 1317 4248 meae,
1348 4179 1474 4235 etin
1501 4193 1603 4234 suo
1632 4177 1872 4250 portabit
1898 4179 2146 4241 humero,

548 4273 671 4345 ipse
699 4273 918 4330 habebit
943 4275 1396 4330 caeremoniarum
1428 4272 1675 4330 omnium
1707 4277 2050 4342 potestatem.
2085 4269 2152 4323 Et

547 4368 822 4439 quomodo
851 4369 1085 4439 paxillus
1119 4369 1164 4425 si
1205 4369 1400 4440 ﬁgatur
1422 4368 1475 4423 in
1509 4368 1719 4439 pariete
1741 4364 1980 4435 Templi,
2013 4372 2068 4419 et
2095 4363 2150 4418 in

550 4461 675 4518 loco
706 4462 1024 4518 ﬁrmiSsimo
1063 4461 1386 4529 collocetur,
1417 4460 1598 4516 omnia
1630 4473 1760 4514 vasa
1805 4455 2148 4512 sacerdotum

543 4563 599 4611 et
623 4554 967 4622 Levitarum,
997 4565 1104 4610 tam
1131 4570 1255 4628 qua:
1282 4556 1337 4611 in
1359 4552 1645 4612 sacriﬁciis
1670 4551 1977 4607 necessaria
2002 4561 2147 4618 sunt,

2255 3304 2520 3382 armatura
2547 3339 2666 3390 sua,
2697 3331 2752 3379 et
2779 3328 2976 3377 caetera
3004 3332 3124 3388 quae
3143 3329 3315 3386 usque
3341 3311 3408 3368 ad
3433 3311 3596 3366 ﬁnem
3631 3304 3839 3363 visionis

2252 3429 2579 3493 sequuntur.
2605 3419 2737 3474 Nam
2771 3426 2826 3472 et
2861 3417 2913 3471 in
2945 3413 3050 3468 alia
3085 3408 3393 3484 prophetia,
3423 3422 3545 3478 quae
3566 3403 3838 3460 adversum

2252 3491 2540 3588 [Egyptios
2571 3510 2840 3579 cernitur,
2875 3507 3066 3564 eadem
3112 3504 3399 3574 Scriptura
3429 3498 3673 3556 contexit
3702 3513 3716 3548 :
3745 3491 3842 3547 Fili

2253 3609 2495 3676 hominis,
2534 3603 3022 3660 Nabuchodonosor
3070 3613 3164 3653 rea:
3207 3594 3488 3666 Babylonis
3518 3590 3708 3647 servire
3737 3586 3840 3660 fecit

2253 3707 2535 3762 exercitum
2559 3717 2709 3758 suunt
2755 3699 2995 3755 servitute
3043 3711 3232 3766 magna
3277 3690 3552 3745 adversum
3597 3685 3841 3757 Tyrum:

2254 3815 2404 3854 omne
2433 3807 2587 3868 caput
2616 3794 2966 3859 decalvatum,
3009 3799 3055 3844 et
3098 3787 3264 3843 omnis
3294 3785 3538 3839 humerus
3569 3780 3841 3850 depilatos,

2253 3904 2299 3950 et
2329 3910 2524 3948 merces
2559 3908 2662 3946 non
2691 3901 2768 3946 est
2799 3887 3005 3943 reddita
3035 3885 3103 3951 ei,
3137 3898 3299 3953 neque
3347 3877 3591 3935 exercitui
3639 3879 3748 3949 ejus
3789 3871 3843 3924 de

2257 3989 2394 4061 Tyro
2445 3985 2656 4059 (Ezech.
2690 3983 2864 4055 xxxx).
2898 3982 3002 4038 Per
3033 3993 3154 4050 qua:
3197 3974 3470 4047 signiﬁcat
3502 3971 3675 4027 multo
3719 3977 3841 4024 tem-

2254 4100 2390 4156 pore
2415 4082 2485 4137 ab
2515 4078 2766 4136 exercitu
2816 4073 3112 4146 Babylonis
3141 4083 3393 4142 aggerem
3426 4072 3839 4136 comportatum,

2255 4152 2315 4234 ut
2343 4177 2488 4247 quod
2520 4183 2708 4245 postea
2740 4169 2868 4225 fecit
2918 4164 3251 4232 Alexander,
3287 4160 3522 4217 insulam
3555 4152 3844 4214 continenti

2257 4282 2415 4327 terrae
2447 4267 2685 4332 socians,
2719 4263 2810 4318 ille
2840 4268 2967 4316 ante
2998 4257 3179 4314 facere
3231 4255 3303 4310 sit
3350 4261 3585 4309 conatus
3641 4249 3842 4322 (Quint.

2256 4363 2406 4419 Curt.
2440 4361 2534 4415 lib.
2565 4354 2981 4430 tv).Quomodo
3030 4366 3161 4422 ergo
3211 4348 3476 4405 adversus
3523 4345 3844 4417 Babylonem

2256 4468 2310 4515 et
2335 4453 2646 4522 Philistiim,
2681 4461 2738 4509 et
2766 4450 2946 4517 Moab,
2979 4456 3033 4504 et
3062 4446 3378 4518 IEgyptum,
3412 4450 3469 4499 et
3508 4440 3776 4495 Idumaeos
3799 4442 3846 4491 et

2260 4551 2586 4619 lsmaelitas,
2609 4563 2774 4619 supra
2794 4546 2891 4602 Dei
2919 4541 3399 4601 comminationem
3427 4538 3683 4609 legimus,
3715 4530 3844 4606 quod

546 4662 708 4719 quam
758 4649 941 4704 omnis
964 4649 1183 4721 generis
1227 4648 1590 4713 musicorum,
1641 4643 2050 4715 suspenduntur
2098 4644 2151 4698 in
2179 4634 2231 4688 Π
2260 4643 2647 4702 insultaverint
2675 4639 2974 4710 captivitati
3000 4636 3186 4708 populi
3217 4635 3338 4705 ejus
3363 4675 3377 4701 ,
3412 4634 3484 4688 ita
3516 4632 3680 4688 etiam
3715 4638 3846 4684 nunc

544 4756 614 4798 eo
637 4759 651 4797 :
677 4743 757 4799 sic
780 4743 962 4799 omnis
987 4743 1220 4816 populus
1243 4758 1310 4799 ex
1332 4741 1561 4798 Eliacim
1586 4737 1730 4796 servi
1752 4737 1858 4793 mei
1882 4745 2151 4808 potestate

544 4838 827 4911 pendebit.
887 4840 1042 4909 Quod
1095 4850 1280 4896 autem
1337 4839 1415 4893 ait
1462 4853 1476 4890 :
1531 4834 1595 4889 In
1618 4835 1700 4889 die
1743 4832 1838 4888 illa
1889 4833 2150 4904 auferetur

547 4933 784 5005 paxillus
810 4933 897 5005 qui
919 4933 1059 5003 ﬁxus
1085 4932 1259 5002 fuerat
1285 4932 1339 4984 in
1361 4928 1478 4983 loco
1505 4928 1674 4999 ﬁdeli,
1707 4936 1753 4981 et
1781 4930 2070 5000 frangetur,
2101 4934 2148 4980 et

544 5027 712 5096 cadet,
741 5035 791 5082 et
813 5025 999 5098 peribit
1024 5024 1163 5096 quod
1187 5023 1499 5095 pependerat
1537 5021 1592 5075 in
1613 5036 1695 5087 eo,
1727 5021 1848 5092 quia
1891 5019 2144 5075 Dominus

541 5119 746 5175 locutus
778 5128 869 5188 est,
899 5117 1055 5175 multi
1082 5118 1148 5174 ad
1176 5117 1414 5174 Sobnam
1440 5116 1703 5184 referunt,
1737 5115 1880 5187 quod
1910 5114 2138 5170 Eliacim

542 5210 711 5267 inﬁxa
744 5210 969 5284 paxillo,
1003 5209 1156 5281 prior
1183 5209 1420 5280 paxillus
1449 5209 1540 5281 qui
1567 5209 1770 5264 inﬁxus
1794 5206 1991 5273 fuerat,
2021 5222 2142 5262 cor-

542 5313 687 5360 ruat.
727 5303 834 5358 Sed
863 5301 992 5371 quia
1019 5301 1273 5372 sequitur
1301 5318 1314 5356 :
1344 5297 1414 5354 Et
1453 5299 1640 5373 peribit
1668 5299 1805 5371 quod
1831 5297 2144 5370 pependerat

540 5398 599 5454 in
626 5414 686 5453 eo
713 5412 736 5455 :
765 5395 913 5466 quod
942 5395 1160 5466 dejecto
1186 5395 1396 5463 Sobna,
1428 5409 1767 5465 nequaquam
1798 5392 1999 5448 factum
2040 5400 2143 5457 est,

545 5491 904 5562 intelligimus
935 5490 1042 5548 hoc
1070 5490 1202 5558 dici,
1232 5488 1378 5561 quod
1408 5488 1664 5561 deposito
1690 5487 1896 5552 Sobna,
1922 5483 2146 5539 Pontiﬁ-

538 5595 722 5644 catum
747 5585 1025 5657 acceperit
1050 5585 1302 5651 Eliacim,
1325 5585 1482 5654 cujus
1504 5583 1796 5640 sacerdOtii
1820 5581 2142 5653 dignitatem

538 5679 813 5736 subvertit
865 5689 1111 5736 extrema
1165 5678 1474 5751 captivitas.
1526 5677 1626 5746 Qui
1679 5675 1829 5746 juxta
1879 5676 2141 5748 ἀναγωγήν

541 5782 738 5832 cuncta
777 5775 1074 5848 accipiunt,
1107 5777 1300 5833 volunt
1343 5774 1395 5829 in
1442 5772 1647 5829 Sobncc
1687 5769 2014 5824 Pontiﬁcatu
2042 5767 2139 5823 Ju-

541 5869 787 5932 daorum
806 5872 1175 5932 sacerdotium
1196 5873 1420 5941 cadere,
1450 5876 1506 5928 et
1533 5868 1590 5925 in
1611 5863 1960 5925 successione
1990 5864 2135 5926 Elia-

2256 4739 2548 4795 adversum
2579 4732 2971 4808 227‘Tyrum
3020 4729 3321 4794 inimicam,
3354 4734 3409 4781 et
3457 4723 3842 4780 insultatricem

2253 4830 2945 4891 subversionislerusatem
2969 4824 3255 4898 prophetia
3281 4821 3502 4888 texitur,
3529 4821 3668 4891 quod
3693 4818 3843 4874 etiam

2251 4928 2367 4998 ipsa
2399 4925 2468 4980 ab
2517 4923 2709 4981 eodem
2741 4921 2898 4977 hoste
2929 4919 3003 4976 sit
3051 4915 3404 4974 destruenda.
3436 4913 3695 4984 Legimus
3740 4907 3840 4982 [ΑΙ.

2247 5018 2538 5093 Legamus]
2591 5017 2902 5076 Graecorum
2955 5012 3247 5077 historias,
3280 5017 3336 5067 et
3382 5009 3620 5064 maxime
3666 5016 3843 5061 eorum

2248 5117 2340 5188 qui
2371 5113 2613 5185 Assyriae
2641 5111 2818 5184 gentis
2857 5110 2996 5166 bella
3029 5105 3385 5171 describunt;
3419 5103 3603 5174 ibique
3648 5097 3844 5171 reperi-

2251 5226 2370 5265 mus
2419 5216 2544 5278 post
2589 5205 2960 5278 captivitatem
3014 5201 3357 5268 Jerusalem,
3409 5196 3748 5258 Palaestinos,
3795 5199 3843 5246 et

2251 5303 2478 5368 Arabas,
2506 5310 2560 5358 et
2588 5301 2978 5366 Damascenos,
3002 5311 3066 5352 ac
3087 5295 3348 5364 deinceps
3375 5291 3663 5364 Egyptios
3686 5287 3843 5344 fuisse

2250 5395 2570 5452 subversos.
2598 5392 2756 5463 Quod
2786 5401 2968 5446 autem
3001 5403 3219 5458 semper
3253 5385 3338 5440 hae
3364 5392 3595 5456 gentes,
3631 5390 3685 5437 et
3719 5391 3842 5451 pne-

2248 5484 2412 5560 'cipue
2441 5488 2619 5560 Tyrus
2648 5483 3048 5557 impugnaverit
3077 5479 3266 5549 Israel,
3301 5487 3359 5535 et
3379 5479 3432 5533 in
3455 5476 3602 5532 illius
3629 5474 3842 5530 subver-

2254 5584 2410 5641 sione
2439 5582 2617 5638 laetata
2648 5581 2742 5648 sit,
2772 5579 2942 5636 Amos
2969 5578 3234 5650 propheta
3256 5575 3311 5629 in
3333 5571 3564 5630 exordio
3588 5571 3670 5626 sui
3697 5566 3840 5623 volu»

2253 5678 2417 5734 minis
2448 5675 2686 5747 explicat
2711 5673 2920 5743 (Amos.
2950 5669 3012 5744 ι),
3038 5680 3096 5727 et
3125 5667 3366 5725 breviter
3397 5664 3586 5721 laudes
3613 5662 3727 5717 Deo
3755 5672 3840 5714 ca-

2247 5786 2385 5828 nens
2427 5767 2716 5826 Psalmista
2763 5763 3009 5824 declarat
3040 5783 3052 5820 :
3085 5765 3247 5831 Deus,
3281 5762 3395 5832 quis
3419 5753 3607 5813 similis
3638 5755 3731 5811 erit
3759 5748 3839 5807 tibi

2243 5854 2358 5927 [AL
2393 5861 2526 5935 tui]?
2555 5878 2620 5918 ne
2661 5869 2857 5931 taceas,
2906 5875 3068 5932 neque
3101 5852 3476 5929 compescaris,
3506 5849 3668 5908 Deus.
3713 5848 3841 5916 Quo-

3671 6330 3978 6436 (ΚΑ
