4014 6468
176 360 262 418 201

176 479 291 533 niam
329 490 435 531 ecce
474 472 671 531 inimici
700 478 778 530 tui
801 484 1089 531 sonuerunt
1118 492 1136 530 :
1170 484 1220 530 et
1246 477 1337 548 qui
1386 484 1435 529 te
1485 476 1731 541 oderunt,
1762 476 1809 541 Α

174 569 435 627 muleram
458 578 631 628 caput.
664 568 839 632 Super
868 568 1118 637 populum
1148 578 1292 622 tuum
1320 568 1734 639 malignanerunt

175 662 501 724 consilium,et
531 662 882 733 cogitaverunt
908 661 1153 715 adversus
1170 669 1375 715 sanctos
1403 672 1538 715 tuos.
1568 659 1733 715 Dixe-

673 356 1333 418 COMMENTARIORUM
1370 358 1438 417 IN
1474 357 1708 420 ISAIAM
1746 356 2175 418 PROPHETAM
2215 358 2344 419 LIB.
2389 358 2456 418 V.
2498 359 2653 419 CAP.
2696 360 2892 422 XXIII.

3338 364 3451 423 202

1838 474 2059 529 enutrivi
2074 476 2313 544 juvenes,
2345 492 2436 530 nec
2453 476 2522 528 ad
2548 477 2921 531 incrementum
2943 475 3171 551 perduxi
3200 477 3454 552 virgines.

1840 569 1964 624 Dixi
1994 585 2160 641 supra
2192 570 2464 626 coloniam
2508 573 2858 627 Sidoninrum
2888 586 3014 628 esse
3044 572 3274 643 Tyrum.
3312 572 3454 628 Audi

1837 663 2020 734 igitur,
2049 674 2244 726 mater.
2279 676 2475 720 cuneta
2506 665 2671 720 simul
2694 674 2882 720 contra
2904 664 3073 719 tiliam
3103 677 3247 719 tuam
3282 665 3457 719 maria

172 766 289 823 runt,
324 753 518 822 Venite,
571 764 622 812 rt
665 755 1029 822 disperdamus
1071 771 1160 810 eos
1206 754 1270 809 de
1297 766 1480 827 gente,
1528 764 1577 808 et
1631 771 1736 809 non
1835 754 2150 823 clamantia,
2183 764 2243 811 et
2272 757 2677 826 quodammodo
2727 773 2915 812 vocem
2970 757 3299 822 emittentia,
3329 769 3452 827 quae

173 858 449 904 moretur
477 864 663 903 nomen
694 845 867 903 Israel
894 848 1057 903 ultra.
1089 846 1346 915 Quoniam
1382 847 1737 917 cogitaverunt

171 938 465 1005 unurimiter,
490 937 648 993 simul
675 941 948 994 adversum
992 951 1041 995 te
1076 947 1432 995 testamentum
1470 939 1739 1011 disposue-

172 1043 287 1097 runt,
316 1029 641 1088 tabernacula
672 1029 1050 1097 Idumaornm,
1082 1041 1131 1087 et
1175 1029 1491 1098 Ismaelitat,
1545 1031 1735 1099 Moab,

170 1134 209 1182 et
240 1124 463 1196 Agareni.
496 1121 680 1184 Gebal.
711 1135 762 1180 et
789 1128 1031 1189 Ammon,
1064 1133 1114 1179 et
1143 1122 1408 1186 Amalech,
1431 1123 1740 1198 alienigena

170 1237 267 1275 eum
307 1218 652 1275 habitantibus
681 1218 882 1292 Tyrum
908 1218 1027 1291 (Ps.
1060 1234 1266 1288 Luxu,
1302 1222 1326 1275 l
1363 1227 1412 1273 et
1435 1221 1623 1290 seqq)
1661 1218 1738 1273 Ex

171 1313 334 1384 qubus
379 1313 634 1369 omnibus
681 1312 968 1379 discimus,
1022 1311 1239 1384 pondus
1294 1311 1391 1367 ira:
1443 1310 1540 1366 Dei
1571 1326 1741 1380 super

171 1409 343 1482 Tyrum
395 1409 616 1465 venisse
672 1408 1047 1475 meretricem,
1100 1424 1222 1479 quze
1277 1407 1366 1461 hic
1410 1406 1513 1461 sub
1561 1407 1746 1477 Specie

172 1506 331 1571 scorti,
353 1505 401 1560 in
426 1504 683 1560 Ezechiel
700 1504 807 1559 sub
838 1504 994 1559 navis
1025 1503 1389 1559 translatione
1415 1502 1742 1558 describitur

174 1597 356 1671 (Eucti.
389 1599 561 1671 XXVI).
597 1596 842 1664 Ululate,
872 1599 1082 1668 inquit,
1106 1614 1261 1653 naves
1287 1598 1465 1653 maris.
1498 1597 1605 1652 Pro
1634 1611 1742 1668 quo

172 1689 215 1744 in
241 1689 368 1746 LXX
399 1690 635 1759 legunus
655 1688 990 1762 Carthaginis
1020 1707 1040 1745 :
1071 1703 1125 1746 et
1157 1689 1395 1747 habetur
1424 1695 1477 1744 in
1510 1690 1742 1746 Hebrteo

172 1800 361 1841 rttnsts
387 1784 641 1857 (mn)
674 1801 689 1839 :
720 1784 790 1839 de
818 1799 928 1855 quo
957 1795 1011 1839 et
1045 1782 1251 1839 inJoua
1277 1782 1568 1854 propheta,
1603 1790 1659 1837 et
1687 1782 1740 1837 in

174 1877 371 1950 quidam
393 1888 418 1915 ἰ
448 1877 686 1948 epistola
719 1877 1021 1947 disputavi.
1054 1876 1353 1932 Possumus
1382 1889 1588 1941 autem,
1621 1874 1749 1947 quia
1781 1871 1826 1932 Β

172 1968 411 2043 Carthago
458 1970 755 2044 Tyriorum
806 1970 1022 2026 colonia
1065 1978 1171 2038 est,
1208 1971 1260 2023 in
1315 1970 1576 2039 praesenti
1629 1969 1748 2024 loco

176 2062 397 2132 Titarsis,
431 2078 549 2119 non
581 2078 735 2120 mare
762 2063 1119 2135 generaliter,
1153 2064 1247 2119 sed
1280 2073 1336 2118 et
1364 2061 1749 2130 Carthaginem

173 2158 386 2226 accipere
417 2174 430 2212 :
465 2157 617 2230 quod
651 2173 992 2227 nequaquam
1026 2156 1095 2210 de
1118 2155 1305 2212 Africa
1350 2172 1517 2211 naves
1546 2155 1749 2228 Tyrum

172 2251 382 2317 veniant,
409 2265 520 2305 nec
542 2251 612 2306 de
633 2260 779 2306 terra
808 2248 967 2305 Cetbi
995 2271 1047 2317 ιι,
1069 2263 1231 2318 quam
1259 2246 1495 2320 Cyprum
1531 2248 1751 2319 quidam

175 2345 582 2415 interpretantur
614 2362 629 2400 :
662 2358 836 2412 usque
869 2343 1032 2398 hodie
1052 2343 1200 2398 enim
1224 2353 1309 2397 est
1339 2343 1479 2411 apud
1502 2357 1598 2396 eos
1625 2341 1754 2396 urbs

176 2436 364 2506 Citium,
395 2437 473 2494 de
501 2453 608 2508 qua
634 2449 688 2494 et
717 2436 870 2492 Zeno
916 2436 1117 2493 Stomae
1147 2443 1317 2491 sectae
1348 2435 1755 2492 lla-.resiareltes

178 2532 297 2587 fuit:
340 2548 677 2604 quamquam
730 2532 979 2603 plerique
1029 2541 1380 2599 nostrorum,
1415 2539 1472 2586 et
1520 2529 1756 2586 maxime

176 2621 582 2681 Miicltabreorum
607 2624 965 2695 principium,
984 2623 1201 2680 Cethim
1220 2624 1387 2677 Italia:
1402 2623 1752 2679 Macedoniae-

175 2730 263 2784 que
285 2715 491 2773 insulas
510 2717 873 2773 arbitrentur.
896 2717 1007 2772 lloc
1028 2717 1177 2772 enim
1201 2716 1482 2787 Scriptura
1512 2732 1758 2772 comme-

178 2819 343 2876 morat,
373 2810 527 2883 quod
557 2811 871 2867 Alexander
901 2827 995 2867 rex
1025 2810 1649 2889 Macedmiumegressus
1688 2813 1761 2868 sit

179 2901 233 2957 de
274 2913 404 2961 terra
450 2903 964 2978 Cethim._lnsulam
1014 2920 1234 2975 quotpte
1282 2906 1595 2970 nominans,
1648 2920 1757 2960 non

181 3006 407 3052 mentitur
430 3016 447 3051 :
487 3004 678 3070 postea
707 2998 855 3053 enim
882 3012 911 3049 a
933 2994 1467 3062 Nabuchodonosor,
1492 2996 1658 3069 228
1672 2996 1760 3052 vel

179 3088 463 3145 Alexandro
497 3102 662 3146 terra:
690 3090 984 3146 continens
1014 3088 1155 3143 fama
1188 3100 1295 3156 est,
1334 3101 1558 3159 propter
1587 3104 1763 3158 etpu-

182 3181 465 3251 guaiooem
500 3183 695 3239 multis
729 3185 781 3238 in
815 3184 970 3239 brevi
1016 3182 1158 3238 freto
1187 3182 1476 3253 aggeribus
1504 3197 1760 3252 compor-

182 3276 307 3331 tatis.
336 3276 774 3348 Negotiationent
803 3290 1024 3347 quoque
1053 3273 1274 3330 Sidonis
1306 3274 1575 3344 appellat,
1603 3275 1755 3344 juxta
1782 3270 1829 3332 C

181 3380 473 3437 sequentem
504 3370 863 3437 versiculum,
891 3370 1073 3438 inquo
1093 3379 1170 3423 ait
1201 3383 1218 3421 :
1254 3366 1527 3435 Erubesce,
1562 3368 1754 3426 Sidon.

182 3459 393 3520 Tradunt
417 3465 573 3521 enim
604 3462 872 3531 historiae,
907 3462 1053 3535 quod
1078 3461 1257 3536 Tyrus
1285 3463 1503 3519 colonia
1533 3463 1757 3522 Sidonis

182 3556 258 3613 sit.

236 3649 403 3724 (Vera.
431 3653 524 3725 '5.)
571 3651 995 3724 Transfretantes
1018 3668 1164 3709 mare
1210 3652 1537 3726 repleverunt
1585 3659 1654 3715 te.
1700 3652 1756 3706 in

181 3744 308 3813 aruis
334 3745 517 3802 multis
546 3761 716 3802 semen
748 3745 886 3814 Nili,
917 3747 1101 3802 messis
1154 3745 1389 3817 ﬂuminis
1416 3744 1592 3816 fruges
1618 3746 1754 3817 ejus.

180 3833 358 3908 Tyrum
412 3839 794 3912 negotiatione
837 3843 1104 3913 gaudere,
1157 3854 1212 3896 et
1244 3841 1411 3895 totius
1453 3839 1606 3895 orbis
1634 3853 1758 3895 esse

181 3934 460 4000 corporiou,
498 3942 555 3988 et
585 3935 882 4004 pra-scotia
933 3946 1179 4005 tempora
1237 3933 1493 4004 probant,
1537 3941 1591 3988 et
1625 3930 1760 3987 Eze-

179 4021 299 4080 cltiel
330 4026 437 4084 lato
469 4041 737 4085 sermone
781 4028 1063 4084 describit.
1096 4026 1252 4097 Quod
1303 4035 1485 4082 autem
1515 4026 1762 4097 negotia-

183 4126 309 4176 tores
336 4124 385 4178 in
429 4121 811 4179 subvehendis
855 4123 1129 4179 mercibus
1162 4121 1519 4178 translreteut
1549 4120 1752 4189 maria,

182 4230 323 4272 nemo
350 4228 434 4275 est
485 4219 578 4290 qui
627 4217 876 4286 dubitet;
909 4234 1010 4275 nec
1059 4225 1238 4274 mutas
1268 4217 1433 4273 habet
1478 4232 1612 4285 opes
1642 4215 1759 4284 ipsa

181 4312 376 4370 urbsde
407 4326 562 4370 terra
592 4314 832 4383 regionis
855 4329 991 4378 suae,
1022 4330 1144 4385 quae
1174 4313 1334 4369 valde
1379 4325 1605 4383 unguata
1649 4317 1755 4378 est,
1797 4325 1802 4329 '

179 4413 227 4459 et
248 4403 481 4463 Galilaeze
508 4451 524 4475 ,
554 4406 913 4480 Dainascique
961 4406 1159 4463 ﬁnibus
1213 4406 1493 4479 premitur,
1527 4414 1759 4477 quantas

179 4495 238 4551 de
264 4499 619 4557 subvectione
647 4501 886 4557 navium.
920 4499 1075 4556 Nilus
1103 4502 1302 4568 omnis,
1328 4499 1633 4572 etJEgypti
1656 4498 1760 4553 l‘er—

180 4587 328 4647 tilitas
347 4610 378 4648 e
409 4594 592 4649 vicino
621 4591 926 4648 infunditur
953 4592 1118 4666 Tyro.
1151 4591 1255 4648 Pro
1284 4592 1428 4658 Nilo,
1454 4590 1594 4662 quod
1614 4589 1756 4661 apud

1838 864 1939 921 per
1969 859 2215 904 naturam
2251 850 2394 921 loqui
2426 866 2532 904 non
2566 851 2747 906 valent
2778 869 2793 906 :
2825 850 3027 907 frustra
3054 850 3272 905 dividas
3297 866 3451 905 corn-

1840 942 2047 1014 portavi
2094 938 2265 1000 isine
2315 958 2478 1000 causa
2533 943 2603 999 de
2636 955 2750 999 toto
2792 943 2928 1000 orbe
2959 944 3012 999 in
3061 943 3266 1016 Tyrum
3319 954 3454 1015 opes

1838 1036 2045 1092 contuli
2070 1053 2084 1091 :
2109 1036 2197 1091 illa
2219 1036 2395 1102 dives,
2420 1037 2506 1091 illa
2533 1037 2832 1103 luxuriosa,
2856 1038 3252 1109 etpopulorum
3276 1051 3457 1109 quon-

1839 1130 1964 1187 dam
1991 1131 2234 1202 gaudens
2286 1130 2658 1199 multitudine,
2693 1132 2747 1186 in
2781 1147 2885 1201 qua
2920 1131 3248 1187 nascebatur
3299 1130 3457 1185 turba

1842 1226 2182 1291 mortalium,
2215 1235 2435 1281 caterva
2471 1240 2789 1295 puerorum,
2821 1224 3127 1294 juventutis
3178 1224 3455 1290 examina,

1840 1321 1996 1388 cujus
2037 1321 2228 1390 plateae
2270 1319 2578 1392 virginum,
2609 1329 2666 1374 et
2697 1318 3010 1386 infantium,
3065 1332 3129 1373 ac
3168 1318 3453 1389 juvenum,

1842 1426 1895 1472 et
1926 1415 2230 1484 puellarum
2265 1414 2472 1469 lusibus
2499 1415 2916 1483 perstrepebant
2951 1433 2963 1467 :
2997 1428 3140 1467 nunc
3165 1412 3233 1465 ad
3266 1412 3463 1466 solitu-

1842 1510 2027 1565 dinem
2079 1507 2295 1565 redacta
2329 1515 2432 1564 est.
2485 1506 2628 1562 Fieri
2676 1514 2857 1562 autem
2915 1504 3344 1583 προσωποποιΐᾳς
3394 1520 3462 1559 ex

1846 1601 2013 1658 rebus
2039 1600 2068 1640 δ
2098 1605 2263 1656 mutis
2292 1601 2543 1657 solemne
2569 1609 2677 1655 est.

1917 1696 2102 1765 (Vers.
2133 1696 2215 1765 5.)
2238 1695 2368 1751 Cum
2392 1695 2628 1749 auditum
2652 1694 2808 1765 fuerit
2837 1694 2889 1748 in
2921 1691 3181 1765 digypto;
3212 1690 3463 1746 dolebant

1848 1805 1967 1845 cum
2014 1788 2272 1844 audierint
2318 1791 2381 1842 de
2413 1787 2570 1859 Tyro.
2602 1786 2715 1841 Hoc
2768 1787 3115 1854 perSpicuum
3170 1796 3276 1853 est,
3313 1781 3460 1854 quod

1854 1884 2099 1957 Egyptii
2134 1895 2418 1951 postquam
2447 1881 2721 1938 audierint
2761 1881 3196 1951 potentissimam
3220 1923 3235 1947 ,
3269 1887 3324 1934 et
3374 1877 3463 1931 vi-

1853 1981 2032 2034 cinam
2063 1977 2227 2050 229
2241 1985 2482 2046 gentem,
2506 1975 2663 2046 longa
2687 1974 2979 2030 obsidione
3001 1974 3260 2039 deletam,
3286 1971 3473 2027 sciant

1853 2073 2018 2129 etiam
2049 2071 2153 2126 sibi
2185 2070 2467 2125 interitum
2502 2072 2885 2141 propinquare.

1925 2167 2108 2238 (Vers.
2141 2167 2223 2234 6.)
2264 2163 2506 2220 Transito
2537 2164 2708 2219 Maria
2730 2208 2744 2231 ,
2778 2163 2977 2218 ululate
3014 2163 3101 2230 qui
3136 2161 3380 2215 habitatis
3409 2161 3466 2215 in

1855 2261 2055 2315 insula.
2080 2258 2315 2314 Rursum
2350 2272 2448 2326 pro
2489 2258 2619 2311 mari
2644 2267 2699 2311 et
2762 2254 2982 2310 Tharsis
3008 2253 3152 2310 LXX
3191 2251 3472 2326 Carthagi-

1857 2370 1971 2407 nem
2003 2352 2418 2408 transtulernnt.
2453 2350 2710 2419 Legimus
2742 2349 2794 2404 in
2822 2348 3063 2403 historiis
3095 2348 3468 2419 Assyriorum,

1856 2446 2115 2501 obsessos
2159 2437 2355 2517 Tyres
2401 2454 2688 2513 postquam
2740 2441 2944 2495 nullam
2994 2454 3145 2510 spem
3196 2438 3467 2495 evadendi

1859 2539 2155 2605 videbant,
2186 2536 2507 2593 conscensis
2538 2534 2767 2590 navibus
2799 2532 3004 2603 fngis~e
3031 2531 3423 2600 Carthaginem
3454 2569 3469 2595 ,

1858 2646 1953 2688 seu
1987 2633 2052 2686 ad
2085 2631 2219 2684 alias
2276 2630 2407 2684 Ionii
2436 2627 2717 2696 Ᾱίεειιίσμω
2748 2626 2914 2680 maris
2945 2624 3168 2678 insulas.
3216 2621 3371 2678 Unde
3415 2632 3472 2677 et

1858 2726 1911 2781 iu
1945 2722 2201 2779 Ezechiel
2228 2720 2470 2777 dicitur:
2507 2720 2709 2775 Μαι-σεε
2734 2735 2837 2773 ηοη
2867 2726 2940 2774 est
2978 2718 3181 2773 reddita
3208 2719 3274 2783 ei,
3307 2728 3471 2787 neque

1860 2818 2109 2875 exercitui
2141 2818 2252 2888 eius
2281 2816 2346 2871 de
2375 2814 2513 2888 Tyro
2542 2814 2761 2883 (lizeclt.
2792 2815 2982 2882 xxrx);
3013 2829 3080 2867 eo
3106 2811 3250 2882 quod
3283 2826 3476 2867 omnes

1862 2915 2015 2970 urbis
2043 2927 2177 2982 opes
2228 2911 2509 2966 translatio
2551 2909 2658 2962 sint
2689 2906 2814 2981 [AL
2846 2904 3048 2979 sunt],
3099 2916 3154 2961 et
3202 2905 3412 2960 nobiles
3451 2912 3476 2944 ε

1863 3010 2068 3081 quique
2096 3022 2216 3063 eam
2243 3020 2473 3060 vacuam
2503 3001 2923 3073 dereliquerint.

1938 3100 2120 3167 (Vers.
2152 3098 2234 3171 7.)
2284 3096 2554 3169 Numquid
2603 3112 2706 3150 non
2754 3097 2862 3150 [nec
2889 3102 3059 3148 vestra
3086 3102 3183 3158 est,
3215 3108 3333 3159 qua:
3361 3093 3475 3163 glo-

1865 3197 2099 3251 riabatur
2138 3212 2173 3248 a
2205 3192 2388 3248 diebus
2438 3191 2669 3261 pristinis
2696 3190 2753 3243 in
2781 3188 3084 3259 antiquitate
3115 3188 3253 3241 sua?
3280 3186 3477 3256 Arguit

1861 3286 2131 3359 Superbia:
2157 3285 2361 3357 'l‘yrutn
2388 3323 2406 3351 ,
2439 3282 2581 3353 quod
2616 3284 2668 3335 itt
2712 3279 3050 3337 conditionis
3097 3293 3209 3333 sum
3239 3277 3482 3347 antiqui-

1861 3391 1972 3437 tate
2002 3384 2078 3435 sit
2103 3380 2363 3450 gloriata,
2396 3386 2452 3433 et
2484 3391 2594 3432 non
2621 3374 2865 3447 respexit
2896 3373 2960 3427 ad
2993 3371 3167 3427 Deum
3203 3389 3219 3426 :
3255 3373 3357 3451 sed
3381 3386 3479 3427 no-

1859 3475 2007 3531 mina
2034 3487 2249 3543 patrum
2281 3471 2550 3534 recolens,
2584 3486 2644 3525 se
2667 3482 2928 3524 aeternam
2960 3466 3257 3538 putaverit.

1932 3567 2137 3624 Ducent
2177 3584 2291 3623 eam
2343 3564 2497 3637 pedes
2544 3564 2625 3619 sui
2677 3563 2830 3634 longe
2884 3562 2952 3616 ad
3006 3559 3468 3635 peregrinandum.

1860 3661 1971 3717 Eos
1996 3662 2154 3727 dicit,
2184 3661 2276 3731 qui
2306 3659 2359 3714 in
2390 3658 2527 3712 urbe
2554 3664 2934 3713 remanserant
2960 3696 2975 3721 ,
3008 3662 3067 3709 et
3095 3651 3294 3724 captivi
3323 3652 3473 3708 ducti

1858 3765 1989 3812 sunt
2018 3757 2070 3811 in
2106 3755 2463 3828 Babylonem.

1932 3848 2113 3922 (Vers.
2145 3848 2229 3918 8.)
2264 3846 2394 3914 Quis
2422 3845 2663 3918 cogitavit
2710 3843 2806 3897 hoc
2852 3836 3009 3915 super
3059 3839 3255 3913 Tyrum
3303 3856 3472 3911 quon-

1862 3941 1981 3995 dam
2002 3938 2339 3995 coronatam?
2357 3936 2595 3991 Rursum
2625 3935 2744 4005 lege
2773 3934 3025 3990 Ezechiel
3043 3931 3254 4003 (Ezeclt.
3273 3932 3470 4001 xxut),

1862 4041 1918 4090 et
1942 4039 2158 4105 quantm
2186 4031 2384 4101 gloriae
2412 4029 2587 4101 Tyrus
2613 4027 2779 4082 fuerit
2799 4068 2814 4092 ,
2838 4042 2906 4082 ex
2939 4026 3202 4096 principis
3244 4026 3363 4094 eius
3394 4025 3470 4079 la-

1862 4125 2200 4182 mentatione
2227 4136 2551 4194 cognosces.
2579 4120 2915 4175 Coronatam
2941 4124 3106 4173 vocat
3133 4131 3251 4172 eam
3274 4158 3289 4183 ,
3318 4116 3466 4184 quod

1861 4220 2006 4276 sirut
2045 4235 2138 4276 rex
2186 4218 2333 4275 inter
2383 4217 2671 4288 plurimam
2722 4215 3008 4271 hominum
3061 4213 3464 4270 multitudinem

1862 4326 2112 4372 ornatum
2142 4314 2450 4370 diademate
2480 4311 2641 4383 erigit
2683 4320 2847 4382 caput
2874 4327 2887 4365 :
2919 4310 2990 4365 ita
3033 4310 3210 4383 Tyrus
3250 4310 3465 4381 fulgens

1862 4419 1918 4466 et
1945 4408 2159 4464 cvcelsa
2185 4408 2411 4478 opibus,
2453 4420 2695 4476 auroque
2742 4414 2798 4460 et
2843 4404 3073 4475 gemmis
3105 4411 3166 4458 et
3194 4404 3372 4459 serico
3398 4417 3464 4458 ac

1862 4517 2101 4573 purpura
2145 4502 2322 4556 nitens
2342 4540 2358 4568 ,
2388 4497 2572 4570 regina
2602 4496 2674 4552 sit
2701 4498 2753 4551 in
2778 4498 2992 4552 cunctis
3017 4495 3272 4567 gentibus
3318 4494 3468 4549 testi-

1864 4604 2032 4650 mata.

180 4680 421 4743 Hebro-os
451 4685 685 4759 legimus
714 4701 835 4743 ston
860 4643 1064 4761 (wn),
1094 4684 1239 4741 LXX
1266 4693 1323 4741 et.
1342 4643 1763 4740 Tliet‘tdotiorneo
1786 4643 1841 4707 Β
2133 4684 2471 4756 negotiatores
2500 4683 2792 4756 principes,
2836 4680 3101 4735 institores
3148 4682 3261 4753 ejus
3290 4680 3479 4752 inclyti

176 4782 443 4848 getiatores
467 4783 809 4852 interpretati
838 4790 997 4849 sunt;
1028 4784 1171 4852 quod
1194 4783 1446 4850 verbum,
1475 4781 1761 4848 turbidum,

179 4879 228 4924 et
255 4888 347 4940 per
378 4877 486 4931 hoc
516 4875 616 4930 Nili
664 4891 834 4944 aquas
883 4874 1173 4947 signiﬁcat,
1216 4873 1451 4931 Jcrenna
1486 4882 1721 4930 testante
1743 4915 1759 4942 ,

178 4963 291 5035 quid
318 4967 435 5034 tibi,
468 4977 518 5022 et
558 4963 826 5040 Egypto,
876 4976 931 5022 ut
979 4966 1121 5021 bibas
1149 4983 1312 5038 aquas
1351 4966 1492 5022 (icon
1543 4963 1760 5038 (Jerem.

178 5070 231 5123 tt,
268 5060 352 5130 l8)
389 5076 403 5113 :
442 5075 545 5133 pro
575 5078 685 5132 quo
716 5060 772 5116 itt
817 5058 1086 5116 Hebratco
1119 5061 1350 5116 habetur
1389 5056 1535 5126 Sior,
1572 5058 1626 5114 id
1656 5066 1762 5127 est,

178 5151 423 5210 turbidas.

241 5246 423 5320 (Vers.
448 5247 530 5319 4.)
557 5247 831 5316 Erubesce,
856 5248 1026 5306 Sidon
1054 5264 1074 5304 :
1094 5249 1169 5304 ait
1187 5248 1324 5303 enim
1348 5262 1489 5302 mare
1513 5244 1768 5317 fortitudo

174 5341 344 5409 maris,
394 5344 573 5399 dicens
604 5359 625 5399 .'
653 5360 758 5399 non
788 5345 1063 5418 parturivi,
1093 5353 1143 5399 et
1189 5358 1291 5397 non
1320 5342 1498 5415 peperi
1522 5383 1537 5407 ,
1569 5352 1617 5395 et
1660 5357 1766 5395 non

243 5485 267 5512 α
300 5477 479 5548 Epist.
513 5480 565 5535 in
599 5489 810 5535 nostta-
840 5476 1162 5535 recensione
1190 5476 1281 5542 '57,
1312 5474 1377 5529 ad
1435 5474 1762 5548 Marcellam,

177 5562 320 5603 nuto.
352 5547 413 5604 2.
453 5551 624 5607 Porro
651 5550 1017 5608 confes-enatus
1066 5563 1284 5616 quoilue
1314 5558 1393 5603 est
1448 5547 1584 5603 liber
1610 5554 1773 5615 Quae-

176 5630 415 5675 sttonunt
449 5622 770 5680 Hebraiear.
805 5626 857 5679 in
887 5623 1090 5677 Genes.
1119 5638 1242 5691 cap.
1277 5636 1342 5684 ι,
1372 5617 1430 5680 4,
1463 5630 1576 5675 not.
1613 5622 1773 5673 lieni-

175 5705 273 5760 qne
302 5694 605 5763 Procopius
637 5700 688 5750 io
720 5698 863 5751 hunc
886 5695 1035 5748 Latio
1057 5696 1234 5747 loeum
1260 5694 1329 5746 de
1358 5697 1505 5751 D’m
1528 5706 1772 5755 notnme,

175 5766 311 5831 quod
348 5778 562 5837 veteres
607 5778 934 5827 tntt'ruretrs
958 5768 1162 5837 Χετιείμ
1196 5765 1448 5837 transtuli
1483 5773 1608 5820 stent
1647 5780 1660 5815 :
1689 5763 1774 5818 λέ-

175 5853 319 5921 τξται
344 5835 424 5921 δέ,
465 5839 653 5921 inquit,
704 5841 908 5921 κύπρος
950 5836 1087 5895 οὕτω
1125 5835 1435 5919 caleﬁerent,
1485 5839 1571 5920 κριὶ
1623 5838 1781 5917 Ili-nov

180 5909 302 5964 εἰναι
319 5909 476 5965 πόλιν
495 5911 545 5965 ἓν
755 5909 991 5965 narrant
1020 5917 1253 5981 cyprum
1280 5910 1359 5964 i.a
1385 5909 1706 5981 significari,
1738 5917 1786 5962 et

423 6003 700 6068 Panos.
750 6004 987 6068 XXIV.

1870 4792 2039 4838 terrae.
2075 4780 2330 4835 Miramur
2356 4774 2589 4849 legatum
2622 4775 2814 4849 Pyr-rbi
2857 4773 3128 4845 quondam
3172 4773 3375 4830 dixisse
3403 4775 3473 4833 de

1870 4876 2004 4931 urbe
2035 4873 2311 4936 Romana,
2354 4870 2474 4924 Vidi
2523 4870 2799 4924 civitatem
2853 4883 3063 4938 regum.
3117 4866 3255 4923 Ecce
3301 4868 3475 4923 multo

1871 4976 2000 5025 ante
2050 4967 2144 5021 illa
2192 4977 2434 5035 tempora
2485 4971 2854 5033 ιιι-ειιιιειιοτεε
2903 4971 2960 5016 et
2990 4959 3271 5016 institores
3299 4959 3475 5034 Tyri,

1871 5064 2145 5135 principes
2174 5069 2231 5114 et
2254 5054 2443 5130 inclyti
2470 5054 2856 5111 describuntur
2888 5070 2902 5108 :
2935 5062 2994 5105 ut
3019 5068 3114 5122 per
3142 5051 3257 5106 haec
3285 5067 3475 5108 oSIen-

1874 5157 2037 5212 datur
2082 5153 2377 5225 «ιριιιθιιιίω
2428 5147 2744 5221 tnagtntudo
2769 5188 2785 5212 ,
2839 5162 2963 5202 cum
2998 5146 3303 5218 negotiator
3344 5146 3475 5216 Tyri

1875 5247 2101 5302 alti-rius
2132 5244 2311 5299 verbis
2339 5257 2462 5296 esse
2491 5257 2586 5295 rex
2617 5237 2806 5309 possit.

1950 5340 2134 5413 (Vcrs.
2156 5340 2192 5396 9
2220 5337 2240 5407 )
2268 5337 2517 5393 Dominus
2543 5333 2863 5389 exercituum
2881 5332 3120 5405 cogitavit
3150 5332 3267 5399 hoc,
3299 5341 3355 5385 ut
3384 5330 3479 5384 de-

1874 5475 1926 5529 in
1958 5491 2018 5529 ea
2049 5491 2156 5529 esse
2184 5471 2373 5529 Citium
2401 5470 2600 5525 urbem.

1952 5544 1981 5585 ³)
2014 5546 2105 5603 Se
2137 5550 2253 5616 lego
2284 5543 2464 5605 mutis,
2506 5540 2720 5616 etiamsi
2753 5556 2886 5616 mss.
2907 5556 3038 5616 eum
3090 5537 3321 5607 \ulgatis
3353 5535 3482 5616 bie-

1884 5628 2045 5674 tenns
2086 5612 2379 5686 pra-ierant
2418 5612 2595 5668 multis
2622 5630 2642 5669 :
2673 5615 2804 5683 quin
2846 5613 3015 5667 miror
3050 5627 3222 5680 magis
3255 5612 3486 5667 mantica

1882 5703 2025 5747 stunt
2059 5693 2313 5745 utendum
2347 5687 2550 5741 tatnoiu
2581 5690 2906 5739 olntuntsse.

1962 5773 1985 5802 ε
2033 5763 2206 5819 Antea
2239 5773 2355 5816 erat
2377 5802 2390 5820 .
2418 5770 2464 5814 et
2497 5756 2695 5811 nobiles
2724 5772 2926 5828 quoque
2949 5794 2964 5821 ,
3009 5753 3190 5810 minus
3217 5769 3367 5812 reete
3389 5796 3405 5824 ,
3439 5767 3498 5815 et

1889 5847 2075 5891 contra
2111 5852 2244 5892 mss.
2278 5835 2460 5888 Iidem.

2999 5996 3041 6058 7
