4014 6444
818 390 1471 454 COMMENTARIORUM
1510 396 1577 453 ΙΝ
1615 397 1850 458 ISAHM
1886 358 2312 460 PROPHETAM
2351 404 2481 460 LIB.
2516 403 2605 463 Vl.
2647 405 2801 463 CAP.
2836 406 2975 464 Xlll.

3449 408 3560 467 210

252 508 347 577 qui
382 508 486 564 sibi
530 510 715 566 traditi
754 512 983 577 fuerint,
1011 513 1064 568 in
1102 516 1245 571 mala
1295 526 1451 582 parte
1496 532 1847 575 consensum.
1880 523 1933 582 Α
1958 536 2040 575 res
2070 522 2461 591 apprehendent
2488 540 2573 577 eos
2600 540 2619 579 :
2652 525 2776 579 illos
2809 525 3017 593 legatos
3058 527 3409 596 interpretari
3436 544 3564 599 pos-

327 599 585 659 Domiuus
611 608 926 660 exercituum
950 610 1188 682 prwcepit
1210 612 1410 665 militia:
1436 610 1579 670 belli,
1604 615 1852 669 venienti-

249 694 346 749 bus
389 697 454 751 de
501 708 637 752 terra
677 699 859 770 procul
890 718 923 755 a
956 705 1250 758 summitate
1276 706 1394 759 διιειί
1440 721 1458 759 :
1492 704 1766 772 Dominus,
1799 716 1849 762 et

246 806 374 845 vasa
403 792 598 860 furoris
626 797 759 866 ejus,
795 807 849 849 ut
878 796 1143 865 disperdat
1184 815 1385 852 omnem
1425 809 1632 854 (errant.
1662 800 1807 856 LXX
1833 820 1845 855 :

252 882 507 941 Dominus
528 888 761 943 Sabaoth
788 892 1031 959 prtrcepit
1054 894 1192 959 genti
1215 892 1639 957 bellicosissima,
1674 907 1726 947 ut
1762 912 1847 948 ve-

248 981 359 1034 niat
396 983 459 1035 de
481 992 617 1035 terra
642 986 924 1056 longinqua
954 1003 984 1037 a
1004 1004 1207 1041 summo
1227 993 1280 1053 -ἐ-
1298 989 1639 1059 fundamento
1688 995 1708 1059 ζ
1736 991 1850 1046 εωΙί

246 1070 530 1137 Dominus,
570 1086 616 1129 et
646 1074 919 1131 bellatores
947 1081 1083 1147 eius,
1125 1092 1180 1133 ut
1211 1082 1517 1153 disperdant
1556 1084 1849 1138 universum

245 1166 446 1221 Orbem.
504 1166 925 1225 Fundamentum
963 1173 1125 1227 obl-lu
1170 1177 1589 1243 prtetiotuudum
1644 1190 1749 1232 εδει.
1791 1179 1847 1233 In

244 1257 480 1327 Regum,
501 1272 555 1315 et
587 1262 1038 1328 Paralipomenon
1071 1267 1349 1323 volumine
1372 1270 1598 1340 legimus
1626 1270 1690 1339 (ll
1718 1272 1845 1341 Reg,

246 1366 415 1411 xxiv;
449 1352 465 1405 l
499 1350 626 1407 Par.
659 1359 805 1423 ut).
836 1358 978 1425 quod
1021 1359 1097 1411 ira
1151 1359 1245 1414 Dei
1293 1377 1523 1417 accensa
1578 1364 1649 1418 sit
1685 1382 1850 1432 super

241 1442 418 1499 Israel
469 1448 690 1517 quando
718 1448 886 1503 David
932 1456 1239 1507 numeravit
1270 1456 1551 1526 populum,
1582 1468 1635 1510 et
1676 1458 1851 1513 olli-n-

241 1536 327 1591 dit
366 1540 676 1593 Doutinum.
709 1539 766 1595 lit
816 1541 1047 1599 Psalmis
1096 1561 1314 1615 quoque
1365 1548 1623 1601 scribitur
1668 1566 1682 1601 :
1733 1548 1845 1602 Do-

242 1632 407 1693 mine.
452 1649 514 1687 ne
556 1634 611 1687 in
658 1633 838 1702 furore
865 1646 955 1689 tuo
985 1654 1178 1707 arguas
1204 1654 1301 1703 me,
1351 1655 1513 1703 neque
1552 1641 1607 1693 iu
1642 1641 1722 1694 ira
1759 1652 1848 1695 tua

237 1726 503 1797 corripias
530 1743 629 1791 me,
662 1738 717 1781 et
739 1740 936 1783 ca'tera
975 1728 1059 1783 his
1092 1730 1315 1790 similia.
1340 1745 1456 1801 'pro
1501 1750 1610 1802 quo
1640 1733 1741 1803 legi
1794 1734 1846 1789 in

234 1819 528 1887 cujusdam
576 1816 857 1889 (Basiliam
895 1821 1168 1893 intelligit)
1216 1823 1672 1887 Commentariis,
1709 1824 1844 1880 iram

1954 628 2168 680 sumus,
2229 632 2365 685 quos
2413 619 2561 673 cives
2611 619 2873 673 mi~erant
2926 621 3216 674 adversum
3263 636 3411 684 enm,
3463 622 3557 691 qui

1954 709 2232 778 profectus
2257 718 2379 763 erat
2408 713 2458 765 in
2495 722 2694 766 terram
2727 714 3097 782 lc-nginqunm.
3124 728 3178 768 ιιι
3205 716 3306 769 sibi
3326 732 3553 785 regnum

1954 808 2161 869 peteret
2197 800 2347 872 (Luc.
2398 819 2506 862 xtx.
2536 804 2652 871 27).
2688 804 2840 860 Unde
2874 809 2992 875 ipse
3025 809 3262 876 loquitur
3294 810 3345 861 in
3383 808 3554 863 Eiau-

1950 898 2093 965 gelio
2130 916 2142 952 :
2184 896 2431 953 Inimicos
2467 913 2659 959 autent,
2696 905 2784 972 qui
2816 904 3092 956 noluerunt
3119 919 3200 957 me
3228 921 3447 975 regnare
3469 920 3558 958 su-

1953 1007 2044 1061 per
2069 1009 2143 1055 se,
2168 993 2409 1046 adducite
2429 992 2552 1059 huc,
2583 1005 2631 1047 et
2658 996 2934 1065 interﬁcite
2962 1013 3133 1051 rorant
3163 1014 3263 1052 me.

2024 1084 2206 1156 (Vers.
2256 1091 2337 1151 8.)
2381 1084 2654 1140 Torsiones
2696 1097 2746 1141 et
2794 1089 3001 1142 dolores
3056 1090 3298 1144 tenebunt
3336 1106 3356 1144 :
3403 1092 3556 1162 quasi

1951 1180 2247 1250 parturiens
2276 1180 2522 1234 dolebant
2554 1197 2573 1234 :
2602 1184 2955 1255 unusquisque
2983 1184 3051 1236 ad
3083 1186 3377 1251 proximum
3401 1203 3554 1239 suum

1951 1274 2174 1345 stupeb't
2214 1291 2229 1323 ξ
2260 1275 2418 1343 facies
2449 1277 2728 1330 combusta:
2776 1279 2949 1330 uultus
2978 1294 3177 1331 eorum.
3208 1278 3340 1332 Cum
3393 1295 3562 1333 vene-

1949 1367 2061 1421 rint
2094 1368 2301 1422 Domini
2335 1370 2631 1424 bellatores
2662 1370 2826 1443 239
2855 1371 2923 1424 de
2961 1384 3103 1425 terra
3146 1373 3463 1442 longinqua.
3498 1384 3556 1429 et

1952 1476 2143 1516 omnes
2189 1479 2380 1517 nuntiis
2432 1463 2632 1517 fuerin
2678 1466 2991 1525 dissiilutie,
3046 1475 3100 1518 et
3148 1480 3245 1519 cor
3300 1466 3555 1534 pavidum

1949 1566 2113 1624 atque
2158 1558 2489 1621 contritum;
2541 1566 2668 1610 tunc
2695 1558 3101 1626 stropbomata,
3152 1573 3273 1626 quze
3308 1573 3407 1612 nos
3442 1571 3551 1613 tur-

1950 1650 2135 1704 siones
2188 1652 2393 1704 ventris
2429 1651 2771 1718 interpretati
2805 1666 3014 1711 sumus,
3044 1660 3099 1705 et
3131 1652 3351 1706 dolores
3404 1664 3556 1707 tene-

1951 1740 2085 1796 bunt
2117 1758 2234 1809 eus,
2265 1744 2472 1798 similes
2501 1744 2786 1798 doloribus
2812 1744 3255 1813 parturientium.
3300 1743 3403 1799 Per
3433 1759 3561 1814 qua:

1951 1836 2259 1889 Ostenditur
2291 1837 2533 1905 torqueri
2584 1852 2681 1891 eos
2717 1840 2932 1905 [impria
2978 1836 3353 1901 Conscientia,
3390 1847 3444 1891 et
3480 1837 3559 1891 l'a-

235 1910 344 1965 Dei
373 1927 531 1977 po-se
558 1913 784 1984 intelligi
815 1918 1148 1971 contrarium
1184 1917 1578 1981 fortitudinem,
1618 1921 1703 1972 cui
1738 1932 1847 1974 tra-
1879 1925 1922 1984 B
1949 1929 2064 1983 cies
2095 1930 2295 1984 habere
2324 1931 2637 1985 combustus
2658 1946 2724 1984 eo
2753 1930 2894 1995 igne,
2926 1946 3086 1998 quem
3113 1929 3215 1983 sibi
3250 1929 3553 1985 sueceude-

231 2003 428 2060 dimur
467 2005 533 2059 ad
584 2007 939 2074 puniendum.
988 2008 1058 2064 de
1085 2026 1193 2079 quo
1225 2023 1277 2065 et
1301 2014 1352 2065 iu
1403 2025 1601 2067 octavo
1636 2016 1845 2082 psalmo

228 2110 497 2152 cautnuir
530 2116 543 2154 :
582 2096 648 2153 Ut
699 2101 938 2155 destruas
978 2102 1271 2165 inimicum.
1315 2116 1361 2159 et
1402 2105 1623 2159 ultorem
1664 2105 1841 2177 (Psul.

230 2206 363 2251 vm.
416 2192 488 2263 5).
529 2190 767 2248 Possunt
797 2194 1092 2250 beilatores
1125 2198 1233 2252 diei
1258 2198 1349 2265 qtti
1382 2200 1449 2255 de
1481 2208 1625 2254 terra
1658 2203 1847 2266 procul

227 2284 474 2339 Veniunt
696 2298 752 2341 et
777 2306 805 2341 a
840 2304 1056 2342 summo
1077 2290 1227 2354 caeli,
1253 2295 1415 2346 etiam
1451 2292 1686 2348 ministri
1730 2294 1838 2349 An-

228 2379 377 2450 geli,
404 2385 494 2449 qui
529 2384 579 2433 in
610 2381 797 2435 mundi
828 2394 1300 2440 consummatione
1323 2388 1575 2441 tuittendi
1609 2399 1757 2449 sunt.
1788 2397 1847 2444 tit

228 2477 577 2531 ziZuniorum
614 2481 924 2549 manipulos
957 2480 1179 2544 faciunt,
1228 2496 1277 2537 et
1322 2495 1607 2551 separatos
1656 2502 1684 2536 ιι
1732 2484 1845 2539 fru-

229 2584 435 2627 mento
463 2572 720 2628 incendio
762 2588 1064 2644 prmiiareiit
1093 2576 1434 2644 sempiterno
1464 2577 1679 2641 (Matth.
1704 2582 1845 2647 xm).

228 2663 436 2719 Omnis
482 2682 702 2737 quoque
745 2676 892 2722 terra
941 2670 1303 2737 disperditur,
1359 2672 1576 2738 ιιιι;ιιιι1υ
1630 2680 1843 2726 terrena

228 2775 409 2828 Opera
443 2760 862 2816 subvertuntur.
907 2763 1046 2818 Sunt
1076 2774 1131 2817 et
1170 2765 1260 2817 alii
1291 2765 1505 2818 Domini
1554 2766 1848 2821 bellatores

229 2857 493 2914 instrueti
526 2870 803 2912 armatura
848 2860 1099 2925 Apostoli
1125 2902 1139 2923 ,
1174 2860 1267 2930 qui
1298 2862 1539 2925 quotidie
1570 2861 1622 2914 in
1656 2862 1844 2916 Ecele-

228 2951 348 3010 sia.
379 2968 501 3022 quit-
531 2954 813 3025 οἰκουμένη,
850 2953 899 3006 id
930 2966 1009 3007 est
1041 2956 1201 3021 orbis,
1238 2962 1295 3008 et
1336 2956 1563 3009 habitata
1594 2956 1848 3026 intelligi-

230 3052 354 3108 tur,
408 3046 729 3113 dispertiunt
758 3062 874 3111 eos,
917 3056 973 3101 et
1026 3047 1380 3114 interﬁciant,
1422 3050 1513 3118 qui
1561 3050 1847 3119 eriguntur

229 3149 432 3194 COIttru
462 3140 748 3195 scientiam
778 3142 892 3194 llei.

315 3232 500 3304 (νει-9.
558 3236 615 3297 6,
650 3234 730 3304 7.)
774 3233 1010 3297 (llulate.
1042 3236 1164 3304 quia
1190 3252 1349 3303 prope
1370 3246 1441 3290 est
1474 3237 1585 3291 dies
1608 3236 1843 3303 Domini,

1949 2032 2073 2076 rant
2117 2041 2129 2075 :
2171 2022 2293 2091 quia
2329 2038 2434 2076 non
2470 2034 2695 2089 possunt
2726 2022 2909 2077 dii-ere
2951 2038 2963 2075 :
2993 2021 3272 2093 Signatum
3304 2034 3378 2076 est
3400 2038 3561 2085 super

1948 2131 2041 2169 nos
2066 2117 2237 2169 lumen
2269 2119 2440 2169 vultus
2474 2118 2571 2183 tui,
2621 2115 2843 2169 Domine
2872 2114 2992 2186 (Ps.
3037 2131 3109 2177 tv,
3146 2116 3243 2185 7);
3284 2122 3341 2168 rt
3376 2132 3391 2169 :
3443 2113 3557 2169 Nos

1947 2224 2123 2262 omnes
2153 2208 2377 2262 revelata
2426 2210 2579 2280 facie.
2615 2207 2838 2280 gloriam
2875 2208 3083 2263 Domini
3130 2211 3558 2281 contemplantes,

1946 2303 1998 2357 in
2026 2305 2262 2357 eamdem
2304 2306 2581 2376 imaginem
2614 2308 3056 2373 transformamur
3082 2301 3148 2371 (ll
3171 2300 3299 2357 Cur.
3326 2318 3401 2365 ut,
3440 2302 3558 2373 l8).

1949 2397 2333 2469 Unusquisque
2356 2400 2675 2467 stupebitad
2704 2399 3203 2465 prosiummsuum,
3228 2400 3419 2454 videns
3433 2414 3558 2453 eum

1947 2492 2001 2545 in
2066 2490 2271 2545 eisdem
2308 2506 2432 2546 esse
2485 2492 2797 2553 torno-olis,
2848 2494 3047 2560 quibus
3121 2495 3235 2561 ipse
3264 2504 3605 2569 crueiatur,

2020 2584 2202 2654 (νει-ε.
2237 2586 2321 2656 9.)
2365 2584 2501 2641 Ecce
2529 2588 2638 2641 dies
2678 2587 2886 2639 Domini
2931 2588 3065 2639 venit
3109 2586 3359 2651 crudelis,
3392 2596 3440 2639 et
3470 2587 3557 2638 itt-

1946 2680 2267 2751 dignationis
2306 2681 2509 2749 plenus,
2560 2689 2610 2734 et
2663 2684 2756 2734 ira:
2794 2681 3115 2751 furorisque,
3161 2678 3231 2730 ad
3260 2678 3558 2749 ponendam

1948 2782 2138 2827 terram
2176 2774 2229 2825 in
2260 2776 2615 2839 solitudinem,
2651 2787 2945 2846 percntares
2984 2778 3100 2845 ejus
3125 2778 3466 2827 conterendos
3491 2772 3559 2826 de

1949 2884 2029 2920 ea.
2065 2867 2169 2921 Pro
2200 2878 2343 2922 terra
2378 2870 2733 2937 Sepiuugintu
2765 2880 2857 2928 τήν
2887 2871 3204 2940 οἰκουμένην.
3242 2870 3291 2921 id
3336 2881 3442 2927 εει,
3475 2884 3564 2921 οι·-

1949 2959 2058 3012 bent
2113 2960 2456 3027 interpretati
2503 2973 2633 3014 sunt
2679 2977 2693 3014 :
2748 2976 2845 3029 pro
2899 2962 3141 3020 Crudeli,
3194 2959 3559 3014 insanabilem.

1947 3048 2082 3104 Cum
2119 3048 2262 3103 enim
2297 3053 2414 3103 dies
2466 3051 2551 3105 vel
2598 3050 2812 3115 judirii,
2868 3052 2953 3104 vel
3008 3050 3201 3104 mortis
3252 3050 3561 3113 advenerit,

1949 3143 2263 3213 iinplebitur
2296 3146 2427 3198 illud
2459 3146 2603 3214 quod
2641 3147 2691 3199 iu
2731 3157 2890 3199 sexto
2943 3146 3153 3210 pSnbno
3205 3144 3401 3209 legitur
3433 3163 3446 3198 :
3493 3142 3559 3199 In

1946 3238 2154 3308 inferno
2181 3256 2231 3291 ai
2252 3249 2351 3293 tem
2394 3241 2511 3309 quis
2536 3240 2867 3303 conﬁtebitur
2920 3239 3009 3291 tibi
3036 3238 3153 3306 (Ps.
3191 3256 3265 3302 vi,
3295 3237 3395 3308 6)?
3436 3237 3556 3293 Non

226 3329 390 3397 quasi
428 3330 637 3382 vastitas
662 3347 695 3383 a
726 3326 955 3383 Domina
983 3331 1172 3383 veniet.
1214 3329 1497 3397 PrOpterea
1525 3346 1699 3383 omnes
1736 3348 1842 3384 ma-
1871 3328 1916 3392 C
1949 3344 2033 3386 est
2082 3334 2227 3386 enim
2280 3333 2409 3386 illud
2463 3343 2681 3400 tempus
2731 3334 3083 3399 paenitentiae.
3117 3332 3211 3386 sed
3248 3348 3554 3399 pinnarum.

230 3438 345 3475 nus
372 3422 733 3487 dissolvuntur,
756 3434 805 3477 et
831 3440 980 3476 omne
1006 3441 1093 3476 cor
1126 3424 1347 3477 hominis
1376 3424 1616 3489 tabescet,
1642 3433 1691 3477 et
1716 3440 1845 3476 con-

225 3525 455 3571 teretur.
480 3517 746 3585 Quoniam
791 3520 1087 3572 bellatores
1121 3517 1335 3571 Domini
1368 3519 1580 3573 venturi
1612 3527 1761 3583 sunt,
1787 3527 1842 3571 ιιι

229 3610 562 3676 diSperdant
603 3626 823 3665 onmem
860 3620 1087 3674 terram,
1136 3613 1359 3677 ululate,
1393 3625 1440 3666 et
1480 3613 1621 3682 agite
1668 3615 1845 3683 [ueni-

231 3708 491 3761 tenthm.
528 3706 726 3774 quibus
752 3720 908 3774 pinna
946 3714 1173 3761 ventura
1215 3716 1319 3760 e~t.
1366 3708 1542 3774 Ριόιιθ
1577 3720 1659 3760 est
1698 3709 1842 3762 enim

230 3799 363 3853 dies
395 3799 635 3865 Domini,
669 3801 751 3854 vel
782 3802 1278 3855 consummationis
1306 3802 1477 3854 tutius
1509 3802 1717 3866 mundi,
1759 3812 1843 3856 at-

228 3910 351 3965 que
374 3895 584 3963 iudicii,
617 3897 699 3949 vel
733 3900 911 3951 exitus
943 3899 1365 3967 uniuscujusque
1408 3898 1479 3953 tle
1516 3901 1645 3952 vita.
1688 3897 1845 3952 Venit

230 3993 393 4046 enim
451 4006 476 4039 a
529 3990 757 4043 Domino
813 3990 1189 4058 deprtedatio,
1250 4007 1411 4057 quam
1460 4007 1557 4045 nos
1604 3992 1845 4045 diximus

236 4082 587 4143 vasritalem.
635 4093 693 4136 ut
722 4100 1067 4139 ςεινςιτεηιιις
1100 4086 1501 4151 uie'apboiam,
1541 4088 1668 4150 quia
1701 4101 1845 4153 prte-

236 4176 463 4231 miserat
498 4176 815 4232 bellatores.
842 4176 976 4233 Cum
1009 4178 1123 4231 dies
1145 4178 1358 4247 iudicii,
1390 4178 1474 4231 vel
1495 4178 1846 4231 domuitionis

235 4277 551 4339 advenerit,
583 4294 774 4330 omnes
804 4292 998 4331 manus
1024 4278 1417 4341 dissolveninr,
1469 4276 1664 4344 quibus‘
1704 4274 1844 4329 dici~

236 4380 336 4424 tur
369 4371 419 4422 lll
446 4369 554 4423 alio
576 4370 698 4424 loco
726 4387 738 4421 :
766 4369 1168 4439 Confortamini,
1200 4386 1383 4422 manus
1407 4368 1696 4422 dissolutae.
1727 4366 1848 4421 Dis-

234 4461 526 4516 Solvewur
554 4471 734 4515 autem
781 4476 1009 4521 inuitus;
1044 4466 1173 4529 quia
1201 4462 1408 4514 nullum
1443 4475 1584 4527 opus
1615 4461 1841 4522 dignum

238 4552 340 4607 Dei
372 4554 583 4618 jllSlllla
621 4554 961 4620 reperietur:
997 4551 1065 4605 Et
1088 4570 1189 4606 non
1221 4553 1601 4622 jnsti/icabitur
1632 4555 1683 4605 in
1722 4569 1847 4607 con-

232 4656 413 4718 spectu
447 4650 561 4720 ejus
593 4649 761 4702 omnis
804 4649 977 4701 virens
1020 4646 1137 4713 (Ps.
1185 4664 1351 4711 chtt,
1400 4649 1479 4715 Ξ).
1528 4648 1682 4703 Unde
1716 4649 1847 4703 Pro-

1948 3424 2013 3477 Et
2057 3425 2107 3477 in
2136 3424 2246 3477 alio
2279 3426 2398 3477 loco
2422 3424 2623 3477 dicitur
2651 3443 2663 3477 :
2697 3426 2865 3489 Quam
2900 3442 3090 3495 magna
3127 3423 3405 3479 multitudo
3434 3426 3555 3479 dul-

1946 3517 2145 3571 cedinis
2175 3528 2300 3581 tute,
2336 3517 2578 3581 Domine,
2610 3536 2767 3589 quam
2797 3520 3111 3572 abscondisti
3142 3520 3440 3572 timentibus
3468 3519 3557 3573 te!

1948 3611 2094 3679 Ergo
2122 3612 2478 3665 absconditur
2510 3615 2673 3665 multa
2710 3612 2803 3666 Dei
2844 3615 3221 3667 tttiseriCtirdia
3254 3616 3323 3665 ab
3353 3614 3436 3666 liis
3462 3614 3555 3681 qui

1947 3705 2123 3757 adhuc
2174 3705 2225 3758 in
2263 3707 2458 3758 timore
2487 3716 2611 3759 sunt
2642 3706 2827 3773 positi,
2876 3716 2931 3760 et
2977 3706 3273 3774 perlectam
3318 3705 3412 3760 Dei
3445 3723 3553 3761 non

1947 3795 2149 3851 habent
2188 3798 2541 3863 cliariiatem,
2585 3807 2645 3851 ut
2680 3798 2807 3851 dum
2839 3800 3118 3853 crudelem
3157 3801 3378 3853 audiunt
3413 3802 3559 3853 diem

1948 3888 2192 3953 Dntttlni,
2227 3898 2281 3943 rt
2311 3889 2702 3944 inamabilem.
2738 3903 2792 3943 et
2828 3892 3216 3958 itulignatiOIiis
3250 3890 3559 3958 lurorisqtte

1948 3984 2191 4053 plenum,
2246 4000 2477 4053 peccare
2526 3987 2819 4039 desistant.
2868 3986 3106 4039 l’onetur
3152 4000 3368 4055 quo-ine
3408 3988 3559 4043 orbis

1946 4083 2031 4135 Vel
2066 4094 2207 4137 terra
2246 4084 2297 4135 in
2331 4082 2708 4147 solitudinem,
2743 4090 2799 4135 et
2855 4091 3169 4150 peccatores
3199 4090 3558 4137 Contereutur

1947 4177 2015 4233 de
2041 4193 2127 4239 ea,
2162 4162 2283 4248 qua:
2314 4178 2462 4245 prius
2496 4186 2842 4246 peccatorum
2875 4191 3046 4229 onere
3093 4176 3446 4244 gravabatur,
3492 4185 3551 4231 ut

1949 4268 2143 4325 deletis
2176 4270 2514 4338 perditisqne
2561 4270 2899 4333 sceleribus,
2938 4267 3146 4323 babitet
3188 4280 3242 4323 et
3278 4281 3463 4338 regnet
3500 4269 3557 4323 in

1951 4372 2095 4418 terra
2124 4364 2240 4418 εοΙςι
2268 4364 2500 4433 justitiu.

2020 4458 2039 4523 l
2055 4460 2203 4511 Vers.
2236 4459 2346 4525 t0.)
2371 4460 2631 4526 Quoniam
2662 4458 2827 4513 stella:
2858 4458 2994 4525 eteli,
3022 4466 3069 4512 et
3101 4458 3348 4530 splendor
3375 4475 3556 4513 eorum

1949 4567 2052 4604 non
2082 4551 2378 4619 expandent
2430 4554 2602 4605 lumen
2645 4568 2797 4605 suam
2828 4568 2845 4605 :
2872 4552 3235 4606 obtenibratus
3285 4562 3360 4606 est
3391 4556 3466 4605 sol
3506 4553 3562 4607 in

1949 4657 2065 4699 ortu
2091 4662 2206 4703 suo.
2237 4656 2284 4699 et
2318 4644 2444 4699 luna
2473 4663 2575 4698 non
2606 4646 2894 4717 splendebit
2927 4648 2977 4697 in
3010 4644 3204 4697 lumine
3225 4662 3342 4699 suo.
3367 4644 3510 4699 LXX
3539 4663 3555 4699 :

234 4744 406 4810 pheta
439 4743 567 4794 dicit
623 4742 674 4794 iu
712 4743 934 4804 psalmis
969 4760 981 4794 :
1020 4741 1080 4797 Si
1109 4742 1412 4812 iniquitates
1441 4742 1704 4805 attendas,
1735 4741 1842 4796 Do-
1869 4733 1924 4793 Ι)
1952 4738 2133 4795 Stella:
2177 4739 2311 4791 enim
2363 4737 2477 4791 cieli
2508 4750 2557 4793 et
2615 4737 2803 4799 Otian,
2864 4746 2910 4788 et
2971 4740 3140 4791 omnis
3181 4751 3396 4791 ornatus
3443 4738 3560 4791 ccli

233 4834 399 4897 mine,
428 4834 545 4894 quis
584 4834 853 4887 sustinebit
896 4832 1018 4906 (Ps.
1067 4849 1250 4901 cun,
1287 4834 1384 4903 3)?
1410 4834 1586 4889 Omne
1625 4851 1843 4904 quoque

231 4940 361 4987 Cur,
388 4926 504 4979 sive
553 4939 731 4978 awma
784 4926 1021 4979 nominis
1057 4926 1331 4991 tubesret;
1378 4934 1435 4979 et
1468 4926 1687 4993 pavebit
1712 4942 1847 4980 con-

231 5016 473 5071 scientia
509 5017 721 5086 peccati
748 5018 853 5073 siti.
884 5018 1007 5072 llwe
1035 5028 1119 5073 est
1147 5019 1268 5074 dies
1302 5020 1653 5075 lormidnlusa
1682 5031 1847 5089 atque

234 5111 527 5173 ter:ibili-,
558 5112 624 5164 tle
656 5127 760 5178 qua
795 5121 845 5164 el
878 5112 1185 5180 Sopliotiias
1227 5112 1465 5175 lo~iuitur
1512 5129 1523 5164 :
1558 5110 1775 5166 Metuite
1816 5130 1849 5165 a

227 5205 380 5276 [acie
408 5202 619 5257 Dimini
650 5221 669 5259 :
696 5206 817 5273 quia
857 5222 1015 5276 prope
1059 5215 1132 5258 est
1174 5205 1284 5259 dies
1324 5204 1536 5258 Domini
1567 5207 1761 5278 (Soph.
1807 5222 1845 5273 ι,

230 5298 262 5349 ί
290 5297 361 5363 ι).
414 5298 478 5349 Et
510 5312 726 5349 rursum
779 5313 792 5349 :
843 5294 1008 5350 Juxta
1052 5306 1128 5350 est
1178 5298 1285 5349 dies
1340 5296 1548 5350 Domini
1593 5314 1782 5367 magna
1826 5313 1845 5352 :

231 5407 427 5463 prope.
452 5403 498 5445 et
526 5393 679 5446 velox
708 5393 882 5445 nimis.
920 5393 983 5445 lit
1010 5395 1172 5445 Amos
1202 5408 1214 5443 :
1257 5389 1366 5453 νω,
1401 5391 1598 5458 inquit,
1626 5393 1716 5463 qui
1747 5394 1839 5445 de-

226 5487 472 5540 siderant
499 5486 635 5540 diem
664 5484 876 5539 Domini
900 5502 918 5539 :
944 5484 1127 5555 utquid
1156 5485 1296 5538 vobis
1335 5485 1444 5538 dies
1476 5482 1703 5539 Domini.
1729 5502 1845 5556 qua:

230 5578 467 5635 tenebrte
519 5594 662 5645 sunt,
707 5591 753 5634 et
800 5596 903 5634 non
956 5579 1049 5634 lus:
1104 5581 1285 5650 (Amos
1332 5597 1387 5647 ν,
1425 5582 1549 5650 18)?
1578 5582 1845 5654 Quodque

224 5672 399 5744 juxm
432 5671 573 5726 LXX
605 5672 848 5726 additum
883 5682 966 5728 est
996 5692 1009 5725 :
1034 5673 1380 5727 turbabuntur
1410 5673 1587 5746 legati,
1620 5686 1666 5728 et
1694 5676 1846 5728 dolo-

326 5813 350 5842 ⁸
389 5805 696 5862 Cltisileem:
728 5807 958 5861 Verbum
993 5808 1314 5863 llebraieum
1347 5821 1699 5875 er't‘ttmpunl
1731 5811 1847 5867 edi-

236 5878 427 5951 tiones
458 5879 667 5933 Erasini
715 5892 769 5934 et
801 5882 930 5934 Muri
972 5880 1026 5935 ni
1101 5862 1339 5951 legentes
1373 5862 1497 5940 ν’ᾯ)
1535 5862 1699 5937 Cesile
1728 5886 1846 5939 sine

236 5949 414 6007 affixo
440 5952 775 6023 pronomine,
807 5962 864 6009 et
893 5949 1169 6024 antiquam
1208 5952 1497 6011 lectiuneui
1533 5957 1844 6027 Hieronymi

1948 4835 2119 4887 lumen
2151 4848 2303 4885 suum
2330 4848 2429 4884 non
2462 4832 2655 4883 dabunt
2684 4829 2791 4902 [AL
2820 4830 2939 4883 habt
2952 4828 3099 4901 bunt]
3132 4849 3145 4883 :
3179 4842 3226 4885 et
3256 4830 3560 4885 obtenebra-

1944 4929 2139 4981 buntur
2191 4924 2299 4980 sole
2336 4928 2554 4985 oriente.
2582 4938 2629 4979 et
2668 4926 2793 4978 luna
2832 4942 2935 4979 non
2981 4925 3126 4980 dabit
3166 4926 3339 4980 lumen
3367 4942 3543 4981 suum.

1948 5020 2054 5074 Pro
2085 5036 2149 5071 eo
2178 5018 2321 5089 quod
2351 5035 2449 5071 ηοξ
2500 5018 2839 5083 interpretati
2895 5032 3105 5085 Sumus,
3156 5016 3406 5085 splendor
3454 5034 3550 5072 ea-

1949 5131 2101 5176 rum.
2140 5114 2279 5167 haud
2311 5113 2532 5166 dubium
2582 5114 2711 5181 quin
2752 5111 3034 5165 stell'irum
3072 5113 3261 5179 Aquila
3295 5126 3350 5166 et
3378 5112 3560 5164 'l'lieo-

1956 5208 2105 5262 (li-lin
2138 5209 2312 5277 ip~uui
2355 5206 2577 5260 verbum
2615 5214 2905 5271 poSueruut
2944 5204 3267 5258 lle-braieum
3310 5212 3335 5240 α
3390 5218 3559 5258 (ιηιει-

1956 5319 2097 5359 ιεειι
2139 5278 2407 5371 (ΕιΠἽξΌὲ)
2444 5318 2458 5353 :
2506 5313 2603 5367 pro
2650 5315 2754 5369 quo
2784 5298 2925 5353 LXX
2964 5298 3212 5352 Orionem
3256 5297 3548 5351 ll‘ﬂllslllle-

1952 5406 2100 5461 runt,
2135 5395 2398 5449 addentes
2446 5392 2513 5446 de
2536 5408 2657 5449 suo.
2705 5402 2752 5445 et
2799 5395 2962 5446 omnis
2994 5406 3212 5445 ornatus
3242 5390 3374 5450 (teli.
3409 5392 3558 5457 quod

1953 5489 2113 5544 olielo
2142 5487 2554 5557 prteuotandum
2592 5495 2695 5539 est.
2728 5482 2892 5556 240
2915 5485 3172 5539 Orionem
3209 5493 3389 5536 autem
3420 5497 3558 5551 gen-

1953 5582 2125 5637 tilium
2184 5580 2379 5633 l'ubube
2425 5579 2616 5633 dicunt
2650 5580 2838 5648 viginti
2868 5581 3004 5631 duas
3035 5576 3239 5631 habere
3282 5576 3490 5643 stellas,
3525 5590 3558 5631 e

1954 5675 2149 5745 quibus
2190 5684 2424 5743 quatuor
2469 5674 2643 5727 tertia:
2709 5668 3099 5739 magnitudinis
3157 5676 3305 5735 sunt,
3360 5684 3557 5725 novem

1954 5826 2234 5867 cutstLeeu
2264 5810 2484 5863 omnino
2512 5810 2781 5862 vitiantes.
2814 5808 3080 5862 Msttrtsu.
3426 5868 3431 5877 ι

2026 5913 2095 5923 -
2126 5883 2364 5947 Boetius,
2394 5891 2449 5934 ut
2481 5882 2717 5945 videtur,
2752 5882 2804 5933 iit
2857 5881 3027 5933 \ntuz.
3068 5893 3171 5934 ms.
3202 5877 3421 5935 Xileem.
3455 5881 3565 5936 Re-

1955 5956 2073 6011 cole
2087 5970 2206 6024 quae
2231 5954 2300 6010 de
2326 5958 2432 6009 boc
2451 5953 2717 6009 vocabulo
2730 5966 2893 6023 supra
2907 5956 3290 6011 annotavituus
3301 5956 3406 6011 col.
3432 5954 3566 6010 ΠΩ.
