4014 6514
444 321 554 380 215

1705 319 1765 376 8.
1807 317 2085 377 EUSEBII
2111 315 2496 374 HIERONYMI

3004 164 3120 328 lx

3644 309 3748 366 216

447 436 705 497 morrha:
733 447 792 492 ut
830 437 1040 493 nullum
1069 436 1122 491 in
1147 450 1208 492 ea
1233 435 1720 503 maneat'pristinte
1743 433 2045 490 mansionis
2072 439 2124 496 Α
2148 430 2262 488 Nec
2310 440 2562 502 pastores
2608 429 2682 486 ibi
2716 427 3098 499 requiescant,
3131 427 3326 498 Angeli
3363 424 3618 482 videlicet
3660 425 3749 497 qui

451 531 743 602 vestigium
777 529 914 585 :scd
943 540 1230 602 postquam
1284 527 1448 603 245
1497 528 1656 584 fuerit
1707 528 1910 584 cmlum
1949 542 2049 582 no-

447 636 599 678 vum.
621 636 672 679 et
698 632 844 678 terra
870 637 1030 689 nova,
1051 635 1104 677 et
1134 626 1459 694 praeterierit
1489 625 1656 693 figura
1683 623 1841 694 hujus
1861 621 2050 677 mundi

448 717 498 790 (ι
521 717 642 773 Cor.
669 721 802 784 vn),
829 733 934 774 non
965 718 1297 773 habitabitur
1322 719 1452 773 urbs
1479 717 1820 773 confusionis
1846 719 1897 770 in
1931 731 2053 786 per-

449 823 713 878 petuum;
755 817 812 864 et
858 825 1199 878 nequaquam
1251 811 1501 865 eumdem
1547 820 1749 864 Statum
1801 809 2050 873 recipiet.

445 898 566 955 Non
600 901 744 954 enim
781 901 1060 970 ponetihi,
1089 914 1376 970 postquam
1407 902 1460 956 in
1490 903 1712 972 priSIina
1739 902 1909 972 gloria
1929 917 2053 957 esse

446 993 696 1063 desierit,
736 995 911 1050 Arabs
943 999 1178 1050 tentoria
1210 1011 1327 1060 sua,
1361 999 1449 1066 qui
1503 998 1889 1065 interpretatur
1918 997 2055 1049 occi-

447 1086 672 1141 dentalis
717 1099 774 1142 et
823 1089 1175 1157 vespertinus;
1233 1100 1292 1144 ut
1349 1089 1401 1144 in
1439 1105 1502 1143 ea
1550 1090 1734 1159 cupiat
1766 1088 2048 1154 habitare,

448 1197 612 1251 quam
663 1181 867 1237 viderit
918 1197 1042 1238 esse
1087 1183 1385 1238 desertam.
1418 1183 1594 1240 Arabs
1623 1197 1804 1238 autem
1829 1184 1883 1237 in
1913 1197 2058 1254 piae-

447 1279 592 1329 senti
627 1277 819 1331 locoiu
844 1276 1042 1330 bonam
1075 1284 1281 1346 partem
1313 1278 1578 1346 accipitur
1608 1295 1622 1332 :
1652 1277 1795 1347 quod
1823 1291 2045 1346 semper

446 1371 637 1425 tendat
658 1370 724 1425 ad
759 1373 946 1436 linem,
973 1380 1029 1426 et
1059 1353 1262 1426 oblitus
1292 1371 1695 1440 prmteritorurn
1727 1409 1743 1433 .
1796 1371 2056 1426 extendat

443 1475 506 1518 se
535 1464 586 1518 in
615 1463 820 1532 ptiorzt.
845 1461 956 1519 Nec
986 1473 1234 1531 pastores
1267 1466 1610 1534 requiescent
1640 1464 1736 1528 ibi,
1760 1466 1850 1534 qui
1885 1479 2041 1516 man-

444 1559 823 1614 Snetissimtnn
871 1559 1082 1613 Domini
1129 1573 1351 1629 gregem
1415 1559 1466 1612 in
1519 1557 1828 1614 Jerusalem
1877 1557 2056 1611 Solent

450 1668 718 1724 pascere;
759 1653 854 1708 scd
898 1669 929 1708 e
967 1656 1249 1706 contrario
1305 1654 1652 1722 requiescent
1703 1649 1774 1705 ibi
1831 1649 2050 1716 bestiae,

447 1763 584 1819 quas
609 1749 917 1803 detestatur
942 1746 1227 1801 Psalmista
1253 1787 1268 1810 ,
1296 1745 1486 1800 dicens
1515 1761 1530 1800 :
1565 1743 1614 1798 Ν
1621 1761 1649 1799 e
1670 1742 1850 1798 tradas
1881 1741 2056 1796 bestiis

2154 525 2396 580 humano
2452 534 2693 594 praesunt
2728 522 2941 592 generi.
2969 530 3026 576 et
3051 518 3302 592 quotidie
3340 518 3525 573 vident
3558 515 3748 572 faciem

2153 618 2369 676 Patris:
2400 620 2494 674 sed
2528 619 2883 690 requiescant
2913 617 2984 672 ibi
3018 616 3210 671 bestiae
3256 623 3312 670 et
3342 614 3611 670 dracoiies
3638 654 3653 676 ,
3687 621 3744 668 et

2153 713 2512 781 struthiones,
2543 721 2599 768 et
2630 712 2808 780 pilusi,
2835 721 2890 766 et
2914 709 3098 776 ululae,
3127 719 3182 764 et
3212 709 3436 772 sirenae,
3457 721 3593 778 quas
3639 723 3753 760 om-

2153 823 2252 863 nes
2274 806 2477 864 beSIias
2499 807 2550 861 in
2577 805 2750 876 figura
2775 803 3128 875 intelligimus
3155 801 3508 872 Angelorum,
3531 799 3616 854 vel
3644 799 3755 854 dte-

2153 917 2399 965 monuin,
2423 909 2691 956 eteorum
2738 898 2935 968 quibus
2991 896 3262 952 tradimur
3292 895 3360 949 ad
3395 895 3754 964 puniendum.

2153 994 2223 1050 Et
2248 994 2300 1049 in
2333 993 2590 1048 domibus
2645 993 2915 1061 quondam
2945 990 3260 1059 voluptatis,
3297 987 3388 1043 ubi
3421 998 3540 1041 erat
3566 988 3756 1043 la-titia

2155 1098 2210 1143 et
2232 1086 2512 1158 gaudium,
2537 1085 2609 1140 sit
2638 1083 2891 1154 planctus
2936 1081 3210 1137 ulularunt
3231 1123 3246 1145 ,
3279 1092 3333 1135 et
3389 1080 3758 1135 lamentabilis

2154 1195 2260 1236 vox
2290 1181 2624 1243 sirenarum,
2646 1194 2766 1249 qua»
2783 1176 3061 1231 auditores
3082 1190 3213 1230 suos
3231 1173 3383 1230 ducit
3406 1173 3472 1229 ad
3500 1185 3756 1229 mortem.

2155 1275 2399 1344 Tempus
2419 1285 2598 1329 autem
2636 1274 2924 1328 imminere
2947 1269 3162 1342 judicii,
3196 1281 3246 1325 et
3298 1269 3446 1325 diem
3491 1284 3758 1324 consum-

2156 1369 2411 1425 mationis
2442 1367 2750 1435 Babylonia:
2775 1381 2882 1420 non
2916 1364 3183 1435 elongari,
3220 1378 3558 1434 nequaquam
3585 1363 3759 1416 mira-

2155 1463 2341 1528 bitur,
2393 1461 2486 1533 qui
2535 1459 2778 1531 quotidie
2836 1474 2934 1529 per
2988 1466 3208 1515 sanctos
3251 1457 3398 1511 viros
3449 1457 3504 1510 in
3541 1455 3630 1510 his
3662 1455 3758 1526 qui

2155 1555 2389 1611 credunt
2414 1554 2468 1609 in
2489 1553 2742 1616 Domino,
2789 1550 3033 1606 subverti
3061 1550 3261 1606 viderit
3308 1550 3670 1622 Babylonem;
3704 1558 3760 1604 et

2157 1652 2449 1708 :Blcrttilati
2479 1662 2849 1722 comparatam
2878 1692 2891 1713 ,
2917 1665 3134 1704 omnem
3176 1649 3580 1720 longitudinem
3627 1662 3757 1705 esse

2156 1745 2412 1801 vicinam.
2455 1747 2527 1800 lie
2552 1743 2851 1816 generibus
2880 1745 3180 1801 bestiarum
3208 1785 3224 1810 ,
3274 1746 3443 1799 immo
3479 1753 3761 1801 monstro-

447 1844 680 1898 nnimam
713 1841 1040 1910 conﬁtentem
1074 1841 1166 1894 tibi
1191 1838 1308 1908 (Ps.
1343 1855 1535 1906 Lxxtn,
1573 1837 1684 1909 ib).
1730 1839 1834 1892 l’ro
1859 1839 2055 1908 quibus
2087 1847 2132 1907 Β
2163 1857 2305 1905 rum,
2331 1841 2568 1896 breviter
2612 1840 2854 1894 diximus
2882 1857 2893 1892 :
2923 1840 3046 1907 quia
3073 1839 3126 1895 in
3159 1849 3184 1876 ⁸
3220 1840 3389 1911 priori
3435 1840 3578 1894 libro
3606 1840 3761 1909 juxta

448 1935 670 2006 Aquila,
696 1941 753 1989 et
773 1932 1167 2006 Symmachus,
1187 1944 1243 1987 et
1269 1932 1598 1994 Theodoti",
1626 1931 1801 2000 ipsum
1827 1928 2052 1984 verbum

449 2029 775 2086 Hebraicum
835 2041 1131 2097 posuerunt
1161 2011 1276 2082 suis
1337 2028 1533 2095 (mir).
1574 2025 1643 2079 Et
1686 2024 2056 2091 iinplehuntur

448 2117 646 2173 domus
676 2135 891 2184 eorum,
929 2121 1033 2174 hoc
1063 2129 1146 2173 est
1178 2117 1627 2189 Babyloniorum,
1651 2116 1803 2184 juxta
1828 2113 1970 2169 LXX
2000 2123 2057 2168 et

450 2211 888 2269 Theodotimtein
939 2214 1102 2286 ἤχου,
1148 2211 1202 2266 id
1229 2222 1334 2273 est.
1363 2212 1540 2265 sonitu
1581 2217 1639 2265 et
1684 2210 2052 2273 clamoribus;

447 2303 600 2376 juxta
627 2305 902 2375 Aquilam,
927 2304 1259 2375 typlionibus,
1285 2317 1421 2372 quos
1453 2316 1553 2357 nos
1581 2304 1633 2356 in
1659 2302 1909 2356 dracones
1935 2317 2058 2356 ver-

454 2399 651 2464 timus;
675 2400 832 2466 juxta
853 2399 1242 2468 Symmachum
1271 2411 1384 2451 onis
1412 2394 1627 2466 (ante),
1663 2395 1806 2464 quod
1830 2394 2055 2448 verbum

452 2491 509 2546 in
543 2491 812 2546 llebraico
852 2490 1196 2545 continetur.
1231 2488 1298 2543 Et
1341 2489 1664 2542 halntabunt
1691 2487 1760 2543 ibi
1793 2485 2060 2542 struthio-

453 2601 573 2652 nes,
610 2585 810 2640 animal
848 2599 1068 2648 semper
1095 2585 1423 2639 solitudines
1457 2593 1746 2654 appetens,
1776 2583 1844 2636 de
1871 2599 1980 2654 quo
2005 2584 2059 2638 in

455 2679 559 2735 Job
601 2679 817 2749 plenius
866 2678 1128 2734 scribitur
1160 2695 1175 2733 :
1215 2679 1306 2748 qui
1337 2694 1459 2732 eum
1495 2693 1702 2748 pennas
1735 2677 1938 2734 habere
1980 2678 2061 2732 vi~

455 2771 672 2836 deatur,
709 2782 889 2825 tamen
921 2772 988 2827 tle
1017 2782 1161 2826 terra
1185 2771 1348 2825 altius
1377 2785 1482 2825 non
1506 2770 1791 2826 elevatur:
1827 2784 1926 2839 pro
1953 2785 2062 2841 quo

456 2867 605 2925 LXX
626 2880 885 2946 σειρῆνας.
913 2869 965 2924 id
991 2879 1097 2935 est,
1136 2870 1336 2926 sirenas
1368 2871 1710 2939 interpretati
1739 2881 1888 2925 sunt.
1919 2871 2064 2926 Pilo-

459 2977 554 3018 sos
597 2976 778 3018 autem
824 2965 912 3031 qui
955 2963 1218 3018 dicuntur
1249 2963 1514 3019 llebraice
1571 2980 1712 3020 sum!
1765 2969 2060 3033 (ω’-βω),

461 3055 792 3122 Thcodotio,
825 3059 1004 3112 erectis
1029 3069 1076 3110 et
1105 3057 1360 3113 stantibus
1389 3057 1514 3130 pilis
1539 3059 1931 3129 interpretatus
1957 3071 2061 3117 est.

458 3150 822 3223 Symm:ichus
871 3163 926 3207 et
979 3151 1120 3208 LXX
1161 3151 1427 3207 daemonas
1486 3155 1904 3211 transtulerunt.
1960 3155 2066 3212 Pro

2161 1931 2443 1987 historiam
2475 1947 2544 1986 ex
2569 1942 2721 2001 parte
2752 1931 3040 2001 perstricta
3066 1941 3213 1986 sunt.
3243 1931 3356 1987 llnc
3385 1947 3606 2001 quoque
3631 1946 3764 1988 cou-

2161 2025 2530 2088 sideraudum,
2562 2023 2706 2094 quod
2754 2033 3041 2096 postquam
3064 2024 3471 2080 ecclesiasticus
3497 2039 3684 2080 sermo
3713 2035 3766 2082 et

2162 2119 2414 2176 doctrina
2447 2118 2745 2177 Salvatoris
2783 2118 2972 2172 urbem
3004 2118 3348 2174 confusionis
3377 2120 3671 2183 everterit,
3693 2120 3766 2174 ita

2163 2226 2220 2271 ut
2241 2215 2492 2270 Sodomae
2514 2225 2569 2270 et
2597 2211 2922 2271 Gnmorrhze
2951 2225 3331 2284 comparetur;
3357 2229 3462 2266 non
3487 2213 3769 2268 habitetur

2164 2325 2194 2364 a
2218 2309 2422 2364 sanctis
2450 2308 2613 2376 viris,
2656 2323 2755 2363 nec
2791 2317 3037 2377 pastores
3073 2306 3419 2377 requiescant
3473 2305 3528 2360 in
3559 2322 3650 2373 ea,
3681 2307 3769 2378 qui

2161 2400 2366 2458 Christi
2393 2417 2614 2473 gregem
2646 2416 2874 2472 pascere
2893 2411 3303 2457 consueverant
3327 2419 3341 2455 :
3367 2399 3462 2457 sed
3489 2418 3520 2455 e
3541 2413 3771 2458 contra-

2161 2497 2244 2551 rio
2274 2497 2625 2564 requiescant
2651 2495 2721 2548 ibi
2749 2495 2962 2561 bestiae,
2995 2503 3052 2548 et
3077 2495 3369 2558 dracones,
3419 2501 3477 2548 et
3502 2495 3772 2549 struthio-

2165 2604 2287 2649 nes.
2314 2599 2368 2644 et
2400 2587 2560 2658 pilosi
2593 2587 2801 2644 saltent
2836 2587 2889 2642 in
2919 2602 3006 2642 ea.
3032 2587 3305 2658 Quidquid
3331 2586 3475 2642 enim
3521 2586 3773 2642 haeretici

2167 2683 2463 2752 loquuntur
2489 2682 2540 2735 in
2571 2681 2868 2754 synagogis
2902 2681 3159 2746 Satanae,
3216 2697 3326 2736 non
3377 2691 3460 2736 est
3513 2681 3772 2736 doctrina

2169 2776 2407 2841 Domini,
2441 2775 2536 2830 sed
2570 2775 2815 2831 ululatus
2853 2775 3166 2830 daemonum
3190 2785 3243 2830 et
3271 2775 3600 2846 pilosorum,
3635 2791 3774 2847 quos

2168 2871 2484 2926 imitabatur
2510 2871 2675 2926 Esau.
2727 2872 2790 2926 Et
2813 2870 3012 2926 sirena:
3039 2871 3390 2941 rcquiescent
3438 2869 3493 2925 in
3523 2869 3776 2925 delubris

2169 2965 2489 3031 voluptatis,
2521 2979 2645 3036 qua:
2671 2963 2816 3018 dulci
2847 2972 2904 3018 et
2933 2963 3220 3018 mortifero
3261 2965 3507 3018 carmine
3559 2962 3775 3018 animas

2171 3060 2498 3128 pertrahunt
2528 3060 2581 3113 in
2613 3057 2944 3127 profundum
2973 3069 3069 3113 :ut
3113 3058 3376 3114 saeviente
3401 3055 3714 3127 naufragio,
3747 3073 3775 3113 a

2170 3150 2314 3223 lupis
2345 3160 2400 3207 et
2423 3152 2648 3207 canibus
2674 3152 3027 3207 devorentur.
3063 3150 3240 3221 Prope
3264 3162 3346 3206 est
3369 3166 3500 3222 ergo
3523 3161 3580 3206 et
3612 3151 3776 3206 instat

462 3245 853 3300 ouocentauris
893 3260 1140 3316 quoque,
1197 3261 1336 3316 quos
1392 3248 1492 3302 soli
1542 3247 1684 3304 LXX
1715 3250 2061 3321 interpretati
2093 3252 2139 3318 (ζ
2171 3245 2413 3314 quotidie
2447 3255 2662 3314 tempus
2683 3245 2862 3301 ruinte
2896 3244 3315 3308 haereticorum,
3350 3255 3407 3300 et
3439 3259 3549 3299 non
3589 3242 3777 3300 din‘er-

461 3347 608 3404 sunt,
641 3337 920 3392 imitantes
945 3337 1232 3408 gentilium
1267 3339 1496 3408 fabulas,
1541 3341 1634 3412 qni
1667 3343 1854 3398 dicunt
1892 3344 2062 3402 fuisse

463 3431 949 3501 liippnccntauros,
981 3442 1088 3487 tres
1111 3435 1211 3489 reli
1239 3436 1307 3488 .-ni
1362 3435 1692 3503 interpretes
1741 3439 1919 3508 ipsum
1967 3457 2063 3506 po-

465 3538 628 3578 suere
644 3525 867 3577 verlmm
887 3523 1209 3579 Hebraicum
1229 3540 1304 3580 nu
1323 3526 1502 3598 (ante)
1519 3529 1660 3597 quod
1687 3545 1787 3583 nos
1813 3531 1866 3584 in
1887 3531 2061 3588 nlulas

464 3616 750 3670 vertimus.
785 3615 885 3673 Ubi
917 3626 1100 3670 autem
1131 3617 1277 3672 LXX
1314 3620 1603 3687 dixerunt,
1653 3620 1845 3676 cubilia
1873 3626 2064 3696 facient

463 3706 647 3761 ltericii
668 3709 720 3762 in
739 3709 973 3763 domibus
990 3725 1192 3775 eorum,
1215 3721 1269 3764 et
1301 3711 1354 3764 iit
1395 3711 1664 3769 llobraicn
1703 3715 1936 3784 positum
1979 3726 2065 3773 est

464 3816 703 3858 russam
733 3804 933 3874 (eun),
965 3803 1158 3874 Aquila
1189 3817 1245 3858 et
1266 3805 1628 3877 Symmachus
1647 3819 1702 3864 et
1732 3809 2059 3877 Theodotio,

463 3899 662 3955 sirenas
717 3902 1060 3970 interpretati
1093 3913 1224 3958 sunt
1259 3906 1676 3975 ;siguiticantes
1726 3906 1811 3963 vel
1861 3908 2065 3962 bestias

467 3991 675 4062 aliquas
701 4009 846 4062 esse,
877 3998 960 4052 vel
988 3997 1291 4062 daemonas,
1324 4000 1476 4066 juxta
1509 4017 1751 4057 errorem
1782 4003 2064 4073 gentilium

468 4087 632 4144 dulce
679 4100 988 4158 cantantes,
1023 4103 1077 4148 et
1103 4093 1443 4160 decipiemus
1468 4097 1716 4151 homines
1741 4141 1755 4164 ,
1786 4099 1874 4168 qui
1901 4097 2068 4167 hujus

466 4183 652 4239 SiPCllli
679 4187 1014 4257 naufragium
1043 4187 1248 4243 clausis
1269 4191 1492 4244 auribus
1517 4191 1756 4247 transire
1787 4209 1893 4246 non
1940 4207 2067 4263 pos-

465 4287 614 4331 sunt.
652 4273 824 4331 Porro
851 4280 1208 4334 onocentanri
1257 4297 1487 4348 nomen,
1541 4298 1606 4337 ex
1635 4283 1803 4336 asinis
1845 4295 2069 4338 centau-

465 4369 650 4438 risqne
681 4372 1068 4437 compositum,
1099 4371 1315 4427 videtur
1338 4373 1467 4428 mihi
1498 4374 1804 4443 significare
1827 4390 1944 4441 eos,
1975 4378 2065 4445 qui

468 4475 532 4516 ex
569 4472 726 4530 parte
777 4462 978 4531 aliquid
1011 4461 1310 4518 humanum
1345 4467 1598 4533 sapiunt;
1643 4475 1698 4520 et
1727 4482 1943 4522 rursum
1973 4483 2069 4522 vo-

463 4551 764 4622 ittptalibtts
781 4565 834 4606 et
864 4569 1023 4608 emno
1048 4555 1408 4626 turpitudinis
1431 4557 1775 4614 abducuntur
1814 4561 1880 4614 ad
1912 4561 2061 4616 vitia.

2164 3348 2254 3396 tur
2278 3355 2468 3396 eorum
2497 3339 2805 3395 subversio.

2239 3433 2567 3488 Miserebitur
2586 3435 2724 3488 enim
2755 3432 3001 3488 Dominus
3033 3431 3229 3499 Iacob,
3262 3442 3309 3488 et
3340 3431 3489 3504 eliget
3518 3434 3700 3487 adhuc
3719 3433 3779 3488 de

2163 3525 2336 3582 Israel
2363 3570 2377 3593 ,
2409 3537 2460 3581 et
2487 3527 2801 3598 requiesrere
2838 3544 2923 3581 eos
2953 3527 3107 3596 faciet
3133 3542 3290 3589 super
3314 3525 3529 3580 humum
3571 3543 3726 3580 suam
3759 3544 3776 3581 :

2165 3621 2480 3695 adjungemr
2517 3622 2715 3676 advena
2745 3618 2906 3693 247
2937 3620 3006 3673 ad
3035 3625 3154 3687 eos,
3185 3631 3234 3674 et
3264 3618 3548 3674 adluerebit
3594 3619 3774 3673 domui

2164 3714 2350 3770 Jacob.
2389 3713 2452 3768 Et
2483 3715 2721 3772 tenebunt
2745 3731 2828 3769 εοδ
2859 3711 3036 3786 populi
3064 3755 3078 3776 ,
3110 3724 3158 3767 et
3187 3711 3448 3766 adducent
3476 3727 3564 3766 eos
3596 3713 3668 3764 ad
3702 3710 3778 3765 lo-

2167 3827 2285 3865 cum
2313 3826 2462 3864 suum
2495 3825 2513 3865 :
2541 3819 2590 3864 et
2641 3807 2918 3878 possidebit
2949 3823 3036 3862 eos
3063 3806 3243 3860 donius
3293 3803 3460 3860 Israel
3489 3822 3644 3877 super
3676 3817 3777 3859 ter-

2164 3922 2279 3961 ram
2312 3905 2519 3960 Domini
2546 3905 2600 3959 in
2627 3921 2796 3959 servos
2821 3915 2868 3959 et
2895 3904 2949 3957 in
2971 3904 3192 3978 ancillas
3217 3917 3236 3965 ;
3260 3912 3308 3957 et
3339 3911 3485 3956 erunt
3517 3902 3774 3973 rapientes

2167 4017 2253 4056 eos
2281 4001 2370 4072 qui
2399 4015 2454 4054 se
2471 4006 2732 4070 ceperant,
2767 4006 2812 4051 et
2843 3997 3116 4067 subjicient
3138 4007 3402 4051 exactores
3429 4012 3565 4049 suos.
3589 3992 3658 4048 Et
3679 3995 3776 4051 erit

2167 4095 2222 4148 in
2252 4093 2335 4147 die
2363 4091 2458 4146 illa
2487 4107 2603 4145 cum
2631 4091 2856 4158 requiem
2886 4089 3086 4145 dederit
3117 4089 3206 4143 tibi
3238 4087 3378 4144 Deus
3402 4106 3433 4142 a
3461 4085 3643 4142 labore
3665 4100 3771 4154 tuo,

2169 4194 2218 4242 et
2246 4203 2278 4239 a
2307 4185 2644 4240 concussione
2683 4194 2772 4238 tua
2797 4227 2813 4247 ,
2855 4193 2902 4238 et
2944 4200 2977 4237 a
3015 4183 3257 4238 serrilute
3307 4182 3443 4236 dura
3468 4223 3483 4248 ,
3525 4199 3629 4252 qua
3656 4191 3776 4236 ante

2169 4281 2371 4335 serviin
2401 4298 2422 4336 :
2456 4295 2625 4334 sumes
2652 4277 2951 4351 parabolam
2981 4278 3130 4331 istaut
3160 4287 3340 4330 contra
3382 4291 3552 4348 regem
3603 4273 3774 4346 Baby-

2171 4373 2338 4435 lonis,
2369 4382 2416 4426 et
2447 4373 2606 4428 dices.
2641 4371 2745 4427 Pro
2777 4372 2981 4426 advena
3003 4411 3020 4437 ,
3057 4368 3107 4424 id
3147 4379 3264 4432 est,
3299 4369 3594 4441 prosclyto.
3629 4367 3774 4424 LXX

2169 4464 2726 4544 Wdipaviuterpretati
2743 4473 2870 4518 stitit
2893 4483 2905 4516 :
2929 4463 3020 4534 qui
3039 4462 3303 4518 Hebraice
3316 4461 3774 4533 csn(u)dicitnr.

2171 4558 2326 4616 Unde
2357 4568 2486 4628 puto
2514 4567 2569 4614 et
2599 4557 2766 4630 Moysi
2797 4559 2988 4623 tilium,
3010 4557 3099 4628 qui
3131 4556 3342 4612 advena
3372 4565 3490 4611 erat
3519 4556 3574 4612 in
3607 4568 3772 4620 terra,

467 4642 678 4698 Dlt'ltul'
699 4660 830 4715 ergo
859 4644 1024 4720 246
1068 4647 1365 4702 Secundum
1427 4651 1808 4722 tropologiam,
1837 4652 1982 4723 quod
2012 4653 2062 4708 in
2090 4649 2146 4711 D
2173 4653 2507 4708 nominatum
2538 4668 2566 4705 a
2598 4663 2774 4723 patre,
2807 4649 3044 4706 Gersam.
3082 4647 3298 4719 (Exod.
3325 4651 3400 4718 ι).
3431 4648 3572 4719 Ergo
3594 4667 3776 4720 georas

467 4735 578 4792 ﬁne
605 4740 816 4804 mundi.
844 4745 929 4796 vel
961 4746 1151 4798 mortis
1182 4745 1642 4818 uniuscujusque.
1677 4749 1855 4803 omnis
1896 4749 2066 4818 gloria

464 4842 523 4888 et
553 4837 808 4902 superbia
839 4836 1243 4906 Chaldaeorum,
1265 4848 1322 4895 et
1347 4841 1599 4896 eonfttsio
1654 4843 1838 4897 mttndi
1864 4885 1878 4909 ,
1915 4857 2070 4899 recc-

464 4926 559 4982 dat
588 4943 617 4983 a
651 4929 846 4997 nobis;
879 4943 930 4983 et
949 4932 1019 4985 ita
1043 4934 1223 4986 omnia
1249 4934 1658 4999 subvertantur,
1683 4934 1822 4990 sicut
1841 4934 2067 4990 subver-

463 5021 528 5074 tit
559 5019 708 5075 Deus
733 5021 1028 5078 Sodontam
1060 5034 1118 5079 et
1144 5022 1542 5087 Gontorrbam:
1576 5042 1675 5082 nec
1704 5029 1844 5082 ultra
1879 5027 2064 5083 mundi

461 5117 620 5172 istius
649 5121 864 5175 futurus
887 5122 959 5175 sit
985 5131 1181 5187 status,
1212 5123 1306 5176 sed
1342 5133 1531 5194 pereat
1563 5125 1613 5178 in
1640 5134 1929 5179 aeternum.
1955 5122 2065 5178 Nec

457 5222 628 5281 ponat
657 5213 728 5266 ibi
776 5214 952 5267 Arabs
982 5217 1213 5271 tentoria
1242 5234 1336 5272 sua
1359 5261 1372 5281 ,
1407 5217 1474 5273 de
1503 5234 1611 5290 quo
1644 5219 1696 5274 in
1726 5218 2067 5290 sexagesimo

464 5307 703 5376 septimo
756 5308 968 5373 psalmo
1001 5307 1245 5373 dicitur;
1290 5309 1560 5381 Iterfacile
1602 5315 1646 5366 ei
1689 5314 1778 5384 qui
1833 5312 2066 5366 ascendit

459 5412 618 5467 super
642 5414 904 5461 occasum.
930 5398 1186 5458 Dominus
1215 5420 1396 5458 nomen
1422 5409 1536 5478 ejus
1559 5403 1732 5474 (Psal.
1759 5419 1933 5470 uvn,
1975 5402 2055 5474 5).

533 5518 561 5548 α
592 5511 704 5567 Sub
728 5515 846 5567 e‘us
875 5513 996 5569 libri
1021 5515 1202 5572 linem.

533 5578 561 5660 ξ’
584 5581 696 5660 Non
720 5585 932 5660 videtur
953 5604 981 5639 a
1003 5587 1106 5660 ger
1129 5604 1262 5642 voce
1276 5589 1560 5654 Hebraica,
1585 5589 1680 5644 sed
1700 5588 1897 5660 aASyro
1911 5605 2070 5646 voca-

460 5651 770 5730 buloﬂiora
789 5657 991 5730 factum
1007 5656 1216 5730 G‘oras.
1237 5660 1422 5715 addito
1444 5683 1491 5723 ς,
1517 5651 1650 5716 sicut
1669 5651 2061 5730 aJuduJudas,

458 5734 513 5803 et
544 5721 628 5803 his
657 5725 856 5803 similia
920 5729 986 5784 Et
1007 5745 1035 5783 a
1074 5729 1178 5803 Ger
1199 5733 1416 5803 quidem
1436 5721 1631 5803 ἑῇς-τρες.
1665 5721 2062 5790 consuetudine

457 5793 840 5877 ﬂemina-[tilum
881 5811 1054 5877 essu},
1096 5793 1358 5877 (lernam
1403 5802 1580 5858 Geras.
1625 5804 1829 5860 Latiori
1878 5807 2058 5877 itaque

449 5879 618 5924 sensu
647 5864 956 5928 Hebraicum
1000 5864 1088 5928 hic
1127 5875 1225 5929 loci
1251 5875 1471 5932 Hieron.
1515 5892 1612 5948 pro
1653 5879 1791 5948 Syro
1835 5864 2051 5950 accipit.

2173 4759 2259 4804 est
2289 4745 2513 4803 verbum
2541 4745 2569 4784 ι’
2602 4745 2818 4801 Hebrah
2840 4761 2930 4800 um
2961 4787 2977 4810 ,
3027 4742 3212 4800 Graeca
3243 4744 3647 4799 consuetudine
3678 4744 3774 4800 de-

2172 4844 2432 4899 clinatum
2464 4861 2477 4898 :
2512 4842 2641 4898 licet
2668 4841 2889 4913 quidam
2939 4838 3154 4895 Hebraei
3197 4840 3469 4894 sermonis
3499 4837 3728 4909 ignarus
3755 4877 3772 4905 ,

2170 4935 2414 4993 Graecam
2446 4935 2500 4990 in
2523 4951 2590 4991 eo
2638 4934 3018 5007 etymologiam
3069 4935 3375 5002 exprimi-re
3405 4942 3674 4998 conetur,
3711 4931 3776 4986 ab

2169 5044 2234 5085 eo
2250 5027 2393 5100 quod
2417 5039 2647 5084 terrena:
2677 5026 2756 5081 rei
2778 5041 2962 5080 curam
2993 5025 3184 5080 habeat
3213 5042 3226 5078 :
3251 5035 3273 5064 ο
3297 5033 3363 5097 γῆ
3388 5022 3557 5088 enim,
3581 5023 3773 5095 inquit,

2172 5132 2313 5178 terra
2345 5121 2669 5192 appellatur,
2704 5131 2752 5176 et
2780 5120 2918 5198 ὥρα,
2952 5123 3156 5198 φροντὶς
3179 5159 3196 5184 ,
3231 5117 3282 5173 id
3312 5129 3418 5184 est,
3451 5116 3771 5174 sollicitudo.

2176 5217 2410 5272 Rursum
2434 5232 2531 5287 pro
2555 5231 2729 5271 uasat.
2754 5197 2930 5285 (ΒΜ)
2951 5197 3110 5285 quam
3130 5216 3319 5285 Aquila
3351 5229 3403 5270 et
3429 5212 3774 5268 Simmacbus

2176 5318 2231 5365 et
2259 5307 2560 5362 Tlteodotio
2606 5309 2910 5378 parabolam
2957 5307 3350 5361 transtuleiunt
3372 5346 3388 5370 ,
3419 5320 3558 5376 quos
3587 5313 3648 5360 et
3676 5318 3774 5358 nos

2167 5403 2337 5459 seculi
2369 5417 2556 5457 sumus
2581 5442 2598 5467 ,
2633 5399 2778 5456 LXX
2799 5403 3064 5467 planctum
3096 5399 3433 5469 interpretati
3477 5406 3628 5452 sunt.
3679 5396 3774 5451 Est

2243 5531 2266 5559 θ
2291 5529 2361 5581 Γῆ
2408 5521 2559 5574 enim.
2590 5519 2937 5585 Manuscripti
2960 5519 3180 5573 codices
3204 5518 3391 5588 legunt
3411 5534 3534 5572 cum
3560 5515 3769 5572 Lati-tis

2178 5592 2468 5648 elementis
2488 5609 2570 5665 ge,
2591 5604 2644 5646 et
2667 5609 2758 5645 ora
2772 5603 2820 5646 et
2837 5591 3091 5664 phrontis.
3115 5589 3290 5658 Supra
3314 5604 3529 5665 quoque
3554 5588 3665 5643 indi
3725 5609 3770 5646 :-

2173 5673 2369 5738 ronter
2394 5662 2628 5738 retinent
2658 5662 2844 5738 georas'
2889 5673 2943 5717 et
2991 5665 3208 5736 gioras;
3253 5669 3380 5726 quia
3428 5662 3531 5716 hoc
3567 5676 3765 5715 nomen

2167 5738 2308 5812 apud
2355 5733 2497 5790 ιΧΧ
2549 5733 2744 5812 legitur
2775 5733 3017 5810 yariipac,
3075 5750 3180 5788 tt0tt
3208 5737 3417 5812 γηὼρας
3451 5751 3463 5787 :
3496 5755 3542 5788 si
3566 5745 3764 5812 _al_ltet_n

2166 5806 2414 5864 Grazcmn
2447 5823 2542 5876 po-r
2572 5803 2700 5862 i'vel
2731 5823 2756 5860 e
2783 5803 3110 5877 expi'essum
3141 5803 3417 5876 reperitur
3437 5805 3580 5876 apud
3624 5803 3766 5858 Lati-

2164 5893 2284 5938 nos.
2317 5879 2585 5936 Murrus.
