4014 6438
177 321 274 377 Si?

172 453 337 498 autem
367 436 497 493 ordo
546 453 561 492 :

171 546 436 596 :eternum,
464 530 531 585 ita
567 541 624 586 ut
653 532 914 585 habitatio
947 532 1240 586 bestiarum
1274 531 1364 598 sit,
1396 532 1744 588 miserebitur

173 627 415 684 Dominus
443 624 627 691 Jacob,
657 625 774 696 ejus
806 626 1058 681 videlicet
1083 627 1173 694 qui
1201 626 1326 681 vitia
1355 627 1741 695 supplantavit;

171 732 217 779 et
240 721 394 792 eliget
420 720 578 775 Israel
602 762 617 784 ,
651 736 776 775 eum
805 722 896 790 qui
931 728 1109 776 mente
1138 721 1408 782 conspicit
1434 720 1624 776 Deum.
1679 720 1744 775 Et

169 827 280 871 nota
313 815 598 868 verborum
640 815 1025 884 proprietatem
1056 830 1070 866 :
1103 811 1273 868 λιιι-οι)
1297 855 1312 880 ,
1359 814 1449 884 qui
1481 812 1659 867 adhuc
1689 813 1740 866 io

167 912 290 968 lucta
323 910 550 980 positus,
575 919 659 964 est
692 909 1042 964 miserebitur
1078 907 1299 963 :I-raeli
1331 923 1482 970 vero,
1504 908 1593 978 qui
1622 916 1743 978 post

165 1006 422 1062 victoriam
455 1019 649 1060 nomen
673 1004 905 1074 accepit,
931 1019 1034 1058 non
1060 1003 1458 1064 misericordia.
1484 1004 1627 1058 sede
1649 1019 1739 1058 ec~

165 1099 230 1155 tio
253 1108 553 1167 cooptauit.
609 1096 974 1167 Requiescere
1003 1113 1221 1168 quoque
1250 1112 1347 1152 eos
1380 1099 1538 1152 laeiet
1579 1111 1744 1168 super

165 1201 340 1248 terram
369 1207 544 1255 suam,
577 1190 646 1246 de
673 1205 777 1261 qua
809 1191 1061 1247 Salvator
1087 1191 1330 1259 loquitur
1353 1206 1367 1244 :
1394 1187 1541 1243 Beati
1570 1190 1736 1251 mites.

162 1289 381 1358 quoniam
421 1285 526 1355 ipsi
567 1285 898 1355 possidebunt
931 1296 1119 1341 terram
1158 1285 1177 1358 (
1214 1283 1405 1339 Matth.
1448 1301 1480 1339 v
1508 1326 1523 1350 ,
1554 1286 1589 1340 4
1615 1285 1656 1354 ),
1685 1295 1742 1341 et

163 1379 306 1433 Credo
324 1378 496 1432 videre
523 1378 655 1432 bona
681 1378 888 1432 Dommi
912 1380 963 1432 in
994 1391 1130 1433 terra
1156 1380 1430 1433 viventium
1452 1377 1570 1448 (Ps.
1590 1394 1735 1444 ιινι,

161 1473 271 1546 15).
303 1472 682 1544 ΑιΙῙιιεεθηιιιι·
709 1489 930 1546 quoque
956 1474 1146 1530 domui
1189 1474 1389 1540 Jacob,
1439 1476 1529 1542 qtti
1577 1475 1736 1529 electi

712 314 1369 376 COMMENTARIORUM
1407 316 1472 374 IN
1513 314 1752 376 ISAIAM
1790 315 2220 377 PBOPHETAM
2261 318 2392 376 LIB.
2438 319 2526 377 Vl.
2567 319 2724 380 CAP.
2748 319 2891 379 XIV.

614 445 896 509 postquam
930 437 1169 510 Babylon
1212 439 1429 494 deserta
1475 437 1635 494 fuerit
1682 438 1735 494 in
1767 444 1813 502 Α
1844 440 2006 497 Israel
2034 439 2310 512 quomodo
2335 444 2632 498 cessaverit
2662 454 2904 510 exactor,
2939 443 3033 516 qui
3078 445 3297 516 exigere
3323 457 3456 499 con-

1843 547 2098 592 sueverat
2126 551 2295 603 usque
2323 535 2389 591 ad
2424 538 2779 592 novissimum
2810 538 3189 609 quadrantem.
3221 536 3456 608 Exigere

1846 641 2024 685 autem
2055 639 2348 686 consuetus
2380 645 2486 686 non
2516 631 2658 685 alios
2689 631 2791 686 nisi
2825 632 3126 697 debitores,
3150 633 3240 700 qui
3266 631 3453 686 dicunt

1847 726 1898 781 in
1925 728 2182 781 Oratione
2213 726 2489 782 Dominica
2509 743 2522 780 :
2545 726 2754 782 Dimitte
2775 727 2920 781 nobis
2949 729 3117 781 debita
3141 740 3318 782 nostra
3343 727 3448 782 sic-

1845 830 1902 875 ut
1926 831 1972 874 et
1999 835 2090 874 nos
2119 821 2429 874 dimittimus
2450 820 2767 874 debitoribus
2784 823 2974 875 nostris
2997 818 3218 890 (Matth.
3240 821 3448 884 v1.12).

1845 915 1979 971 Huic
1995 916 2235 971 t-xaclori
2250 915 2530 970 debitores
2546 917 2870 971 ltadttntura
2888 916 3096 986 judice,
3113 919 3200 986 qtti
3215 930 3311 971 eos
3327 913 3453 970 titil-

1846 1011 1976 1064 titiu
1998 1024 2275 1064 carcerein
2296 1019 2347 1064 et
2370 1009 2540 1074 exigit
2565 1023 2736 1080 usq0e
2759 1010 2823 1063 ad
2847 1020 3124 1080 peccatum
3143 1009 3446 1063 minimum.

1845 1101 2089 1173 Denique
2111 1118 2155 1158 e.
2177 1101 2342 1176 249
2361 1103 2560 1157 Paulus
2576 1103 2859 1174 apo~to|us
2881 1113 2903 1139 ει
2919 1103 3267 1158 Corinthium
3285 1101 3452 1157 forni-

1843 1206 2082 1259 cantem,
2101 1203 2190 1267 qui
2217 1213 2442 1252 uxorein
2469 1200 2636 1266 patris
2655 1208 2963 1268 acceperat.
2988 1213 3197 1253 necum.
3219 1197 3452 1270 Phygel-

1842 1293 1952 1349 ltttn
1985 1306 2036 1348 et
2077 1295 2480 1365 Hermogenem
2515 1295 2738 1351 tradidit
2777 1297 3021 1351 exartori
3052 1293 3259 1368 (lCor.
3291 1309 3355 1359 v;
3404 1291 3449 1348 Il

1845 1387 1980 1443 Tim.
2021 1388 2083 1459 t).
2129 1388 2192 1444 Et
2217 1391 2285 1443 de
2309 1391 2391 1443 bis
2427 1391 2778 1445 exactoribus
2820 1391 2981 1443 etiam
3006 1403 3167 1459 supra
3208 1387 3448 1442 dicitur:

1847 1478 2084 1548 Papulas
2107 1498 2251 1536 meus
2273 1493 2535 1537 exactores
2556 1485 2712 1538 vestri
2748 1483 3120 1556 deprwdontur
3141 1499 3228 1537 vos
3242 1498 3262 1546 ;
3292 1491 3340 1536 et
3359 1483 3448 1554 qui

161 1580 267 1624 sunt
298 1584 390 1639 per
409 1569 724 1639 Aposto’os,
755 1569 994 1640 gentium
1037 1570 1362 1635 multitudo;
1392 1579 1446 1625 et
1477 1569 1738 1626 tenebunt
1838 1586 2112 1645 repetunt,
2153 1576 2450 1631 dominator
2471 1578 2644 1632 vestri.
2676 1577 2781 1632 Pro
2802 1580 3013 1638 tributo,
3040 1577 3231 1646 Aquila
3260 1582 3446 1648 {amem

159 1662 392 1729 reliquias
420 1663 618 1719 domus
657 1664 858 1730 Israel,
910 1673 964 1720 et
1009 1664 1278 1720 adducent
1307 1680 1402 1721 eos
1451 1665 1503 1720 in
1555 1667 1732 1721 locum
1837 1671 2227 1740 interpretatus
2250 1684 2355 1725 est.
2380 1672 2610 1727 Sublato
2633 1674 2777 1726 enim
2823 1687 2851 1724 a
2893 1672 3051 1725 nobis
3075 1686 3281 1741 sponso
3306 1711 3321 1736 ,
3365 1669 3446 1724 fa-

158 1771 377 1820 suum,ut
396 1757 646 1813 habitent
665 1761 717 1813 in
739 1759 1300 1816 tabernaculiseornm
1323 1778 1338 1828 ς
1359 1775 1406 1815 et
1436 1760 1736 1832 possidebit
1838 1777 1980 1817 mem
2009 1763 2247 1832 patimur
2281 1765 2434 1819 verbi
2483 1765 2600 1828 Dei,
2627 1765 2904 1836 etjugiter
2923 1782 2952 1818 a
2979 1779 3208 1834 corpore
3234 1761 3449 1818 Domini

157 1868 234 1905 eos
256 1851 448 1907 domus
497 1853 661 1909 Israel
693 1869 860 1923 super
887 1864 1085 1910 terrain
1137 1854 1350 1910 Domini
1380 1857 1431 1910 in
1460 1871 1648 1910 servos
1677 1865 1732 1910 et
1764 1867 1808 1928 Β
1829 1856 2158 1928 jejunamus.
2202 1855 2521 1927 Idcircoque
2563 1856 2709 1926 virga
2747 1868 2804 1912 et
2841 1859 3067 1910 bilCllilh
3111 1855 3399 1928 impiorum
3424 1897 3440 1923 ,

156 1945 362 2000 ancillas.
412 1946 650 2002 Prodest
694 1950 897 2018 quippe
938 1949 1136 2017 malis,
1189 1960 1246 2004 ut
1293 1950 1448 2006 bonis
1473 1949 1727 2005 serviant.
1837 1967 2067 2023 proquo
2087 1954 2428 2021 septuaginta
2453 1958 2646 2026 jttgum
2695 1952 3442 2023 interpretatisunt,percu-

155 2039 285 2097 Uttde
307 2054 354 2098 et
383 2041 426 2098 E
466 2059 532 2096 au
555 2043 751 2098 dicitur
779 2059 798 2098 :
823 2043 1024 2100 Servies
1043 2048 1194 2112 fratri
1216 2055 1324 2101 tuo.
1356 2045 1426 2099 F-t
1450 2044 1514 2098 ad
1543 2043 1729 2110 Jacob,
1838 2045 1898 2099 tit
1927 2060 2046 2104 nos,
2065 2049 2180 2099 sive
2202 2047 2488 2115 opprimit;
2513 2046 2636 2115 quia
2665 2047 2939 2099 noluimus
2961 2047 3233 2100 susduere
3253 2045 3441 2113 jugom

156 2136 326 2194 Serviet
371 2139 469 2193 tibi
515 2142 680 2210 frater
718 2149 836 2193 tuus
886 2137 1061 2206 (Gen.
1092 2140 1307 2209 xxvu).
1362 2140 1425 2194 Et
1461 2139 1734 2210 accipient
1835 2138 3441 2210 levissimum,jugumSalvatorisMocautembaculoethac

154 2245 232 2284 eos
253 2232 334 2298 qui
367 2247 425 2286 se
461 2230 886 2300 sopitismatlbus
914 2247 1038 2286 an'e
1083 2232 1418 2300 deceperant
1447 2249 1460 2285 :
1488 2241 1543 2287 et
1572 2247 1731 2287 exac-
1835 2236 2018 2306 virga,
2051 2235 2338 2290 insanabili
2372 2244 2558 2304 gentes
2585 2234 2770 2289 l‘urore
2791 2234 3072 2296 ca-debat.
3097 2242 3152 2288 et
3175 2232 3444 2304 fugientes

153 2331 281 2379 tores
307 2339 461 2386 suos,
497 2324 592 2395 qui
616 2325 799 2379 omnia
834 2324 971 2380 lucri
999 2339 1160 2379 causa
1197 2324 1397 2379 faciunt
1421 2369 1434 2391 ,
1488 2324 1734 2396 redigant
1837 2330 2264 2397 persequebatur
2295 2327 2594 2383 crudeliter
2617 2345 2631 2382 :
2658 2343 2763 2382 non
2789 2327 3088 2382 emendare
3114 2325 3306 2382 volens
3329 2333 3442 2379 tra-

151 2416 195 2470 in
226 2419 560 2473 servitutem.
618 2419 908 2486 PoSIqttam
952 2426 1132 2473 autem
1185 2419 1516 2489 requieverit
1570 2417 1735 2492 248
1835 2422 1998 2487 di;os,
2045 2423 2137 2478 sed
2180 2423 2458 2479 occidere.

155 2507 298 2566 Iacob
323 2511 568 2567 etlsrael
592 2527 620 2564 a
646 2510 838 2566 labore
860 2527 960 2566 suo
986 2553 1001 2576 ,
1027 2527 1136 2582 quo
1170 2513 1399 2565 multum
1423 2524 1610 2566 contra
1642 2530 1736 2566 μευ·
1910 2515 2105 2585 (Vers.
2141 2520 2169 2571 7
2201 2519 2380 2589 seqq.)
2409 2515 2714 2589 Conquievit
2753 2526 2800 2570 et
2844 2516 2993 2570 siluit
3052 2514 3217 2569 omnis
3263 2523 3401 2568 terra
3431 2528 3450 2569 :

150 2606 301 2659 colum
318 2618 366 2661 et
386 2605 682 2661 lia-relicos
696 2608 985 2676 pugnando
1005 2609 1376 2672 laboraverat;
1396 2614 1491 2660 eta
1511 2621 1732 2662 concus-
1833 2611 2010 2681 gavisa
2032 2622 2125 2678 est,
2151 2623 2198 2666 et
2223 2614 2500 2666 exsultavit
2526 2630 2544 2667 :
2563 2612 2755 2667 abietes
2777 2628 2980 2684 quoque
3004 2609 3197 2665 ltetata'
3217 2619 3333 2665 sunt
3355 2625 3442 2664 ou-

150 2699 280 2753 sioue
301 2711 358 2764 et
391 2702 662 2755 servitute
699 2714 829 2766 sua,
859 2715 960 2770 qua
1001 2700 1249 2772 maligna:
1283 2700 1727 2769 interpretationi
1832 2722 1923 2776 per
1949 2717 2016 2770 te,
2051 2716 2096 2760 et
2123 2705 2265 2760 cedri
2296 2706 2501 2761 Libani.
2533 2705 2617 2760 Ea:
2645 2722 2746 2777 quo
2776 2706 3034 2768 dormisti,
3066 2721 3168 2757 non
3198 2704 3442 2757 ascendet

150 2793 334 2846 etlalsis
354 2793 708 2864 dogmatibus
727 2805 853 2849 ante
870 2798 1170 2850 servierat:
1197 2805 1327 2850 tunc
1353 2804 1534 2850 sumet
1549 2797 1730 2864 planc-
1831 2800 1920 2869 qui
1950 2801 2181 2854 succidat
2228 2815 2322 2853 nos
2345 2801 2618 2870 :infernus
2656 2799 2834 2854 subter
2879 2797 3209 2853 conturbatus
3254 2809 3324 2850 est
3345 2812 3363 2849 :
3385 2796 3438 2848 in

153 2893 244 2940 luto
271 2900 423 2958 atque
455 2888 775 2955 paraboltm
804 2899 992 2943 contra
1024 2904 1207 2960 regem
1251 2889 1540 2961 Babylonis
1569 2908 1578 2942 :
1610 2905 1729 2945 ser-
1832 2909 2103 2947 occursum
2130 2894 2380 2948 adventus
2413 2895 2490 2948 tui
2519 2895 2785 2948 suscitavit
2827 2894 2918 2947 tibi
2950 2894 3208 2963 gigantes.
3243 2889 3436 2945 Omnes

150 2991 332 3032 monent
353 2979 613 3036 videlicet
649 2979 891 3037 Il'lfl‘ellCi
923 2985 1130 3036 erroris
1158 2990 1214 3037 t-t
1236 2980 1576 3037 confusionis
1611 3000 1623 3036 :
1675 2991 1731 3037 et
1832 2986 2093 3058 principes
2123 2997 2276 3041 teri-te
2297 2997 2634 3042 surrexerunt
2666 2988 2731 3040 de
2757 2985 2902 3040 soliis
2925 3001 3062 3050 suis;
3088 3001 3262 3039 omnes
3294 2983 3442 3055 prin-

151 3069 265 3128 dicet
287 3091 397 3145 quaa
425 3088 760 3148 sequuntur.
808 3076 1011 3131 Lucum
1046 3077 1206 3132 istum
1258 3075 1427 3131 Judaei
1463 3079 1730 3147 intt'rpre-
1831 3080 1971 3152 cipes
2003 3081 2294 3146 nationum,
2324 3081 2552 3135 universi
2575 3082 2983 3150 respondebant,
3013 3089 3061 3134 et
3103 3079 3276 3134 dicmt
3304 3077 3442 3132 tibi:

154 3174 307 3220 lantur
327 3170 650 3235 carnaliter,
667 3169 810 3238 quod
846 3181 1129 3240 postquam
1161 3171 1364 3226 rt-versi
1389 3182 1514 3225 sunt
1539 3173 1606 3224 de
1632 3171 1728 3226 Ba-
1835 3169 1904 3225 Et
1931 3184 1982 3225 tu
2001 3175 2308 3227 vulneratus
2329 3190 2382 3227 es
2407 3176 2540 3227 sicut
2563 3190 2678 3229 nos.
2704 3175 2869 3227 nostri
2899 3172 3086 3226 similis
3112 3169 3328 3237 effectos
3351 3170 3442 3225 es?

150 3258 348 3331 bylone,
401 3261 613 3317 factum
658 3278 781 3319 esse
825 3263 1024 3320 docere
1074 3280 1182 3319 non
1233 3273 1509 3336 poterunt.
1544 3264 1731 3328 Neque
1759 3269 1801 3331 C
1837 3263 2083 3319 Detracta
2115 3276 2189 3320 est
2215 3266 2285 3320 ad
2313 3267 2512 3335 inferos
2539 3267 2780 3340 superbia
2809 3276 2918 3324 tua.
2961 3265 3188 3319 concidit
3215 3264 3440 3316 Cadaver

150 3351 269 3406 enitu
316 3355 606 3427 Babylonii
654 3356 964 3412 Sl'l‘VieI'lllll
994 3356 1092 3424 eis,
1148 3358 1238 3428 qui
1271 3373 1368 3412 eos
1395 3358 1541 3426 prius
1571 3373 1732 3428 cepe-

149 3457 246 3500 rant
262 3463 276 3510 ;
291 3463 382 3503 nec
405 3449 564 3502 victis
581 3448 910 3522 Babyloniis,
929 3449 1124 3504 domus
1139 3466 1326 3506 eorum
1346 3452 1732 3522 possederunt:

149 3552 304 3608 neque
343 3543 657 3597 habuerunt
703 3558 800 3598 eos
832 3543 883 3596 in
929 3558 1117 3598 Servos
1147 3555 1204 3599 et
1250 3545 1495 3602 ant-illas.
1545 3545 1734 3600 ReSIat

149 3630 287 3697 igitur
313 3647 365 3690 ut
390 3639 556 3706 juxta
601 3636 813 3690 fabulas
859 3653 983 3692 suae
1009 3638 1077 3692 de
1101 3638 1336 3707 imperio
1385 3640 1487 3694 hoc
1539 3648 1734 3707 putent

149 3723 358 3783 futurum
402 3745 534 3786 esse
584 3731 826 3785 Romano
858 3749 870 3784 :
899 3731 1095 3801 quibus
1140 3732 1408 3801 superatis
1439 3733 1490 3786 iu
1542 3732 1734 3786 ultimo

148 3828 396 3891 tempore,
429 3827 718 3880 servitura:
741 3827 842 3880 sint
873 3828 955 3880 eis
982 3837 1194 3898 gentes,
1226 3828 1422 3898 quibus
1450 3835 1579 3882 ante
1617 3842 1736 3882 ser-

148 3915 333 3970 tieriot.
367 3918 526 3985 Quod
559 3918 604 3973 si
629 3929 920 3988 sequentes
950 3919 1185 3975 litteram
1209 3932 1242 3983 ,‘
1265 3935 1363 3988 spe
1389 3935 1446 3972 se
1476 3920 1604 3974 [also
1635 3920 1732 3975 de-

147 4008 348 4078 cipiunt,
377 4013 509 4083 quis
531 4013 613 4066 eis
634 4013 919 4078 eoucedel,
947 4024 1003 4066 ut
1029 4013 1197 4066 Roma
1223 4024 1446 4066 vocetur
1468 4013 1732 4083 Babylon,

147 4112 189 4155 et
216 4102 709 4162 Ntbucliodonosor
738 4124 833 4163 rex
868 4107 1096 4162 Rontani
1126 4107 1379 4179 imperii?

206 4197 383 4264 (Vers.
419 4201 477 4261 5.
508 4201 603 4271 6.)
636 4201 905 4266 Quomodo
931 4203 1143 4256 cessavit
1168 4213 1400 4264 exactor,
1428 4202 1620 4273 quievit
1642 4202 1737 4255 tri-

146 4285 336 4348 batnm?
372 4291 631 4350 Contrivit
657 4293 908 4350 Dominus
931 4293 1170 4350 baculum
1193 4297 1472 4368 impiorum
1495 4312 1514 4350 .'
1538 4298 1737 4367 virgam

144 4383 502 4442 dominantium
524 4431 540 4449 ,
575 4389 849 4443 credentem
874 4389 1096 4458 papulas
1124 4391 1177 4442 in
1210 4390 1586 4463 indignatione,
1619 4389 1735 4458 pla-

143 4493 199 4547 ga
221 4479 424 4535 insanab
450 4481 514 4548 li,
547 4483 904 4551 subjicientein
933 4484 984 4536 in
1009 4487 1185 4554 furore
1207 4494 1400 4554 gentes,
1428 4500 1738 4554 persequen-

142 4580 228 4624 tem
254 4573 554 4630 crudeliter.
588 4576 645 4630 In
693 4575 836 4630 Petri
886 4576 1123 4647 Epistola
1176 4576 1402 4647 legimus
1450 4597 1464 4631 :
1513 4575 1737 4646 Tempus

1834 3365 2016 3419 tuum;
2043 3355 2216 3411 subter
2238 3367 2287 3410 te
2306 3366 2566 3411 sternetur
2592 3362 2753 3420 tinea,
2777 3355 2803 3395 ι)
2828 3357 3049 3426 putredo
3072 3367 3120 3408 et
3146 3355 3440 3420 aperimen-

1834 3457 1940 3502 tum
1983 3459 2129 3502 tuum
2175 3459 2322 3503 erunt
2366 3465 2583 3505 vermes.
2636 3451 2714 3504 Ad
2751 3449 3032 3503 interitum
3066 3451 3211 3517 regis
3262 3447 3436 3517 impii,

1835 3545 1928 3614 qui
1961 3545 2309 3609 percutiebat
2337 3544 2492 3614 plaga
2528 3543 2817 3598 insanabili
2861 3541 3134 3606 nationes,
3167 3551 3220 3596 et
3255 3553 3443 3608 perse-

1835 3637 2111 3707 quebatur
2141 3655 2234 3692 eas
2263 3637 2587 3703 crudeliter,
2619 3637 2799 3691 omnis
2830 3650 2970 3690 terra
3017 3634 3354 3705 conquievit,
3385 3643 3441 3688 et

1837 3734 2010 3798 siluit,
2036 3749 2157 3803 qtae
2192 3733 2344 3803 prius
2373 3734 2656 3787 turbarum
2680 3776 2693 3799 ,
2721 3745 2770 3786 el
2798 3729 3087 3786 seditionis
3113 3731 3276 3799 plena
3299 3739 3440 3792 erat,

1838 3828 1890 3882 itt
1926 3836 2134 3882 tantum
2168 3837 2226 3882 ut
2256 3827 2488 3892 abielcs,
2521 3837 2577 3881 et
2608 3826 2760 3880 cedri
2785 3825 2976 3880 Libani
3011 3825 3345 3886 lwlarentttr,
3372 3822 3441 3875 de

1837 3920 2037 3991 quibus
2064 3921 2116 3974 in
2153 3920 2380 3989 psalmis
2408 3922 2673 3990 scriptum
2704 3931 2784 3972 est
2818 3937 2830 3971 :
2869 3918 3083 3971 Vineam
3116 3917 3182 3969 de
3203 3914 3441 3987 xfgypto

1840 4014 2183 4079 transtulisti,
2226 4014 2426 4086 ejecisti
2451 4025 2646 4082 gentes,
2685 4021 2732 4066 et
2769 4010 3018 4083 plantasti
3045 4024 3180 4062 eam.
3219 4007 3438 4077 Operttit

1839 4116 2036 4160 montes
2066 4110 2247 4160 umbra
2280 4107 2413 4177 ejus,
2442 4115 2488 4159 et
2532 4106 2746 4159 arbusta
2787 4105 2903 4176 ejus
2952 4099 3133 4154 cedros
3178 4095 3436 4168 Dei(Ps.

1840 4214 2028 4265 Lxxtx,
2058 4199 2148 4268 9).
2184 4199 2289 4254 llas
2317 4200 2514 4253 cedrus
2545 4199 2660 4263 Dei,
2693 4198 2816 4265 quia
2851 4193 3142 4266 aliquando
3175 4207 3440 4264 peccave-

1840 4303 1990 4360 ruut,
2017 4294 2231 4350 tradidit
2257 4293 2522 4348 Dominus
2551 4292 2835 4361 suppliciis
2866 4289 3254 4344 conterendas.
3281 4283 3438 4341 Unde

1843 4389 1894 4443 itt
1927 4390 2033 4442 alio
2065 4390 2274 4459 psalmo
2303 4388 2504 4443 dicitur
2529 4385 2805 4456 :ﬁorrterel
2838 4381 3095 4438 Dominus
3133 4383 3314 4435 cedros
3347 4379 3442 4432 Li-

1803 4489 1810 4492 ’
1841 4482 1964 4536 bant
1992 4479 2120 4553 (Ps.
2158 4497 2351 4546 xxvtit,
2376 4479 2464 4553 5).
2501 4481 2724 4536 Abietes
2760 4491 2940 4533 autem
2973 4476 3180 4532 excelsi
3211 4475 3440 4544 quique,

1842 4587 1896 4628 et
1923 4576 1975 4628 io
2009 4575 2219 4629 llotuiui
2249 4577 2520 4630 servitute
2551 4575 2814 4629 sublimes
2847 4571 3050 4626 debent
3079 4570 3278 4638 accipi,
3314 4580 3440 4635 quae

142 4676 238 4733 est,
269 4682 321 4722 ut
349 4672 572 4742 incipiat
591 4673 858 4744 judicium
900 4688 930 4724 a
958 4672 1111 4726 domo
1144 4671 1239 4725 Dei
1267 4671 1309 4745 (I
1336 4671 1478 4725 Petr.
1511 4687 1582 4734 tv,
1621 4671 1736 4741 I7).
1769 4675 1816 4734 D
1842 4683 2080 4722 consona
2129 4683 2266 4723 voce
2295 4667 2556 4724 dixerunt
2584 4685 2598 4721 :
2627 4667 2709 4721 Ea:
2751 4683 2852 4737 quo
2881 4674 2936 4719 tu
2984 4663 3247 4717 dormisti.
3298 4660 3441 4716 Nota

141 4756 198 4812 Et
221 4759 269 4814 in
303 4763 560 4818 Ezt-eltiel
599 4763 895 4818 tortoribus
923 4765 1123 4819 dicitur
1154 4783 1165 4817 :
1219 4765 1264 4818 Α
1291 4767 1479 4818 sanctis
1507 4764 1632 4818 meis
1655 4768 1737 4817 in-

139 4851 275 4918 cipite
304 4857 325 4925 (
355 4854 546 4911 Ezech.
582 4872 665 4921 ix,
693 4857 774 4927 6).
807 4856 912 4912 Pro
933 4856 1248 4913 diversitate
1274 4859 1474 4928 quippe
1503 4856 1736 4926 peccati,

138 4939 308 5009 iudicii
338 4950 476 5005 ordo
520 4951 830 5017 diSponttur
861 4969 876 5006 :
909 4961 968 5006 ut
1012 4956 1102 5019 qui
1146 4954 1322 5006 minus
1365 4952 1735 5018 deliquerint,

142 5050 252 5096 ante
266 5054 587 5114 purgentur.
603 5044 944 5101 Novissitntts
967 5055 1145 5101 autetn
1165 5046 1740 5102 iuimicusdesmtalur

141 5147 294 5192 mors.
321 5138 466 5207 Ergo
493 5155 619 5194 cum
647 5139 807 5195 Israel
829 5140 897 5196 de
919 5140 1183 5195 servitute
1207 5141 1339 5194 dura
1371 5141 1529 5196 fuerit
1553 5141 1741 5196 libera-

140 5233 236 5293 lus,
261 5241 440 5286 sumet
463 5233 775 5301 patabolatn
798 5243 985 5288 contra
1011 5249 1192 5304 regem
1225 5233 1541 5304 Babylonis,
1571 5249 1731 5302 quam

137 5315 387 5376 debemus
439 5323 745 5394 intelligere
775 5334 833 5379 ιιι
878 5325 1216 5395 paraltolam.
1269 5324 1329 5381 Si
1375 5327 1519 5380 enim
1547 5336 1734 5379 contra

137 5407 633 5472 Nabuchodonosor
659 5433 846 5473 sermo
871 5427 980 5485 est,
1009 5431 1058 5472 et
1085 5418 1316 5487 simplex
1353 5417 1593 5473 historia:
1635 5434 1738 5473 ex-

139 5510 346 5574 positio,
410 5515 686 5581 quomodo
715 5515 968 5584 parabola
1009 5513 1233 5577 dicitur,
1269 5529 1388 5584 quze
1418 5513 1552 5568 nulli
1578 5514 1740 5569 alteri

138 5603 514 5678 παραϐάλλεται
549 5646 564 5671 ,
625 5607 677 5662 id
723 5619 808 5663 est
837 5651 852 5673 ,
925 5615 1273 5678 comparatur.
1330 5607 1559 5662 Miratur
1609 5624 1740 5679 ergo

201 5749 229 5815 ξ
267 5744 544 5813 Μεινιίπη..
575 5748 629 5802 in
651 5747 922 5804 Corinthio
950 5748 1316 5815 fornicantem,
1350 5757 1458 5801 etc.

202 5811 230 5890 ἓ
272 5817 479 5874 Nomen
516 5811 751 5889 putredo,
800 5811 958 5890 quod
989 5820 1232 5890 qmdem,
1278 5817 1574 5889 przeposito
1620 5821 1724 5874 sive

141 5883 418 5958 adverbio,
438 5883 585 5962 qoisi
616 5893 720 5947 alia
747 5883 1173 5948 llc'bralci'verbi
1200 5895 1322 5952 nm
1351 5883 1723 5962 interpretatio

1842 4764 1984 4835 quod
2019 4773 2072 4818 et
2112 4767 2305 4818 mortis
2337 4779 2504 4829 mors,
2538 4762 2847 4832 appellatur
2883 4758 3164 4813 dormitio.
3198 4756 3321 4810 Non
3350 4773 3441 4810 as-

1842 4861 2022 4912 cendet
2051 4860 2138 4924 qui
2161 4857 2396 4911 succidat
2419 4873 2533 4911 nos.
2574 4855 2726 4910 ViCto
2757 4855 2899 4908 enim
2937 4852 3087 4918 forti,
3121 4864 3170 4904 et
3205 4850 3441 4920 direptis

1842 4953 1986 5006 vasis
2012 4950 2153 5021 ejus,
2188 4952 2352 5006 etiam
2385 4949 2572 5004 caeteri
2599 4949 2862 5002 satellites
2893 4952 3247 5001 corruerunt.
3287 4942 3441 4998 Unde

1844 5058 1897 5102 et
1933 5048 2194 5101 Dominus
2227 5047 2470 5118 loquitur
2499 5047 2552 5101 in
2589 5046 2886 5116 Evangelia
2913 5045 3286 5116 (Maltinxxv,
3308 5040 3441 5114 41):

1847 5140 1927 5195 Ite
1956 5143 2008 5195 in
2054 5143 2224 5213 ignem
2249 5152 2521 5206 retentum,
2557 5141 2720 5214 250
2741 5142 2825 5208 qtti
2861 5147 3186 5208 praeparatus
3214 5147 3289 5191 est
3327 5137 3444 5189 dia-

1839 5235 1977 5299 bolo,
2007 5245 2054 5288 et
2075 5234 2275 5308 angelis
2296 5238 2432 5305 ejus.
2461 5236 2706 5302 Quantus
2738 5234 2822 5288 isti
2857 5233 3131 5302 lignorum
3151 5232 3443 5284 arborum-

1839 5344 1946 5396 que
1976 5343 2215 5382 ciesores
2246 5329 2360 5382 suis
2410 5328 2692 5382 SPClll'lIllh'
2745 5327 3120 5386 succiderunt,
3161 5333 3215 5378 et
3263 5321 3444 5377 ΐυενιιθ

1840 5419 2426 5479 corrttere'l'lulernus
2451 5436 2668 5492 quoque
2698 5421 3077 5483 conturbatus,
3105 5417 3218 5470 sive
3247 5429 3442 5469 versus

1842 5513 1895 5568 in
1931 5514 2377 5580 amaritudinem,
2410 5514 2464 5568 in
2497 5529 2786 5569 occursum
2822 5515 3091 5566 adventus
3125 5512 3237 5563 veri
3264 5507 3447 5562 Nabu-

1845 5610 2216 5676 chodonosor,
2251 5611 2404 5666 locus
2453 5609 2846 5682 suppliciorum
2893 5617 3058 5676 atque
3104 5604 3445 5659 cruciatuum

1831 5746 2003 5820 scribi
2020 5747 2118 5802 abs
2143 5747 2476 5820 llieronymo
2501 5749 2697 5815 putuit,
2722 5749 2812 5820 bic
2835 5745 3009 5808 ἁπλῶς
3033 5743 3292 5820 positum,
3309 5758 3437 5797 sen-

1832 5834 1952 5872 sum
1984 5818 2363 5892 l‘erehtttrbat;
2384 5836 2560 5892 neque
2601 5838 2651 5875 ιιι
2698 5819 3117 5891 llierouyntia'na
3161 5818 3278 5887 ipsa
3310 5830 3432 5869 Ver-

1834 5893 1987 5946 sionc
2011 5907 2076 5945 ex
2104 5890 2365 5948 llebraica
2390 5890 2623 5948 veritate
2649 5892 2900 5949 habetur.
