4014 6494
531 384 641 446 223

1774 383 1834 441 s.
1878 382 2156 441 susse"
2195 359 2576 441 auctionum

3732 378 3826 440 ω

530 498 706 574 xvm).
735 498 966 556 Solvunt
995 505 1178 556 autem
1224 514 1319 556 eos
1351 497 1600 570 Apostoli
1644 513 1901 555 sermone
1931 498 2047 566 Dei,
2079 510 2135 554 et
2161 509 2212 570 Α
2240 510 2384 555 tatus
2431 509 2516 556 est
2554 498 2938 572 Symmachus,
2981 506 3038 554 ut
3078 498 3203 555 aliis
3244 497 3430 556 verbis
3479 495 3823 570 profundum,

532 591 863 648 tastimouiis
913 593 1364 665 Scripturarum,
1418 599 1476 648 et
1531 591 1912 649 exhortatione
1964 594 2136 649 virtu-

532 692 670 741 tum.

607 779 789 854 (νει-ς.
839 779 927 844 18,
973 778 1088 852 19.)
1136 779 1326 836 Omnes
1371 797 1514 854 reges
1556 782 1786 855 gentium
1832 791 1858 819 λ
1912 784 2137 837 universi

533 869 860 926 dormierunt
899 874 950 926 in
994 874 1185 946 gloria,
1217 877 1566 944 unusquisque
1610 875 1664 928 in
1714 880 1865 928 donto
1902 891 2016 928 sua.
2055 875 2137 930 Tu

535 979 707 1020 autem
740 968 1003 1036 projectus
1032 985 1085 1020 es
1115 969 1180 1020 de
1207 971 1443 1039 sepulcro
1467 977 1555 1021 tuo
1583 969 1714 1022 sicut
1738 969 1908 1024 sanies
1926 986 1946 1024 :
1969 969 2139 1042 pollu-

536 1068 640 1124 tus,
670 1057 935 1116 involutus
957 1078 1075 1114 cum
1101 1062 1407 1133 interfectis,
1433 1072 1481 1116 et
1518 1063 1773 1132 conlttssis
1815 1064 2006 1136 gladio.
2051 1065 2140 1134 qui

540 1151 858 1225 descendunt
889 1157 955 1208 ad
991 1155 1346 1223 lapideslaci.
1383 1154 1526 1210 LXX
1557 1173 1571 1209 :
1607 1154 1798 1210 Omnes
1833 1173 1978 1228 reges
2015 1159 2141 1229 ‘gen-

538 1246 665 1301 tium
687 1250 1011 1303 dormierunt
1035 1255 1086 1303 in
1112 1249 1332 1318 honore,
1361 1249 1516 1304 homo
1536 1250 1591 1304 in
1620 1251 1773 1304 domo
1796 1269 1911 1304 sua.
1939 1250 2018 1304 Tu
2045 1269 2143 1305 au-

538 1349 638 1394 tem
663 1342 957 1413 proficiet-is
982 1342 1034 1395 in
1060 1342 1315 1398 montibus
1335 1350 1467 1396 sicut
1492 1342 1518 1381 δ
1543 1343 1852 1410 abortivum,
1875 1346 2141 1398 abomina-

542 1433 680 1497 bilis,
714 1444 762 1487 et
791 1434 1056 1490 involutus
1082 1453 1201 1490 cum
1243 1438 1528 1508 interfectis
1565 1439 1744 1512 gladio
1786 1439 2143 1495 descendenti-

541 1527 635 1580 bus
659 1529 727 1581 ad
755 1530 1096 1600 fundamenta
1117 1543 1287 1586 terrae.
1313 1531 1489 1604 Reges
1513 1533 1754 1602 gentium
1783 1533 1979 1603 quibus
2001 1536 2145 1590 Deus

540 1620 842 1675 secundum
874 1619 1154 1676 Canticum
1187 1625 1594 1679 Denteronomit
1623 1642 1814 1696 gentes
1836 1629 2146 1684 cnediderat

541 1713 927 1783 gubernandas
958 1714 1144 1788 (Deut.
1181 1721 1374 1784 χχχιι),
1404 1718 1494 1787 qui
1528 1721 1788 1773 concuSsi
1822 1731 1946 1772 sttttl
1974 1735 2002 1772 a
2035 1720 2144 1774 Na-

541 1806 990 1875 buchodonoSor,
1020 1819 1076 1865 et
1104 1822 1282 1865 tamen
1313 1828 1416 1864 non
1443 1813 1717 1877 subversi,
1747 1829 1974 1882 quorum
2003 1823 2026 1852 ο
2052 1830 2148 1868 ne-

2236 604 2294 650 et
2337 604 2596 649 tartarum
2627 595 2964 664 signiﬁcaret
2994 595 3215 651 inferni.

2311 688 2490 762 (Vcrs.
2518 690 2637 758 Ξυ.)
2681 689 2846 754 Quasi
2893 688 3114 743 cadaver
3163 689 3433 759 putridum
3483 705 3586 742 non
3639 687 3829 742 habebis

2238 791 2554 836 consortium
2582 799 2744 851 neque
2762 798 2876 836 cum
2901 782 2977 836 eis
3003 785 3053 836 in
3080 784 3369 854 sepultura.
3397 781 3474 834 Tu
3497 781 3634 834 enim
3656 790 3830 835 terrain

2240 885 2382 928 tuam
2410 873 2788 942 ὀξίνην-ὀξώδη,
2816 874 3068 942 papulum
3105 885 3249 928 tuum
3284 874 3611 945 interfecisti.
3659 872 3827 928 LXX:

2243 966 2511 1030 Quomodo
2555 967 2912 1020 vestimentum
2955 968 3285 1022 committunt
3323 969 3582 1036 sanguine
3622 983 3722 1020 non
3749 967 3831 1021 erit

2241 1059 2513 1121 mundum,
2542 1061 2616 1113 sic
2648 1076 2738 1113 nec
2773 1069 2827 1114 tu
2858 1062 2960 1113 eris
2992 1062 3244 1131 mundus,
3283 1062 3406 1132 quia
3447 1073 3642 1115 terram
3684 1078 3831 1114 nit-am

2242 1151 2538 1220 perdidisti,
2563 1165 2608 1206 et
2630 1151 2882 1224 populum
2915 1169 3081 1206 nteant
3114 1155 3440 1225 interfecisti.
3461 1154 3598 1220 Quia
3619 1153 3830 1208 tnultuttt

2242 1243 2385 1299 inter
2413 1260 2471 1297 se
2504 1245 2827 1299 llebtaicum
2860 1246 3049 1312 distat,
3085 1257 3140 1302 et
3191 1245 3331 1301 LXX
3381 1249 3497 1303 edit
3520 1263 3578 1314 0,
3627 1262 3833 1317 separa-

2243 1345 2341 1391 tim
2371 1336 2440 1392 de
2463 1338 2690 1407 singulis
2721 1337 3079 1394 disseramus.
3107 1339 3256 1394 Sicut
3303 1340 3437 1395 cada
3467 1359 3526 1396 er
3557 1340 3734 1412 putrid
3769 1357 3830 1409 nt,

2245 1433 2359 1486 sive
2386 1441 2444 1486 ttt
2470 1431 2666 1504 Aquila
2712 1435 3010 1499 transtulit,
3055 1435 3431 1496 conculcatum.
3474 1453 3584 1489 non
3629 1435 3835 1491 halsebis

2244 1528 2582 1590 Consortium
2613 1529 2932 1594 sepultum,
2969 1543 3067 1582 nec
3098 1542 3220 1582 eum
3256 1527 3337 1581 Ιιὶ-
3362 1527 3586 1597 quidem
3609 1543 3742 1597 quos
3767 1529 3836 1580 itt-

2247 1617 2531 1674 terfecisti.
2561 1617 2642 1674 Tu
2674 1621 2818 1674 enim
2847 1624 3104 1690 magister
3129 1635 3210 1681 es,
3257 1619 3333 1673 illi
3377 1618 3532 1674 luere
3560 1619 3832 1688 discipuli:

2245 1723 2301 1769 et
2321 1716 2406 1769 cui
2433 1716 2556 1784 plus
2575 1714 2838 1770 creditum
2862 1725 2964 1779 est,
2999 1716 3120 1785 plus
3147 1715 3384 1784 exigitur
3405 1715 3473 1768 ab
3499 1732 3587 1769 t-o.
3609 1714 3688 1770 'l‘u
3709 1719 3832 1769 enim

2250 1818 2448 1862 terram
2484 1820 2630 1861 tuam
2662 1806 3060 1877 disperdidisti.
3103 1809 3361 1876 pupulum
3397 1817 3550 1859 tuum
3583 1806 3833 1871 occidisti,

542 1917 811 1972 qlldtﬂlillll
844 1911 1038 1974 regnat
1085 1914 1400 1972 peccatum;
1435 1907 1530 1959 sed
1581 1906 1704 1976 quia
1736 1923 1833 1960 cor
1872 1922 2058 1961 eorum
2091 1907 2143 1962 in
2177 1916 2225 1976 Β
2251 1917 2347 1956 eos
2373 1899 2626 1956 videlicet
2651 1901 2741 1970 qni
2780 1900 2876 1956 tibi
2909 1899 3099 1954 crediti
3140 1912 3264 1952 sunt
3296 1899 3668 1969 gubetnandi.
3701 1897 3837 1954 Unde

544 2009 708 2051 manu
741 1997 830 2050 Dei
859 2004 997 2063 erat,
1020 1999 1245 2052 minime
1265 2011 1609 2054 corruerunt.
1635 2001 1847 2055 Etenim
1869 2001 2138 2067 Salvator,

541 2089 820 2159 qnoznodo
859 2091 999 2145 Dem
1026 2091 1254 2146 deorum
1287 2091 1613 2161 appetatur,
1648 2095 1726 2146 sic
1757 2093 2020 2147 Dominus
2040 2094 2140 2149 do-

545 2183 897 2249 minantium,
922 2199 974 2239 et
1000 2200 1092 2239 rex
1127 2200 1334 2255 rogum.
1383 2185 1477 2241 lsti
1517 2190 1679 2256 igitur
1714 2204 1868 2259 reges
1899 2191 2139 2245 universi

543 2281 928 2348 requieverunt
953 2283 1005 2335 in
1029 2283 1198 2347 gloria
1219 2296 1337 2342 sua,
1355 2284 1724 2354 unusquisque
1750 2282 1805 2338 in
1829 2287 1993 2338 domo
2013 2301 2136 2340 sua.

548 2371 784 2427 lliVersa:
814 2374 1014 2445 quippe
1043 2377 1183 2444 apud
1217 2375 1427 2431 Patrem
1460 2387 1583 2430 sttttt
1613 2380 1927 2432 mansiones
1958 2377 2137 2442 (Joan.

544 2464 695 2536 11v):
730 2477 784 2520 et
817 2482 912 2534 pro
944 2467 1203 2521 varietate
1236 2469 1515 2531 virtutum,
1562 2468 1960 2526 habitationum
1985 2471 2143 2526 dilic-

543 2557 754 2612 remiar.
790 2558 960 2614 Porro
989 2559 1500 2616 Nabuchodonosor
1531 2563 1808 2632 projeotos
1838 2572 1924 2618 est
1965 2566 2033 2619 de
2059 2579 2146 2620 se-

543 2653 735 2720 pulcro
765 2669 887 2720 suo,
931 2669 1032 2711 nec
1065 2657 1117 2710 in
1152 2666 1329 2712 morte
1359 2673 1387 2709 a
1430 2659 1766 2714 cruciatibus
1806 2661 2141 2727 conquievit.

542 2740 827 2810 Proiectus
857 2756 940 2801 est
967 2759 1153 2803 autem
1189 2751 1343 2819 quasi
1372 2750 1562 2811 sanies.
1597 2767 1716 2816 qua.-
1762 2751 2027 2806 llebraice
2063 2751 2144 2806 di-

540 2835 683 2890 citur
707 2852 876 2893 Nl-ZSER
915 2843 1080 2907 ('13:),
1112 2857 1272 2908 quam
1304 2842 1349 2896 Α
1370 2843 1496 2897 tuila
1530 2843 1708 2918 ἰχῶρα
1749 2841 2144 2911 interpretatus

545 2938 652 2996 eSt,
696 2930 860 2983 tabem
903 2929 994 3002 [Al
1049 2930 1260 3005 tabum]
1289 2933 1541 2987 videlicet
1585 2948 1636 2987 et
1684 2935 1943 2993 νεάονιιηι.
1980 2950 2140 3003 quem

541 3019 900 3092 Symmachus
945 3022 1200 3098 ἕκτρωμα,
1236 3027 1286 3079 id
1332 3038 1436 3088 est,
1477 3027 1786 3091 abortivum,
1820 3024 1960 3080 LXX
2008 3044 2146 3080 mor-

544 3123 720 3181 tuum,
772 3115 1082 3172 Tlteodono
1143 3135 1398 3190 germen:
1439 3136 1766 3191 quamquam
1815 3119 1919 3175 hoc
1969 3123 2142 3192 ipsum

545 3209 768 3262 verbum
799 3223 957 3278 Supra
991 3209 1144 3285 (Cap.
1177 3227 1251 3273 tu,
1295 3213 1350 3279 l)
1395 3212 1485 3267 ubi
1515 3213 1582 3268 de
1610 3211 1832 3266 Christo
1871 3213 2099 3276 legimus
2128 3232 2140 3266 :

2245 1994 2311 2048 ad
2341 1993 2683 2050 Salvatoretn
2713 1993 2878 2048 audet
2905 1993 3084 2048 dicere
3110 2009 3123 2045 :
3158 1991 3287 2046 Htec
3317 1993 3494 2046 omnia
3517 1993 3648 2046 mihi
3663 1995 3836 2047 tradita

2244 2100 2399 2152 sunt,
2441 2100 2489 2142 et
2535 2087 2672 2142 dabo
2726 2089 2816 2142 tibi
2867 2105 2961 2153 ea,
3013 2088 3060 2141 si
3114 2089 3385 2160 procidrns
3423 2087 3722 2142 adoraveris
3772 2103 3838 2143 me

2245 2183 2462 2256 (:llatllt.
2506 2200 2577 2249 tv,
2611 2183 2689 2253 9).
2720 2185 3177 2237 Cadaver'antt-m
3215 2181 3416 2236 diaboli
3456 2183 3754 2251 putridum,
3777 2181 3836 2235 ob

2246 2277 2682 2347 magnitudinem
2709 2286 3060 2346 peccatorum
3095 2275 3346 2330 dubitare
3376 2289 3482 2328 non
3514 2278 3739 2345 poterit,
3762 2270 3836 2343 qui

2247 2372 2444 2442 legerit
2490 2382 2771 2440 peccatum
2808 2383 2930 2424 esse
2963 2368 3374 2433 letidissimum,
3406 2368 3525 2437 ips‘o
3575 2378 3837 2437 petcatore

2247 2465 2464 2518 dlCt‘lllt‘.
2509 2482 2522 2516 :
2563 2463 3002 2535 Compulruerttnt
3047 2473 3097 2516 et
3137 2473 3396 2534 corruptae
3433 2472 3553 2516 sunt
3598 2463 3838 2516 cicatrices

2247 2575 2370 2613 mea
2385 2578 2415 2611 α
2431 2558 2893 2627 facieinsipientite
2912 2573 3038 2612 mea:
3063 2555 3238 2632 (Psal.
3259 2573 3464 2620 xxxvn,
3479 2555 3564 2626 6).
3586 2558 3624 2611 li
3645 2570 3839 2612 eontra-

2247 2654 2330 2710 rio
2359 2655 2529 2708 virtus
2554 2653 2681 2707 botti
2711 2652 2896 2706 odoris
2925 2662 3008 2705 est
3034 2667 3048 2705 :
3086 2653 3229 2704 unde
3258 2661 3314 2706 et
3353 2653 3716 2721 Spirttnalium
3747 2651 3838 2704 fra-

2250 2757 2392 2802 trum
2423 2747 2645 2802 dileCliu
2673 2753 3023 2815 comparatur
3051 2756 3357 2816 unguento.
3397 2746 3541 2815 quod
3575 2744 3837 2799 descendit

2247 2855 2412 2910 super
2441 2840 2684 2899 barbam.
2735 2839 2958 2893 barbam
3000 2842 3201 2901 Aaron,
3228 2848 3283 2892 et
3311 2853 3476 2909 super
3505 2854 3662 2892 oram
3690 2839 3836 2891 vesti-

2250 2935 2416 2989 tnenti
2449 2935 2570 3002 ejus
2616 2931 2788 3005 (Psal.
2827 2929 3062 3000 cxxxn).
3103 2931 3167 2984 Et
3198 2930 3265 2985 ad
3319 2947 3582 2998 sponsam
3629 2945 3839 3002 sponsus

2249 3030 2528 3100 loquitor:
2561 3027 2719 3100 257
2761 3025 2906 3080 Odor
2946 3037 3065 3082 tuus
3101 3029 3297 3088 suavis,
3329 3035 3375 3079 et
3420 3027 3586 3096 facies
3619 3037 3705 3079 tua
3741 3040 3839 3092 spe-

2249 3123 2387 3176 ciosa
2418 3121 2590 3192 (Cum.
2623 3137 2682 3188 tt,
2716 3119 2823 3191 t4).
2853 3120 3143 3188 Quomodo
3175 3132 3353 3175 autem
3395 3119 3636 3174 cadavt-r
3661 3117 3838 3172 diaboli

2249 3214 2606 3282 Spiritnaliter
2636 3215 3013 3280 conculcetur,
3051 3214 3182 3266 illud
3223 3212 3474 3283 Apo~toli
3519 3214 3689 3268 docet
3715 3226 3836 3266 nos:

545 3299 862 3375 Egredietnr
883 3309 1026 3374 virga
1047 3304 1112 3357 de
1137 3305 1312 3359 radice
1335 3304 1503 3370 Iesse,
1528 3316 1573 3360 et
1612 3308 1710 3377 ﬂos
1737 3307 1802 3359 de
1840 3308 2016 3361 radice
2034 3309 2144 3374 eius
2173 3327 2218 3391 ρ
2251 3305 2391 3361 Deus
2421 3317 2646 3362 conteret
2689 3307 2942 3364 Satanam
2989 3308 3082 3362 sub
3134 3309 3348 3376 pedibus
3392 3308 3577 3361 vestris
3625 3307 3841 3361 telociter

546 3399 831 3464 ascendet,
877 3397 1018 3453 LXX
1063 3400 1266 3469 ﬂorent,
1311 3400 1621 3455 Tlteodotio
1667 3419 1908 3475 germen,
1953 3403 2144 3472 Aquila

547 3491 816 3566 ἀκρέμονα,
852 3491 904 3544 id
937 3505 1040 3554 est,
1067 3488 1096 3528 ἀ
1123 3494 1422 3565 virgultum.
1458 3495 1800 3564 interpretati
1838 3505 1985 3550 sunt.
2012 3495 2148 3551 Pro-

549 3590 670 3656 prie
691 3597 876 3642 autetn
903 3585 1068 3641 Neser
1103 3588 1308 3643 dicitur
1328 3591 1631 3664 virgultum,
1670 3593 1814 3662 quod
1839 3592 1906 3646 ad
1937 3592 2148 3648 radices

547 3680 805 3735 arbOrttm
837 3684 1104 3745 nascitur,
1129 3691 1184 3736 et
1209 3686 1277 3735 ab
1301 3683 1558 3753 agricolis
1579 3687 1823 3738 avulsum
1848 3687 2001 3756 quasi
2031 3687 2151 3740 inu-

545 3775 642 3830 tile
677 3777 981 3844 projicitur,
1010 3776 1157 3831 unde
1183 3787 1236 3831 et
1269 3793 1370 3832 nos
1400 3780 1617 3850 stirpem
1641 3781 1874 3835 inutilem
1911 3792 2150 3836 transtu-

550 3871 732 3927 limus.
761 3871 930 3943 lgitor
962 3872 1472 3928 Nabuchodonosor
1518 3877 1673 3945 quasi
1722 3875 1890 3942 stirps
1940 3876 2149 3933 inutilis

551 3966 805 4021 incendio
836 3979 1195 4036 praeparatus,
1221 3969 1306 4024 vel
1338 3970 1470 4024 sicut
1499 3970 1663 4043 256
1681 3965 1864 4024 sanies
1890 3971 2149 4039 pollutus,

553 4066 611 4114 et
640 4059 920 4115 involutus
962 4062 1045 4115 bis
1095 4065 1184 4131 qui
1241 4063 1310 4117 ab
1337 4080 1404 4115 eo
1459 4063 1734 4119 interleCIi
1770 4074 1900 4120 sunt
1941 4064 2148 4133 gladio,

549 4163 606 4208 ct
631 4154 1034 4210 descenderunt
1076 4172 1246 4227 usque
1288 4157 1354 4211 ad
1399 4146 1754 4211 fundamenta
1795 4157 1922 4222 laci,
1965 4157 2149 4211 dt-tra-

553 4245 715 4301 hclltl‘
747 4246 798 4302 iit
832 4246 1181 4316 profundum.
1220 4260 1270 4305 et
1307 4266 1374 4304 ne
1418 4267 1539 4305 cum
1589 4251 1674 4306 his
1717 4252 1935 4320 quidem
1987 4249 2154 4305 habe-

553 4340 634 4395 bit
677 4341 1010 4396 consortium
1059 4345 1352 4414 sepulturae
1395 4361 1530 4416 qnos
1587 4346 1879 4402 interierit.
1914 4345 2153 4400 Alterius

555 4435 702 4490 enim
757 4452 931 4506 puum
962 4448 1048 4492 est
1090 4448 1281 4493 aut-tor
1307 4439 1515 4507 delicti,
1565 4450 1621 4495 et
1667 4442 1899 4496 alterius
1947 4445 2038 4508 qui
2085 4441 2154 4494 ab

556 4537 782 4585 auctore
812 4531 1130 4601 compulsus
1173 4541 1279 4586 est.
1324 4531 1430 4586 late
1476 4543 1554 4586 est
1608 4534 1821 4601 gladius
1861 4549 1969 4603 quo
2026 4533 2152 4589 vul-

558 4623 730 4676 tterati
769 4633 896 4677 sunt
930 4623 1171 4694 plurimi,
1203 4635 1258 4680 et
1307 4624 1607 4690 interfecti,
1648 4625 1718 4681 de
1748 4643 1856 4697 quo
1902 4630 1958 4681 in
1981 4627 2152 4694 septi-

562 4730 652 4769 nto
707 4717 914 4787 psalmo
973 4718 1206 4788 legimus

561 4810 702 4864 dium
742 4829 893 4865 suunt
935 4815 1171 4875 uibrabit.
1206 4831 1385 4868 arcum
1418 4831 1571 4868 suum
1603 4813 1840 4880 tetendit,
1879 4825 1926 4867 et
1949 4813 2150 4884 paravit

559 4919 695 4958 eum.
733 4903 798 4958 Et
844 4906 897 4959 in
939 4907 1053 4972 ipso
1104 4909 1301 4977 paravit
1345 4925 1464 4963 vasa
1503 4908 1680 4962 mortis
1705 4922 1725 4962 :
1775 4909 1991 4978 sagittas
2032 4924 2153 4961 suas

557 4998 854 5052 ardentibus
888 4999 1055 5067 e/fecit
1096 5001 1266 5072 (Psal.
1315 5017 1410 5067 vn,
1461 5003 1549 5068 15,
1585 5000 1698 5072 Η),
1744 5004 1827 5058 Itis
1875 5004 2150 5069 videlicet,

559 5091 652 5162 qui
687 5093 738 5146 itt
767 5110 924 5147 suum
975 5110 1071 5151 eor
1118 5096 1282 5167 ignita
1318 5096 1520 5152 diaboli
1558 5097 1738 5166 jacula
1769 5107 2154 5166 susceperunt.

563 5183 732 5238 Porro
772 5185 922 5256 juxta
973 5185 1148 5248 LXX.
1191 5189 1431 5244 cadaver
1488 5189 1990 5245 Nabuchodonosor
2037 5206 2158 5244 t-utn

561 5279 813 5350 plurimis
841 5279 1146 5337 interfectis
1178 5283 1440 5352 pollutum
1474 5297 1636 5356 atque
1675 5286 1989 5340 conlosmtm
2017 5285 2166 5355 jace~

567 5371 644 5426 bit
677 5376 729 5427 in
764 5375 1033 5442 superbiae
1075 5376 1373 5442 montibus,
1417 5387 1470 5431 et
1513 5377 1814 5432 deducvtor
1839 5379 1904 5431 ad
1937 5379 2161 5431 iul'cros.

563 5465 938 5524 Fundamenta
959 5477 1143 5524 autem
1166 5469 1290 5535 laci,
1323 5485 1422 5539 pro
1448 5470 1720 5540 lapidibus
1747 5471 1871 5535 laci,
1898 5470 2168 5539 interpre-

637 5666 661 5694 ⁸
690 5657 747 5712 lu
774 5659 948 5716 Vatic.
985 5659 1072 5715 hic
1095 5667 1153 5715 et
1181 5657 1321 5730 apud
1349 5656 1493 5712 LXX
1525 5674 1642 5711 cum
1665 5659 1982 5728 praepositio
2003 5659 2166 5714 omit-

561 5731 714 5786 titur.

634 5802 661 5841 δ
713 5803 790 5857 Ex
833 5803 1141 5881 (ξηραὶ-ὡς
1177 5805 1354 5881 νεκρὸς
1390 5800 1772 5881 ἐϐδελυγμένρς,
1823 5817 1930 5858 non
1977 5811 2158 5857 autem

559 5874 974 5945 Hieronymian.
1011 5878 1138 5933 Mss.
1193 5874 1467 5932 Victorius
1519 5874 1792 5942 te's'crtbtt,
1833 5887 1884 5930 ut
1928 5887 2161 5930 mortuus

561 5941 942 6001 abominobilis.

561 5947 942 6002 abominobilis.

2253 3399 2434 3469 (Rom.
2468 3416 2579 3465 XVI,
2758 3401 2825 3456 Et
2847 3401 3063 3456 DOtnitti
3091 3403 3253 3456 verba
3283 3403 3552 3457 dicentis:
3591 3401 3750 3467 Quasi
3769 3401 3841 3453 lu-

2253 3506 2361 3550 tum
2388 3495 2677 3566 platearum
2707 3489 2885 3549 delebo
2915 3512 3002 3550 eos
3044 3493 3218 3565 (Psal.
3265 3510 3402 3554 xvtt,
3441 3495 3557 3565 43).
3601 3495 3704 3550 Iste
3731 3494 3837 3564 quia

2254 3599 2458 3644 terram
2503 3591 2605 3644 sibi
2653 3589 2918 3644 creditam
2969 3589 3227 3659 perdidit,
3271 3597 3330 3642 et
3355 3587 3712 3653 contntiswtn
3756 3583 3840 3639 sibi

2256 3683 2510 3754 p0pnlmn
2545 3680 2861 3746 trucidavit,
2897 3696 3238 3751 nequaquam
3268 3695 3366 3736 eos
3389 3679 3547 3734 vivos
3577 3691 3843 3735 resetvans

2254 3777 2388 3840 Deo,
2415 3775 2512 3830 sed
2544 3779 2726 3831 socios
2755 3790 2867 3829 sua:
2900 3788 3213 3846 pra-parans
3227 3775 3529 3844 sepultura:
3562 3791 3577 3826 :
3613 3784 3834 3845 propter

2252 3885 2316 3925 ea
2351 3888 2456 3924 non
2489 3873 2625 3932 erit,
2662 3884 2760 3924 nec
2797 3871 3083 3924 vocabitur
3128 3870 3179 3922 in
3223 3879 3488 3923 a-teroutn
3520 3883 3713 3924 semen
3743 3880 3844 3937 pes-

2255 3966 2538 4020 simorum.
2585 3964 2756 4019 Porro
2798 3964 2954 4034 juxta
2989 3961 3130 4018 LXX
3161 3963 3305 4017 hunc
3347 3961 3507 4018 habet
3538 3976 3789 4016 sensmn:
3818 3974 3844 4011 ο

2257 4059 2472 4115 Lucifer
2520 4061 2612 4128 qui
2663 4074 2824 4114 mane
2872 4059 3164 4125 oriebaris,
3218 4057 3313 4127 qui
3363 4057 3586 4126 quando
3628 4058 3842 4113 habebas

2255 4169 2420 4224 Opera
2456 4153 2670 4208 virtutis
2699 4162 2756 4208 et
2789 4153 3032 4212 luminis.
3064 4153 3448 4208 vestimentum
3495 4167 3626 4206 eras
3668 4151 3777 4215 Dei,
3801 4159 3844 4203 et

2256 4250 2324 4304 de
2363 4262 2416 4305 te
2447 4249 2551 4303 dici
2585 4259 2799 4316 poterat
2828 4266 2841 4302 :
2889 4249 3119 4302 Amictus
3159 4249 3352 4302 lumine
3392 4248 3527 4300 sicut
3562 4247 3843 4300 uestimento

2258 4344 2428 4417 (Psal.
2457 4343 2568 4406 cui.
2591 4344 2650 4416 2)
2674 4345 2822 4414 :quia
2851 4344 3050 4399 multos
3079 4341 3396 4397 interfecisti
3417 4341 3628 4410 gladio,
3651 4341 3740 4411 qui
3762 4339 3844 4390 de-

2258 4438 2593 4495 st'endernnt
2619 4438 2685 4493 ad
2730 4440 3032 4503 internum,
3070 4446 3124 4492 et
3153 4452 3340 4491 corum
3375 4434 3623 4506 pollutus
3651 4451 3709 4490 es
3737 4449 3846 4489 San-

2257 4533 2440 4601 guine,
2489 4545 2828 4600 nequaquam
2862 4529 3148 4584 vocaberis
3190 4528 3581 4583 veStimentum
3621 4528 3736 4590 Dei,
3767 4523 3846 4580 sed

2259 4628 2640 4681 vestimentum
2673 4638 2870 4680 cruore
2903 4624 3251 4693 permixtum,
3285 4637 3390 4674 non
3425 4620 3757 4674 maculatum
3781 4631 3850 4672 at-

1253 4736 1267 4773 :
1319 4718 1440 4774 Nisi
1492 4721 1723 4773 conversi
1773 4722 1996 4792 fueritis,
2042 4719 2155 4793 gla-
2185 4730 2232 4790 ι)
2260 4736 2365 4790 que
2401 4722 2695 4791 pollutum,
2726 4731 2785 4773 ttt
2809 4719 3014 4785 aliqttid
3039 4716 3224 4770 mundi
3250 4716 3453 4770 habere
3479 4715 3737 4780 videat-is,
3767 4712 3846 4767 Sed

2260 4823 2431 4867 totum
2463 4813 2726 4878 sanguine
2763 4822 3130 4866 cruentatum.
3169 4809 3233 4863 Et
3268 4811 3369 4862 hoc
3402 4809 3700 4862 notandum
3722 4804 3847 4878 quod

2261 4907 2325 4962 ad
2350 4907 2624 4962 diabolum
2656 4907 2871 4962 diCatur
2895 4924 2909 4962 :
2939 4907 3078 4960 sicut
3105 4906 3491 4960 vestimentum
3514 4905 3847 4958 commixtum

2263 5003 2523 5072 sanguine
2551 5018 2657 5054 non
2685 5003 2791 5056 erit
2814 4999 3099 5062 nnmdom,
3130 4998 3208 5052 sic
3231 5009 3285 5053 et
3327 5011 3380 5051 ιιι
3405 5013 3512 5053 non
3555 4997 3664 5052 eris
3707 5011 3848 5050 mun-

2265 5095 2389 5151 dus.
2417 5093 2515 5150 Ubi
2543 5103 2670 5148 sunt
2699 5107 2832 5163 ergo
2851 5093 2941 5163 qui
2968 5093 3094 5146 dant
3124 5091 3344 5145 diabolo
3382 5090 3778 5160 ρωιιίιθυιίςιιιι,
3804 5094 3849 5138 et

2266 5189 2453 5244 dicunt
2503 5187 2654 5243 illutn
2703 5201 2860 5255 posse
2910 5185 3198 5241 mundari?
3243 5184 3354 5240 Nec
3409 5187 3592 5239 statim
3643 5189 3851 5239 latetnur

2269 5285 2542 5349 lia-resitn,
2574 5300 2695 5353 quae
2719 5282 2963 5337 diversas
2985 5281 3185 5335 as<erit
3210 5295 3333 5335 esse
3355 5292 3607 5344 naturas;
3631 5289 3687 5332 et
3707 5278 3845 5330 aliam

2267 5391 2388 5432 esse
2437 5392 2558 5446 quas
2596 5390 2892 5443 numquam
2942 5373 3168 5442 recipiat
3202 5373 3512 5428 sanitatem.
3563 5372 3680 5428 Non
3720 5370 3846 5423 enim

2270 5469 2374 5524 hoc
2416 5469 2800 5524 vestimentum
2826 5483 2921 5538 per
2941 5481 3000 5522 se
3029 5465 3367 5521 immundum
3394 5475 3496 5532 cst,
3525 5475 3582 5521 et
3608 5464 3678 5520 ita
3700 5480 3727 5516 a
3752 5462 3848 5516 Deo

2343 5670 2367 5700 ο
2398 5660 2572 5731 Atque
2611 5661 2698 5717 hic
2739 5660 2880 5716 idem
2923 5660 2990 5715 ad
3025 5670 3226 5714 textum
3272 5659 3445 5731 Epist.
3499 5657 3563 5712 ad
3604 5657 3846 5714 Romam.

2269 5748 2428 5800 Quem
2457 5749 2608 5789 Certe
2650 5734 2826 5790 locum
2879 5744 3064 5788 noster
3107 5731 3318 5796 alludit,
3355 5732 3558 5784 mavult
3597 5738 3848 5800 reponere

2269 5821 2488 5876 quoium
2518 5807 2568 5859 in
2595 5821 2812 5876 corpore
2843 5821 3164 5871 nequaquam
3194 5806 3438 5876 regnabat
3473 5817 3750 5876 peccatum.

2340 5875 2365 5912 ά
2391 5875 2589 5944 Valit‘.,
2620 5866 2802 5944 id'est,
2835 5866 3091 5950 virgulam
3110 5891 3129 5941 ;
3167 5866 3359 5948 sicine
3399 5873 3551 5930 reddi
3579 5866 3852 5930 commode

2269 5949 2499 6021 ἆκρέμων
2521 5958 2722 6020 potest.
