4014 6434
136 312 233 368 225

649 302 1299 365 COMMENTARIORUM
1345 305 1409 362 IN
1449 304 1683 364 lSAlAM
1727 301 2148 362 PROPIIE’I‘AM
2191 302 2321 361 LIB.
2367 302 2457 362 Vl.
2498 303 2659 364 CAP.
2703 303 2846 364 XIV.

3300 310 3409 369 226

134 420 420 487 conditum,
450 434 554 492 quo
575 419 706 475 olim
734 421 875 477 Deus
898 422 1264 486 vestiebatur;
1296 419 1390 474 sed
1415 419 1542 490 quia
1563 434 1714 474 coni-
1740 420 1790 480 Α
1818 415 1941 471 bunt
1969 419 2059 487 qui
2088 418 2381 473 custodiunt
2410 433 2523 473 eain
2548 417 2720 492 (Psal.
2743 433 2925 482 cxxw,
2948 415 3006 491 2)
3035 434 3048 472 :
3078 417 3200 476 ideo
3233 385 3416 478 Domi-

134 531 348 574 nuxtnm
389 532 450 570 ex
492 520 780 584 sanguine,
822 526 876 570 et
905 525 1077 571 totum
1111 532 1169 570 sc
1211 515 1403 584 polluit
1431 529 1529 568 suo
1555 513 1703 578 vitio,

132 625 178 669 et
205 611 356 667 malis
379 611 788 676 accedentibus,
808 626 914 664 non
937 610 1040 665 erit
1064 609 1345 664 inundu'n.
1375 609 1438 662 lit
1461 614 1710 678 propter-

132 723 185 764 ea
222 724 322 761 non
351 706 456 760 erit
487 705 746 760 mundum
770 748 784 767 ,
816 708 938 776 quia
978 714 1176 760 terram
1206 702 1417 758 Doinini
1447 703 1705 773 perdidit,

131 799 368 872 pupulum
405 798 522 868 ejus
559 799 856 862 interfecit,
890 809 1090 852 terrain
1130 795 1334 852 Jndteze
1365 805 1420 850 et
1449 791 1626 868 [Fort.
1654 793 1706 850 id

131 892 222 966 eo]
251 904 443 948 terram
472 890 838 947 confessionis
864 904 917 946 et
948 901 1168 945 sanctos
1187 903 1434 960 quosque
1471 887 1707 958 perdens

129 998 272 1057 atque
297 985 633 1041 interticiens
665 1003 679 1039 :
713 995 767 1040 et
798 983 922 1038 ideo
967 998 1072 1038 non
1124 983 1366 1036 manebit
1409 981 1462 1035 in
1513 995 1708 1051 perpe-

131 1092 283 1136 tuum.
318 1079 469 1137 Unde
509 1091 561 1134 et
610 1080 662 1134 in
706 1079 999 1149 Evangelia
1048 1077 1284 1132 dicitur:
1314 1073 1396 1129 Ite
1434 1075 1486 1128 in
1534 1074 1706 1147 ignem

128 1186 372 1241 ieti'rnum,
412 1175 505 1244 qui
553 1184 880 1246 praeparatus
919 1181 993 1226 est
1038 1169 1244 1225 diabolo
1285 1180 1331 1224 et
1369 1169 1566 1239 angelis
1593 1169 1706 1240 ejus

132 1267 323 1338 (.lluttli.
353 1283 486 1330 xxv,
511 1267 626 1337 41).
653 1267 938 1333 Quomodo
959 1277 1139 1318 autem
1167 1273 1389 1318 Sanctus
1413 1273 1706 1317 vesttuiem

131 1369 224 1413 tuin
255 1358 343 1415 Dei
366 1368 474 1425 est,
507 1367 563 1414 et
591 1361 975 1413 Vestimentuni
1020 1372 1244 1420 novum,
1272 1363 1327 1410 et
1366 1356 1595 1408 vestitur
1624 1362 1709 1408 tn-

128 1453 230 1508 nica
251 1452 440 1505 salutis
465 1459 628 1522 atque
648 1451 873 1514 laetitiae,
892 1450 1110 1504 dicens:
1130 1445 1366 1502 Exsultet
1393 1447 1568 1500 anima
1592 1462 1706 1499 mea

127 1547 170 1599 in
191 1545 401 1599 Domino
424 1561 444 1600 :
475 1545 642 1598 induit
671 1561 806 1598 enim
828 1559 909 1597 me
933 1545 1226 1597 vestimento
1245 1541 1451 1602 salutis,
1466 1552 1512 1594 et
1531 1540 1705 1594 tunica

128 1639 293 1694 ltetitite
318 1639 662 1694 circumdedit
695 1654 772 1692 me
805 1635 939 1708 (Isa.
967 1652 1075 1698 LXI,
1113 1633 1201 1708 10)
1226 1652 1240 1689 :
1273 1635 1351 1689 sic
1377 1633 1706 1690 ectintrario

128 1747 370 1805 pert-ator,
402 1736 498 1800 qui
532 1741 708 1802 portat
739 1733 1028 1802 imaginem
1053 1731 1253 1784 veteris
1279 1728 1511 1783 hominis
1542 1739 1706 1797 atque

1814 530 1918 568 nns
1968 515 2083 583 ipse
2125 523 2418 585 consntget
2459 514 2722 570 adversiis
2757 514 2902 570 filios
2943 514 3328 583 pessimorum,
3359 523 3416 572 et

1812 606 2094 676 disperdet
2134 607 2203 660 de
2233 606 2557 662 confusione
2583 622 2780 663 nomen
2812 623 3008 661 eorum
3040 619 3091 660 et
3126 608 3408 678 reliquias,

1810 707 1862 773 et
1896 714 2060 752 omne
2083 713 2304 768 germen
2336 707 2392 754 et
2419 703 2753 768 progeniem.
2787 698 2954 772 259
2980 702 3208 754 neultra
3238 700 3416 768 pullu-

1810 793 1918 848 lent
1954 797 2008 850 in
2037 795 2264 850 urbibus
2290 783 2521 849 Domini.
2553 796 2803 862 Legimus
2826 796 2876 848 in
2902 793 3199 866 Evangelio
3225 793 3409 868 (Joan.

1808 886 1948 960 vui).
1999 887 2143 958 quod
2185 887 2437 942 diabolus
2467 888 2537 942 ab
2569 887 2724 941 initio
2777 887 3012 944 mendax
3064 891 3135 943 sit
3163 900 3214 944 et
3257 903 3416 960 pater

1809 985 1946 1054 ejus,
1981 983 2034 1038 id
2061 993 2166 1047 est,
2197 983 2489 1048 mendacii,
2523 983 2666 1052 quod
2699 967 2851 1038 tntilli
2877 997 2984 1038 non
3021 983 3413 1051 intelligentes,

1810 1088 2020 1154 patrem
2052 1077 2258 1132 diaboli
2291 1077 2480 1130 volunt
2503 1091 2626 1132 esse
2654 1080 2972 1141 draconem,
3006 1077 3097 1146 qui
3141 1087 3324 1146 regnet
3360 1078 3415 1133 in

1809 1170 1969 1235 mari,
1998 1185 2158 1242 quem
2192 1168 2404 1224 llebra-i
2442 1169 2722 1238 appellant
2751 1167 3060 1223 Leviatlian.
3098 1169 3166 1224 Et
3192 1169 3294 1224 huc
3319 1186 3418 1239 pu-

1811 1275 1925 1320 tant
1957 1267 2078 1320 loco
2099 1265 2400 1320 convenire
2433 1263 2684 1332 pra-senti
2707 1263 2857 1332 juxta
2885 1261 3026 1319 LXX
3058 1265 3412 1332 lnterpretes,

1807 1359 1901 1430 qui
1933 1361 2224 1416 dixerunt:
2259 1376 2354 1428 pro
2392 1359 2614 1432 peccatis
2649 1359 2815 1431 patris
2843 1359 2949 1412 tui:
2971 1373 3091 1412 cum
3125 1359 3414 1428 perspicue

1807 1457 1861 1512 in
1897 1456 2148 1518 llebriro,
2177 1468 2427 1509 sumunt
2454 1463 2562 1522 (Dn
2602 1451 2664 1523 κ)
2688 1452 2796 1524 [ΑΙ.
2823 1451 3094 1527 onoruun]
3121 1469 3225 1508 non
3248 1451 3412 1525 patris

1807 1549 1903 1610 tui,
1936 1546 2032 1601 sed
2066 1556 2276 1616 patrum
2307 1562 2518 1599 suorum
2551 1548 2839 1615 signiticet.

1881 1639 2060 1711 (Vers.
2088 1636 2207 1706 9.5.)
2241 1636 2307 1690 Et
2343 1654 2532 1709 ponant
2563 1655 2675 1691 eum
2717 1638 2770 1691 in
2802 1638 3178 1704 possessionem
3208 1636 3416 1707 liericii,

1807 1744 1853 1789 et
1893 1734 1947 1787 in
1976 1732 2195 1802 paludes
2221 1749 2474 1801 aquarum
2498 1747 2517 1786 .°
2545 1735 2770 1801 scopabo
2798 1749 2909 1786 eam
2941 1733 2995 1785 in
3039 1749 3193 1804 scopa
3221 1743 3411 1800 tectis,

131 1829 321 1885 terreni.
354 1835 603 1882 meretur
639 1825 804 1899 258
829 1825 1054 1880 audire:
1080 1821 1216 1877 Ecce
1254 1839 1425 1876 omnes
1447 1838 1532 1875 ros
1555 1821 1703 1892 quasi
1733 1815 1782 1876 B
1809 1828 1932 1883 dicit
1966 1826 2222 1881 Dominus
2251 1828 2593 1883 exercituum.
2638 1826 2778 1882 LXX
2825 1845 2837 1880 :
2874 1826 2941 1881 Et
2970 1845 3160 1901 ponam
3189 1828 3416 1901 Babylo-

129 1930 453 1976 mtimentum
475 1920 874 1984 veterasceiuini,
908 1929 952 1972 et
981 1919 1116 1972 tinea
1139 1915 1402 1972 devorabit
1439 1932 1524 1970 ros
1564 1913 1698 1987 (Ιοα.

129 2032 171 2076 t.
198 2016 267 2083 9).
297 2017 395 2082 Qui
433 2022 616 2068 antem
667 2011 960 2082 profecerit
1009 2012 1060 2065 in
1091 2012 1327 2074 scelere,
1375 2019 1430 2063 et
1464 2015 1706 2061 vetusta-

129 2119 217 2164 tem
250 2110 489 2163 iiolnerit
521 2109 820 2163 emundare
857 2105 1119 2168 novitate,
1158 2117 1499 2172 nequaquam
1533 2099 1704 2156 veteri

131 2205 456 2268 vestimento,
489 2203 583 2258 sed
616 2218 794 2272 panno
823 2206 1174 2255 menstruam:
1207 2197 1457 2252 [uulneris
1485 2209 1704 2263 compa-

127 2297 308 2352 rabitur
348 2299 545 2352 dicens
579 2313 592 2350 :
630 2294 950 2354 Erravimus.
995 2303 1040 2346 et
1084 2292 1208 2364 facti
1235 2306 1410 2344 sumus
1449 2286 1704 2343 immundi

129 2407 277 2446 omnes
297 2409 409 2458 nos,
453 2394 586 2446 sicut
617 2407 820 2463 pannus
856 2395 1192 2442 menstruam:
1226 2385 1467 2440 universa
1490 2382 1705 2456 justitia

130 2494 298 2539 nostra.

187 2579 348 2648 (Yers.
369 2578 439 2633 2|
457 2619 473 2640 ,
497 2577 617 2649 ‘22.)
647 2577 835 2631 Semen
859 2575 1219 2644 pessimorum,
1247 2580 1540 2643 prarparate
1566 2569 1704 2639 ﬁlios

130 2684 294 2724 miros
337 2669 591 2724 occisioni
626 2678 651 2705 ει
680 2668 1009 2739 iniquitatum
1047 2679 1253 2739 patrum
1292 2679 1505 2717 suorum
1540 2678 1558 2716 :
1602 2677 1704 2715 non

131 2775 402 2835 consurgent
436 2780 532 2817 nec
563 2762 942 2816 hwieditaotiiit
975 2770 1187 2824 terram,
1223 2772 1386 2828 neque
1419 2752 1704 2824 implebunt

132 2859 288 2925 [aciein
325 2859 472 2911 orbis
497 2856 784 2910 civitatum.
825 2853 892 2910 Et
923 2869 1230 2924 consurgunt
1260 2865 1414 2922 super
1437 2865 1545 2912 eos,
1579 2846 1706 2900 dicit

133 2945 353 3005 Dominus
379 2953 714 3006 exercituum
748 2964 768 3004 :
799 2960 846 3003 et
875 2948 1088 3021 perdam
1125 2943 1407 3016 Babylonis
1445 2957 1626 2996 nomen
1659 2949 1708 2995 et

132 3042 364 3110 riliiiuias,
398 3057 453 3101 ct
477 3061 708 3113 germen,
739 3055 787 3099 et
815 3042 1132 3116 progeniem,
1165 3040 1236 3093 ait
1275 3036 1531 3092 Dominus
1559 3052 1708 3091 exer-

131 3137 312 3196 cituum.
363 3137 552 3194 LXX:
590 3138 777 3194 Semen
804 3140 1101 3205 pesdmum,
1137 3151 1375 3204 prceptira
1421 3133 1561 3203 ﬁlios
1593 3141 1708 3184 tuos

1808 1922 1946 1975 niam
1973 1920 2251 1982 desertam,
2281 1921 2406 1973 dicit
2430 1917 2708 1982 Dominus.
2734 1922 2806 1974 ita
2833 1931 2885 1973 ut
2909 1921 3135 1976 habitent
3163 1924 3214 1976 in
3240 1941 3300 1978 ea
3325 1925 3414 1978 lie—

1803 2018 1944 2081 ricii,
1978 2027 2026 2071 et
2055 2018 2154 2071 erit
2185 2018 2236 2070 in
2266 2015 2439 2071 nihili.
2475 2015 2541 2069 Et
2583 2033 2776 2084 ponam
2810 2034 2922 2072 eam
2964 2015 3063 2072 luti
3094 2019 3408 2089 voraginem,

1805 2109 1858 2163 in
1890 2108 2253 2178 perditionem.
2286 2109 2421 2164 Cum
2457 2108 2758 2178 petdideiit
2792 2110 3050 2164 Dominus
3072 2109 3411 2168 exercituum

1809 2217 2006 2257 nomen
2038 2202 2350 2276 Babylmiis,
2375 2213 2429 2257 et
2459 2203 2738 2274 reliquias,
2771 2212 2823 2257 t-t
2843 2219 3088 2275 gi-rnien,
3120 2214 3176 2260 et
3198 2207 3416 2263 univer-

1807 2310 1922 2350 Sam
1959 2297 2301 2365 progeniem,
2347 2311 2455 2351 non
2487 2296 2591 2352 erit
2621 2296 2738 2365 ejus
2769 2299 3072 2366 perditione
3098 2310 3413 2370 contentus,

1808 2393 1910 2450 nisi
1963 2393 2327 2449 dederiteam
2370 2394 2772 2463 possessionem
2821 2393 3039 2463 liericii,
3088 2404 3144 2450 et
3190 2396 3416 2468 paludes

1806 2501 2093 2558 aquarum.
2137 2495 2188 2540 et
2224 2485 2534 2556 scopavetit
2581 2500 2700 2540 eain
2748 2484 2777 2524 ι)
2811 2503 2916 2540 non
2959 2489 3170 2556 leviter,
3218 2499 3274 2544 et
3305 2488 3416 2544 for-

1808 2581 1982 2634 tuito:
2014 2579 2109 2635 sed
2147 2591 2330 2633 terens
2363 2589 2418 2632 ut
2455 2578 2586 2634 nihil
2621 2582 2673 2633 in
2705 2594 2768 2633 ea
2799 2581 3141 2649 antiquarum
3169 2584 3414 2637 ~ordium

1807 2675 2062 2731 reddeat.
2105 2673 2160 2729 ln
2204 2673 2435 2730 Actibus
2473 2673 2860 2742 Apostolorum
2903 2673 3159 2729 scribitur
3206 2675 3345 2746 (Act.
3376 2691 3412 2732 ι

1807 2779 1862 2824 et
1906 2772 2012 2836 XI),
2067 2769 2120 2822 in
2148 2783 2276 2821 vase
2309 2767 2405 2820 illo
2437 2766 2627 2829 linteo.
2660 2769 2802 2836 quod
2835 2776 3068 2836 quatuor
3113 2769 3412 2825 demissum

1809 2861 2087 2932 principiis
2117 2862 2390 2933 pendebat
2439 2877 2470 2917 e
2515 2860 2682 2925 etelo,
2717 2862 2897 2916 omnia
2933 2877 3131 2932 genera
3175 2865 3416 2933 quadru-

1808 2956 2030 3027 pedum,
2080 2963 2138 3012 et
2170 2955 2470 3021 reptilium,
2503 2968 2556 3010 et
2589 2955 2888 3011 volatiliuni
2935 2959 3228 3023 contineri,
3266 2959 3412 3025 quod

1809 3063 1992 3123 postea
2026 3053 2326 3116 Apostilns
2367 3051 2671 3116 disserens,
2725 3052 2886 3113 Deus,
2931 3053 3124 3121 inquit,
3171 3053 3415 3109 ostendit

1811 3145 1944 3199 milii
1970 3145 2172 3198 unllttm
2199 3144 2472 3198 hominem
2494 3143 2829 3197 immundum
2857 3142 3256 3198 dicere.Mores
3282 3158 3412 3216 ergo

134 3233 345 3286 οι·ιὶδίυηί
374 3234 583 3301 peccati
613 3232 776 3300 patris
807 3233 882 3285 tui
913 3247 931 3286 :
958 3241 1014 3285 ut
1041 3248 1141 3284 non
1166 3236 1480 3298 consurgant
1506 3237 1552 3281 et
1582 3243 1706 3298 pos-

1814 3241 2097 3294 lioniinnm
2133 3239 2182 3292 in
2228 3237 2462 3292 diversis
2516 3236 2886 3291 animantibus
2942 3237 3411 3306 monstrabantur,

133 3328 305 3382 sulcant
337 3339 560 3395 terram,
593 3338 640 3382 et
681 3329 924 3392 impleant
966 3338 1156 3380 terram
1193 3327 1479 3378 civitatum.
1526 3321 1593 3376 Et
1627 3322 1708 3375 in-

133 3438 313 3495 surgunt
337 3440 433 3490 eis,
474 3422 597 3476 dicit
635 3420 887 3475 Dominus
911 3417 1141 3474 Sabaoth
1169 3434 1188 3473 :
1209 3432 1254 3473 et
1277 3417 1575 3484 dispertiunt
1614 3430 1712 3468 no-

135 3532 229 3570 men
266 3534 439 3573 eorum
473 3528 518 3572 et
549 3516 790 3588 reliquias
816 3525 864 3569 et
892 3530 1086 3569 semen.
1133 3513 1240 3567 Pro
1286 3509 1496 3566 semine
1536 3506 1710 3580 pessi-

137 3626 226 3677 mo,
253 3615 384 3683 quod
421 3608 570 3666 LXX
604 3610 1023 3667 trnttstttletttul.
1056 3607 1107 3660 in
1138 3604 1404 3660 llt'bt'aicti
1442 3604 1705 3670 sci-iplltm

134 3717 196 3758 est
225 3721 349 3761 zeait
376 3721 517 3760 ιικιιι
547 3703 768 3776 (amen
794 3707 937 3768 ινιτ),
964 3699 1106 3772 quod
1131 3699 1312 3754 caeteri
1343 3713 1514 3751 semen
1545 3693 1708 3763 pessi-

134 3809 306 3851 uioruni
333 3799 681 3866 interpretati
705 3809 852 3850 sunt.
878 3795 994 3849 Non
1025 3794 1170 3865 quod
1196 3794 1369 3862 ipsum
1402 3805 1586 3845 semen
1614 3803 1709 3858 per

135 3895 348 3960 seipsuni
397 3891 610 3946 malum
654 3893 764 3944 sit:
800 3891 940 3943 Deus
980 3887 1127 3943 enim
1175 3885 1354 3940 omnia
1401 3885 1526 3939 fecit
1568 3883 1710 3936 bona

136 3983 314 4055 (Cenes.
339 3986 398 4058 i);
430 3984 526 4042 -et|
549 3984 620 4037 ab
648 3983 754 4046 bis,
777 3983 866 4054 qui
891 3996 983 4035 sua
1009 3981 1288 4034 voluntate
1313 3991 1436 4032 sunt
1463 3975 1710 4046 pessimi,

136 4094 298 4134 semen
319 4092 504 4135 ortum
533 4081 596 4133 sit
628 4079 855 4139 malum,
890 4077 1034 4147 quod
1068 4077 1348 4130 voluntate
1378 4076 1456 4136 lit,
1483 4087 1588 4125 non
1617 4085 1711 4123 na-

136 4179 270 4227 tura;
302 4173 460 4231 Unde
492 4183 547 4228 cl
578 4175 630 4226 in
667 4171 887 4226 Danicle
929 4171 1158 4241 legimus
1189 4187 1201 4220 :
1238 4168 1426 4223 Semen
1460 4163 1714 4221 Chanaan

133 4278 286 4322 etnon
309 4267 456 4322 Judu
490 4267 631 4338 (Dan
687 4281 800 4330 sui,
831 4265 951 4334 56).
984 4265 1050 4318 Et
1079 4265 1144 4318 de
1175 4261 1332 4317 bonis
1362 4263 1485 4315 liliis
1516 4259 1714 4314 dicitur

133 4366 192 4416 ab
218 4369 472 4431 Apostolo
498 4383 510 4418 :
545 4361 613 4418 In
636 4362 840 4419 Christo
867 4359 993 4416 Jesu
1019 4376 1111 4432 per
1133 4359 1332 4432 Evangi
1350 4357 1477 4412 lium
1507 4376 1597 4430 rgo
1624 4373 1712 4410 vos

133 4459 268 4526 geniti
293 4458 334 4520 ιι
362 4456 490 4513 Cor.
516 4472 590 4522 Iv,
620 4454 732 4528 15).
772 4456 835 4510 Et
862 4456 914 4509 in
943 4455 1236 4523 Evangelia
1260 4472 1272 4506 :
1311 4455 1573 4524 Quotquot
1600 4466 1715 4504 eam

134 4563 435 4618 receperunt,
489 4552 629 4604 dedit
673 4550 747 4604 eis
792 4557 1096 4618 potestatem
1141 4559 1196 4600 ut
1247 4546 1342 4614 ﬁlii
1394 4545 1490 4600 Dei
1530 4545 1714 4614 ﬁerent

133 4637 291 4708 (lacn.
325 4659 366 4708 ι,
403 4643 520 4714 ιε).
569 4641 760 4696 (inmis
803 4643 948 4696 enim
993 4641 1085 4710 qui
1136 4640 1263 4694 facit
1308 4646 1608 4709 peccatum.
1643 4635 1712 4691 de

133 4731 245 4786 diali
283 4737 334 4792 lo
361 4747 469 4791 cst.
507 4735 640 4790 llnic
683 4734 850 4803 igitur
881 4732 1190 4804 pra-c:pittir
1223 4733 1442 4794 semini,
1473 4741 1532 4783 ut
1573 4729 1715 4783 ﬁlios

131 4842 263 4898 suos,
285 4846 482 4887 omnes
510 4829 723 4886 scilicet
753 4830 1120 4900 cogitationes
1147 4827 1436 4898 pessinias,
1462 4837 1516 4880 et
1546 4839 1712 4892 opera

134 4923 275 4986 mala.
308 4935 584 4998 praeparet
625 4922 912 4989 (lCl‘lSi-tlll,
955 4939 1077 4994 quae
1122 4938 1187 4978 ex
1224 4923 1402 4994 impiis
1435 4930 1555 4976 nata
1586 4927 1717 4975 sunt

131 5018 398 5082 patribus,
452 5015 596 5071 baud
637 5016 864 5071 dubium
914 5015 1044 5084 quin
1096 5017 1399 5070 contrarias
1447 5013 1641 5083 signiﬁt
1661 5021 1718 5068 et

134 5108 492 5166 lortitndines.
531 5109 656 5178 Qui
684 5109 907 5181 pessimi
958 5108 1051 5164 lilii
1093 5108 1216 5164 ideo
1266 5106 1612 5163 trucidantur
1662 5111 1714 5161 in

131 5200 499 5274 iniquitatibus
522 5219 733 5276 patrum
763 5221 1010 5266 suorum.
1039 5222 1106 5260 ne
1135 5205 1272 5260 ultra
1303 5215 1635 5274 Consurgunt
1663 5212 1720 5259 et

133 5305 440 5363 possideant
489 5309 715 5366 terram,
757 5317 878 5372 quin
903 5317 933 5355 a
964 5301 1167 5355 sanctis
1195 5300 1521 5372 pv-ssidenda
1550 5308 1634 5353 est
1664 5307 1720 5354 et

129 5389 417 5462 implendi,
451 5405 510 5450 ut
555 5398 802 5450 civitates
839 5395 893 5450 in
938 5411 1000 5451 ea
1050 5394 1260 5449 Domini
1305 5404 1716 5449 eonstruantur.

130 5484 186 5540 Et
213 5491 337 5558 quia
384 5507 492 5546 non
537 5503 624 5546 est
653 5491 932 5546 hominum
982 5489 1224 5562 perlecta
1267 5489 1496 5544 victoiia
1537 5506 1551 5543 :
1600 5488 1724 5543 Nisi

127 5586 252 5637 enim
283 5583 542 5641 Dominus
568 5587 869 5642 custodierit
915 5585 1193 5650 civitatem,
1221 5585 1274 5640 in
1318 5601 1504 5639 vanum
1542 5584 1728 5656 vigila-

193 5785 217 5814 ι
242 5775 381 5830 Cum
418 5774 647 5844 Vulgatn
677 5771 981 5838 lnterprete
1009 5768 1208 5834 Vatic.,
1245 5769 1297 5823 in
1336 5767 1629 5844 iniquitate,
1663 5778 1720 5824 et

130 5860 290 5917 penes
320 5845 491 5914 LXX,
519 5842 740 5918 peccatis
774 5861 868 5916 pro
896 5845 1092 5918 peccati
1117 5859 1136 5898 :
1172 5842 1630 5914 quemadmodum
1670 5851 1726 5898 et

1806 3333 1944 3386 sicut
1990 3330 2248 3387 Pliarisn'i
2288 3341 2341 3383 et
2383 3327 2668 3384 Saddut'a'i
2715 3338 2938 3398 propter
2969 3328 3266 3396 nequitiam
3318 3345 3415 3401 ap-

1809 3427 2080 3497 pellantur
2107 3425 2386 3495 genimina
2419 3425 2753 3494 viperarum,
2783 3431 2839 3480 et
2867 3433 3090 3494 propter
3119 3423 3168 3478 d.
3192 3423 3276 3481 los
3305 3425 3416 3480 He-

1808 3521 1971 3576 rodes
2016 3521 2204 3590 vulpes
2235 3520 2432 3575 dicitur
2467 3516 2617 3590 (Luc.
2661 3531 2716 3572 ιιι
2758 3526 2807 3571 et
2861 3516 3000 3588 xui);
3043 3529 3091 3572 et
3149 3516 3416 3575 luxuriosi

1811 3613 2078 3685 pretiique
2134 3613 2200 3668 ad
2257 3614 2619 3682 voluptatem,
2676 3611 2803 3681 equi
2843 3611 3212 3680 appellantur.
3271 3612 3416 3666 insa-

1810 3709 2023 3763 nientes
2057 3707 2109 3760 in
2145 3706 2373 3761 feniina~
2406 3703 2623 3775 (Jrrem.
2665 3705 2762 3775 v):
2805 3704 2892 3768 Et,
2925 3703 3086 3757 nolite
3124 3703 3238 3770 ﬁeri
3282 3705 3418 3758 sicut

1811 3818 1968 3870 equus
2001 3811 2048 3854 et
2073 3801 2265 3865 mulus,
2299 3801 2351 3854 in
2393 3798 2575 3869 quibus
2608 3815 2708 3852 non
2738 3808 2812 3852 est
2841 3795 3188 3869 intclligentia
3237 3795 3412 3868 (Psal.

1812 3899 2019 3966 χχχιιι).
2060 3897 2098 3950 Ε
2129 3895 2408 3948 coiitiario
2456 3891 2801 3956 innocentes,
2843 3893 3108 3946 columbae
3147 3899 3418 3946 vincantur

1812 3999 1866 4045 ct
1896 4004 2044 4042 ovies.
2076 3986 2423 4058 lgitnrjmta
2469 3985 2772 4040 doctrinam
2820 3981 3035 4038 Domini
3087 3981 3412 4053 Salvatoris,

1813 4081 1903 4152 qtti
1957 4096 2116 4136 curas
2161 4078 2316 4133 i~tius
2355 4077 2540 4134 δίει-ιιιί
2583 4086 2638 4132 et
2680 4076 3051 4132 Seductioneni
3098 4076 3412 4132 divitiarum

1813 4177 2000 4246 Spiuas
2048 4173 2363 4243 appellavit,
2398 4171 2634 4226 lit-rivius
2685 4170 2817 4224 mihi
2851 4170 3081 4233 videtur,
3137 4169 3233 4242 qui
3259 4173 3414 4238 juxta

1813 4269 2157 4340 Apostoluni,
2191 4266 2390 4339 gaudet
2418 4268 2471 4321 in
2502 4258 2711 4320 incerto
2734 4264 3042 4320 divitiarum
3075 4263 3118 4335 (1
3151 4263 3283 4319 Tim.
3315 4259 3414 4336 vi),

1817 4377 1871 4421 et
1899 4377 2164 4419 armatum
2193 4378 2253 4418 se
2297 4377 2404 4417 non
2439 4368 2714 4433 armatura
2753 4359 2869 4422 Dei,
2905 4357 3000 4414 sed
3031 4358 3204 4427 spinis
3247 4369 3417 4429 atque
3463 4382 3471 4390 -

1821 4458 2058 4530 pet-ratis
2089 4459 2252 4524 liuius
2285 4455 2470 4509 mundi
2503 4469 2625 4508 esse
2677 4452 2924 4513 conlidit.
2974 4454 3059 4508 coi
3111 4453 3418 4509 reetissime

1817 4553 2019 4608 dicitur
2051 4551 2179 4606 illud
2207 4549 2628 4622 Evangelicnui:
2656 4544 2847 4605 Stul:e.
2865 4545 2962 4600 hac
2982 4557 3127 4601 nocte
3153 4545 3418 4614 auferetur

1818 4652 1990 4702 autum
2035 4659 2127 4700 tua
2154 4663 2186 4699 a
2211 4654 2281 4709 te,
2314 4660 2428 4717 qua:
2456 4653 2629 4698 autem
2657 4643 2859 4712 purusti
2888 4644 3039 4716 cujus
3069 4652 3218 4696 erunt
3261 4639 3416 4713 (Luc.

1819 4758 1912 4800 xu.
1943 4741 2072 4813 20)?
2105 4740 2266 4794 'I‘ales
2299 4739 2636 4793 habitatores
2668 4735 2831 4790 Ilabt'l
2861 4735 3023 4808 260
3053 4735 3293 4808 Babylon
3326 4735 3421 4792 de-

1811 4843 1956 4888 serta
1989 4831 2298 4893 virtutibus,
2348 4829 2436 4882 iilii
2471 4843 2579 4881 non
2611 4839 2692 4882 εει
2735 4841 2865 4896 ager
2895 4825 3172 4897 irriguos,
3205 4825 3300 4895 qui
3333 4822 3417 4881 af-

1816 4928 1952 4982 ferat
1987 4927 2193 4980 fructus
2221 4921 2569 4977 diversorum
2603 4920 2894 4986 seminum,
2926 4920 3019 4975 sed
3063 4918 3292 4990 paludes
3343 4919 3425 4976 in-

1819 5019 2051 5082 ferti‘es,
2081 5030 2135 5074 et
2169 5017 2375 5070 limosae
2406 5030 2471 5071 ac
2503 5014 2728 5078 lutosae,
2775 5015 2827 5069 iii
2860 5011 3058 5084 quibus
3104 5029 3262 5069 emno
3291 5030 3425 5086 gauo

1821 5113 1999 5168 dentia
2035 5119 2253 5181 reptant
2271 5108 2548 5163 animalia.
2565 5107 2933 5176 Quamobrem
2957 5107 3424 5164 clementissimus

1824 5209 2087 5263 Dominus
2136 5203 2383 5273 scopavit
2410 5219 2530 5258 eam
2572 5201 3062 5256 velintnentissiinc
3115 5212 3320 5268 terens,
3371 5210 3427 5255 et

1822 5301 1976 5371 quasi
2026 5297 2260 5370 qundam
2291 5297 2568 5352 Verriirnlo
2614 5293 2723 5366 [ΑΙ.
2772 5293 3104 5367 everricnlo]
3134 5295 3198 5348 ad
3232 5309 3425 5362 purum

1824 5413 1994 5468 neque
2023 5393 2326 5454 inundavit.
2360 5404 2418 5448 ut
2449 5391 2743 5463 Babylonia
2775 5393 2984 5446 semina
3034 5396 3280 5459 pereant,
3312 5399 3367 5444 et
3395 5404 3426 5445 a

1823 5490 1958 5544 solis
1987 5489 2301 5543 liabitetitur
2333 5483 2577 5542 liericiis.
2609 5484 2836 5554 Quando
2865 5484 3164 5539 viderimus
3191 5483 3427 5552 aliquem

1827 5585 2145 5642 divitiarum
2179 5583 2496 5639 inimersnm
2531 5581 2667 5648 luto,
2701 5590 2756 5636 et
2787 5589 2847 5635 ut
2896 5576 3042 5634 LXX
3086 5576 3434 5648 inter-pietati

1829 5767 1883 5823 in
1907 5769 2148 5824 subnexa
2173 5765 2516 5836 expositione
2540 5775 2857 5822 constanter
2885 5763 3127 5836 praefert.

1903 5838 1932 5879 δ
1972 5838 2140 5898 Addit
2171 5839 2344 5898 Vatic.
2377 5854 2557 5909 scopa.
