4014 6440
555 301 658 359 251

1805 297 1866 355 S.
1909 295 2182 357 EUSEBll
2224 300 2604 362 HIERONYMI

3749 300 3841 363 232

552 415 698 480 liter,
730 415 820 486 qui
852 415 1243 482 interpretatur
1267 411 1334 468 de
1361 421 1526 479 patre,
1553 420 1580 452 α
1609 411 1724 467 sive
1751 429 1885 486 aqua
1908 423 2153 484 paterna,
2185 423 2234 483 Α
2262 420 2475 476 dacium
2518 421 2689 474 instar
2726 417 2969 474 ﬂuminis
3010 417 3240 483 transit,
3292 424 3347 473 et
3400 416 3713 487 praterllnit
3733 460 3747 483 ,
3797 429 3844 476 et

555 508 624 564 de
657 510 905 577 incestu,
955 518 1009 563 ct
1040 507 1308 564 ebrietate
1349 517 1680 577 conceptus,
1713 508 1856 576 tptod
1907 509 2165 580 quodam-

554 606 717 660 modo
747 606 997 672 absente,
1024 604 1189 659 immo
1222 603 1505 660 nesciente
1533 615 1700 672 patre,
1739 605 2015 661 videretur
2041 621 2164 662 esse

557 709 872 773 generatus.
899 700 956 756 In
980 700 1164 756 multis
1193 699 1599 768 Scripturarnm
1637 699 1773 756 locis
1804 700 1873 756 de
1902 700 2059 756 Moab
2090 702 2164 757 le-

553 795 764 864 gituus,
787 802 842 849 et
880 793 1117 848 maxime
1146 793 1197 847 itt
1222 793 1583 848 Numerorum
1613 786 1917 858 volumine,
1944 792 2163 860 quando

554 884 714 940 Balae
739 901 832 940 rex
857 884 1214 940 Moabitarutn
1239 883 1307 940 ad
1344 885 1804 953 maledicendum,
1838 885 2055 939 Balaam
2083 888 2163 940 in-

552 978 746 1033 vitavit
771 977 1068 1044 hariolum,
1099 983 1191 1049 qui
1223 980 1365 1032 inter
1393 991 1589 1033 caetera
1624 978 1787 1033 etiam
1823 979 1925 1033 hoc
1973 991 2162 1033 contra

553 1072 710 1128 Moab
742 1078 1035 1146 mys‘ticum
1069 1071 1682 1144 prophetavitzlhietur
1709 1071 1860 1126 stella
1891 1088 1954 1126 ea:
1973 1069 2163 1138 Jucob,

549 1181 597 1226 et
628 1181 904 1242 consurget
943 1170 1097 1225 homo
1144 1187 1211 1224 ea:
1264 1169 1470 1237 Israel,
1503 1181 1552 1226 et
1605 1172 1856 1242 percutiet
1903 1171 2165 1245 principes

556 1263 712 1318 Moab
745 1262 938 1336 (Num.
974 1279 1118 1328 xxiv,
1158 1263 1270 1334 l7).

622 1355 809 1429 (Vers.
852 1358 927 1427 l).
965 1356 1104 1424 Quia
1150 1365 1302 1410 nocte
1334 1365 1537 1411 vastata
1562 1365 1634 1410 est
1662 1355 1758 1419 Ar,
1805 1355 1962 1411 Moab
1991 1359 2163 1413 conti-

551 1454 690 1519 cuit;
719 1452 843 1524 quia
874 1462 1024 1506 nocte
1064 1461 1291 1506 vastatus
1333 1463 1404 1506 est
1437 1467 1651 1518 murus,
1705 1449 1862 1505 Moab
1893 1452 2159 1506 conticuit.

556 1546 707 1604 LXX
739 1565 752 1601 :
792 1545 956 1601 Nocte
981 1546 1130 1619 periit
1167 1545 1435 1611 Moabitis,
1468 1556 1616 1599 nocte
1644 1546 1782 1600 enim
1808 1546 1962 1617 periit
1989 1561 2164 1600 murus

555 1637 881 1694 Mortbitidis.
931 1639 1038 1694 Pro
1070 1654 1138 1694 an
1169 1636 1322 1709 (Ti).
1367 1638 1512 1710 quod
1552 1639 1700 1693 solus
1728 1637 2038 1694 Tlteodotio
2085 1639 2160 1693 ita

559 1735 758 1804 posuit,
789 1743 845 1786 ut
879 1732 1076 1798 legitur
1099 1735 1150 1786 iu
1187 1731 1440 1796 Hebraeo,
1472 1731 1668 1798 Aquila
1690 1744 1740 1786 et
1774 1732 2158 1803 Symmachus,

2267 529 2559 584 numquam
2594 523 2774 584 potest
2801 513 2987 569 stabili
3013 513 3298 567 mansione
3323 512 3644 568 consistere.
3675 513 3845 569 Setmo

2267 620 2445 662 autem
2477 608 2607 675 Dei,
2641 609 2730 676 qui
2763 619 3080 677 οοιιιιιεριιιε
3108 620 3215 673 eSl,
3243 606 3457 662 stabilis
3480 620 3586 666 est.
3621 606 3767 664 Unde
3800 618 3848 666 et

2267 715 2486 769 manna,
2521 701 2664 769 quod
2687 701 2907 757 videtur
2929 701 3081 771 quasi
3109 703 3314 772 glacies
3342 717 3509 771 super
3539 702 3726 756 faciem
3756 714 3848 757 ter-

2268 812 2362 859 ιἐιι,
2393 811 2499 850 ιιοιι
2525 795 2875 865 pra-ternuit,
2899 797 2997 852 sed
3029 795 3283 852 consistit
3332 796 3508 853 Porro
3528 796 3678 868 juxta
3703 797 3843 860 LXX.

2266 889 2514 945 Moabitw
2563 905 2793 946 tumrere
2841 891 3100 960 iubentur
3137 901 3191 945 et
3234 893 3518 961 plangere,
3561 908 3666 944 non
3705 905 3847 961 super

2266 983 2410 1046 aliis,
2447 985 2546 1039 boc
2585 985 2730 1040 enim
2781 983 3147 1055 pet-lectorum
3189 996 3276 1042 est
3316 1002 3484 1054 super
3523 987 3844 1057 semetipsis,

2265 1079 2389 1147 quia
2423 1088 2478 1133 et
2509 1079 2678 1132 Dibon
2709 1094 2922 1144 eorum,
2955 1078 3003 1134 id
3027 1091 3131 1144 est,
3157 1095 3345 1135 sermo
3373 1079 3710 1152 compositus
3731 1122 3743 1140 .
3770 1080 3846 1150 qui

2265 1169 2465 1226 ﬂuebat
2491 1188 2644 1228 more
2683 1174 2976 1237 torrentis,
3011 1173 3288 1244 periturus
3312 1175 3383 1230 sit
3418 1191 3431 1228 :
3465 1177 3518 1229 iu
3562 1190 3672 1245 quo
3701 1173 3847 1230 liabe-

2265 1265 2394 1320 bant
2424 1267 2579 1337 quasi
2617 1283 2767 1324 aram
2791 1271 3231 1326 consecratiOuis
3253 1285 3368 1324 sua:
3389 1313 3405 1336 ,
3429 1281 3478 1325 et
3515 1285 3708 1325 omnes
3730 1271 3848 1325 divi-

2265 1362 2365 1416 tias
2390 1362 2698 1418 szccitlares.
2743 1362 2898 1419 Unde
2939 1373 2993 1417 et
3043 1363 3096 1417 in
3146 1363 3357 1434 psalmo
3386 1362 3587 1418 dicitur
3619 1383 3632 1418 :
3664 1363 3850 1419 Divitiis

2261 1454 2309 1508 si
2347 1455 2578 1525 affluant,
2603 1457 2762 1509 nolite
2799 1472 3184 1528 corupponere.
3210 1455 3430 1510 Initium
3469 1468 3653 1512 autent
3681 1458 3848 1512 salutis

2264 1558 2368 1612 est,
2393 1562 2492 1602 sua
2515 1547 2821 1618 intelligere
2845 1558 2898 1603 et
2921 1549 3052 1602 (lere
3078 1559 3322 1618 pret-ala.

2336 1641 2521 1709 (Vers.
2557 1641 2592 1695 ὃ
2630 1640 2808 1714 seqq.)
2844 1641 3016 1710 Super
3040 1640 3193 1695 Nubo
3215 1653 3259 1695 et
3280 1657 3437 1715 super
3460 1640 3687 1696 Medaba
3716 1641 3847 1697 Moab

2263 1732 2484 1787 uiolabit
2528 1750 2546 1788 :
2586 1734 2641 1788 in
2682 1736 2880 1789 cunctis
2919 1736 3176 1804 capitibus
3215 1738 3330 1808 ejus
3370 1736 3668 1799 calvitium,
3709 1738 3848 1792 omnis

559 1827 732 1883 urbem
777 1827 1119 1898 interpret-uti
1171 1840 1294 1880 sunt
1325 1867 1340 1891 ,
1371 1843 1480 1880 non
1522 1826 1934 1882 considerantes
1955 1867 1972 1892 ,
2017 1825 2160 1894 quod
2195 1819 2236 1878 Β
2265 1825 2666 1883 barbaradetur.
2687 1825 2753 1881 In
2768 1829 2933 1882 triviis
2947 1830 3059 1896 ejus
3073 1828 3589 1882 accinctisuntsarro
3614 1845 3638 1882 .·
3659 1839 3849 1901 etsuper

554 1918 701 1976 inter
723 1935 810 1975 MN
835 1929 889 1974 et
911 1934 1009 1974 nes
1045 1919 1317 1975 elementa
1345 1917 1635 1983 lli-braiCa,
1661 1934 1758 1976 JOD
1787 1919 2020 1974 litteram
2051 1934 2156 1975 ιιοιι

555 2010 820 2075 haberet,
852 2027 972 2080 quae
1003 2011 1045 2065 si
1078 2021 1258 2076 esset,
1292 2025 1443 2066 reete
1488 2012 1690 2066 civitas
1718 2013 2018 2066 diceretur.
2051 2015 2151 2065 Sa-

557 2104 764 2176 pientia
785 2105 1085 2167 sa‘cttlaris,
1123 2105 1190 2158 de
1213 2120 1316 2172 qua
1345 2105 1610 2160 Dominus
1641 2107 1876 2174 loquitur
1903 2121 1997 2174 per
2028 2105 2160 2159 Pro-

557 2197 778 2268 pbetatn
816 2215 828 2250 :
863 2196 1094 2251 Perdant
1121 2196 1428 2269 sapientiam
1454 2199 1799 2268 sapientium,
1841 2208 1886 2250 rt
1937 2199 2163 2267 pruden—

556 2293 682 2346 tiam
709 2290 1042 2358 prudentium
1089 2292 1374 2356 t'eprobabo
1403 2291 1608 2361 (Abdiu:
1629 2293 1693 2357 8;
1739 2291 1759 2346 Ι
1797 2289 1919 2346 Cor.
1955 2308 1993 2355 ι,
2031 2291 2115 2362 l9)
2144 2308 2157 2344 :

551 2389 678 2457 quia
702 2397 984 2442 aut-torem
1013 2388 1095 2440 sui
1127 2402 1348 2441 sensum
1381 2385 1566 2452 habet,
1594 2385 1686 2455 qui
1731 2401 1796 2440 ex
1845 2384 2162 2440 conditione

557 2478 653 2536 Dei
686 2493 1003 2550 generatur,
1041 2477 1497 2545 videturquidetn
1530 2481 1598 2531 de
1629 2489 1782 2547 patre
1807 2478 1986 2542 nasci,
2018 2477 2159 2544 quod

555 2574 948 2644 interpretatur
979 2573 1170 2639 Moab;
1201 2574 1296 2629 Sed
1329 2573 1454 2644 quia
1483 2572 1703 2627 adulter
1733 2582 1849 2637 est,
1887 2581 1940 2626 et
1968 2571 2165 2626 adver-

549 2669 729 2724 sarius
795 2670 996 2740 populo
1058 2670 1190 2734 Dei,
1244 2668 1313 2723 de
1378 2669 1624 2735 incesut,
1673 2678 1728 2722 et
1789 2668 2048 2738 spelunca
2099 2682 2163 2723 ac

554 2770 714 2818 nocte
738 2772 1054 2832 generatur.
1081 2761 1236 2818 Unde
1267 2768 1319 2814 in
1346 2773 1505 2817 nocte
1541 2763 1721 2824 periit.
1754 2762 1806 2815 in
1837 2778 2024 2816 errore
2057 2761 2164 2816 sci-

554 2859 682 2914 licet
725 2860 1085 2925 sempiterno.
1121 2855 1187 2910 Et
1217 2854 1457 2926 [Egyptii
1502 2857 1554 2908 itt
1598 2855 1733 2909 triari
1769 2855 1955 2909 Rubro
1981 2855 2162 2924 vigilia

553 2959 842 3022 matutina,
864 2973 986 3029 quae
1015 2967 1342 3010 not-turnum
1375 2964 1593 3024 tempus
1615 2957 1880 3017 OSttEIItlll,
1907 2952 2162 3008 ﬂuctibus

552 3051 732 3107 obruti
765 3061 897 3105 sunt
945 3048 1144 3122 (Exod.
1195 3053 1330 3116 stv).
1380 3048 1443 3101 Et
1485 3047 1622 3112 Lot,
1660 3047 1960 3100 Sodomitis
2003 3053 2162 3100 nocte

553 3145 935 3216 pereuntibus,
967 3141 1115 3196 venit
1145 3141 1196 3195 in
1225 3142 1417 3211 Segor,
1453 3149 1506 3195 et
1535 3147 1689 3193 ortus
1716 3148 1802 3194 est
1829 3140 1875 3193 ei
1899 3140 1977 3194 sol
2003 3138 2156 3210 (Gen.

2265 1931 2395 1974 tectu
2416 1924 2530 1995 ejus
2551 1931 2598 1974 et
2619 1921 2672 1974 in
2713 1923 2898 1992 plateis
2923 1922 3033 1993 ejus
3073 1922 3243 1977 omnis
3283 1921 3452 1975 ululat
3489 1919 3679 1994 [Vu!g.
3703 1923 3849 1976 ulula-

2259 2014 2367 2088 tus]
2394 2033 2405 2069 :
2432 2016 2696 2070 descendet
2721 2016 2773 2067 in
2810 2017 3007 2084 ﬂetum.
3034 2013 3104 2069 Et
3143 2015 3388 2069 clamabit
3415 2013 3621 2070 Escbon
3656 2024 3702 2068 et
3740 2013 3844 2069 Ele-

2260 2108 2382 2162 ale:
2406 2124 2565 2174 usque
2585 2106 2653 2159 ad
2689 2105 2818 2160 Josa
2860 2107 3038 2162 audita
3079 2118 3150 2161 cst
3191 2123 3292 2161 vos:
3331 2123 3510 2161 eorum
3535 2122 3554 2160 :
3593 2123 3748 2174 super
3769 2109 3846 2159 Itoc

2263 2201 2492 2272 expediti
2545 2199 2701 2253 Moab
2731 2199 3046 2254 ululabunt:
3087 2203 3265 2252 anima
3311 2201 3422 2269 ejus
3471 2201 3698 2253 ululabit
3743 2199 3841 2254 sibi.

2264 2293 2366 2348 Cor
2378 2311 2542 2348 meum
2558 2295 2627 2348 ad
2653 2294 2810 2348 .lloub
2829 2295 3072 2367 clamabit
3091 2311 3109 2349 :
3125 2305 3286 2349 vectes
3303 2297 3416 2368 ejus
3429 2293 3679 2366 usquead
3705 2292 3844 2361 Segor

2261 2390 2477 2442 vitulam
2499 2399 2917 2442 cortemantem:
2949 2404 3038 2456 per
3063 2403 3334 2442 ascensum
3359 2388 3494 2441 enim
3522 2384 3683 2439 Luitlt
3705 2385 3842 2458 267

2263 2484 2394 2553 ﬂens
2415 2482 2677 2546 ascendet,
2703 2493 2750 2536 et
2779 2484 2832 2537 in
2856 2484 2936 2536 via
2963 2481 3213 2537 Oronaim
3233 2483 3510 2535 clamorem
3532 2479 3844 2534 contritionis

2265 2576 2546 2632 levabant:
2596 2593 2744 2646 aqua:
2781 2579 2917 2632 enim
2963 2574 3200 2631 Nemrim
3257 2575 3472 2630 desertte
3520 2583 3707 2629 erunt:
3743 2572 3843 2642 quia

2265 2672 2399 2725 aruit
2433 2671 2817 2742 Iterba,defecit
2841 2686 3070 2741 germen.
3104 2671 3243 2724 uiror
3288 2670 3457 2723 omnis
3489 2669 3706 2722 interiit.
3757 2666 3843 2723 Se-

2265 2769 2494 2820 cundum
2534 2765 2947 2839 magnitudinem
2979 2765 3167 2836 aperis,
3201 2775 3248 2819 et
3280 2765 3506 2818 visitatio
3530 2779 3710 2818 eorum
3731 2778 3748 2817 :
3789 2760 3846 2814 ad

2265 2871 2540 2916 torrentem
2565 2861 2785 2913 salicum
2815 2862 3000 2914 ducent
3030 2876 3152 2914 eos:
3181 2860 3425 2926 quoniam
3469 2858 3707 2911 circumit
3747 2855 3842 2910 cla-

2264 2967 2376 3006 mor
2402 2951 2679 3004 terminum
2703 2948 2860 3003 Moab
2885 2965 2903 3004 :
2931 2966 3090 3019 usque
3120 2948 3189 3001 ad
3218 2947 3447 3020 Agallim
3471 2947 3703 3002 ululatus
3727 2949 3840 3020 ejus,

2263 3055 2309 3099 et
2332 3061 2494 3114 usque
2522 3046 2590 3097 ad
2611 3059 2818 3116 puteum
2849 3041 2988 3095 Elim
3014 3042 3211 3096 clamor
3239 3045 3385 3114 ejus:
3427 3042 3550 3110 quia
3592 3057 3738 3111 aqua:
3765 3038 3842 3094 Di-

2266 3154 2384 3190 mon
2405 3137 2614 3202 repleta:
2637 3146 2757 3188 sunt
2779 3135 3048 3206 sanguine.
3081 3132 3281 3188 Portam
3312 3133 3450 3187 enim
3483 3148 3644 3200 super
3678 3132 3843 3184 Dimon

553 3214 691 3307 in).
745 3237 904 3308 Quod
951 3235 1260 3306 intelligens
1301 3235 1491 3289 beatus
1521 3234 1814 3301 ΑρηειυΙιμ
1864 3233 2057 3288 scribit
2096 3233 2164 3288 de
2191 3214 2236 3276 (ἶ
2267 3230 2623 3283 additamenta
2650 3229 2730 3282 Itis
2759 3229 2847 3299 qui
2866 3228 3094 3299 fugerint
3124 3229 3186 3280 de
3216 3225 3374 3281 Moab
3397 3227 3615 3295 leonem,
3657 3238 3701 3281 et
3738 3224 3845 3280 reli-

556 3332 762 3388 sauotis
791 3342 958 3399 atque
991 3328 1246 3396 perlecns
1279 3325 1322 3388 (1
1355 3325 1535 3381 Thess.
1565 3342 1618 3392 v,
1646 3325 1769 3396 6,7)
1793 3342 1806 3379 :
1828 3324 1952 3380 Non
1980 3342 2161 3380 ramus

556 3425 756 3489 noctis,
789 3424 954 3498 266
995 3439 1157 3490 neque
1184 3421 1530 3483 tenebrarum,
1558 3420 1650 3474 sed
1695 3436 1874 3474 sumus
1906 3421 2004 3486 lilii
2029 3420 2157 3478 diei.

560 3517 661 3583 Qui
691 3518 826 3570 enim
857 3515 1120 3570 dormiunt
1149 3556 1165 3579 ,
1199 3523 1345 3567 nocte
1375 3511 1641 3565 dormiunt
1660 3553 1674 3572 ,
1705 3525 1753 3565 et
1772 3515 1861 3582 qui
1894 3511 2155 3566 inebrian-

555 3618 665 3671 tur,
689 3619 836 3663 nocte
857 3608 987 3663 ebrii
1007 3615 1145 3662 sunt.
1180 3603 1289 3660 Nos
1322 3614 1505 3658 autem
1537 3606 1626 3672 qui
1658 3602 1768 3656 diei
1789 3619 1999 3662 smnus.
2026 3603 2161 3674 vigi-

552 3702 730 3757 lemus
761 3702 929 3756 induti
961 3701 1128 3755 lorica
1153 3698 1277 3752 ﬁdei
1309 3708 1362 3753 et
1386 3695 1691 3752 charitatis.
1709 3695 1777 3750 Et
1795 3697 1920 3766 quia
1944 3709 2155 3752 noctem

553 3797 885 3860 reliquerat,
915 3806 968 3851 et
1001 3793 1142 3850 [ilius
1183 3793 1291 3848 diei
1316 3806 1440 3848 es~e
1465 3793 1578 3860 jam
1617 3806 1854 3860 cmperat
1875 3833 1890 3857 ,
1919 3793 2158 3858 loquitur

553 3891 619 3945 ad
647 3891 941 3946 credentes
973 3907 986 3942 :
1018 3886 1072 3942 Ν
1079 3904 1146 3943 oa:
1185 3886 1447 3960 prmessit
1467 3925 1483 3952 ,
1516 3885 1624 3939 dies
1650 3898 1820 3938 autem
1864 3886 2154 3955 appmpin-

550 3966 748 4054 quavit,
775 3983 924 4051 quasi
955 3983 1010 4036 in
1041 3982 1124 4036 die
1152 3998 1268 4034 cum
1300 3981 1565 4034 honestate
1589 3979 1908 4032 ambulemus
1928 4019 1942 4041 ,
1972 3993 2076 4031 non
2100 3978 2156 4030 in

551 4076 1013 4133 comessationibus
1059 4087 1106 4130 et
1141 4073 1472 4129 ebrietatibus
1501 4114 1517 4138 ,
1558 4089 1661 4126 non
1707 4073 1761 4125 in
1806 4073 2059 4128 cubilibus
2107 4081 2156 4127 et

549 4177 765 4232 lacuna
795 4171 976 4244 (Rern.
1006 4185 1126 4232 snt,
1157 4169 1273 4238 12).
1302 4167 1573 4221 Pereuute
1597 4175 1782 4218 autem
1818 4176 1981 4220 nocte
2009 4163 2155 4220 Moa-

549 4273 745 4335 bitidis,
775 4272 938 4324 etiam
971 4281 1158 4321 murus
1189 4265 1346 4335 ejus,
1390 4264 1479 4332 qui
1527 4261 1815 4316 dialectica
1863 4271 1978 4316 arte
2023 4276 2154 4316 cou-

550 4373 792 4424 structus
834 4369 952 4428 est,
1011 4361 1064 4415 in
1117 4357 1308 4413 eadem
1363 4366 1522 4412 nocte
1573 4367 1820 4410 vasmtus
1867 4363 1951 4410 est
1989 4367 2153 4425 atque

547 4459 892 4522 desrruetus,
915 4463 972 4509 et
996 4464 1199 4507 aeterna
1233 4451 1600 4505 taciturnitate
1644 4449 1926 4504 conticuit.
1983 4449 2152 4504 Porro

551 4553 647 4614 Ar,
677 4550 820 4618 qunti
849 4555 1238 4619 interpretatur
1259 4544 1530 4606 ἀντίδικος.
1560 4545 1610 4599 id
1637 4555 1719 4600 est
1744 4585 1759 4609 ,
1791 4544 2145 4606 adversarius,

2261 3322 2398 3392 quiis
2425 3332 2590 3377 terrte.
2619 3324 2756 3390 Quia
2789 3322 2967 3377 omnis
2995 3322 3294 3391 prophetia:
3347 3321 3510 3392 hujus
3557 3338 3694 3391 pene
3723 3335 3842 3375 unus

2261 3427 2345 3472 est
2376 3432 2589 3486 seruus,
2625 3433 2692 3472 ne
2737 3433 2858 3472 eain
2906 3432 3002 3489 per
3033 3430 3216 3488 partes
3249 3420 3611 3489 proponendo
3653 3418 3844 3473 lacera-

2262 3526 2400 3576 rem,
2422 3512 2584 3566 simul
2611 3512 2920 3566 universam
2941 3510 3122 3583 posui,
3156 3520 3210 3565 et
3238 3512 3362 3579 quid
3393 3512 3523 3566 milii
3555 3513 3840 3568 secundum

2261 3623 2538 3678 anagugeu
2567 3607 2817 3661 videatur
2845 3607 2896 3659 in
2938 3605 3186 3676 singulis,
3223 3604 3371 3661 brevi
3421 3620 3682 3660 sermone
3729 3620 3840 3674 per-

2259 3715 2496 3764 curram,
2536 3699 2684 3753 A’abo
2712 3702 3100 3766 interpretatur
3123 3698 3380 3753 sessiovel
3410 3697 3715 3769 propheia:
3746 3695 3841 3751 Mc.

2260 3792 2415 3856 daba,
2451 3791 2516 3846 de
2542 3790 2622 3846 δαι
2648 3809 2679 3845 u
2710 3808 2728 3846 :
2756 3790 2965 3847 Esebon
3013 3793 3356 3863 cogit..tiones
3380 3807 3399 3845 :
3430 3790 3636 3854 Eleale,
3679 3808 3842 3846 ascen-

2257 3889 2335 3942 sio
2365 3903 2385 3943 :
2431 3886 2583 3952 Jusa,
2635 3889 2830 3957 factum
2886 3885 3001 3942 sive
3033 3885 3376 3940 mandatur»:
3411 3884 3608 3954 Segor,
3661 3901 3841 3956 parva:

2261 3981 2436 4050 Luitlt,
2490 3997 2667 4053 gente:
2709 3980 2980 4047 Oronaim,
3031 3984 3265 4051 foramen
3298 3979 3564 4033 mwroris:
3602 3978 3840 4041 Nemrint,

2258 4076 2406 4143 pardi
2426 4075 2541 4128 sive
2570 4074 3028 4146 praevaricatores:
3061 4073 3312 4145 Agallint,
3345 4069 3494 4125 vituli
3533 4073 3622 4127 vel
3675 4087 3843 4126 arena-

2258 4183 2376 4222 rum
2397 4169 2619 4221 tumuli:
2651 4165 2812 4228 Elim,
2857 4166 3040 4220 arietes
3083 4169 3199 4220 sive
3240 4162 3672 4236 fortes;Dimon,
3704 4164 3843 4236 sufﬁv

2255 4261 2395 4314 ciens
2418 4275 2622 4314 maeror.
2669 4259 2808 4327 Quia
2851 4259 3017 4329 igitur
3060 4273 3224 4313 omne
3272 4258 3466 4329 dogma
3514 4258 3838 4313 contrarium

2254 4354 2527 4418 veritatis,
2555 4353 2700 4423 quod
2732 4352 2936 4421 abSque
2977 4352 3332 4422 inspiratione
3376 4353 3470 4407 Dei
3497 4351 3568 4408 tle
3616 4353 3839 4407 humano

2254 4465 2419 4508 sensu
2453 4451 2504 4504 in
2550 4449 2758 4503 erroris
2806 4447 3044 4503 tenebris
3078 4448 3341 4512 nascitur,
3392 4459 3550 4503 nocte
3580 4458 3837 4502 vastatum

2254 4555 2359 4607 est,
2392 4556 2446 4598 et
2501 4554 2824 4616 argumenta
2879 4543 3042 4604 illius,
3095 4559 3215 4614 quae
3259 4543 3637 4614 intelliguntur
3676 4543 3837 4608 muri,

550 4645 658 4703 hoc
697 4642 973 4708 ostendit,
1003 4641 1147 4712 quod
1181 4641 1295 4695 haec
1333 4639 1636 4708 sapieiitia,
1668 4652 1790 4707 quaa
1831 4624 2145 4692 adversaria
2175 4613 2227 4676 D
2255 4639 2644 4695 Eeclesiastieo
2670 4652 2925 4695 sermone
2969 4637 3244 4692 deStructa
3285 4647 3449 4702 sunt;
3485 4636 3560 4690 ita
3603 4647 3657 4691 ut
3688 4645 3839 4690 a-ter-

550 4738 647 4796 Dei
677 4749 755 4792 est
775 4778 790 4803 ,
816 4735 1201 4792 Ecclesiastieo
1233 4746 1492 4789 sermone
1523 4740 1715 4787 contra
1739 4747 1799 4787 se
1831 4741 2105 4803 pugnante
2131 4773 2146 4799 ,

546 4846 802 4904 superata
833 4830 923 4886 sit.

617 4925 798 4998 (Ve‘rs.
835 4925 916 4995 εὶ.)
942 4923 1187 4979 Ascendit
1214 4922 1398 4976 domus
1418 4964 1432 4982 .
1462 4933 1511 4978 et
1543 4920 1570 4960 δ
1602 4921 1791 4978 Dimon
1830 4924 1901 4977 ad
1944 4925 2149 4979 excelsa

539 5019 597 5073 in
641 5018 926 5090 planctum.
979 5013 1122 5070 LXX
1158 5032 1172 5068 :
1220 5013 1614 5068 Contristamini
1651 5014 1909 5078 iuvabis,
1961 5015 2147 5084 peribit

540 5116 679 5170 enim
712 5112 936 5177 Damon,
965 5111 1051 5166 ubi
1079 5127 1176 5165 ara
1213 5119 1288 5164 est
1313 5125 1332 5164 :
1354 5107 1486 5164 illuc
1519 5109 1806 5164 ascendetis
1833 5109 1901 5164 ad
1925 5109 2141 5181 ploran-

541 5208 688 5264 dum.
720 5207 911 5261 Omnis
935 5204 1131 5260 domos
1175 5205 1418 5259 adversm
1465 5203 1750 5270 sapientiae
1777 5244 1793 5268 ,
1828 5213 1882 5255 et
1927 5200 2097 5256 Dibon
2121 5244 2136 5267 ,

539 5320 658 5373 qua-
691 5303 1083 5370 interpretatur
1103 5301 1280 5372 [luxus
1300 5315 1499 5363 eorum,
1528 5298 1776 5355 ascendit
1805 5298 2054 5358 excelsa.
2085 5299 2136 5353 in

539 5395 738 5466 quibus
788 5395 1132 5465 superbierat
1166 5411 1178 5446 :
1213 5409 1318 5446 non
1375 5400 1432 5446 ut
1473 5391 1678 5446 hostias
1719 5391 1998 5456 immolet,
2040 5390 2136 5445 sed

537 5489 759 5560 plangat
783 5492 834 5542 in
863 5487 1061 5559 quibus
1089 5495 1218 5541 ante
1260 5492 1600 5557 peccaverat.
1638 5483 1708 5539 Et
1745 5499 1936 5540 revera
1979 5499 2136 5538 men-

607 5660 632 5689 ⁸
661 5650 782 5706 Sire
799 5667 932 5715 aqua
959 5659 1200 5723 paterna.
1229 5646 1435 5723 Lingua
1469 5642 1965 5723 Egyptiaranaqua.
1986 5641 2126 5696 dici-

535 5734 622 5776 tur
643 5738 749 5784 Ilo;
770 5713 912 5777 trude
935 5713 1107 5776 Moses
1132 5718 1286 5790 quasi
1311 5713 1378 5771 ei
1400 5733 1535 5785 aqua
1557 5718 1752 5769 sal-vus.
1779 5715 1824 5767 Μ
1835 5713 2133 5790 nubilaque

535 5813 670 5868 aqua
707 5795 900 5867 patris,
949 5794 1036 5849 vel
1083 5785 1218 5864 aqua
1247 5807 1310 5846 ea:
1335 5800 1481 5862 putre
1507 5799 1683 5860 potest
1715 5785 1964 5914 illhllt‘lilgi.

1533 5913 1536 5916 .
1802 5873 1998 5916 ARTIAN

2251 4747 2323 4787 no
2351 4732 2574 4788 silentio
2603 4729 2992 4788 cotttit-ueriut.
3026 4729 3078 4784 in
3110 4739 3316 4783 tanturn
3365 4742 3421 4783 ttt
3456 4730 3713 4786 universa
3754 4742 3839 4785 eo-

2249 4841 2368 4880 rum
2401 4823 2587 4888 factio,
2615 4822 2683 4878 ad
2716 4821 3090 4892 pmnitemiatn
3123 4829 3179 4877 et
3211 4823 3477 4893 lacrymas
3512 4829 3834 4885 Verteretur,

2248 4933 2413 4988 super
2435 4915 2608 4983 Nubo,
2634 4915 2684 4969 id
2715 4924 2818 4973 est.
2846 4915 3182 4986 pl‘OIllIPliam
3212 4925 3266 4968 et
3295 4915 3620 4980 sessionem,
3655 4914 3707 4968 id
3735 4924 3833 4977 est,

2249 5013 2538 5082 titagiSII'os
2562 5027 2775 5077 eorum,
2807 5017 2863 5065 et
2887 5026 3051 5076 super
3079 5009 3328 5068 Medab't.
3353 5010 3444 5063 ubi
3471 5025 3578 5064 non
3605 5021 3726 5065 sunt
3754 5025 3836 5063 ar-

2246 5105 2407 5160 bores
2436 5103 2753 5169 l‘rttctutis:e,
2785 5103 2881 5158 sed
2933 5104 3105 5158 saltus
3129 5101 3414 5168 iiilertilis,
3455 5101 3508 5155 in
3555 5119 3662 5163 quo
3695 5101 3833 5156 habi-

2243 5206 2356 5251 tant
2379 5198 2586 5262 bestim,
2612 5197 2681 5252 de
2706 5212 2812 5264 quo
2841 5197 2894 5249 in
2927 5197 3395 5250 vicesimi-octavo
3417 5196 3629 5266 psalmo
3657 5209 3830 5264 scrip-

2244 5300 2352 5346 tutu
2378 5299 2495 5346 est:
2526 5291 2591 5345 Et
2615 5290 2857 5345 reuelabit
2878 5288 3140 5344 condensa
3160 5287 3360 5342 saltus:
3393 5297 3497 5343 erit
3523 5289 3756 5344 ululatus
3781 5293 3830 5342 et

2243 5388 2510 5456 planctus,
2545 5397 2600 5439 et
2623 5384 2804 5439 omnia
2836 5384 2904 5438 de
2945 5383 3215 5454 capitibus
3260 5398 3448 5438 eorum
3503 5381 3828 5460 eloqueutiat:

2241 5491 2558 5536 ornamenta
2588 5479 2878 5543 tollentur;
2907 5478 2986 5531 ita
3030 5489 3087 5530 ut
3115 5477 3242 5531 nudi
3274 5488 3532 5531 maneant
3567 5485 3622 5532 et
3647 5474 3827 5529 defor-

2307 5637 2335 5677 ¹>
2375 5637 2432 5693 In
2454 5637 2627 5692 Vatic.
2683 5635 2851 5690 Dibon
2897 5645 3218 5692 constanter
3273 5650 3371 5706 pro
3401 5633 3591 5688 Dimon
3618 5644 3718 5695 est,
3758 5633 3824 5688 de

2239 5728 2342 5778 qua
2375 5727 2523 5764 varia
2548 5714 2666 5777 ejus
2696 5708 2931 5763 tmuiois
2968 5709 3205 5764 lectione
3234 5709 3517 5778 superiore
3545 5709 3678 5762 libro
3713 5720 3823 5776 Ipse

2241 5782 2564 5852 Hieronym.
2609 5781 2856 5837 disserit.
