  <div class='ocr_page' id='page_1' title='image "/cluster/home/n/w/nwhite01/storage/ocr_20150623/24/hvd.32044015471386/122.png"; bbox 0 0 4014 6440; ppageno 0'>
   <div class='ocr_carea' id='block_1_1' title="bbox 200 324 310 383">
    <p class='ocr_par' dir='ltr' id='par_1_1' title="bbox 200 324 310 383">
     <span class='ocr_line' id='line_1_1' title="bbox 200 324 310 383; baseline 0 0"><span class='ocrx_word' id='word_1_1' title='bbox 200 324 310 383; x_wconf 68' lang='grc'><strong>253</strong></span> 
     </span>
    </p>
   </div>
   <div class='ocr_carea' id='block_1_2' title="bbox 749 288 2969 420">
    <p class='ocr_par' dir='ltr' id='par_1_2' title="bbox 749 288 2969 420">
     <span class='ocr_line' id='line_1_2' title="bbox 749 288 2969 420; baseline 0.009 -29"><span class='ocrx_word' id='word_1_2' title='bbox 749 288 1401 397; x_wconf 65' lang='lat' dir='ltr'><strong>communicavit</strong></span> <span class='ocrx_word' id='word_1_3' title='bbox 1442 336 1509 398; x_wconf 85' lang='lat' dir='ltr'><strong>IN</strong></span> <span class='ocrx_word' id='word_1_4' title='bbox 1548 337 1787 401; x_wconf 66' lang='lat' dir='ltr'><strong>[SAMM</strong></span> <span class='ocrx_word' id='word_1_5' title='bbox 1822 338 2273 420; x_wconf 61' lang='lat' dir='ltr'><strong>raucarum,</strong></span> <span class='ocrx_word' id='word_1_6' title='bbox 2316 347 2446 408; x_wconf 85' lang='lat' dir='ltr'><strong>LIB.</strong></span> <span class='ocrx_word' id='word_1_7' title='bbox 2491 347 2580 408; x_wconf 81' lang='lat' dir='ltr'><strong>vr.</strong></span> <span class='ocrx_word' id='word_1_8' title='bbox 2621 350 2779 412; x_wconf 82' lang='lat' dir='ltr'><strong>CAP.</strong></span> <span class='ocrx_word' id='word_1_9' title='bbox 2823 354 2969 413; x_wconf 83' lang='lat' dir='ltr'><strong>xvr.</strong></span> 
     </span>
    </p>
   </div>
   <div class='ocr_carea' id='block_1_3' title="bbox 3401 329 3509 423">
    <p class='ocr_par' dir='ltr' id='par_1_3' title="bbox 3401 329 3509 423">
     <span class='ocr_line' id='line_1_3' title="bbox 3401 329 3509 423; baseline 0.037 -4"><span class='ocrx_word' id='word_1_10' title='bbox 3401 329 3509 423; x_wconf 61' lang='lat' dir='ltr'><strong>sat</strong></span> 
     </span>
    </p>
   </div>
   <div class='ocr_carea' id='block_1_4' title="bbox 200 444 3511 543">
    <p class='ocr_par' dir='ltr' id='par_1_4' title="bbox 200 444 3511 543">
     <span class='ocr_line' id='line_1_4' title="bbox 200 444 3511 543; baseline 0.01 -42"><span class='ocrx_word' id='word_1_11' title='bbox 200 461 341 502; x_wconf 86' lang='lat' dir='ltr'><strong>mes.</strong></span> <span class='ocrx_word' id='word_1_12' title='bbox 367 445 441 503; x_wconf 89' lang='lat' dir='ltr'><strong>Et</strong></span> <span class='ocrx_word' id='word_1_13' title='bbox 460 444 506 504; x_wconf 88' lang='lat' dir='ltr'><strong>si</strong></span> <span class='ocrx_word' id='word_1_14' title='bbox 535 446 666 521; x_wconf 91' lang='lat' dir='ltr'><strong>quid</strong></span> <span class='ocrx_word' id='word_1_15' title='bbox 690 452 967 512; x_wconf 73' lang='lat' dir='ltr'><strong>virilitatis</strong></span> <span class='ocrx_word' id='word_1_16' title='bbox 992 456 1195 513; x_wconf 83' lang='lat' dir='ltr'><strong>habere</strong></span> <span class='ocrx_word' id='word_1_17' title='bbox 1228 458 1555 515; x_wconf 73' lang='lat' dir='ltr'><strong>videbantur</strong></span> <span class='ocrx_word' id='word_1_18' title='bbox 1592 461 1645 516; x_wconf 93' lang='lat' dir='ltr'><strong>in</strong></span> <span class='ocrx_word' id='word_1_19' title='bbox 1681 462 1809 518; x_wconf 88' lang='lat' dir='ltr'><strong>bar—</strong></span> <span class='ocrx_word' id='word_1_20' title='bbox 1835 468 1884 527; x_wconf 76' lang='grc' dir='ltr'>Α</span> <span class='ocrx_word' id='word_1_21' title='bbox 1917 465 2286 535; x_wconf 73' lang='lat' dir='ltr'><strong>plangentium</strong></span> <span class='ocrx_word' id='word_1_22' title='bbox 2318 486 2332 522; x_wconf 88' lang='lat'><strong>:</strong></span> <span class='ocrx_word' id='word_1_23' title='bbox 2364 476 2422 523; x_wconf 88' lang='lat' dir='ltr'><strong>ut</strong></span> <span class='ocrx_word' id='word_1_24' title='bbox 2452 470 2650 526; x_wconf 76' lang='lat' dir='ltr'><strong>olierre</strong></span> <span class='ocrx_word' id='word_1_25' title='bbox 2689 474 2895 543; x_wconf 79' lang='lat' dir='ltr'><strong>possint</strong></span> <span class='ocrx_word' id='word_1_26' title='bbox 2929 488 3027 543; x_wconf 88' lang='lat' dir='ltr'><strong>per</strong></span> <span class='ocrx_word' id='word_1_27' title='bbox 3052 472 3319 532; x_wconf 83' lang='lat' dir='ltr'><strong>ululatum</strong></span> <span class='ocrx_word' id='word_1_28' title='bbox 3351 492 3511 535; x_wconf 91' lang='lat' dir='ltr'><strong>suum</strong></span> 
     </span>
    </p>
   </div>
   <div class='ocr_carea' id='block_1_5' title="bbox 198 539 1810 619">
    <p class='ocr_par' dir='ltr' id='par_1_5' title="bbox 198 539 1810 619">
     <span class='ocr_line' id='line_1_5' title="bbox 198 539 1810 619; baseline 0.011 -24"><span class='ocrx_word' id='word_1_29' title='bbox 198 539 264 595; x_wconf 88' lang='lat' dir='ltr'><strong>ba</strong></span> <span class='ocrx_word' id='word_1_30' title='bbox 285 583 301 604; x_wconf 91' lang='lat'><strong>,</strong></span> <span class='ocrx_word' id='word_1_31' title='bbox 331 556 517 597; x_wconf 80' lang='lat' dir='ltr'><strong>rasum</strong></span> <span class='ocrx_word' id='word_1_32' title='bbox 536 558 575 598; x_wconf 65' lang='lat' dir='ltr'><strong>&#39;a</strong></span> <span class='ocrx_word' id='word_1_33' title='bbox 610 546 732 602; x_wconf 92' lang='lat' dir='ltr'><strong>viro</strong></span> <span class='ocrx_word' id='word_1_34' title='bbox 773 548 1185 619; x_wconf 59' lang='lat' dir='ltr'><strong>ECCieSiasllCO,</strong></span> <span class='ocrx_word' id='word_1_35' title='bbox 1218 551 1595 609; x_wconf 81' lang='lat' dir='ltr'><strong>elfeminatum</strong></span> <span class='ocrx_word' id='word_1_36' title='bbox 1634 565 1689 612; x_wconf 91' lang='lat' dir='ltr'><strong>et</strong></span> <span class='ocrx_word' id='word_1_37' title='bbox 1714 555 1810 613; x_wconf 87' lang='lat' dir='ltr'><strong>de-</strong></span> 
     </span>
    </p>
   </div>
   <div class='ocr_carea' id='block_1_6' title="bbox 198 632 1806 717">
    <p class='ocr_par' dir='ltr' id='par_1_6' title="bbox 198 632 1806 717">
     <span class='ocr_line' id='line_1_6' title="bbox 198 632 1806 717; baseline 0.009 -26"><span class='ocrx_word' id='word_1_38' title='bbox 198 632 308 691; x_wconf 83' lang='lat' dir='ltr'><strong>bile</strong></span> <span class='ocrx_word' id='word_1_39' title='bbox 330 638 739 707; x_wconf 90' lang='lat' dir='ltr'><strong>comprobetur.</strong></span> <span class='ocrx_word' id='word_1_40' title='bbox 774 640 831 697; x_wconf 87' lang='lat' dir='ltr'><strong>lu</strong></span> <span class='ocrx_word' id='word_1_41' title='bbox 869 644 1045 700; x_wconf 80' lang='lat' dir='ltr'><strong>triviis</strong></span> <span class='ocrx_word' id='word_1_42' title='bbox 1071 660 1289 717; x_wconf 84' lang='lat' dir='ltr'><strong>quoque</strong></span> <span class='ocrx_word' id='word_1_43' title='bbox 1339 662 1556 712; x_wconf 86' lang='lat' dir='ltr'><strong>eorum,</strong></span> <span class='ocrx_word' id='word_1_44' title='bbox 1589 648 1641 704; x_wconf 90' lang='lat' dir='ltr'><strong>id</strong></span> <span class='ocrx_word' id='word_1_45' title='bbox 1688 658 1806 716; x_wconf 87' lang='lat' dir='ltr'><strong>est,</strong></span> 
     </span>
    </p>
   </div>
   <div class='ocr_carea' id='block_1_7' title="bbox 198 728 1811 816">
    <p class='ocr_par' dir='ltr' id='par_1_7' title="bbox 198 728 1811 816">
     <span class='ocr_line' id='line_1_7' title="bbox 198 728 1811 816; baseline 0.01 -31"><span class='ocrx_word' id='word_1_46' title='bbox 198 728 551 788; x_wconf 87' lang='lat' dir='ltr'><strong>diverticulis</strong></span> <span class='ocrx_word' id='word_1_47' title='bbox 586 749 858 802; x_wconf 88' lang='lat' dir='ltr'><strong>errorum,</strong></span> <span class='ocrx_word' id='word_1_48' title='bbox 893 737 1023 794; x_wconf 92' lang='lat' dir='ltr'><strong>dum</strong></span> <span class='ocrx_word' id='word_1_49' title='bbox 1067 755 1166 809; x_wconf 91' lang='lat' dir='ltr'><strong>pro</strong></span> <span class='ocrx_word' id='word_1_50' title='bbox 1186 741 1465 798; x_wconf 76' lang='lat' dir='ltr'><strong>voluntate</strong></span> <span class='ocrx_word' id='word_1_51' title='bbox 1512 757 1609 798; x_wconf 90' lang='lat' dir='ltr'><strong>sua</strong></span> <span class='ocrx_word' id='word_1_52' title='bbox 1655 743 1811 816; x_wconf 83' lang='lat' dir='ltr'><strong>tingit</strong></span> 
     </span>
    </p>
   </div>
   <div class='ocr_carea' id='block_1_8' title="bbox 200 832 1807 912">
    <p class='ocr_par' dir='ltr' id='par_1_8' title="bbox 200 832 1807 912">
     <span class='ocr_line' id='line_1_8' title="bbox 200 832 1807 912; baseline 0.007 -28"><span class='ocrx_word' id='word_1_53' title='bbox 200 832 583 904; x_wconf 85' lang='lat' dir='ltr'><strong>unusquisque</strong></span> <span class='ocrx_word' id='word_1_54' title='bbox 616 835 769 906; x_wconf 84' lang='lat' dir='ltr'><strong>quod</strong></span> <span class='ocrx_word' id='word_1_55' title='bbox 801 836 1060 907; x_wconf 89' lang='lat' dir='ltr'><strong>voluerit,</strong></span> <span class='ocrx_word' id='word_1_56' title='bbox 1087 839 1391 912; x_wconf 74' lang='lat' dir='ltr'><strong>accingitur</strong></span> <span class='ocrx_word' id='word_1_57' title='bbox 1436 855 1595 897; x_wconf 91' lang='lat' dir='ltr'><strong>sacco</strong></span> <span class='ocrx_word' id='word_1_58' title='bbox 1632 840 1807 911; x_wconf 77' lang='lat' dir='ltr'><strong>poeni-</strong></span> 
     </span>
    </p>
   </div>
   <div class='ocr_carea' id='block_1_9' title="bbox 200 923 1806 1006">
    <p class='ocr_par' dir='ltr' id='par_1_9' title="bbox 200 923 1806 1006">
     <span class='ocr_line' id='line_1_9' title="bbox 200 923 1806 1006; baseline 0.008 -30"><span class='ocrx_word' id='word_1_59' title='bbox 200 923 412 985; x_wconf 61' lang='lat' dir='ltr'><strong>tentiae.</strong></span> <span class='ocrx_word' id='word_1_60' title='bbox 441 936 495 981; x_wconf 89' lang='lat' dir='ltr'><strong>et</strong></span> <span class='ocrx_word' id='word_1_61' title='bbox 519 939 688 997; x_wconf 84' lang='lat' dir='ltr'><strong>super</strong></span> <span class='ocrx_word' id='word_1_62' title='bbox 716 935 856 985; x_wconf 89' lang='lat' dir='ltr'><strong>tecta</strong></span> <span class='ocrx_word' id='word_1_63' title='bbox 884 944 950 985; x_wconf 90' lang='lat' dir='ltr'><strong>ac</strong></span> <span class='ocrx_word' id='word_1_64' title='bbox 985 931 1237 1000; x_wconf 88' lang='lat' dir='ltr'><strong>domata,</strong></span> <span class='ocrx_word' id='word_1_65' title='bbox 1263 938 1315 987; x_wconf 87' lang='lat' dir='ltr'><strong>in</strong></span> <span class='ocrx_word' id='word_1_66' title='bbox 1349 933 1544 1004; x_wconf 80' lang='lat' dir='ltr'><strong>quibus</strong></span> <span class='ocrx_word' id='word_1_67' title='bbox 1575 935 1806 1006; x_wconf 90' lang='lat' dir='ltr'><strong>primum</strong></span> 
     </span>
    </p>
   </div>
   <div class='ocr_carea' id='block_1_10' title="bbox 199 1016 1808 1099">
    <p class='ocr_par' dir='ltr' id='par_1_10' title="bbox 199 1016 1808 1099">
     <span class='ocr_line' id='line_1_10' title="bbox 199 1016 1808 1099; baseline 0.009 -29"><span class='ocrx_word' id='word_1_68' title='bbox 199 1030 260 1072; x_wconf 84' lang='lat' dir='ltr'><strong>se</strong></span> <span class='ocrx_word' id='word_1_69' title='bbox 274 1016 543 1075; x_wconf 78' lang='lat' dir='ltr'><strong>sublimes</strong></span> <span class='ocrx_word' id='word_1_70' title='bbox 563 1034 687 1076; x_wconf 86' lang='lat' dir='ltr'><strong>esse</strong></span> <span class='ocrx_word' id='word_1_71' title='bbox 714 1022 1047 1090; x_wconf 82' lang='lat' dir='ltr'><strong>credebant;</strong></span> <span class='ocrx_word' id='word_1_72' title='bbox 1075 1034 1130 1080; x_wconf 90' lang='lat' dir='ltr'><strong>et</strong></span> <span class='ocrx_word' id='word_1_73' title='bbox 1153 1027 1205 1079; x_wconf 89' lang='lat' dir='ltr'><strong>in</strong></span> <span class='ocrx_word' id='word_1_74' title='bbox 1226 1026 1421 1097; x_wconf 81' lang='lat' dir='ltr'><strong>plateis</strong></span> <span class='ocrx_word' id='word_1_75' title='bbox 1435 1027 1583 1099; x_wconf 91' lang='lat' dir='ltr'><strong>(quia</strong></span> <span class='ocrx_word' id='word_1_76' title='bbox 1609 1043 1715 1085; x_wconf 93' lang='lat' dir='ltr'><strong>non</strong></span> <span class='ocrx_word' id='word_1_77' title='bbox 1733 1030 1808 1085; x_wconf 86' lang='lat' dir='ltr'><strong>iti-</strong></span> 
     </span>
    </p>
   </div>
   <div class='ocr_carea' id='block_1_11' title="bbox 196 1104 1804 1191">
    <p class='ocr_par' dir='ltr' id='par_1_11' title="bbox 196 1104 1804 1191">
     <span class='ocr_line' id='line_1_11' title="bbox 196 1104 1804 1191; baseline 0.009 -27"><span class='ocrx_word' id='word_1_78' title='bbox 196 1104 535 1180; x_wconf 58' lang='lat' dir='ltr'><strong>grediuntur,</strong></span> <span class='ocrx_word' id='word_1_79' title='bbox 560 1128 660 1184; x_wconf 90' lang='lat' dir='ltr'><strong>per</strong></span> <span class='ocrx_word' id='word_1_80' title='bbox 679 1123 963 1186; x_wconf 75' lang='lat' dir='ltr'><strong>angustam</strong></span> <span class='ocrx_word' id='word_1_81' title='bbox 996 1116 1165 1185; x_wconf 88' lang='lat' dir='ltr'><strong>viam,</strong></span> <span class='ocrx_word' id='word_1_82' title='bbox 1187 1134 1308 1190; x_wconf 73' lang='lat' dir='ltr'><strong>qua:</strong></span> <span class='ocrx_word' id='word_1_83' title='bbox 1324 1119 1476 1175; x_wconf 91' lang='lat' dir='ltr'><strong>ducit</strong></span> <span class='ocrx_word' id='word_1_84' title='bbox 1503 1122 1568 1176; x_wconf 90' lang='lat' dir='ltr'><strong>ad</strong></span> <span class='ocrx_word' id='word_1_85' title='bbox 1613 1121 1804 1191; x_wconf 88' lang='lat' dir='ltr'><strong>vitam,</strong></span> 
     </span>
    </p>
   </div>
   <div class='ocr_carea' id='block_1_12' title="bbox 199 1203 1806 1287">
    <p class='ocr_par' dir='ltr' id='par_1_12' title="bbox 199 1203 1806 1287">
     <span class='ocr_line' id='line_1_12' title="bbox 199 1203 1806 1287; baseline 0.01 -29"><span class='ocrx_word' id='word_1_86' title='bbox 199 1203 295 1259; x_wconf 89' lang='lat' dir='ltr'><strong>sed</strong></span> <span class='ocrx_word' id='word_1_87' title='bbox 332 1219 430 1275; x_wconf 90' lang='lat' dir='ltr'><strong>per</strong></span> <span class='ocrx_word' id='word_1_88' title='bbox 461 1207 784 1279; x_wconf 77' lang='lat' dir='ltr'><strong>latam,qu:e</strong></span> <span class='ocrx_word' id='word_1_89' title='bbox 802 1210 954 1267; x_wconf 88' lang='lat' dir='ltr'><strong>ducit</strong></span> <span class='ocrx_word' id='word_1_90' title='bbox 980 1213 1046 1266; x_wconf 91' lang='lat' dir='ltr'><strong>ad</strong></span> <span class='ocrx_word' id='word_1_91' title='bbox 1067 1213 1320 1287; x_wconf 90' lang='lat' dir='ltr'><strong>mortem)</strong></span> <span class='ocrx_word' id='word_1_92' title='bbox 1341 1216 1713 1273; x_wconf 87' lang='lat' dir='ltr'><strong>eritululatus.</strong></span> <span class='ocrx_word' id='word_1_93' title='bbox 1740 1218 1806 1274; x_wconf 86' lang='lat' dir='ltr'><strong>Et</strong></span> 
     </span>
    </p>
   </div>
   <div class='ocr_carea' id='block_1_13' title="bbox 201 1304 1809 1376">
    <p class='ocr_par' dir='ltr' id='par_1_13' title="bbox 201 1304 1809 1376">
     <span class='ocr_line' id='line_1_13' title="bbox 201 1304 1809 1376; baseline 0.009 -24"><span class='ocrx_word' id='word_1_94' title='bbox 201 1312 547 1369; x_wconf 79' lang='lat' dir='ltr'><strong>nequaquam</strong></span> <span class='ocrx_word' id='word_1_95' title='bbox 564 1304 936 1360; x_wconf 86' lang='lat' dir='ltr'><strong>ascendentiu</strong></span> <span class='ocrx_word' id='word_1_96' title='bbox 956 1307 1293 1376; x_wconf 87' lang='lat' dir='ltr'><strong>superbiam,</strong></span> <span class='ocrx_word' id='word_1_97' title='bbox 1338 1310 1435 1365; x_wconf 92' lang='lat' dir='ltr'><strong>sed</strong></span> <span class='ocrx_word' id='word_1_98' title='bbox 1469 1310 1809 1368; x_wconf 78' lang='lat' dir='ltr'><strong>descendent</strong></span> 
     </span>
    </p>
   </div>
   <div class='ocr_carea' id='block_1_14' title="bbox 200 1391 1807 1471">
    <p class='ocr_par' dir='ltr' id='par_1_14' title="bbox 200 1391 1807 1471">
     <span class='ocr_line' id='line_1_14' title="bbox 200 1391 1807 1471; baseline 0.009 -25"><span class='ocrx_word' id='word_1_99' title='bbox 200 1391 255 1447; x_wconf 91' lang='lat' dir='ltr'><strong>in</strong></span> <span class='ocrx_word' id='word_1_100' title='bbox 270 1391 646 1452; x_wconf 82' lang='lat' dir='ltr'><strong>ﬂctum.Tunc</strong></span> <span class='ocrx_word' id='word_1_101' title='bbox 666 1396 976 1470; x_wconf 78' lang='lat' dir='ltr'><strong>intelligent</strong></span> <span class='ocrx_word' id='word_1_102' title='bbox 993 1416 1184 1457; x_wconf 83' lang='lat' dir='ltr'><strong>omnes</strong></span> <span class='ocrx_word' id='word_1_103' title='bbox 1202 1402 1561 1471; x_wconf 82' lang='lat' dir='ltr'><strong>cegitationes</strong></span> <span class='ocrx_word' id='word_1_104' title='bbox 1576 1418 1702 1459; x_wconf 88' lang='lat' dir='ltr'><strong>suas</strong></span> <span class='ocrx_word' id='word_1_105' title='bbox 1714 1420 1807 1461; x_wconf 89' lang='lat' dir='ltr'><strong>va-</strong></span> 
     </span>
    </p>
   </div>
   <div class='ocr_carea' id='block_1_15' title="bbox 200 1490 1806 1566">
    <p class='ocr_par' dir='ltr' id='par_1_15' title="bbox 200 1490 1806 1566">
     <span class='ocr_line' id='line_1_15' title="bbox 200 1490 1806 1566; baseline 0.008 -24"><span class='ocrx_word' id='word_1_106' title='bbox 200 1503 319 1557; x_wconf 86' lang='lat' dir='ltr'><strong>nas,</strong></span> <span class='ocrx_word' id='word_1_107' title='bbox 343 1490 510 1564; x_wconf 72' lang='lat'><strong>268</strong></span> <span class='ocrx_word' id='word_1_108' title='bbox 534 1493 679 1563; x_wconf 89' lang='lat' dir='ltr'><strong>quod</strong></span> <span class='ocrx_word' id='word_1_109' title='bbox 700 1493 1093 1566; x_wconf 81' lang='lat' dir='ltr'><strong>interpretatur</strong></span> <span class='ocrx_word' id='word_1_110' title='bbox 1114 1498 1350 1566; x_wconf 83' lang='lat' dir='ltr'><strong>Eschon,</strong></span> <span class='ocrx_word' id='word_1_111' title='bbox 1387 1508 1441 1553; x_wconf 89' lang='lat' dir='ltr'><strong>et</strong></span> <span class='ocrx_word' id='word_1_112' title='bbox 1467 1514 1685 1555; x_wconf 80' lang='lat' dir='ltr'><strong>cassum</strong></span> <span class='ocrx_word' id='word_1_113' title='bbox 1719 1514 1806 1555; x_wconf 89' lang='lat' dir='ltr'><strong>as-</strong></span> 
     </span>
    </p>
   </div>
   <div class='ocr_carea' id='block_1_16' title="bbox 198 1587 1805 1661">
    <p class='ocr_par' dir='ltr' id='par_1_16' title="bbox 198 1587 1805 1661">
     <span class='ocr_line' id='line_1_16' title="bbox 198 1587 1805 1661; baseline 0.007 -23"><span class='ocrx_word' id='word_1_114' title='bbox 198 1596 430 1639; x_wconf 77' lang='lat' dir='ltr'><strong>censum</strong></span> <span class='ocrx_word' id='word_1_115' title='bbox 460 1587 755 1657; x_wconf 67' lang='lat' dir='ltr'><strong>superbiaa,</strong></span> <span class='ocrx_word' id='word_1_116' title='bbox 779 1591 921 1659; x_wconf 88' lang='lat' dir='ltr'><strong>quod</strong></span> <span class='ocrx_word' id='word_1_117' title='bbox 942 1590 1136 1647; x_wconf 80' lang='lat' dir='ltr'><strong>Eleale</strong></span> <span class='ocrx_word' id='word_1_118' title='bbox 1157 1602 1333 1661; x_wconf 87' lang='lat' dir='ltr'><strong>sonat,</strong></span> <span class='ocrx_word' id='word_1_119' title='bbox 1381 1602 1441 1649; x_wconf 92' lang='lat' dir='ltr'><strong>ut</strong></span> <span class='ocrx_word' id='word_1_120' title='bbox 1477 1609 1580 1650; x_wconf 90' lang='lat' dir='ltr'><strong>vox</strong></span> <span class='ocrx_word' id='word_1_121' title='bbox 1616 1610 1805 1651; x_wconf 91' lang='lat' dir='ltr'><strong>eorum</strong></span> 
     </span>
    </p>
   </div>
   <div class='ocr_carea' id='block_1_17' title="bbox 196 1674 1806 1758">
    <p class='ocr_par' dir='ltr' id='par_1_17' title="bbox 196 1674 1806 1758">
     <span class='ocr_line' id='line_1_17' title="bbox 196 1674 1806 1758; baseline 0.01 -31"><span class='ocrx_word' id='word_1_122' title='bbox 196 1674 458 1733; x_wconf 84' lang='lat' dir='ltr'><strong>audiatur</strong></span> <span class='ocrx_word' id='word_1_123' title='bbox 488 1692 658 1752; x_wconf 91' lang='lat' dir='ltr'><strong>usque</strong></span> <span class='ocrx_word' id='word_1_124' title='bbox 679 1681 745 1736; x_wconf 83' lang='lat' dir='ltr'><strong>ad</strong></span> <span class='ocrx_word' id='word_1_125' title='bbox 772 1684 912 1739; x_wconf 84' lang='lat' dir='ltr'><strong>mala</strong></span> <span class='ocrx_word' id='word_1_126' title='bbox 937 1698 1102 1753; x_wconf 84' lang='lat' dir='ltr'><strong>opera</strong></span> <span class='ocrx_word' id='word_1_127' title='bbox 1132 1701 1252 1758; x_wconf 75' lang='lat' dir='ltr'><strong>quae</strong></span> <span class='ocrx_word' id='word_1_128' title='bbox 1272 1687 1537 1753; x_wconf 77' lang='lat' dir='ltr'><strong>fecerunt,</strong></span> <span class='ocrx_word' id='word_1_129' title='bbox 1571 1696 1628 1743; x_wconf 91' lang='lat' dir='ltr'><strong>et</strong></span> <span class='ocrx_word' id='word_1_130' title='bbox 1651 1705 1806 1743; x_wconf 88' lang='lat' dir='ltr'><strong>man-</strong></span> 
     </span>
    </p>
   </div>
   <div class='ocr_carea' id='block_1_18' title="bbox 197 1769 1803 1852">
    <p class='ocr_par' dir='ltr' id='par_1_18' title="bbox 197 1769 1803 1852">
     <span class='ocr_line' id='line_1_18' title="bbox 197 1769 1803 1852; baseline 0.007 -26"><span class='ocrx_word' id='word_1_131' title='bbox 197 1769 387 1827; x_wconf 85' lang='lat' dir='ltr'><strong>datum</strong></span> <span class='ocrx_word' id='word_1_132' title='bbox 438 1774 581 1845; x_wconf 88' lang='lat' dir='ltr'><strong>quod</strong></span> <span class='ocrx_word' id='word_1_133' title='bbox 612 1777 875 1845; x_wconf 89' lang='lat' dir='ltr'><strong>putabant</strong></span> <span class='ocrx_word' id='word_1_134' title='bbox 918 1778 1035 1846; x_wconf 88' lang='lat' dir='ltr'><strong>Dei,</strong></span> <span class='ocrx_word' id='word_1_135' title='bbox 1083 1781 1302 1852; x_wconf 89' lang='lat' dir='ltr'><strong>propria</strong></span> <span class='ocrx_word' id='word_1_136' title='bbox 1343 1796 1405 1837; x_wconf 91' lang='lat' dir='ltr'><strong>se</strong></span> <span class='ocrx_word' id='word_1_137' title='bbox 1451 1780 1803 1839; x_wconf 80' lang='lat' dir='ltr'><strong>confessione</strong></span> 
     </span>
    </p>
   </div>
   <div class='ocr_carea' id='block_1_19' title="bbox 1913 558 3513 637">
    <p class='ocr_par' dir='ltr' id='par_1_19' title="bbox 1913 558 3513 637">
     <span class='ocr_line' id='line_1_19' title="bbox 1913 558 3513 637; baseline 0.011 -26"><span class='ocrx_word' id='word_1_138' title='bbox 1913 558 2117 615; x_wconf 87' lang='lat' dir='ltr'><strong>vitulos</strong></span> <span class='ocrx_word' id='word_1_139' title='bbox 2150 560 2447 627; x_wconf 85' lang='lat' dir='ltr'><strong>labiorum,</strong></span> <span class='ocrx_word' id='word_1_140' title='bbox 2474 576 2529 620; x_wconf 91' lang='lat' dir='ltr'><strong>et</strong></span> <span class='ocrx_word' id='word_1_141' title='bbox 2551 581 2721 637; x_wconf 89' lang='lat' dir='ltr'><strong>usque</strong></span> <span class='ocrx_word' id='word_1_142' title='bbox 2749 569 2815 624; x_wconf 90' lang='lat' dir='ltr'><strong>ad</strong></span> <span class='ocrx_word' id='word_1_143' title='bbox 2868 568 3069 624; x_wconf 79' lang='lat' dir='ltr'><strong>fontem</strong></span> <span class='ocrx_word' id='word_1_144' title='bbox 3100 571 3513 629; x_wconf 77' lang='lat' dir='ltr'><strong>Dominicirum</strong></span> 
     </span>
    </p>
   </div>
   <div class='ocr_carea' id='block_1_20' title="bbox 1912 650 3513 732">
    <p class='ocr_par' dir='ltr' id='par_1_20' title="bbox 1912 650 3513 732">
     <span class='ocr_line' id='line_1_20' title="bbox 1912 650 3513 732; baseline 0.012 -30"><span class='ocrx_word' id='word_1_145' title='bbox 1912 650 2140 705; x_wconf 89' lang='lat' dir='ltr'><strong>arietum</strong></span> <span class='ocrx_word' id='word_1_146' title='bbox 2165 655 2483 722; x_wconf 83' lang='lat' dir='ltr'><strong>pervenire,</strong></span> <span class='ocrx_word' id='word_1_147' title='bbox 2515 656 2632 713; x_wconf 88' lang='lat' dir='ltr'><strong>sive</strong></span> <span class='ocrx_word' id='word_1_148' title='bbox 2662 660 2882 715; x_wconf 82' lang='lat' dir='ltr'><strong>fortium</strong></span> <span class='ocrx_word' id='word_1_149' title='bbox 2916 661 3082 732; x_wconf 88' lang='lat' dir='ltr'><strong>:quia</strong></span> <span class='ocrx_word' id='word_1_150' title='bbox 3115 663 3253 717; x_wconf 69' lang='lat' dir='ltr'><strong>litim</strong></span> <span class='ocrx_word' id='word_1_151' title='bbox 3304 674 3513 720; x_wconf 87' lang='lat' dir='ltr'><strong>utrum-</strong></span> 
     </span>
    </p>
   </div>
   <div class='ocr_carea' id='block_1_21' title="bbox 1910 747 3517 828">
    <p class='ocr_par' dir='ltr' id='par_1_21' title="bbox 1910 747 3517 828">
     <span class='ocr_line' id='line_1_21' title="bbox 1910 747 3517 828; baseline 0.008 -29"><span class='ocrx_word' id='word_1_152' title='bbox 1910 760 2016 815; x_wconf 89' lang='lat' dir='ltr'><strong>que</strong></span> <span class='ocrx_word' id='word_1_153' title='bbox 2036 747 2325 817; x_wconf 80' lang='lat' dir='ltr'><strong>signiﬁcat.</strong></span> <span class='ocrx_word' id='word_1_154' title='bbox 2359 748 2528 820; x_wconf 71' lang='lat' dir='ltr'><strong>Aqua:</strong></span> <span class='ocrx_word' id='word_1_155' title='bbox 2551 764 2731 808; x_wconf 90' lang='lat' dir='ltr'><strong>autem</strong></span> <span class='ocrx_word' id='word_1_156' title='bbox 2777 753 2998 821; x_wconf 91' lang='lat' dir='ltr'><strong>Dimon,</strong></span> <span class='ocrx_word' id='word_1_157' title='bbox 3026 756 3168 828; x_wconf 89' lang='lat' dir='ltr'><strong>quod</strong></span> <span class='ocrx_word' id='word_1_158' title='bbox 3188 756 3517 828; x_wconf 87' lang='lat' dir='ltr'><strong>interpreta-</strong></span> 
     </span>
    </p>
   </div>
   <div class='ocr_carea' id='block_1_22' title="bbox 1911 838 3512 919">
    <p class='ocr_par' dir='ltr' id='par_1_22' title="bbox 1911 838 3512 919">
     <span class='ocr_line' id='line_1_22' title="bbox 1911 838 3512 919; baseline 0.01 -28"><span class='ocrx_word' id='word_1_159' title='bbox 1911 844 1999 892; x_wconf 88' lang='lat' dir='ltr'><strong>tur</strong></span> <span class='ocrx_word' id='word_1_160' title='bbox 2048 838 2313 909; x_wconf 79' lang='lat' dir='ltr'><strong>sufﬁciens</strong></span> <span class='ocrx_word' id='word_1_161' title='bbox 2366 841 2550 909; x_wconf 89' lang='lat' dir='ltr'><strong>dolor,</strong></span> <span class='ocrx_word' id='word_1_162' title='bbox 2588 845 2706 901; x_wconf 83' lang='lat' dir='ltr'><strong>sive</strong></span> <span class='ocrx_word' id='word_1_163' title='bbox 2753 862 2964 913; x_wconf 75' lang='lat' dir='ltr'><strong>maeror,</strong></span> <span class='ocrx_word' id='word_1_164' title='bbox 3013 864 3132 919; x_wconf 71' lang='lat' dir='ltr'><strong>qua:</strong></span> <span class='ocrx_word' id='word_1_165' title='bbox 3174 849 3373 905; x_wconf 82' lang='lat' dir='ltr'><strong>multos</strong></span> <span class='ocrx_word' id='word_1_166' title='bbox 3414 866 3512 907; x_wconf 86' lang='lat' dir='ltr'><strong>sua</strong></span> 
     </span>
    </p>
   </div>
   <div class='ocr_carea' id='block_1_23' title="bbox 1908 932 3516 1018">
    <p class='ocr_par' dir='ltr' id='par_1_23' title="bbox 1908 932 3516 1018">
     <span class='ocr_line' id='line_1_23' title="bbox 1908 932 3516 1018; baseline 0.012 -34"><span class='ocrx_word' id='word_1_167' title='bbox 1908 932 2227 1001; x_wconf 77' lang='lat' dir='ltr'><strong>aspersione</strong></span> <span class='ocrx_word' id='word_1_168' title='bbox 2265 936 2600 1005; x_wconf 82' lang='lat' dir='ltr'><strong>polluerant,</strong></span> <span class='ocrx_word' id='word_1_169' title='bbox 2660 954 2958 1009; x_wconf 87' lang='lat' dir='ltr'><strong>arguentur</strong></span> <span class='ocrx_word' id='word_1_170' title='bbox 3011 944 3260 1014; x_wconf 79' lang='lat' dir='ltr'><strong>deceptis</strong></span> <span class='ocrx_word' id='word_1_171' title='bbox 3301 947 3516 1018; x_wconf 85' lang='lat' dir='ltr'><strong>populis</strong></span> 
     </span>
    </p>
   </div>
   <div class='ocr_carea' id='block_1_24' title="bbox 1909 1026 3514 1111">
    <p class='ocr_par' dir='ltr' id='par_1_24' title="bbox 1909 1026 3514 1111">
     <span class='ocr_line' id='line_1_24' title="bbox 1909 1026 3514 1111; baseline 0.011 -33"><span class='ocrx_word' id='word_1_172' title='bbox 1909 1038 2019 1079; x_wconf 91' lang='lat' dir='ltr'><strong>non</strong></span> <span class='ocrx_word' id='word_1_173' title='bbox 2059 1026 2219 1082; x_wconf 88' lang='lat' dir='ltr'><strong>saluti</strong></span> <span class='ocrx_word' id='word_1_174' title='bbox 2252 1026 2453 1095; x_wconf 77' lang='lat' dir='ltr'><strong>fuisse,</strong></span> <span class='ocrx_word' id='word_1_175' title='bbox 2510 1032 2610 1088; x_wconf 89' lang='lat' dir='ltr'><strong>sed</strong></span> <span class='ocrx_word' id='word_1_176' title='bbox 2646 1036 2918 1104; x_wconf 75' lang='lat' dir='ltr'><strong>sanguini.</strong></span> <span class='ocrx_word' id='word_1_177' title='bbox 2969 1035 3128 1093; x_wconf 88' lang='lat' dir='ltr'><strong>Unde</strong></span> <span class='ocrx_word' id='word_1_178' title='bbox 3158 1040 3514 1111; x_wconf 76' lang='lat' dir='ltr'><strong>propheticus</strong></span> 
     </span>
    </p>
   </div>
   <div class='ocr_carea' id='block_1_25' title="bbox 1910 1122 3512 1205">
    <p class='ocr_par' dir='ltr' id='par_1_25' title="bbox 1910 1122 3512 1205">
     <span class='ocr_line' id='line_1_25' title="bbox 1910 1122 3512 1205; baseline 0.011 -32"><span class='ocrx_word' id='word_1_179' title='bbox 1910 1130 2092 1173; x_wconf 88' lang='lat' dir='ltr'><strong>sermo</strong></span> <span class='ocrx_word' id='word_1_180' title='bbox 2123 1122 2415 1189; x_wconf 89' lang='lat' dir='ltr'><strong>promittit,</strong></span> <span class='ocrx_word' id='word_1_181' title='bbox 2447 1132 2508 1179; x_wconf 87' lang='lat' dir='ltr'><strong>ut</strong></span> <span class='ocrx_word' id='word_1_182' title='bbox 2559 1140 2724 1196; x_wconf 91' lang='lat' dir='ltr'><strong>super</strong></span> <span class='ocrx_word' id='word_1_183' title='bbox 2750 1126 2980 1185; x_wconf 82' lang='lat' dir='ltr'><strong>ﬂuentes</strong></span> <span class='ocrx_word' id='word_1_184' title='bbox 3025 1131 3318 1205; x_wconf 85' lang='lat' dir='ltr'><strong>lacrymas,</strong></span> <span class='ocrx_word' id='word_1_185' title='bbox 3364 1134 3512 1205; x_wconf 91' lang='lat' dir='ltr'><strong>quod</strong></span> 
     </span>
    </p>
   </div>
   <div class='ocr_carea' id='block_1_26' title="bbox 1907 1208 3510 1296">
    <p class='ocr_par' dir='ltr' id='par_1_26' title="bbox 1907 1208 3510 1296">
     <span class='ocr_line' id='line_1_26' title="bbox 1907 1208 3510 1296; baseline 0.011 -34"><span class='ocrx_word' id='word_1_186' title='bbox 1907 1208 2296 1280; x_wconf 86' lang='lat' dir='ltr'><strong>interpretatur</strong></span> <span class='ocrx_word' id='word_1_187' title='bbox 2318 1213 2520 1281; x_wconf 81' lang='lat' dir='ltr'><strong>Dibo:i,</strong></span> <span class='ocrx_word' id='word_1_188' title='bbox 2552 1234 2657 1273; x_wconf 90' lang='lat' dir='ltr'><strong>non</strong></span> <span class='ocrx_word' id='word_1_189' title='bbox 2687 1236 2855 1274; x_wconf 87' lang='lat' dir='ltr'><strong>unum</strong></span> <span class='ocrx_word' id='word_1_190' title='bbox 2888 1237 3207 1291; x_wconf 67' lang='lat' dir='ltr'><strong>maerorem,</strong></span> <span class='ocrx_word' id='word_1_191' title='bbox 3234 1226 3328 1281; x_wconf 91' lang='lat' dir='ltr'><strong>sed</strong></span> <span class='ocrx_word' id='word_1_192' title='bbox 3352 1228 3510 1296; x_wconf 91' lang='lat' dir='ltr'><strong>plura</strong></span> 
     </span>
    </p>
   </div>
   <div class='ocr_carea' id='block_1_27' title="bbox 1911 1303 3513 1388">
    <p class='ocr_par' dir='ltr' id='par_1_27' title="bbox 1911 1303 3513 1388">
     <span class='ocr_line' id='line_1_27' title="bbox 1911 1303 3513 1388; baseline 0.014 -35"><span class='ocrx_word' id='word_1_193' title='bbox 1911 1303 2163 1359; x_wconf 73' lang='lat' dir='ltr'><strong>itimroris</strong></span> <span class='ocrx_word' id='word_1_194' title='bbox 2215 1306 2588 1363; x_wconf 88' lang='lat' dir='ltr'><strong>additamenta</strong></span> <span class='ocrx_word' id='word_1_195' title='bbox 2643 1316 3031 1382; x_wconf 82' lang='lat' dir='ltr'><strong>congeminent</strong></span> <span class='ocrx_word' id='word_1_196' title='bbox 3068 1333 3080 1370; x_wconf 90' lang='lat'>:</span> <span class='ocrx_word' id='word_1_197' title='bbox 3114 1327 3170 1370; x_wconf 91' lang='lat' dir='ltr'><strong>ut</strong></span> <span class='ocrx_word' id='word_1_198' title='bbox 3224 1328 3513 1388; x_wconf 85' lang='lat' dir='ltr'><strong>postquam</strong></span> 
     </span>
    </p>
   </div>
   <div class='ocr_carea' id='block_1_28' title="bbox 1910 1393 3517 1478">
    <p class='ocr_par' dir='ltr' id='par_1_28' title="bbox 1910 1393 3517 1478">
     <span class='ocr_line' id='line_1_28' title="bbox 1910 1393 3517 1478; baseline 0.012 -33"><span class='ocrx_word' id='word_1_199' title='bbox 1910 1393 2127 1463; x_wconf 88' lang='lat' dir='ltr'><strong>plenam</strong></span> <span class='ocrx_word' id='word_1_200' title='bbox 2180 1399 2397 1467; x_wconf 84' lang='lat' dir='ltr'><strong>egerint</strong></span> <span class='ocrx_word' id='word_1_201' title='bbox 2439 1405 2841 1470; x_wconf 66' lang='lat' dir='ltr'><strong>paenitentiam,</strong></span> <span class='ocrx_word' id='word_1_202' title='bbox 2872 1417 2924 1460; x_wconf 89' lang='lat' dir='ltr'><strong>et</strong></span> <span class='ocrx_word' id='word_1_203' title='bbox 2951 1406 3187 1478; x_wconf 82' lang='lat' dir='ltr'><strong>fugerint</strong></span> <span class='ocrx_word' id='word_1_204' title='bbox 3239 1409 3307 1464; x_wconf 89' lang='lat' dir='ltr'><strong>de</strong></span> <span class='ocrx_word' id='word_1_205' title='bbox 3359 1408 3517 1466; x_wconf 84' lang='lat' dir='ltr'><strong>Moab</strong></span> 
     </span>
    </p>
   </div>
   <div class='ocr_carea' id='block_1_29' title="bbox 1910 1486 3511 1573">
    <p class='ocr_par' dir='ltr' id='par_1_29' title="bbox 1910 1486 3511 1573">
     <span class='ocr_line' id='line_1_29' title="bbox 1910 1486 3511 1573; baseline 0.011 -32"><span class='ocrx_word' id='word_1_206' title='bbox 1910 1486 2141 1555; x_wconf 91' lang='lat' dir='ltr'><strong>leonem,</strong></span> <span class='ocrx_word' id='word_1_207' title='bbox 2192 1492 2493 1563; x_wconf 86' lang='lat' dir='ltr'><strong>principem</strong></span> <span class='ocrx_word' id='word_1_208' title='bbox 2539 1495 2828 1553; x_wconf 68' lang='lat' dir='ltr'><strong>llhabeant</strong></span> <span class='ocrx_word' id='word_1_209' title='bbox 2883 1498 3096 1570; x_wconf 90' lang='lat' dir='ltr'><strong>Deum,</strong></span> <span class='ocrx_word' id='word_1_210' title='bbox 3152 1517 3313 1573; x_wconf 88' lang='lat' dir='ltr'><strong>quem</strong></span> <span class='ocrx_word' id='word_1_211' title='bbox 3367 1502 3511 1559; x_wconf 77' lang='lat' dir='ltr'><strong>LXX</strong></span> 
     </span>
    </p>
   </div>
   <div class='ocr_carea' id='block_1_30' title="bbox 1907 1578 3511 1665">
    <p class='ocr_par' dir='ltr' id='par_1_30' title="bbox 1907 1578 3511 1665">
     <span class='ocr_line' id='line_1_30' title="bbox 1907 1578 3511 1665; baseline 0.013 -33"><span class='ocrx_word' id='word_1_212' title='bbox 1907 1578 2166 1636; x_wconf 70' lang='lat' dir='ltr'><strong>dixerunt</strong></span> <span class='ocrx_word' id='word_1_213' title='bbox 2210 1584 2365 1645; x_wconf 85' lang='lat' dir='ltr'><strong>ariel,</strong></span> <span class='ocrx_word' id='word_1_214' title='bbox 2414 1590 2504 1658; x_wconf 88' lang='lat' dir='ltr'><strong>qui</strong></span> <span class='ocrx_word' id='word_1_215' title='bbox 2540 1588 2932 1660; x_wconf 86' lang='lat' dir='ltr'><strong>interpretatur</strong></span> <span class='ocrx_word' id='word_1_216' title='bbox 2973 1594 3051 1648; x_wconf 91' lang='lat' dir='ltr'><strong>leo</strong></span> <span class='ocrx_word' id='word_1_217' title='bbox 3090 1593 3183 1648; x_wconf 85' lang='lat' dir='ltr'><strong>Dei</strong></span> <span class='ocrx_word' id='word_1_218' title='bbox 3220 1612 3239 1649; x_wconf 90' lang='lat'><strong><em>:</em></strong></span> <span class='ocrx_word' id='word_1_219' title='bbox 3279 1610 3511 1665; x_wconf 87' lang='lat' dir='ltr'><strong>quorum</strong></span> 
     </span>
    </p>
   </div>
   <div class='ocr_carea' id='block_1_31' title="bbox 1908 1673 3512 1759">
    <p class='ocr_par' dir='ltr' id='par_1_31' title="bbox 1908 1673 3512 1759">
     <span class='ocr_line' id='line_1_31' title="bbox 1908 1673 3512 1759; baseline 0.011 -30"><span class='ocrx_word' id='word_1_220' title='bbox 1908 1673 2201 1731; x_wconf 87' lang='lat' dir='ltr'><strong>editionem</strong></span> <span class='ocrx_word' id='word_1_221' title='bbox 2230 1679 2283 1731; x_wconf 90' lang='lat' dir='ltr'><strong>in</strong></span> <span class='ocrx_word' id='word_1_222' title='bbox 2305 1677 2406 1734; x_wconf 92' lang='lat' dir='ltr'><strong>hoc</strong></span> <span class='ocrx_word' id='word_1_223' title='bbox 2432 1681 2556 1736; x_wconf 86' lang='lat' dir='ltr'><strong>loco</strong></span> <span class='ocrx_word' id='word_1_224' title='bbox 2584 1681 2857 1740; x_wconf 80' lang='lat' dir='ltr'><strong>disserere</strong></span> <span class='ocrx_word' id='word_1_225' title='bbox 2886 1688 3193 1756; x_wconf 88' lang='lat' dir='ltr'><strong>supersedi,</strong></span> <span class='ocrx_word' id='word_1_226' title='bbox 3222 1690 3347 1759; x_wconf 84' lang='lat' dir='ltr'><strong>quia</strong></span> <span class='ocrx_word' id='word_1_227' title='bbox 3380 1700 3436 1745; x_wconf 90' lang='lat' dir='ltr'><strong>et</strong></span> <span class='ocrx_word' id='word_1_228' title='bbox 3458 1691 3512 1746; x_wconf 92' lang='lat' dir='ltr'><strong>in</strong></span> 
     </span>
    </p>
   </div>
   <div class='ocr_carea' id='block_1_32' title="bbox 1907 1767 3514 1846">
    <p class='ocr_par' dir='ltr' id='par_1_32' title="bbox 1907 1767 3514 1846">
     <span class='ocr_line' id='line_1_32' title="bbox 1907 1767 3514 1846; baseline 0.012 -26"><span class='ocrx_word' id='word_1_229' title='bbox 1907 1767 2159 1838; x_wconf 86' lang='lat' dir='ltr'><strong>plurimis</strong></span> <span class='ocrx_word' id='word_1_230' title='bbox 2200 1769 2270 1825; x_wconf 90' lang='lat' dir='ltr'><strong>ab</strong></span> <span class='ocrx_word' id='word_1_231' title='bbox 2321 1770 2583 1828; x_wconf 87' lang='lat' dir='ltr'><strong>llebraica</strong></span> <span class='ocrx_word' id='word_1_232' title='bbox 2631 1775 2863 1832; x_wconf 84' lang='lat' dir='ltr'><strong>veritate</strong></span> <span class='ocrx_word' id='word_1_233' title='bbox 2904 1777 3202 1846; x_wconf 82' lang='lat' dir='ltr'><strong>discordat,</strong></span> <span class='ocrx_word' id='word_1_234' title='bbox 3232 1791 3284 1837; x_wconf 84' lang='lat' dir='ltr'><strong>et</strong></span> <span class='ocrx_word' id='word_1_235' title='bbox 3310 1797 3380 1837; x_wconf 88' lang='lat' dir='ltr'><strong>ex</strong></span> <span class='ocrx_word' id='word_1_236' title='bbox 3428 1782 3514 1840; x_wconf 89' lang='lat' dir='ltr'><strong>bis</strong></span> 
     </span>
    </p>
   </div>
   <div class='ocr_carea' id='block_1_33' title="bbox 198 1861 3517 1949">
    <p class='ocr_par' dir='ltr' id='par_1_33' title="bbox 198 1861 3517 1949">
     <span class='ocr_line' id='line_1_33' title="bbox 198 1861 3517 1949; baseline 0.011 -54"><span class='ocrx_word' id='word_1_237' title='bbox 198 1864 548 1947; x_wconf 50' lang='lat' dir='ltr'><strong>qammmes_</strong></span> <span class='ocrx_word' id='word_1_238' title='bbox 580 1869 882 1942; x_wconf 51' lang='lat' dir='ltr'><strong>pmpterea</strong></span> <span class='ocrx_word' id='word_1_239' title='bbox 914 1882 1117 1945; x_wconf 47' lang='lat' dir='ltr'><strong>vectes,</strong></span> <span class='ocrx_word' id='word_1_240' title='bbox 1152 1875 1205 1931; x_wconf 72' lang='lat' dir='ltr'><strong>id</strong></span> <span class='ocrx_word' id='word_1_241' title='bbox 1241 1885 1344 1945; x_wconf 51' lang='lat' dir='ltr'><strong>es&quot;</strong></span> <span class='ocrx_word' id='word_1_242' title='bbox 1372 1877 1466 1949; x_wconf 68' lang='lat' dir='ltr'><strong>qui</strong></span> <span class='ocrx_word' id='word_1_243' title='bbox 1508 1877 1649 1933; x_wconf 71' lang='lat' dir='ltr'><strong>ﬁrmi</strong></span> <span class='ocrx_word' id='word_1_244' title='bbox 1682 1878 1802 1934; x_wconf 67' lang='lat' dir='ltr'><strong>me-</strong></span> <span class='ocrx_word' id='word_1_245' title='bbox 1830 1865 1877 1927; x_wconf 78' lang='grc' dir='ltr'><strong>Β</strong></span> <span class='ocrx_word' id='word_1_246' title='bbox 1904 1873 2028 1930; x_wconf 69' lang='lat' dir='ltr'><strong>quae</strong></span> <span class='ocrx_word' id='word_1_247' title='bbox 2076 1861 2419 1948; x_wconf 74' lang='lat' dir='ltr'><strong>interpretati</strong></span> <span class='ocrx_word' id='word_1_248' title='bbox 2475 1880 2690 1935; x_wconf 89' lang='lat' dir='ltr'><strong>sumus,</strong></span> <span class='ocrx_word' id='word_1_249' title='bbox 2733 1870 2901 1924; x_wconf 91' lang='lat' dir='ltr'><strong>etiam</strong></span> <span class='ocrx_word' id='word_1_250' title='bbox 2928 1871 3077 1927; x_wconf 85' lang='lat' dir='ltr'><strong>illius</strong></span> <span class='ocrx_word' id='word_1_251' title='bbox 3115 1888 3309 1929; x_wconf 88' lang='lat' dir='ltr'><strong>sensus</strong></span> <span class='ocrx_word' id='word_1_252' title='bbox 3333 1882 3517 1947; x_wconf 87' lang='lat' dir='ltr'><strong>potest</strong></span> 
     </span>
    </p>
   </div>
   <div class='ocr_carea' id='block_1_34' title="bbox 198 1961 1804 2040">
    <p class='ocr_par' dir='ltr' id='par_1_34' title="bbox 198 1961 1804 2040">
     <span class='ocr_line' id='line_1_34' title="bbox 198 1961 1804 2040; baseline 0.007 -22"><span class='ocrx_word' id='word_1_253' title='bbox 198 1961 310 2018; x_wconf 88' lang='lat' dir='ltr'><strong>riut</strong></span> <span class='ocrx_word' id='word_1_254' title='bbox 337 1963 396 2019; x_wconf 91' lang='lat' dir='ltr'><strong>in</strong></span> <span class='ocrx_word' id='word_1_255' title='bbox 428 1964 608 2032; x_wconf 78' lang='lat' dir='ltr'><strong>Moab,</strong></span> <span class='ocrx_word' id='word_1_256' title='bbox 645 1976 700 2023; x_wconf 92' lang='lat' dir='ltr'><strong>et</strong></span> <span class='ocrx_word' id='word_1_257' title='bbox 738 1983 982 2026; x_wconf 91' lang='lat' dir='ltr'><strong>errorem</strong></span> <span class='ocrx_word' id='word_1_258' title='bbox 1008 1986 1165 2026; x_wconf 88' lang='lat' dir='ltr'><strong>suum</strong></span> <span class='ocrx_word' id='word_1_259' title='bbox 1194 1972 1589 2040; x_wconf 89' lang='lat' dir='ltr'><strong>intellexerint,</strong></span> <span class='ocrx_word' id='word_1_260' title='bbox 1624 1975 1804 2030; x_wconf 87' lang='lat' dir='ltr'><strong>ulula-</strong></span> 
     </span>
    </p>
   </div>
   <div class='ocr_carea' id='block_1_35' title="bbox 197 2054 1805 2138">
    <p class='ocr_par' dir='ltr' id='par_1_35' title="bbox 197 2054 1805 2138">
     <span class='ocr_line' id='line_1_35' title="bbox 197 2054 1805 2138; baseline 0.009 -28"><span class='ocrx_word' id='word_1_261' title='bbox 197 2054 428 2124; x_wconf 90' lang='lat' dir='ltr'><strong>bunt,et</strong></span> <span class='ocrx_word' id='word_1_262' title='bbox 461 2074 617 2129; x_wconf 90' lang='lat' dir='ltr'><strong>spem</strong></span> <span class='ocrx_word' id='word_1_263' title='bbox 651 2059 855 2119; x_wconf 88' lang='lat' dir='ltr'><strong>habere</strong></span> <span class='ocrx_word' id='word_1_264' title='bbox 873 2062 1150 2134; x_wconf 83' lang='lat' dir='ltr'><strong>profectus</strong></span> <span class='ocrx_word' id='word_1_265' title='bbox 1170 2067 1455 2138; x_wconf 89' lang='lat' dir='ltr'><strong>incipient,</strong></span> <span class='ocrx_word' id='word_1_266' title='bbox 1478 2084 1601 2123; x_wconf 90' lang='lat' dir='ltr'><strong>cum</strong></span> <span class='ocrx_word' id='word_1_267' title='bbox 1622 2070 1805 2125; x_wconf 90' lang='lat' dir='ltr'><strong>anima</strong></span> 
     </span>
    </p>
   </div>
   <div class='ocr_carea' id='block_1_36' title="bbox 196 2155 1808 2233">
    <p class='ocr_par' dir='ltr' id='par_1_36' title="bbox 196 2155 1808 2233">
     <span class='ocr_line' id='line_1_36' title="bbox 196 2155 1808 2233; baseline 0.007 -26"><span class='ocrx_word' id='word_1_268' title='bbox 196 2168 396 2208; x_wconf 79' lang='lat' dir='ltr'><strong>carum</strong></span> <span class='ocrx_word' id='word_1_269' title='bbox 420 2155 718 2213; x_wconf 86' lang='lat' dir='ltr'><strong>ululaverit</strong></span> <span class='ocrx_word' id='word_1_270' title='bbox 757 2157 880 2214; x_wconf 89' lang='lat' dir='ltr'><strong>sibi.</strong></span> <span class='ocrx_word' id='word_1_271' title='bbox 922 2158 1079 2217; x_wconf 83' lang='lat' dir='ltr'><strong>Unde</strong></span> <span class='ocrx_word' id='word_1_272' title='bbox 1114 2162 1381 2231; x_wconf 78' lang='lat' dir='ltr'><strong>PrOpIteta</strong></span> <span class='ocrx_word' id='word_1_273' title='bbox 1425 2163 1808 2233; x_wconf 75' lang='lat' dir='ltr'><strong>compatientis</strong></span> 
     </span>
    </p>
   </div>
   <div class='ocr_carea' id='block_1_37' title="bbox 198 2245 1803 2331">
    <p class='ocr_par' dir='ltr' id='par_1_37' title="bbox 198 2245 1803 2331">
     <span class='ocr_line' id='line_1_37' title="bbox 198 2245 1803 2331; baseline 0.008 -31"><span class='ocrx_word' id='word_1_274' title='bbox 198 2245 403 2303; x_wconf 82' lang='lat' dir='ltr'><strong>aﬂ&#39;ectu</strong></span> <span class='ocrx_word' id='word_1_275' title='bbox 437 2248 677 2321; x_wconf 88' lang='lat' dir='ltr'><strong>loquitur</strong></span> <span class='ocrx_word' id='word_1_276' title='bbox 694 2252 763 2306; x_wconf 87' lang='lat' dir='ltr'><strong>ad</strong></span> <span class='ocrx_word' id='word_1_277' title='bbox 794 2266 912 2321; x_wconf 89' lang='lat' dir='ltr'><strong>eos,</strong></span> <span class='ocrx_word' id='word_1_278' title='bbox 945 2268 1176 2324; x_wconf 87' lang='lat' dir='ltr'><strong>quorum</strong></span> <span class='ocrx_word' id='word_1_279' title='bbox 1216 2255 1395 2310; x_wconf 88' lang='lat' dir='ltr'><strong>anima</strong></span> <span class='ocrx_word' id='word_1_280' title='bbox 1435 2256 1803 2331; x_wconf 81' lang='lat' dir='ltr'><strong>ululabat[Al.</strong></span> 
     </span>
    </p>
   </div>
   <div class='ocr_carea' id='block_1_38' title="bbox 201 2340 1803 2419">
    <p class='ocr_par' dir='ltr' id='par_1_38' title="bbox 201 2340 1803 2419">
     <span class='ocr_line' id='line_1_38' title="bbox 201 2340 1803 2419; baseline 0.004 -23"><span class='ocrx_word' id='word_1_281' title='bbox 201 2340 408 2414; x_wconf 83' lang='lat' dir='ltr'><strong>ululat]</strong></span> <span class='ocrx_word' id='word_1_282' title='bbox 456 2342 583 2408; x_wconf 89' lang='lat' dir='ltr'><strong>sibi,</strong></span> <span class='ocrx_word' id='word_1_283' title='bbox 614 2352 671 2399; x_wconf 89' lang='lat' dir='ltr'><strong>et</strong></span> <span class='ocrx_word' id='word_1_284' title='bbox 698 2343 870 2400; x_wconf 85' lang='lat' dir='ltr'><strong>dicit:</strong></span> <span class='ocrx_word' id='word_1_285' title='bbox 904 2343 1005 2399; x_wconf 78' lang='lat' dir='ltr'><strong>Cor</strong></span> <span class='ocrx_word' id='word_1_286' title='bbox 1047 2362 1218 2401; x_wconf 85' lang='lat' dir='ltr'><strong>meum</strong></span> <span class='ocrx_word' id='word_1_287' title='bbox 1241 2346 1310 2401; x_wconf 86' lang='lat' dir='ltr'><strong>ad</strong></span> <span class='ocrx_word' id='word_1_288' title='bbox 1351 2346 1508 2402; x_wconf 81' lang='lat' dir='ltr'><strong>Moab</strong></span> <span class='ocrx_word' id='word_1_289' title='bbox 1535 2348 1803 2419; x_wconf 76' lang='lat' dir='ltr'><strong>clamabit,</strong></span> 
     </span>
    </p>
   </div>
   <div class='ocr_carea' id='block_1_39' title="bbox 200 2435 1813 2509">
    <p class='ocr_par' dir='ltr' id='par_1_39' title="bbox 200 2435 1813 2509">
     <span class='ocr_line' id='line_1_39' title="bbox 200 2435 1813 2509; baseline 0.005 -18"><span class='ocrx_word' id='word_1_290' title='bbox 200 2445 261 2491; x_wconf 81' lang='lat' dir='ltr'><strong>ut</strong></span> <span class='ocrx_word' id='word_1_291' title='bbox 290 2450 391 2492; x_wconf 87' lang='lat' dir='ltr'><strong>eos</strong></span> <span class='ocrx_word' id='word_1_292' title='bbox 415 2435 483 2490; x_wconf 84' lang='lat' dir='ltr'><strong>ad</strong></span> <span class='ocrx_word' id='word_1_293' title='bbox 517 2437 893 2507; x_wconf 65' lang='lat' dir='ltr'><strong>penitentiam</strong></span> <span class='ocrx_word' id='word_1_294' title='bbox 929 2454 1238 2509; x_wconf 83' lang='lat' dir='ltr'><strong>provocem.</strong></span> <span class='ocrx_word' id='word_1_295' title='bbox 1274 2441 1470 2497; x_wconf 69' lang='lat' dir='ltr'><strong>Vt-etes</strong></span> <span class='ocrx_word' id='word_1_296' title='bbox 1508 2453 1689 2500; x_wconf 90' lang='lat' dir='ltr'><strong>autem</strong></span> <span class='ocrx_word' id='word_1_297' title='bbox 1726 2450 1813 2500; x_wconf 81' lang='lat' dir='ltr'><strong>eo-</strong></span> 
     </span>
    </p>
   </div>
   <div class='ocr_carea' id='block_1_40' title="bbox 202 2529 1809 2603">
    <p class='ocr_par' dir='ltr' id='par_1_40' title="bbox 202 2529 1809 2603">
     <span class='ocr_line' id='line_1_40' title="bbox 202 2529 1809 2603; baseline 0.008 -20"><span class='ocrx_word' id='word_1_298' title='bbox 202 2544 324 2584; x_wconf 87' lang='lat' dir='ltr'><strong>rum</strong></span> <span class='ocrx_word' id='word_1_299' title='bbox 355 2541 409 2583; x_wconf 88' lang='lat' dir='ltr'><strong>et</strong></span> <span class='ocrx_word' id='word_1_300' title='bbox 430 2535 613 2586; x_wconf 89' lang='lat' dir='ltr'><strong>omnia</strong></span> <span class='ocrx_word' id='word_1_301' title='bbox 648 2529 1014 2596; x_wconf 82' lang='lat' dir='ltr'><strong>ﬁrmamenta,</strong></span> <span class='ocrx_word' id='word_1_302' title='bbox 1044 2550 1171 2603; x_wconf 74' lang='lat' dir='ltr'><strong>qua:</strong></span> <span class='ocrx_word' id='word_1_303' title='bbox 1197 2533 1399 2593; x_wconf 87' lang='lat' dir='ltr'><strong>habere</strong></span> <span class='ocrx_word' id='word_1_304' title='bbox 1430 2537 1483 2592; x_wconf 94' lang='lat' dir='ltr'><strong>in</strong></span> <span class='ocrx_word' id='word_1_305' title='bbox 1508 2537 1809 2596; x_wconf 66' lang='lat' dir='ltr'><strong>haeresibus</strong></span> 
     </span>
    </p>
   </div>
   <div class='ocr_carea' id='block_1_41' title="bbox 201 2620 1811 2704">
    <p class='ocr_par' dir='ltr' id='par_1_41' title="bbox 201 2620 1811 2704">
     <span class='ocr_line' id='line_1_41' title="bbox 201 2620 1811 2704; baseline 0.009 -28"><span class='ocrx_word' id='word_1_306' title='bbox 201 2620 558 2689; x_wconf 85' lang='lat' dir='ltr'><strong>videbantur,</strong></span> <span class='ocrx_word' id='word_1_307' title='bbox 592 2623 660 2680; x_wconf 89' lang='lat' dir='ltr'><strong>ad</strong></span> <span class='ocrx_word' id='word_1_308' title='bbox 708 2624 904 2695; x_wconf 83' lang='lat' dir='ltr'><strong>Segor,</strong></span> <span class='ocrx_word' id='word_1_309' title='bbox 944 2625 1051 2683; x_wconf 84' lang='lat' dir='ltr'><strong>hoc</strong></span> <span class='ocrx_word' id='word_1_310' title='bbox 1093 2639 1197 2697; x_wconf 88' lang='lat' dir='ltr'><strong>est,</strong></span> <span class='ocrx_word' id='word_1_311' title='bbox 1237 2628 1303 2685; x_wconf 87' lang='lat' dir='ltr'><strong>ad</strong></span> <span class='ocrx_word' id='word_1_312' title='bbox 1334 2632 1611 2701; x_wconf 77' lang='lat' dir='ltr'><strong>parvulum</strong></span> <span class='ocrx_word' id='word_1_313' title='bbox 1640 2646 1811 2704; x_wconf 83' lang='lat' dir='ltr'><strong>usque</strong></span> 
     </span>
    </p>
   </div>
   <div class='ocr_carea' id='block_1_42' title="bbox 203 2717 1809 2793">
    <p class='ocr_par' dir='ltr' id='par_1_42' title="bbox 203 2717 1809 2793">
     <span class='ocr_line' id='line_1_42' title="bbox 203 2717 1809 2793; baseline 0.008 -25"><span class='ocrx_word' id='word_1_314' title='bbox 203 2717 573 2786; x_wconf 89' lang='lat' dir='ltr'><strong>pervenient:</strong></span> <span class='ocrx_word' id='word_1_315' title='bbox 604 2726 659 2773; x_wconf 90' lang='lat' dir='ltr'><strong>et</strong></span> <span class='ocrx_word' id='word_1_316' title='bbox 709 2718 1072 2775; x_wconf 85' lang='lat' dir='ltr'><strong>ostendentur</strong></span> <span class='ocrx_word' id='word_1_317' title='bbox 1113 2737 1224 2776; x_wconf 90' lang='lat' dir='ltr'><strong>non</strong></span> <span class='ocrx_word' id='word_1_318' title='bbox 1273 2724 1484 2778; x_wconf 88' lang='lat' dir='ltr'><strong>robusti</strong></span> <span class='ocrx_word' id='word_1_319' title='bbox 1524 2740 1669 2793; x_wconf 91' lang='lat' dir='ltr'><strong>esse,</strong></span> <span class='ocrx_word' id='word_1_320' title='bbox 1710 2725 1809 2783; x_wconf 88' lang='lat' dir='ltr'><strong>sed</strong></span> 
     </span>
    </p>
   </div>
   <div class='ocr_carea' id='block_1_43' title="bbox 202 2805 1811 2889">
    <p class='ocr_par' dir='ltr' id='par_1_43' title="bbox 202 2805 1811 2889">
     <span class='ocr_line' id='line_1_43' title="bbox 202 2805 1811 2889; baseline 0.007 -26"><span class='ocrx_word' id='word_1_321' title='bbox 202 2805 450 2880; x_wconf 78' lang='lat' dir='ltr'><strong>fragiles.</strong></span> <span class='ocrx_word' id='word_1_322' title='bbox 482 2809 609 2866; x_wconf 65' lang='grc' dir='ltr'><strong>ΙΙωο</strong></span> <span class='ocrx_word' id='word_1_323' title='bbox 633 2821 815 2866; x_wconf 84' lang='lat' dir='ltr'><strong>autem</strong></span> <span class='ocrx_word' id='word_1_324' title='bbox 835 2814 1033 2884; x_wconf 83' lang='lat' dir='ltr'><strong>Segor,</strong></span> <span class='ocrx_word' id='word_1_325' title='bbox 1054 2812 1155 2869; x_wconf 90' lang='lat' dir='ltr'><strong>hoc</strong></span> <span class='ocrx_word' id='word_1_326' title='bbox 1178 2824 1283 2877; x_wconf 85' lang='lat' dir='ltr'><strong>est,</strong></span> <span class='ocrx_word' id='word_1_327' title='bbox 1313 2832 1477 2889; x_wconf 87' lang='lat' dir='ltr'><strong>parva</strong></span> <span class='ocrx_word' id='word_1_328' title='bbox 1492 2818 1811 2886; x_wconf 65' lang='lat' dir='ltr'><strong>paenitentia</strong></span> 
     </span>
    </p>
   </div>
   <div class='ocr_carea' id='block_1_44' title="bbox 203 2902 1807 2981">
    <p class='ocr_par' dir='ltr' id='par_1_44' title="bbox 203 2902 1807 2981">
     <span class='ocr_line' id='line_1_44' title="bbox 203 2902 1807 2981; baseline 0.008 -25"><span class='ocrx_word' id='word_1_329' title='bbox 203 2902 250 2956; x_wconf 90' lang='lat' dir='ltr'><strong>si</strong></span> <span class='ocrx_word' id='word_1_330' title='bbox 284 2906 743 2972; x_wconf 87' lang='lat' dir='ltr'><strong>perseveraverit,</strong></span> <span class='ocrx_word' id='word_1_331' title='bbox 769 2905 1035 2977; x_wconf 86' lang='lat' dir='ltr'><strong>perducet</strong></span> <span class='ocrx_word' id='word_1_332' title='bbox 1071 2923 1167 2963; x_wconf 85' lang='lat' dir='ltr'><strong>eos</strong></span> <span class='ocrx_word' id='word_1_333' title='bbox 1206 2909 1273 2965; x_wconf 87' lang='lat' dir='ltr'><strong>ad</strong></span> <span class='ocrx_word' id='word_1_334' title='bbox 1327 2910 1622 2981; x_wconf 79' lang='lat' dir='ltr'><strong>perfectam</strong></span> <span class='ocrx_word' id='word_1_335' title='bbox 1659 2913 1807 2969; x_wconf 85' lang='lat' dir='ltr'><strong>salu-</strong></span> 
     </span>
    </p>
   </div>
   <div class='ocr_carea' id='block_1_45' title="bbox 205 2996 1810 3076">
    <p class='ocr_par' dir='ltr' id='par_1_45' title="bbox 205 2996 1810 3076">
     <span class='ocr_line' id='line_1_45' title="bbox 205 2996 1810 3076; baseline 0.006 -25"><span class='ocrx_word' id='word_1_336' title='bbox 205 3004 317 3051; x_wconf 88' lang='lat' dir='ltr'><strong>tem</strong></span> <span class='ocrx_word' id='word_1_337' title='bbox 349 3014 363 3049; x_wconf 92' lang='lat'><strong>:</strong></span> <span class='ocrx_word' id='word_1_338' title='bbox 392 2996 538 3067; x_wconf 88' lang='lat' dir='ltr'><strong>quod</strong></span> <span class='ocrx_word' id='word_1_339' title='bbox 581 2999 750 3053; x_wconf 87' lang='lat' dir='ltr'><strong>vitula</strong></span> <span class='ocrx_word' id='word_1_340' title='bbox 785 2999 949 3055; x_wconf 91' lang='lat' dir='ltr'><strong>trium</strong></span> <span class='ocrx_word' id='word_1_341' title='bbox 998 3015 1269 3057; x_wconf 89' lang='lat' dir='ltr'><strong>annorum</strong></span> <span class='ocrx_word' id='word_1_342' title='bbox 1332 3002 1621 3073; x_wconf 78' lang='lat' dir='ltr'><strong>signiﬁcat,</strong></span> <span class='ocrx_word' id='word_1_343' title='bbox 1655 3003 1810 3076; x_wconf 82' lang='lat' dir='ltr'><strong>juxta</strong></span> 
     </span>
    </p>
   </div>
   <div class='ocr_carea' id='block_1_46' title="bbox 205 3089 1810 3170">
    <p class='ocr_par' dir='ltr' id='par_1_46' title="bbox 205 3089 1810 3170">
     <span class='ocr_line' id='line_1_46' title="bbox 205 3089 1810 3170; baseline 0.008 -27"><span class='ocrx_word' id='word_1_344' title='bbox 205 3089 342 3144; x_wconf 89' lang='lat' dir='ltr'><strong>illud</strong></span> <span class='ocrx_word' id='word_1_345' title='bbox 374 3091 520 3162; x_wconf 90' lang='lat' dir='ltr'><strong>quod</strong></span> <span class='ocrx_word' id='word_1_346' title='bbox 554 3092 606 3147; x_wconf 91' lang='lat' dir='ltr'><strong>in</strong></span> <span class='ocrx_word' id='word_1_347' title='bbox 636 3092 836 3149; x_wconf 77' lang='lat' dir='ltr'><strong>Genesi</strong></span> <span class='ocrx_word' id='word_1_348' title='bbox 869 3096 1120 3167; x_wconf 82' lang='lat' dir='ltr'><strong>tegimus,</strong></span> <span class='ocrx_word' id='word_1_349' title='bbox 1150 3097 1239 3153; x_wconf 90' lang='lat' dir='ltr'><strong>ubi</strong></span> <span class='ocrx_word' id='word_1_350' title='bbox 1281 3100 1596 3170; x_wconf 70' lang='lat' dir='ltr'><strong>prtecipitur</strong></span> <span class='ocrx_word' id='word_1_351' title='bbox 1634 3101 1810 3156; x_wconf 82' lang='lat' dir='ltr'><strong>Abra-</strong></span> 
     </span>
    </p>
   </div>
   <div class='ocr_carea' id='block_1_47' title="bbox 205 3184 1807 3265">
    <p class='ocr_par' dir='ltr' id='par_1_47' title="bbox 205 3184 1807 3265">
     <span class='ocr_line' id='line_1_47' title="bbox 205 3184 1807 3265; baseline 0.006 -22"><span class='ocrx_word' id='word_1_352' title='bbox 205 3188 357 3257; x_wconf 87' lang='lat' dir='ltr'><strong>ham,</strong></span> <span class='ocrx_word' id='word_1_353' title='bbox 386 3201 442 3245; x_wconf 94' lang='lat' dir='ltr'><strong>ut</strong></span> <span class='ocrx_word' id='word_1_354' title='bbox 474 3190 670 3248; x_wconf 87' lang='lat' dir='ltr'><strong>otl&#39;erat</strong></span> <span class='ocrx_word' id='word_1_355' title='bbox 708 3194 961 3261; x_wconf 87' lang='lat' dir='ltr'><strong>vitulum,</strong></span> <span class='ocrx_word' id='word_1_356' title='bbox 1011 3198 1260 3265; x_wconf 88' lang='lat' dir='ltr'><strong>arietem,</strong></span> <span class='ocrx_word' id='word_1_357' title='bbox 1313 3207 1369 3254; x_wconf 91' lang='lat' dir='ltr'><strong>et</strong></span> <span class='ocrx_word' id='word_1_358' title='bbox 1408 3184 1620 3254; x_wconf 81' lang='lat' dir='ltr'><strong>hircum</strong></span> <span class='ocrx_word' id='word_1_359' title='bbox 1644 3197 1807 3253; x_wconf 92' lang='lat' dir='ltr'><strong>trium</strong></span> 
     </span>
    </p>
   </div>
   <div class='ocr_carea' id='block_1_48' title="bbox 1908 1942 2163 2025">
    <p class='ocr_par' dir='ltr' id='par_1_48' title="bbox 1908 1942 2163 2025">
     <span class='ocr_line' id='line_1_48' title="bbox 1908 1942 2163 2025; baseline 0.02 -19"><span class='ocrx_word' id='word_1_360' title='bbox 1908 1942 2163 2025; x_wconf 85' lang='lat' dir='ltr'><strong>intelligi.</strong></span> 
     </span>
    </p>
   </div>
   <div class='ocr_carea' id='block_1_49' title="bbox 1980 2050 3512 2132">
    <p class='ocr_par' dir='ltr' id='par_1_49' title="bbox 1980 2050 3512 2132">
     <span class='ocr_line' id='line_1_49' title="bbox 1980 2050 3512 2132; baseline 0.01 -27"><span class='ocrx_word' id='word_1_361' title='bbox 1980 2050 2135 2122; x_wconf 87' lang='lat' dir='ltr'><strong>(Cap.</strong></span> <span class='ocrx_word' id='word_1_362' title='bbox 2171 2051 2561 2112; x_wconf 78' lang='lat' dir='ltr'><strong>XVl.--Vers.</strong></span> <span class='ocrx_word' id='word_1_363' title='bbox 2586 2056 2666 2128; x_wconf 74' lang='lat'><strong>1.)</strong></span> <span class='ocrx_word' id='word_1_364' title='bbox 2700 2055 2895 2114; x_wconf 84' lang='lat' dir='ltr'><strong>Emitte</strong></span> <span class='ocrx_word' id='word_1_365' title='bbox 2920 2076 3113 2132; x_wconf 88' lang='lat' dir='ltr'><strong>agnum</strong></span> <span class='ocrx_word' id='word_1_366' title='bbox 3130 2061 3512 2120; x_wconf 85' lang='lat' dir='ltr'><strong>dominatorem</strong></span> 
     </span>
    </p>
   </div>
   <div class='ocr_carea' id='block_1_50' title="bbox 1911 2144 3513 2223">
    <p class='ocr_par' dir='ltr' id='par_1_50' title="bbox 1911 2144 3513 2223">
     <span class='ocr_line' id='line_1_50' title="bbox 1911 2144 3513 2223; baseline 0.011 -26"><span class='ocrx_word' id='word_1_367' title='bbox 1911 2151 2084 2210; x_wconf 71' lang='lat' dir='ltr'><strong>terrm,</strong></span> <span class='ocrx_word' id='word_1_368' title='bbox 2114 2144 2179 2199; x_wconf 82' lang='lat' dir='ltr'><strong>de</strong></span> <span class='ocrx_word' id='word_1_369' title='bbox 2208 2159 2357 2215; x_wconf 85' lang='lat' dir='ltr'><strong>petra</strong></span> <span class='ocrx_word' id='word_1_370' title='bbox 2382 2148 2591 2215; x_wconf 80' lang='lat' dir='ltr'><strong>deserti,</strong></span> <span class='ocrx_word' id='word_1_371' title='bbox 2620 2152 2690 2205; x_wconf 87' lang='lat' dir='ltr'><strong>ad</strong></span> <span class='ocrx_word' id='word_1_372' title='bbox 2737 2161 2961 2208; x_wconf 80' lang='lat' dir='ltr'><strong>montem</strong></span> <span class='ocrx_word' id='word_1_373' title='bbox 2990 2152 3117 2223; x_wconf 76' lang='lat' dir='ltr'><strong>ﬁltw</strong></span> <span class='ocrx_word' id='word_1_374' title='bbox 3140 2154 3294 2211; x_wconf 83' lang='lat' dir='ltr'><strong>Sion.</strong></span> <span class='ocrx_word' id='word_1_375' title='bbox 3319 2156 3386 2211; x_wconf 84' lang='lat' dir='ltr'><strong>Et</strong></span> <span class='ocrx_word' id='word_1_376' title='bbox 3412 2159 3513 2214; x_wconf 86' lang='lat' dir='ltr'><strong>erit</strong></span> 
     </span>
    </p>
   </div>
   <div class='ocr_carea' id='block_1_51' title="bbox 1909 2238 3515 2314">
    <p class='ocr_par' dir='ltr' id='par_1_51' title="bbox 1909 2238 3515 2314">
     <span class='ocr_line' id='line_1_51' title="bbox 1909 2238 3515 2314; baseline 0.009 -23"><span class='ocrx_word' id='word_1_377' title='bbox 1909 2238 2040 2291; x_wconf 85' lang='lat' dir='ltr'><strong>sicut</strong></span> <span class='ocrx_word' id='word_1_378' title='bbox 2064 2239 2172 2293; x_wconf 82' lang='lat' dir='ltr'><strong>avis</strong></span> <span class='ocrx_word' id='word_1_379' title='bbox 2191 2241 2431 2312; x_wconf 76' lang='lat' dir='ltr'><strong>fugiens:</strong></span> <span class='ocrx_word' id='word_1_380' title='bbox 2460 2253 2508 2297; x_wconf 89' lang='lat' dir='ltr'><strong>et</strong></span> <span class='ocrx_word' id='word_1_381' title='bbox 2538 2244 2670 2314; x_wconf 83' lang='lat' dir='ltr'><strong>pulli</strong></span> <span class='ocrx_word' id='word_1_382' title='bbox 2690 2250 2754 2300; x_wconf 84' lang='lat' dir='ltr'><strong>de</strong></span> <span class='ocrx_word' id='word_1_383' title='bbox 2775 2247 2899 2300; x_wconf 88' lang='lat' dir='ltr'><strong>nido</strong></span> <span class='ocrx_word' id='word_1_384' title='bbox 2925 2248 3223 2303; x_wconf 79' lang='lat' dir='ltr'><strong>avolantes:</strong></span> <span class='ocrx_word' id='word_1_385' title='bbox 3256 2251 3330 2304; x_wconf 81' lang='lat' dir='ltr'><strong>sic</strong></span> <span class='ocrx_word' id='word_1_386' title='bbox 3360 2260 3515 2306; x_wconf 80' lang='lat' dir='ltr'><strong>erunt</strong></span> 
     </span>
    </p>
   </div>
   <div class='ocr_carea' id='block_1_52' title="bbox 1911 2330 3513 2415">
    <p class='ocr_par' dir='ltr' id='par_1_52' title="bbox 1911 2330 3513 2415">
     <span class='ocr_line' id='line_1_52' title="bbox 1911 2330 3513 2415; baseline 0.011 -33"><span class='ocrx_word' id='word_1_387' title='bbox 1911 2331 2038 2398; x_wconf 72' lang='lat' dir='ltr'><strong>ﬁlia:</strong></span> <span class='ocrx_word' id='word_1_388' title='bbox 2067 2330 2223 2386; x_wconf 81' lang='lat' dir='ltr'><strong>Moab</strong></span> <span class='ocrx_word' id='word_1_389' title='bbox 2250 2335 2306 2388; x_wconf 85' lang='lat' dir='ltr'><strong>in</strong></span> <span class='ocrx_word' id='word_1_390' title='bbox 2335 2346 2641 2392; x_wconf 78' lang='lat' dir='ltr'><strong>transcensu</strong></span> <span class='ocrx_word' id='word_1_391' title='bbox 2682 2336 2881 2394; x_wconf 82' lang='lat' dir='ltr'><strong>Arnon.</strong></span> <span class='ocrx_word' id='word_1_392' title='bbox 2919 2339 3011 2394; x_wconf 83' lang='lat' dir='ltr'><strong>liti</strong></span> <span class='ocrx_word' id='word_1_393' title='bbox 3040 2343 3318 2397; x_wconf 82' lang='lat' dir='ltr'><strong>concilium</strong></span> <span class='ocrx_word' id='word_1_394' title='bbox 3343 2361 3361 2399; x_wconf 91' lang='lat'><em>:</em></span> <span class='ocrx_word' id='word_1_395' title='bbox 3387 2360 3513 2415; x_wconf 88' lang='lat' dir='ltr'><strong>coge</strong></span> 
     </span>
    </p>
   </div>
   <div class='ocr_carea' id='block_1_53' title="bbox 1910 2425 3517 2500">
    <p class='ocr_par' dir='ltr' id='par_1_53' title="bbox 1910 2425 3517 2500">
     <span class='ocr_line' id='line_1_53' title="bbox 1910 2425 3517 2500; baseline 0.01 -23"><span class='ocrx_word' id='word_1_396' title='bbox 1910 2425 2187 2480; x_wconf 84' lang='lat' dir='ltr'><strong>concilium</strong></span> <span class='ocrx_word' id='word_1_397' title='bbox 2204 2444 2223 2481; x_wconf 90' lang='lat'><strong><em>:</em></strong></span> <span class='ocrx_word' id='word_1_398' title='bbox 2244 2446 2378 2499; x_wconf 86' lang='lat' dir='ltr'><strong>pone</strong></span> <span class='ocrx_word' id='word_1_399' title='bbox 2395 2432 2546 2500; x_wconf 86' lang='lat' dir='ltr'><strong>quasi</strong></span> <span class='ocrx_word' id='word_1_400' title='bbox 2567 2444 2769 2488; x_wconf 87' lang='lat' dir='ltr'><strong>noctem</strong></span> <span class='ocrx_word' id='word_1_401' title='bbox 2790 2451 2873 2488; x_wconf 88' lang='lat' dir='ltr'><strong>um</strong></span> <span class='ocrx_word' id='word_1_402' title='bbox 2882 2434 3023 2489; x_wconf 84' lang='lat' dir='ltr'><strong>bram</strong></span> <span class='ocrx_word' id='word_1_403' title='bbox 3046 2446 3185 2490; x_wconf 86' lang='lat' dir='ltr'><strong>luant</strong></span> <span class='ocrx_word' id='word_1_404' title='bbox 3203 2438 3255 2491; x_wconf 89' lang='lat' dir='ltr'><strong>in</strong></span> <span class='ocrx_word' id='word_1_405' title='bbox 3271 2441 3483 2493; x_wconf 83' lang='lat' dir='ltr'><strong>meridie</strong></span> <span class='ocrx_word' id='word_1_406' title='bbox 3496 2454 3517 2494; x_wconf 89' lang='lat'><strong><em>:</em></strong></span> 
     </span>
    </p>
   </div>
   <div class='ocr_carea' id='block_1_54' title="bbox 1910 2519 3510 2601">
    <p class='ocr_par' dir='ltr' id='par_1_54' title="bbox 1910 2519 3510 2601">
     <span class='ocr_line' id='line_1_54' title="bbox 1910 2519 3510 2601; baseline 0.008 -29"><span class='ocrx_word' id='word_1_407' title='bbox 1910 2519 2167 2574; x_wconf 82' lang='lat' dir='ltr'><strong>absconde</strong></span> <span class='ocrx_word' id='word_1_408' title='bbox 2209 2524 2489 2595; x_wconf 74' lang='lat' dir='ltr'><strong>fugientes,</strong></span> <span class='ocrx_word' id='word_1_409' title='bbox 2523 2533 2570 2580; x_wconf 91' lang='lat' dir='ltr'><strong>et</strong></span> <span class='ocrx_word' id='word_1_410' title='bbox 2611 2542 2767 2598; x_wconf 83' lang='lat' dir='ltr'><strong>vagos</strong></span> <span class='ocrx_word' id='word_1_411' title='bbox 2814 2545 2878 2582; x_wconf 88' lang='lat' dir='ltr'><strong>ne</strong></span> <span class='ocrx_word' id='word_1_412' title='bbox 2925 2532 3140 2601; x_wconf 81' lang='lat' dir='ltr'><strong>prodas.</strong></span> <span class='ocrx_word' id='word_1_413' title='bbox 3184 2530 3510 2587; x_wconf 84' lang='lat' dir='ltr'><strong>Habitabant</strong></span> 
     </span>
    </p>
   </div>
   <div class='ocr_carea' id='block_1_55' title="bbox 1911 2614 3509 2698">
    <p class='ocr_par' dir='ltr' id='par_1_55' title="bbox 1911 2614 3509 2698">
     <span class='ocr_line' id='line_1_55' title="bbox 1911 2614 3509 2698; baseline 0.01 -34"><span class='ocrx_word' id='word_1_414' title='bbox 1911 2614 2053 2683; x_wconf 87' lang='lat' dir='ltr'><strong>apud</strong></span> <span class='ocrx_word' id='word_1_415' title='bbox 2081 2622 2131 2670; x_wconf 88' lang='lat' dir='ltr'><strong>te</strong></span> <span class='ocrx_word' id='word_1_416' title='bbox 2153 2619 2367 2691; x_wconf 76' lang='lat' dir='ltr'><strong>profugi</strong></span> <span class='ocrx_word' id='word_1_417' title='bbox 2391 2619 2515 2684; x_wconf 88' lang='lat' dir='ltr'><strong>mei,</strong></span> <span class='ocrx_word' id='word_1_418' title='bbox 2545 2618 2703 2674; x_wconf 79' lang='lat' dir='ltr'><strong>Moab</strong></span> <span class='ocrx_word' id='word_1_419' title='bbox 2733 2631 2839 2676; x_wconf 83' lang='lat' dir='ltr'><strong>esto</strong></span> <span class='ocrx_word' id='word_1_420' title='bbox 2864 2622 3137 2677; x_wconf 81' lang='lat' dir='ltr'><strong>latibulum</strong></span> <span class='ocrx_word' id='word_1_421' title='bbox 3162 2641 3341 2679; x_wconf 88' lang='lat' dir='ltr'><strong>eorum</strong></span> <span class='ocrx_word' id='word_1_422' title='bbox 3366 2643 3397 2679; x_wconf 91' lang='lat' dir='ltr'><strong>a</strong></span> <span class='ocrx_word' id='word_1_423' title='bbox 3422 2629 3509 2698; x_wconf 81' lang='lat' dir='ltr'><strong>fa-</strong></span> 
     </span>
    </p>
   </div>
   <div class='ocr_carea' id='block_1_56' title="bbox 1912 2708 3513 2783">
    <p class='ocr_par' dir='ltr' id='par_1_56' title="bbox 1912 2708 3513 2783">
     <span class='ocr_line' id='line_1_56' title="bbox 1912 2708 3513 2783; baseline 0.007 -21"><span class='ocrx_word' id='word_1_424' title='bbox 1912 2708 1990 2762; x_wconf 88' lang='lat' dir='ltr'><strong>cie</strong></span> <span class='ocrx_word' id='word_1_425' title='bbox 2013 2711 2309 2764; x_wconf 77' lang='lat' dir='ltr'><strong>vastatoris.</strong></span> <span class='ocrx_word' id='word_1_426' title='bbox 2348 2709 2563 2766; x_wconf 81' lang='lat' dir='ltr'><strong>Finitus</strong></span> <span class='ocrx_word' id='word_1_427' title='bbox 2587 2723 2661 2767; x_wconf 87' lang='lat' dir='ltr'><strong>est</strong></span> <span class='ocrx_word' id='word_1_428' title='bbox 2699 2715 2832 2769; x_wconf 87' lang='lat' dir='ltr'><strong>enim</strong></span> <span class='ocrx_word' id='word_1_429' title='bbox 2864 2718 3032 2783; x_wconf 83' lang='lat' dir='ltr'><strong>pulvis</strong></span> <span class='ocrx_word' id='word_1_430' title='bbox 3059 2732 3078 2771; x_wconf 91' lang='lat'><strong><em>:</em></strong></span> <span class='ocrx_word' id='word_1_431' title='bbox 3124 2729 3513 2777; x_wconf 75' lang='lat' dir='ltr'><strong>consummatus</strong></span> 
     </span>
    </p>
   </div>
   <div class='ocr_carea' id='block_1_57' title="bbox 1912 2805 3520 2886">
    <p class='ocr_par' dir='ltr' id='par_1_57' title="bbox 1912 2805 3520 2886">
     <span class='ocr_line' id='line_1_57' title="bbox 1912 2805 3520 2886; baseline 0.008 -28"><span class='ocrx_word' id='word_1_432' title='bbox 1912 2814 1989 2859; x_wconf 88' lang='lat' dir='ltr'><strong>est</strong></span> <span class='ocrx_word' id='word_1_433' title='bbox 2010 2805 2203 2860; x_wconf 84' lang='lat' dir='ltr'><strong>miser:</strong></span> <span class='ocrx_word' id='word_1_434' title='bbox 2234 2806 2422 2875; x_wconf 80' lang='lat' dir='ltr'><strong>defecit</strong></span> <span class='ocrx_word' id='word_1_435' title='bbox 2460 2808 2550 2878; x_wconf 85' lang='lat' dir='ltr'><strong>qui</strong></span> <span class='ocrx_word' id='word_1_436' title='bbox 2589 2810 2925 2864; x_wconf 83' lang='lat' dir='ltr'><strong>canculcabat</strong></span> <span class='ocrx_word' id='word_1_437' title='bbox 2959 2820 3170 2866; x_wconf 86' lang='lat' dir='ltr'><strong>terram.</strong></span> <span class='ocrx_word' id='word_1_438' title='bbox 3200 2812 3271 2867; x_wconf 89' lang='lat' dir='ltr'><strong>Et</strong></span> <span class='ocrx_word' id='word_1_439' title='bbox 3311 2832 3520 2886; x_wconf 79' lang='lat' dir='ltr'><strong>pitepa-</strong></span> 
     </span>
    </p>
   </div>
   <div class='ocr_carea' id='block_1_58' title="bbox 1912 2901 3514 2983">
    <p class='ocr_par' dir='ltr' id='par_1_58' title="bbox 1912 2901 3514 2983">
     <span class='ocr_line' id='line_1_58' title="bbox 1912 2901 3514 2983; baseline 0.009 -30"><span class='ocrx_word' id='word_1_440' title='bbox 1912 2901 2113 2955; x_wconf 85' lang='lat' dir='ltr'><strong>rabitur</strong></span> <span class='ocrx_word' id='word_1_441' title='bbox 2164 2902 2217 2955; x_wconf 88' lang='lat' dir='ltr'><strong>in</strong></span> <span class='ocrx_word' id='word_1_442' title='bbox 2247 2903 2608 2958; x_wconf 70' lang='lat' dir='ltr'><strong>misericordia</strong></span> <span class='ocrx_word' id='word_1_443' title='bbox 2634 2902 2823 2968; x_wconf 78' lang='lat' dir='ltr'><strong>solium</strong></span> <span class='ocrx_word' id='word_1_444' title='bbox 2846 2922 2865 2961; x_wconf 89' lang='lat'><strong><em>:</em></strong></span> <span class='ocrx_word' id='word_1_445' title='bbox 2891 2916 2939 2961; x_wconf 86' lang='lat' dir='ltr'><strong>et</strong></span> <span class='ocrx_word' id='word_1_446' title='bbox 2970 2908 3162 2963; x_wconf 77' lang='lat' dir='ltr'><strong>sedebit</strong></span> <span class='ocrx_word' id='word_1_447' title='bbox 3193 2926 3351 2983; x_wconf 83' lang='lat' dir='ltr'><strong>super</strong></span> <span class='ocrx_word' id='word_1_448' title='bbox 3375 2910 3514 2967; x_wconf 81' lang='lat' dir='ltr'><strong>illud</strong></span> 
     </span>
    </p>
   </div>
   <div class='ocr_carea' id='block_1_59' title="bbox 1912 2997 3513 3076">
    <p class='ocr_par' dir='ltr' id='par_1_59' title="bbox 1912 2997 3513 3076">
     <span class='ocr_line' id='line_1_59' title="bbox 1912 2997 3513 3076; baseline 0.007 -26"><span class='ocrx_word' id='word_1_449' title='bbox 1912 2998 1967 3051; x_wconf 89' lang='lat' dir='ltr'><strong>in</strong></span> <span class='ocrx_word' id='word_1_450' title='bbox 2007 2997 2223 3052; x_wconf 82' lang='lat' dir='ltr'><strong>veritate</strong></span> <span class='ocrx_word' id='word_1_451' title='bbox 2251 2999 2304 3052; x_wconf 91' lang='lat' dir='ltr'><strong>in</strong></span> <span class='ocrx_word' id='word_1_452' title='bbox 2336 2997 2666 3053; x_wconf 82' lang='lat' dir='ltr'><strong>tabernaculo</strong></span> <span class='ocrx_word' id='word_1_453' title='bbox 2697 2999 2898 3054; x_wconf 79' lang='lat' dir='ltr'><strong>Dauid:</strong></span> <span class='ocrx_word' id='word_1_454' title='bbox 2923 3003 3172 3072; x_wconf 85' lang='lat' dir='ltr'><strong>judicans</strong></span> <span class='ocrx_word' id='word_1_455' title='bbox 3201 3014 3248 3059; x_wconf 92' lang='lat' dir='ltr'><strong>et</strong></span> <span class='ocrx_word' id='word_1_456' title='bbox 3275 3022 3513 3076; x_wconf 79' lang='lat' dir='ltr'><strong>qutcrens</strong></span> 
     </span>
    </p>
   </div>
   <div class='ocr_carea' id='block_1_60' title="bbox 1904 3091 3513 3169">
    <p class='ocr_par' dir='ltr' id='par_1_60' title="bbox 1904 3091 3513 3169">
     <span class='ocr_line' id='line_1_60' title="bbox 1904 3091 3513 3169; baseline 0.007 -25"><span class='ocrx_word' id='word_1_457' title='bbox 1904 3091 2202 3164; x_wconf 86' lang='lat' dir='ltr'><strong>judicium;</strong></span> <span class='ocrx_word' id='word_1_458' title='bbox 2243 3101 2294 3147; x_wconf 87' lang='lat' dir='ltr'><strong>et</strong></span> <span class='ocrx_word' id='word_1_459' title='bbox 2336 3093 2575 3147; x_wconf 73' lang='lat' dir='ltr'><strong>velociter</strong></span> <span class='ocrx_word' id='word_1_460' title='bbox 2604 3093 2829 3149; x_wconf 85' lang='lat' dir='ltr'><strong>reddens</strong></span> <span class='ocrx_word' id='word_1_461' title='bbox 2857 3096 2995 3165; x_wconf 85' lang='lat' dir='ltr'><strong>quod</strong></span> <span class='ocrx_word' id='word_1_462' title='bbox 3031 3099 3235 3169; x_wconf 66' lang='lat' dir='ltr'><strong>justam</strong></span> <span class='ocrx_word' id='word_1_463' title='bbox 3267 3110 3362 3153; x_wconf 76' lang='lat' dir='ltr'><strong>est.</strong></span> <span class='ocrx_word' id='word_1_464' title='bbox 3400 3100 3513 3156; x_wconf 83' lang='lat' dir='ltr'><strong>lloc</strong></span> 
     </span>
    </p>
   </div>
   <div class='ocr_carea' id='block_1_61' title="bbox 1911 3184 3513 3262">
    <p class='ocr_par' dir='ltr' id='par_1_61' title="bbox 1911 3184 3513 3262">
     <span class='ocr_line' id='line_1_61' title="bbox 1911 3184 3513 3262; baseline 0.006 -26"><span class='ocrx_word' id='word_1_465' title='bbox 1911 3184 2055 3253; x_wconf 89' lang='lat' dir='ltr'><strong>quod</strong></span> <span class='ocrx_word' id='word_1_466' title='bbox 2100 3184 2169 3239; x_wconf 84' lang='lat' dir='ltr'><strong>de</strong></span> <span class='ocrx_word' id='word_1_467' title='bbox 2201 3184 2434 3240; x_wconf 61' lang='lat' dir='ltr'><strong>Hebraeo</strong></span> <span class='ocrx_word' id='word_1_468' title='bbox 2461 3186 2809 3257; x_wconf 78' lang='lat' dir='ltr'><strong>interpretati</strong></span> <span class='ocrx_word' id='word_1_469' title='bbox 2843 3202 3069 3242; x_wconf 91' lang='lat' dir='ltr'><strong>sumus:</strong></span> <span class='ocrx_word' id='word_1_470' title='bbox 3113 3190 3292 3245; x_wconf 82' lang='lat' dir='ltr'><strong>emitte</strong></span> <span class='ocrx_word' id='word_1_471' title='bbox 3318 3207 3513 3262; x_wconf 83' lang='lat' dir='ltr'><strong>agnum</strong></span> 
     </span>
    </p>
   </div>
   <div class='ocr_carea' id='block_1_62' title="bbox 202 3267 3517 3359">
    <p class='ocr_par' dir='ltr' id='par_1_62' title="bbox 202 3267 3517 3359">
     <span class='ocr_line' id='line_1_62' title="bbox 202 3267 3517 3359; baseline 0.006 -39"><span class='ocrx_word' id='word_1_472' title='bbox 202 3298 503 3348; x_wconf 46' lang='lat' dir='ltr'><strong>annorum.</strong></span> <span class='ocrx_word' id='word_1_473' title='bbox 550 3287 853 3358; x_wconf 59' lang='lat' dir='ltr'><strong>pel-fectum</strong></span> <span class='ocrx_word' id='word_1_474' title='bbox 900 3290 1114 3348; x_wconf 61' lang='grc' dir='ltr'><strong>δεηίρει</strong></span> <span class='ocrx_word' id='word_1_475' title='bbox 1159 3294 1517 3359; x_wconf 64' lang='lat' dir='ltr'><strong>sacriﬁcium,</strong></span> <span class='ocrx_word' id='word_1_476' title='bbox 1543 3303 1601 3349; x_wconf 75' lang='grc' dir='ltr'>ιη</span> <span class='ocrx_word' id='word_1_477' title='bbox 1630 3291 1808 3350; x_wconf 61' lang='lat' dir='ltr'><strong>[mres</strong></span> <span class='ocrx_word' id='word_1_478' title='bbox 1832 3267 1879 3331; x_wconf 89' lang='lat' dir='ltr'>C</span> <span class='ocrx_word' id='word_1_479' title='bbox 1912 3275 2291 3332; x_wconf 82' lang='lat' dir='ltr'><strong>dominatorem</strong></span> <span class='ocrx_word' id='word_1_480' title='bbox 2320 3287 2486 3344; x_wconf 71' lang='lat' dir='ltr'><strong>terraz,</strong></span> <span class='ocrx_word' id='word_1_481' title='bbox 2528 3288 2707 3348; x_wconf 76' lang='lat' dir='ltr'><strong>potest</strong></span> <span class='ocrx_word' id='word_1_482' title='bbox 2730 3280 2802 3334; x_wconf 89' lang='lat' dir='ltr'><strong>ita</strong></span> <span class='ocrx_word' id='word_1_483' title='bbox 2832 3279 2936 3350; x_wconf 86' lang='lat' dir='ltr'><strong>legi</strong></span> <span class='ocrx_word' id='word_1_484' title='bbox 2966 3298 2978 3334; x_wconf 91' lang='lat'><strong>:</strong></span> <span class='ocrx_word' id='word_1_485' title='bbox 3010 3281 3110 3335; x_wconf 89' lang='lat' dir='ltr'><strong>emi</strong></span> <span class='ocrx_word' id='word_1_486' title='bbox 3136 3294 3183 3337; x_wconf 90' lang='lat' dir='ltr'><strong>te</strong></span> <span class='ocrx_word' id='word_1_487' title='bbox 3204 3300 3391 3356; x_wconf 84' lang='lat' dir='ltr'><strong>agnum</strong></span> <span class='ocrx_word' id='word_1_488' title='bbox 3415 3284 3517 3340; x_wconf 82' lang='lat' dir='ltr'><strong>do-</strong></span> 
     </span>
    </p>
   </div>
   <div class='ocr_carea' id='block_1_63' title="bbox 203 3376 1809 3458">
    <p class='ocr_par' dir='ltr' id='par_1_63' title="bbox 203 3376 1809 3458">
     <span class='ocr_line' id='line_1_63' title="bbox 203 3376 1809 3458; baseline 0.006 -26"><span class='ocrx_word' id='word_1_489' title='bbox 203 3376 429 3433; x_wconf 90' lang='lat' dir='ltr'><strong>Domini</strong></span> <span class='ocrx_word' id='word_1_490' title='bbox 460 3395 587 3436; x_wconf 69' lang='lat' dir='ltr'><strong>esse</strong></span> <span class='ocrx_word' id='word_1_491' title='bbox 611 3391 887 3439; x_wconf 73' lang='lat' dir='ltr'><strong>mereatur</strong></span> <span class='ocrx_word' id='word_1_492' title='bbox 913 3385 1124 3457; x_wconf 70' lang='lat' dir='ltr'><strong>(lienes.</strong></span> <span class='ocrx_word' id='word_1_493' title='bbox 1157 3383 1268 3455; x_wconf 87' lang='lat' dir='ltr'><strong>xv).</strong></span> <span class='ocrx_word' id='word_1_494' title='bbox 1317 3385 1564 3458; x_wconf 91' lang='lat' dir='ltr'><strong>Cumque</strong></span> <span class='ocrx_word' id='word_1_495' title='bbox 1594 3387 1809 3457; x_wconf 82' lang='lat' dir='ltr'><strong>egerint</strong></span> 
     </span>
    </p>
   </div>
   <div class='ocr_carea' id='block_1_64' title="bbox 200 3473 1808 3555">
    <p class='ocr_par' dir='ltr' id='par_1_64' title="bbox 200 3473 1808 3555">
     <span class='ocr_line' id='line_1_64' title="bbox 200 3473 1808 3555; baseline 0.007 -27"><span class='ocrx_word' id='word_1_496' title='bbox 200 3473 621 3543; x_wconf 64' lang='lat' dir='ltr'><strong>panitentiam,</strong></span> <span class='ocrx_word' id='word_1_497' title='bbox 649 3492 748 3547; x_wconf 88' lang='lat' dir='ltr'><strong>per</strong></span> <span class='ocrx_word' id='word_1_498' title='bbox 785 3477 970 3544; x_wconf 83' lang='lat' dir='ltr'><strong>Luitb,</strong></span> <span class='ocrx_word' id='word_1_499' title='bbox 996 3479 1048 3534; x_wconf 93' lang='lat' dir='ltr'><strong>id</strong></span> <span class='ocrx_word' id='word_1_500' title='bbox 1094 3490 1202 3547; x_wconf 90' lang='lat' dir='ltr'><strong>est,</strong></span> <span class='ocrx_word' id='word_1_501' title='bbox 1243 3474 1503 3552; x_wconf 81' lang='lat' dir='ltr'><strong>genarum</strong></span> <span class='ocrx_word' id='word_1_502' title='bbox 1537 3482 1808 3555; x_wconf 77' lang='lat' dir='ltr'><strong>laerymas</strong></span> 
     </span>
    </p>
   </div>
   <div class='ocr_carea' id='block_1_65' title="bbox 200 3564 1810 3646">
    <p class='ocr_par' dir='ltr' id='par_1_65' title="bbox 200 3564 1810 3646">
     <span class='ocr_line' id='line_1_65' title="bbox 200 3564 1810 3646; baseline 0.007 -26"><span class='ocrx_word' id='word_1_503' title='bbox 200 3564 273 3621; x_wconf 87' lang='lat' dir='ltr'><strong>ad</strong></span> <span class='ocrx_word' id='word_1_504' title='bbox 305 3565 499 3623; x_wconf 85' lang='lat' dir='ltr'><strong>altiora</strong></span> <span class='ocrx_word' id='word_1_505' title='bbox 530 3572 923 3628; x_wconf 75' lang='lat' dir='ltr'><strong>conscenderit.</strong></span> <span class='ocrx_word' id='word_1_506' title='bbox 955 3572 1021 3628; x_wconf 85' lang='lat' dir='ltr'><strong>Et</strong></span> <span class='ocrx_word' id='word_1_507' title='bbox 1061 3572 1166 3629; x_wconf 91' lang='lat' dir='ltr'><strong>hoc</strong></span> <span class='ocrx_word' id='word_1_508' title='bbox 1185 3574 1339 3646; x_wconf 90' lang='lat' dir='ltr'><strong>quasi</strong></span> <span class='ocrx_word' id='word_1_509' title='bbox 1379 3576 1630 3632; x_wconf 83' lang='lat' dir='ltr'><strong>maeroris</strong></span> <span class='ocrx_word' id='word_1_510' title='bbox 1668 3578 1810 3631; x_wconf 81' lang='lat' dir='ltr'><strong>lora-</strong></span> 
     </span>
    </p>
   </div>
   <div class='ocr_carea' id='block_1_66' title="bbox 201 3658 1808 3733">
    <p class='ocr_par' dir='ltr' id='par_1_66' title="bbox 201 3658 1808 3733">
     <span class='ocr_line' id='line_1_66' title="bbox 201 3658 1808 3733; baseline 0.008 -20"><span class='ocrx_word' id='word_1_511' title='bbox 201 3658 358 3714; x_wconf 88' lang='lat' dir='ltr'><strong>mine</strong></span> <span class='ocrx_word' id='word_1_512' title='bbox 388 3670 549 3729; x_wconf 87' lang='lat' dir='ltr'><strong>atque</strong></span> <span class='ocrx_word' id='word_1_513' title='bbox 576 3661 829 3733; x_wconf 91' lang='lat' dir='ltr'><strong>introitu,</strong></span> <span class='ocrx_word' id='word_1_514' title='bbox 862 3665 1162 3722; x_wconf 89' lang='lat' dir='ltr'><strong>clamorem</strong></span> <span class='ocrx_word' id='word_1_515' title='bbox 1187 3667 1531 3724; x_wconf 88' lang='lat' dir='ltr'><strong>coutritionis</strong></span> <span class='ocrx_word' id='word_1_516' title='bbox 1553 3670 1808 3726; x_wconf 82' lang='lat' dir='ltr'><strong>levabant</strong></span> 
     </span>
    </p>
   </div>
   <div class='ocr_carea' id='block_1_67' title="bbox 198 3753 1811 3838">
    <p class='ocr_par' dir='ltr' id='par_1_67' title="bbox 198 3753 1811 3838">
     <span class='ocr_line' id='line_1_67' title="bbox 198 3753 1811 3838; baseline 0.008 -30"><span class='ocrx_word' id='word_1_517' title='bbox 198 3754 271 3808; x_wconf 80' lang='lat' dir='ltr'><strong>ad</strong></span> <span class='ocrx_word' id='word_1_518' title='bbox 298 3753 611 3820; x_wconf 86' lang='lat' dir='ltr'><strong>Domitium,</strong></span> <span class='ocrx_word' id='word_1_519' title='bbox 637 3768 693 3810; x_wconf 90' lang='grc' dir='ltr'><strong>ιιι</strong></span> <span class='ocrx_word' id='word_1_520' title='bbox 715 3758 926 3828; x_wconf 83' lang='lat' dir='ltr'><strong>possint</strong></span> <span class='ocrx_word' id='word_1_521' title='bbox 951 3760 1136 3817; x_wconf 88' lang='lat' dir='ltr'><strong>dicere</strong></span> <span class='ocrx_word' id='word_1_522' title='bbox 1171 3778 1184 3815; x_wconf 87' lang='lat'><strong>:</strong></span> <span class='ocrx_word' id='word_1_523' title='bbox 1216 3761 1545 3833; x_wconf 77' lang='lat' dir='ltr'><strong>Sacriﬁcium</strong></span> <span class='ocrx_word' id='word_1_524' title='bbox 1563 3761 1674 3819; x_wconf 70' lang='lat' dir='ltr'><strong>Deo</strong></span> <span class='ocrx_word' id='word_1_525' title='bbox 1703 3766 1811 3838; x_wconf 85' lang='lat' dir='ltr'><strong>spi-</strong></span> 
     </span>
    </p>
   </div>
   <div class='ocr_carea' id='block_1_68' title="bbox 198 3850 1809 3911">
    <p class='ocr_par' dir='ltr' id='par_1_68' title="bbox 198 3850 1809 3911">
     <span class='ocr_line' id='line_1_68' title="bbox 198 3850 1809 3911; baseline 0.004 -7"><span class='ocrx_word' id='word_1_526' title='bbox 198 3850 337 3904; x_wconf 76' lang='lat' dir='ltr'><strong>ritus</strong></span> <span class='ocrx_word' id='word_1_527' title='bbox 363 3851 878 3909; x_wconf 85' lang='lat' dir='ltr'><strong>contribulatus:cor</strong></span> <span class='ocrx_word' id='word_1_528' title='bbox 917 3854 1194 3909; x_wconf 88' lang='lat' dir='ltr'><strong>contritum</strong></span> <span class='ocrx_word' id='word_1_529' title='bbox 1240 3862 1288 3910; x_wconf 89' lang='lat' dir='ltr'><strong>et</strong></span> <span class='ocrx_word' id='word_1_530' title='bbox 1305 3854 1639 3910; x_wconf 86' lang='lat' dir='ltr'><strong>humiliatum</strong></span> <span class='ocrx_word' id='word_1_531' title='bbox 1667 3853 1809 3911; x_wconf 79' lang='lat' dir='ltr'><strong>Deus</strong></span> 
     </span>
    </p>
   </div>
   <div class='ocr_carea' id='block_1_69' title="bbox 200 3932 1809 4022">
    <p class='ocr_par' dir='ltr' id='par_1_69' title="bbox 200 3932 1809 4022">
     <span class='ocr_line' id='line_1_69' title="bbox 200 3932 1809 4022; baseline 0.006 -26"><span class='ocrx_word' id='word_1_532' title='bbox 200 3960 310 3997; x_wconf 85' lang='lat' dir='ltr'><strong>non</strong></span> <span class='ocrx_word' id='word_1_533' title='bbox 332 3943 583 4016; x_wconf 76' lang='lat' dir='ltr'><strong>despiciet</strong></span> <span class='ocrx_word' id='word_1_534' title='bbox 612 3943 734 4017; x_wconf 90' lang='lat' dir='ltr'><strong>(Ps.</strong></span> <span class='ocrx_word' id='word_1_535' title='bbox 792 3962 856 4011; x_wconf 85' lang='grc' dir='ltr'><strong>ι..</strong></span> <span class='ocrx_word' id='word_1_536' title='bbox 895 3946 1006 4020; x_wconf 77' lang='grc'><strong>19).</strong></span> <span class='ocrx_word' id='word_1_537' title='bbox 1066 3948 1135 4009; x_wconf 83' lang='lat' dir='ltr'><strong>Et</strong></span> <span class='ocrx_word' id='word_1_538' title='bbox 1179 3932 1282 4004; x_wconf 88' lang='lat' dir='ltr'><strong>hoc</strong></span> <span class='ocrx_word' id='word_1_539' title='bbox 1322 3949 1435 4018; x_wconf 80' lang='lat' dir='ltr'><strong>ﬁet,</strong></span> <span class='ocrx_word' id='word_1_540' title='bbox 1480 3950 1607 4022; x_wconf 87' lang='lat' dir='ltr'><strong>quia</strong></span> <span class='ocrx_word' id='word_1_541' title='bbox 1654 3965 1809 4022; x_wconf 75' lang='lat' dir='ltr'><strong>aquze</strong></span> 
     </span>
    </p>
   </div>
   <div class='ocr_carea' id='block_1_70' title="bbox 198 4034 1811 4114">
    <p class='ocr_par' dir='ltr' id='par_1_70' title="bbox 198 4034 1811 4114">
     <span class='ocr_line' id='line_1_70' title="bbox 198 4034 1811 4114; baseline 0.006 -23"><span class='ocrx_word' id='word_1_542' title='bbox 198 4034 477 4103; x_wconf 81' lang='lat' dir='ltr'><strong>Nemrim,</strong></span> <span class='ocrx_word' id='word_1_543' title='bbox 521 4036 572 4094; x_wconf 91' lang='lat' dir='ltr'><strong>id</strong></span> <span class='ocrx_word' id='word_1_544' title='bbox 597 4048 704 4103; x_wconf 86' lang='lat' dir='ltr'><strong>est,</strong></span> <span class='ocrx_word' id='word_1_545' title='bbox 737 4040 986 4096; x_wconf 89' lang='lat' dir='ltr'><strong>doctrina</strong></span> <span class='ocrx_word' id='word_1_546' title='bbox 1017 4040 1424 4107; x_wconf 79' lang='lat' dir='ltr'><strong>haereticnrum,</strong></span> <span class='ocrx_word' id='word_1_547' title='bbox 1472 4058 1592 4114; x_wconf 73' lang='lat' dir='ltr'><strong>qua:</strong></span> <span class='ocrx_word' id='word_1_548' title='bbox 1627 4044 1811 4114; x_wconf 89' lang='lat' dir='ltr'><strong>pardis</strong></span> 
     </span>
    </p>
   </div>
   <div class='ocr_carea' id='block_1_71' title="bbox 199 4132 1807 4204">
    <p class='ocr_par' dir='ltr' id='par_1_71' title="bbox 199 4132 1807 4204">
     <span class='ocr_line' id='line_1_71' title="bbox 199 4132 1807 4204; baseline 0.004 -17"><span class='ocrx_word' id='word_1_549' title='bbox 199 4144 253 4187; x_wconf 87' lang='lat' dir='ltr'><strong>et</strong></span> <span class='ocrx_word' id='word_1_550' title='bbox 279 4132 790 4201; x_wconf 66' lang='lat' dir='ltr'><strong>praevaricatoribus</strong></span> <span class='ocrx_word' id='word_1_551' title='bbox 834 4147 1205 4204; x_wconf 89' lang='lat' dir='ltr'><strong>comparatur,</strong></span> <span class='ocrx_word' id='word_1_552' title='bbox 1236 4136 1450 4192; x_wconf 73' lang='lat' dir='ltr'><strong>desorta</strong></span> <span class='ocrx_word' id='word_1_553' title='bbox 1479 4137 1602 4199; x_wconf 87' lang='lat' dir='ltr'><strong>erit,</strong></span> <span class='ocrx_word' id='word_1_554' title='bbox 1628 4149 1683 4193; x_wconf 92' lang='lat' dir='ltr'><strong>et</strong></span> <span class='ocrx_word' id='word_1_555' title='bbox 1710 4137 1807 4193; x_wconf 85' lang='lat' dir='ltr'><strong>de-</strong></span> 
     </span>
    </p>
   </div>
   <div class='ocr_carea' id='block_1_72' title="bbox 197 4224 1810 4301">
    <p class='ocr_par' dir='ltr' id='par_1_72' title="bbox 197 4224 1810 4301">
     <span class='ocr_line' id='line_1_72' title="bbox 197 4224 1810 4301; baseline 0.003 -21"><span class='ocrx_word' id='word_1_556' title='bbox 197 4224 438 4281; x_wconf 83' lang='lat' dir='ltr'><strong>ducetur</strong></span> <span class='ocrx_word' id='word_1_557' title='bbox 456 4226 522 4280; x_wconf 86' lang='lat' dir='ltr'><strong>ad</strong></span> <span class='ocrx_word' id='word_1_558' title='bbox 548 4227 727 4283; x_wconf 91' lang='lat' dir='ltr'><strong>nihili.</strong></span> <span class='ocrx_word' id='word_1_559' title='bbox 749 4227 908 4284; x_wconf 85' lang='lat' dir='ltr'><strong>Pardi</strong></span> <span class='ocrx_word' id='word_1_560' title='bbox 932 4238 1076 4295; x_wconf 92' lang='lat' dir='ltr'><strong>sunt,</strong></span> <span class='ocrx_word' id='word_1_561' title='bbox 1102 4245 1334 4301; x_wconf 81' lang='lat' dir='ltr'><strong>quorum</strong></span> <span class='ocrx_word' id='word_1_562' title='bbox 1360 4229 1414 4285; x_wconf 92' lang='lat' dir='ltr'><strong>in</strong></span> <span class='ocrx_word' id='word_1_563' title='bbox 1443 4228 1677 4286; x_wconf 87' lang='lat' dir='ltr'><strong>Jeremia</strong></span> <span class='ocrx_word' id='word_1_564' title='bbox 1715 4245 1810 4285; x_wconf 60' lang='lat' dir='ltr'><strong>va-</strong></span> 
     </span>
    </p>
   </div>
   <div class='ocr_carea' id='block_1_73' title="bbox 197 4320 1810 4395">
    <p class='ocr_par' dir='ltr' id='par_1_73' title="bbox 197 4320 1810 4395">
     <span class='ocr_line' id='line_1_73' title="bbox 197 4320 1810 4395; baseline 0.002 -19"><span class='ocrx_word' id='word_1_565' title='bbox 197 4320 432 4376; x_wconf 84' lang='lat' dir='ltr'><strong>rietates</strong></span> <span class='ocrx_word' id='word_1_566' title='bbox 479 4330 535 4376; x_wconf 90' lang='lat' dir='ltr'><strong>et</strong></span> <span class='ocrx_word' id='word_1_567' title='bbox 577 4322 805 4377; x_wconf 78' lang='lat' dir='ltr'><strong>maculae</strong></span> <span class='ocrx_word' id='word_1_568' title='bbox 857 4336 963 4376; x_wconf 90' lang='lat' dir='ltr'><strong>nou</strong></span> <span class='ocrx_word' id='word_1_569' title='bbox 1007 4330 1282 4378; x_wconf 83' lang='lat' dir='ltr'><strong>mutantur</strong></span> <span class='ocrx_word' id='word_1_570' title='bbox 1313 4320 1529 4395; x_wconf 83' lang='lat' dir='ltr'><strong>(Jerem.</strong></span> <span class='ocrx_word' id='word_1_571' title='bbox 1583 4321 1721 4394; x_wconf 78' lang='lat' dir='ltr'><strong>stu),</strong></span> <span class='ocrx_word' id='word_1_572' title='bbox 1753 4332 1810 4379; x_wconf 91' lang='lat' dir='ltr'><strong>et</strong></span> 
     </span>
    </p>
   </div>
   <div class='ocr_carea' id='block_1_74' title="bbox 196 4415 1807 4487">
    <p class='ocr_par' dir='ltr' id='par_1_74' title="bbox 196 4415 1807 4487">
     <span class='ocr_line' id='line_1_74' title="bbox 196 4415 1807 4487; baseline 0.003 -19"><span class='ocrx_word' id='word_1_573' title='bbox 196 4425 494 4484; x_wconf 75' lang='lat' dir='ltr'><strong>apustatze,</strong></span> <span class='ocrx_word' id='word_1_574' title='bbox 536 4415 607 4472; x_wconf 90' lang='lat' dir='ltr'><strong>de</strong></span> <span class='ocrx_word' id='word_1_575' title='bbox 638 4416 835 4487; x_wconf 89' lang='lat' dir='ltr'><strong>quibus</strong></span> <span class='ocrx_word' id='word_1_576' title='bbox 866 4419 919 4474; x_wconf 91' lang='lat' dir='ltr'><strong>in</strong></span> <span class='ocrx_word' id='word_1_577' title='bbox 958 4417 1194 4473; x_wconf 58' lang='lat' dir='ltr'><strong>Psalmis</strong></span> <span class='ocrx_word' id='word_1_578' title='bbox 1223 4418 1459 4486; x_wconf 70' lang='lat' dir='ltr'><strong>legimus</strong></span> <span class='ocrx_word' id='word_1_579' title='bbox 1490 4436 1504 4471; x_wconf 77' lang='grc' dir='ltr'><em>τ</em></span> <span class='ocrx_word' id='word_1_580' title='bbox 1543 4417 1807 4474; x_wconf 64' lang='lat' dir='ltr'><strong>Praevari-</strong></span> 
     </span>
    </p>
   </div>
   <div class='ocr_carea' id='block_1_75' title="bbox 197 4510 1805 4586">
    <p class='ocr_par' dir='ltr' id='par_1_75' title="bbox 197 4510 1805 4586">
     <span class='ocr_line' id='line_1_75' title="bbox 197 4510 1805 4586; baseline 0.002 -22"><span class='ocrx_word' id='word_1_581' title='bbox 197 4522 405 4565; x_wconf 69' lang='lat' dir='ltr'><strong>catares</strong></span> <span class='ocrx_word' id='word_1_582' title='bbox 447 4511 682 4580; x_wconf 69' lang='lat' dir='ltr'><strong>reputavi</strong></span> <span class='ocrx_word' id='word_1_583' title='bbox 710 4526 886 4567; x_wconf 86' lang='lat' dir='ltr'><strong>omnes</strong></span> <span class='ocrx_word' id='word_1_584' title='bbox 934 4525 1230 4582; x_wconf 87' lang='lat' dir='ltr'><strong>peccatores</strong></span> <span class='ocrx_word' id='word_1_585' title='bbox 1262 4521 1413 4567; x_wconf 63' lang='lat' dir='ltr'><strong>terra</strong></span> <span class='ocrx_word' id='word_1_586' title='bbox 1440 4510 1561 4586; x_wconf 87' lang='lat' dir='ltr'><strong>(Ps.</strong></span> <span class='ocrx_word' id='word_1_587' title='bbox 1593 4513 1805 4583; x_wconf 65' lang='lat' dir='ltr'><strong>cum),</strong></span> 
     </span>
    </p>
   </div>
   <div class='ocr_carea' id='block_1_76' title="bbox 199 4599 1805 4675">
    <p class='ocr_par' dir='ltr' id='par_1_76' title="bbox 199 4599 1805 4675">
     <span class='ocr_line' id='line_1_76' title="bbox 199 4599 1805 4675; baseline 0.001 -19"><span class='ocrx_word' id='word_1_588' title='bbox 199 4599 354 4672; x_wconf 78' lang='lat' dir='ltr'><strong>H9).</strong></span> <span class='ocrx_word' id='word_1_589' title='bbox 377 4600 799 4674; x_wconf 79' lang='lat' dir='ltr'><strong>Omnisqunqtte</strong></span> <span class='ocrx_word' id='word_1_590' title='bbox 830 4602 996 4659; x_wconf 90' lang='lat' dir='ltr'><strong>herba</strong></span> <span class='ocrx_word' id='word_1_591' title='bbox 1020 4612 1075 4659; x_wconf 91' lang='lat' dir='ltr'><strong>et</strong></span> <span class='ocrx_word' id='word_1_592' title='bbox 1093 4619 1344 4674; x_wconf 73' lang='lat' dir='ltr'><strong>germen,</strong></span> <span class='ocrx_word' id='word_1_593' title='bbox 1377 4613 1433 4658; x_wconf 92' lang='lat' dir='ltr'><strong>et</strong></span> <span class='ocrx_word' id='word_1_594' title='bbox 1455 4603 1713 4675; x_wconf 88' lang='lat' dir='ltr'><strong>quidquid</strong></span> <span class='ocrx_word' id='word_1_595' title='bbox 1755 4605 1805 4657; x_wconf 90' lang='lat' dir='ltr'><strong>in</strong></span> 
     </span>
    </p>
   </div>
   <div class='ocr_carea' id='block_1_77' title="bbox 1907 3372 3513 3446">
    <p class='ocr_par' dir='ltr' id='par_1_77' title="bbox 1907 3372 3513 3446">
     <span class='ocr_line' id='line_1_77' title="bbox 1907 3372 3513 3446; baseline 0.006 -22"><span class='ocrx_word' id='word_1_596' title='bbox 1907 3372 2153 3426; x_wconf 85' lang='lat' dir='ltr'><strong>minatori</strong></span> <span class='ocrx_word' id='word_1_597' title='bbox 2181 3381 2365 3438; x_wconf 66' lang='lat' dir='ltr'><strong>terra,</strong></span> <span class='ocrx_word' id='word_1_598' title='bbox 2414 3387 2523 3442; x_wconf 90' lang='lat' dir='ltr'><strong>quo</strong></span> <span class='ocrx_word' id='word_1_599' title='bbox 2569 3372 2785 3427; x_wconf 72' lang='lat' dir='ltr'><strong>scilicet</strong></span> <span class='ocrx_word' id='word_1_600' title='bbox 2822 3388 2930 3427; x_wconf 90' lang='lat' dir='ltr'><strong>non</strong></span> <span class='ocrx_word' id='word_1_601' title='bbox 2971 3374 3090 3444; x_wconf 90' lang='lat' dir='ltr'><strong>ipse</strong></span> <span class='ocrx_word' id='word_1_602' title='bbox 3130 3391 3304 3446; x_wconf 82' lang='lat' dir='ltr'><strong>agnus</strong></span> <span class='ocrx_word' id='word_1_603' title='bbox 3332 3376 3513 3433; x_wconf 81' lang='lat' dir='ltr'><strong>domi-</strong></span> 
     </span>
    </p>
   </div>
   <div class='ocr_carea' id='block_1_78' title="bbox 1910 3464 3516 3539">
    <p class='ocr_par' dir='ltr' id='par_1_78' title="bbox 1910 3464 3516 3539">
     <span class='ocr_line' id='line_1_78' title="bbox 1910 3464 3516 3539; baseline 0.004 -20"><span class='ocrx_word' id='word_1_604' title='bbox 1910 3476 2071 3520; x_wconf 87' lang='lat' dir='ltr'><strong>nator</strong></span> <span class='ocrx_word' id='word_1_605' title='bbox 2109 3466 2180 3520; x_wconf 88' lang='lat' dir='ltr'><strong>sit</strong></span> <span class='ocrx_word' id='word_1_606' title='bbox 2208 3475 2391 3530; x_wconf 72' lang='lat' dir='ltr'><strong>tet-rte,</strong></span> <span class='ocrx_word' id='word_1_607' title='bbox 2446 3474 2507 3520; x_wconf 92' lang='lat' dir='ltr'><strong>ut</strong></span> <span class='ocrx_word' id='word_1_608' title='bbox 2545 3464 2700 3535; x_wconf 88' lang='lat' dir='ltr'><strong>juxta</strong></span> <span class='ocrx_word' id='word_1_609' title='bbox 2733 3466 3020 3521; x_wconf 85' lang='lat' dir='ltr'><strong>historiam</strong></span> <span class='ocrx_word' id='word_1_610' title='bbox 3045 3466 3395 3539; x_wconf 85' lang='lat' dir='ltr'><strong>interpretati</strong></span> <span class='ocrx_word' id='word_1_611' title='bbox 3421 3486 3516 3526; x_wconf 79' lang='lat' dir='ltr'><strong>su-</strong></span> 
     </span>
    </p>
   </div>
   <div class='ocr_carea' id='block_1_79' title="bbox 1909 3557 3512 3631">
    <p class='ocr_par' dir='ltr' id='par_1_79' title="bbox 1909 3557 3512 3631">
     <span class='ocr_line' id='line_1_79' title="bbox 1909 3557 3512 3631; baseline 0.004 -17"><span class='ocrx_word' id='word_1_612' title='bbox 1909 3573 2066 3614; x_wconf 88' lang='lat' dir='ltr'><strong>mus:</strong></span> <span class='ocrx_word' id='word_1_613' title='bbox 2100 3557 2195 3613; x_wconf 90' lang='lat' dir='ltr'><strong>sed</strong></span> <span class='ocrx_word' id='word_1_614' title='bbox 2224 3557 2559 3614; x_wconf 87' lang='lat' dir='ltr'><strong>dominatori</strong></span> <span class='ocrx_word' id='word_1_615' title='bbox 2603 3572 2760 3614; x_wconf 66' lang='lat' dir='ltr'><strong>terrzr</strong></span> <span class='ocrx_word' id='word_1_616' title='bbox 2796 3574 2968 3631; x_wconf 79' lang='lat' dir='ltr'><strong>agnus</strong></span> <span class='ocrx_word' id='word_1_617' title='bbox 3008 3561 3079 3616; x_wconf 82' lang='lat' dir='ltr'><strong>sit</strong></span> <span class='ocrx_word' id='word_1_618' title='bbox 3120 3561 3512 3620; x_wconf 79' lang='lat' dir='ltr'><strong>immolandos.</strong></span> 
     </span>
    </p>
   </div>
   <div class='ocr_carea' id='block_1_80' title="bbox 1908 3652 3510 3729">
    <p class='ocr_par' dir='ltr' id='par_1_80' title="bbox 1908 3652 3510 3729">
     <span class='ocr_line' id='line_1_80' title="bbox 1908 3652 3510 3729; baseline 0.004 -22"><span class='ocrx_word' id='word_1_619' title='bbox 1908 3652 2015 3708; x_wconf 83' lang='lat' dir='ltr'><strong>Iste</strong></span> <span class='ocrx_word' id='word_1_620' title='bbox 2046 3654 2213 3724; x_wconf 82' lang='lat' dir='ltr'><strong>igitur</strong></span> <span class='ocrx_word' id='word_1_621' title='bbox 2234 3669 2429 3726; x_wconf 87' lang='lat' dir='ltr'><strong>agnus,</strong></span> <span class='ocrx_word' id='word_1_622' title='bbox 2472 3654 2561 3721; x_wconf 89' lang='lat' dir='ltr'><strong>qui</strong></span> <span class='ocrx_word' id='word_1_623' title='bbox 2594 3655 2676 3708; x_wconf 91' lang='lat' dir='ltr'><strong>vel</strong></span> <span class='ocrx_word' id='word_1_624' title='bbox 2705 3652 2826 3724; x_wconf 87' lang='lat' dir='ltr'><strong>ipse</strong></span> <span class='ocrx_word' id='word_1_625' title='bbox 2857 3666 2943 3710; x_wconf 83' lang='lat' dir='ltr'><strong>est</strong></span> <span class='ocrx_word' id='word_1_626' title='bbox 2972 3655 3285 3712; x_wconf 89' lang='lat' dir='ltr'><strong>dominator</strong></span> <span class='ocrx_word' id='word_1_627' title='bbox 3328 3669 3510 3729; x_wconf 69' lang='lat' dir='ltr'><strong>tet-rae,</strong></span> 
     </span>
    </p>
   </div>
   <div class='ocr_carea' id='block_1_81' title="bbox 1909 3746 3512 3820">
    <p class='ocr_par' dir='ltr' id='par_1_81' title="bbox 1909 3746 3512 3820">
     <span class='ocr_line' id='line_1_81' title="bbox 1909 3746 3512 3820; baseline 0.002 -19"><span class='ocrx_word' id='word_1_628' title='bbox 1909 3746 1993 3801; x_wconf 90' lang='lat' dir='ltr'><strong>vel</strong></span> <span class='ocrx_word' id='word_1_629' title='bbox 2024 3747 2343 3802; x_wconf 87' lang='lat' dir='ltr'><strong>immolatur</strong></span> <span class='ocrx_word' id='word_1_630' title='bbox 2369 3749 2697 3802; x_wconf 86' lang='lat' dir='ltr'><strong>dominaturi</strong></span> <span class='ocrx_word' id='word_1_631' title='bbox 2729 3758 2917 3816; x_wconf 67' lang='lat' dir='ltr'><strong>terrm,</strong></span> <span class='ocrx_word' id='word_1_632' title='bbox 2946 3750 3013 3803; x_wconf 87' lang='lat' dir='ltr'><strong>de</strong></span> <span class='ocrx_word' id='word_1_633' title='bbox 3039 3761 3202 3820; x_wconf 84' lang='lat' dir='ltr'><strong>gente</strong></span> <span class='ocrx_word' id='word_1_634' title='bbox 3242 3751 3512 3808; x_wconf 74' lang='lat' dir='ltr'><strong>Moabita-</strong></span> 
     </span>
    </p>
   </div>
   <div class='ocr_carea' id='block_1_82' title="bbox 1908 3841 3515 3913">
    <p class='ocr_par' dir='ltr' id='par_1_82' title="bbox 1908 3841 3515 3913">
     <span class='ocr_line' id='line_1_82' title="bbox 1908 3841 3515 3913; baseline 0.005 -17"><span class='ocrx_word' id='word_1_635' title='bbox 1908 3855 2028 3896; x_wconf 84' lang='lat' dir='ltr'><strong>rum</strong></span> <span class='ocrx_word' id='word_1_636' title='bbox 2059 3850 2166 3906; x_wconf 86' lang='lat' dir='ltr'><strong>est,</strong></span> <span class='ocrx_word' id='word_1_637' title='bbox 2197 3853 2251 3897; x_wconf 90' lang='lat' dir='ltr'><strong>et</strong></span> <span class='ocrx_word' id='word_1_638' title='bbox 2278 3843 2347 3897; x_wconf 88' lang='lat' dir='ltr'><strong>de</strong></span> <span class='ocrx_word' id='word_1_639' title='bbox 2378 3841 2463 3897; x_wconf 89' lang='lat' dir='ltr'><strong>bis</strong></span> <span class='ocrx_word' id='word_1_640' title='bbox 2489 3843 2580 3909; x_wconf 92' lang='lat' dir='ltr'><strong>qui</strong></span> <span class='ocrx_word' id='word_1_641' title='bbox 2606 3842 2845 3913; x_wconf 81' lang='lat' dir='ltr'><strong>fugerint</strong></span> <span class='ocrx_word' id='word_1_642' title='bbox 2887 3844 2956 3900; x_wconf 88' lang='lat' dir='ltr'><strong>de</strong></span> <span class='ocrx_word' id='word_1_643' title='bbox 2999 3843 3178 3913; x_wconf 83' lang='lat' dir='ltr'><strong>Moab,</strong></span> <span class='ocrx_word' id='word_1_644' title='bbox 3213 3859 3265 3901; x_wconf 89' lang='lat' dir='ltr'><strong>et</strong></span> <span class='ocrx_word' id='word_1_645' title='bbox 3296 3847 3515 3903; x_wconf 77' lang='lat' dir='ltr'><strong>leonem</strong></span> 
     </span>
    </p>
   </div>
   <div class='ocr_carea' id='block_1_83' title="bbox 1911 3933 3517 4015">
    <p class='ocr_par' dir='ltr' id='par_1_83' title="bbox 1911 3933 3517 4015">
     <span class='ocr_line' id='line_1_83' title="bbox 1911 3933 3517 4015; baseline 0.003 -26"><span class='ocrx_word' id='word_1_646' title='bbox 1911 3933 2116 3990; x_wconf 88' lang='lat' dir='ltr'><strong>habere</strong></span> <span class='ocrx_word' id='word_1_647' title='bbox 2144 3936 2444 3990; x_wconf 89' lang='lat' dir='ltr'><strong>meruerint</strong></span> <span class='ocrx_word' id='word_1_648' title='bbox 2474 3936 2799 4005; x_wconf 80' lang='lat' dir='ltr'><strong>principent’.</strong></span> <span class='ocrx_word' id='word_1_649' title='bbox 2826 3937 3107 4008; x_wconf 81' lang='lat' dir='ltr'><strong>Signiﬁcat</strong></span> <span class='ocrx_word' id='word_1_650' title='bbox 3133 3950 3316 3994; x_wconf 72' lang='lat' dir='ltr'><strong>:ittlettt</strong></span> <span class='ocrx_word' id='word_1_651' title='bbox 3347 3939 3517 4015; x_wconf 71' lang='lat' dir='ltr'><strong>27o</strong></span> 
     </span>
    </p>
   </div>
   <div class='ocr_carea' id='block_1_84' title="bbox 1912 4026 3510 4107">
    <p class='ocr_par' dir='ltr' id='par_1_84' title="bbox 1912 4026 3510 4107">
     <span class='ocr_line' id='line_1_84' title="bbox 1912 4026 3510 4107; baseline 0.004 -25"><span class='ocrx_word' id='word_1_652' title='bbox 1912 4026 2080 4090; x_wconf 81' lang='lat' dir='ltr'><strong>Ruth,</strong></span> <span class='ocrx_word' id='word_1_653' title='bbox 2123 4028 2194 4083; x_wconf 91' lang='lat' dir='ltr'><strong>de</strong></span> <span class='ocrx_word' id='word_1_654' title='bbox 2221 4044 2327 4098; x_wconf 91' lang='lat' dir='ltr'><strong>qua</strong></span> <span class='ocrx_word' id='word_1_655' title='bbox 2362 4038 2663 4099; x_wconf 81' lang='lat' dir='ltr'><strong>generatus</strong></span> <span class='ocrx_word' id='word_1_656' title='bbox 2699 4040 2786 4085; x_wconf 89' lang='lat' dir='ltr'><strong>est</strong></span> <span class='ocrx_word' id='word_1_657' title='bbox 2826 4030 3080 4087; x_wconf 70' lang='lat' dir='ltr'><strong>Christus</strong></span> <span class='ocrx_word' id='word_1_658' title='bbox 3114 4032 3330 4103; x_wconf 74' lang='lat' dir='ltr'><strong>(Matth.</strong></span> <span class='ocrx_word' id='word_1_659' title='bbox 3358 4053 3396 4099; x_wconf 86' lang='grc' dir='ltr'>ι,</span> <span class='ocrx_word' id='word_1_660' title='bbox 3428 4038 3510 4107; x_wconf 65' lang='lat'><strong>5),</strong></span> 
     </span>
    </p>
   </div>
   <div class='ocr_carea' id='block_1_85' title="bbox 1910 4122 3512 4201">
    <p class='ocr_par' dir='ltr' id='par_1_85' title="bbox 1910 4122 3512 4201">
     <span class='ocr_line' id='line_1_85' title="bbox 1910 4122 3512 4201; baseline 0.007 -25"><span class='ocrx_word' id='word_1_661' title='bbox 1910 4136 2072 4193; x_wconf 89' lang='lat' dir='ltr'><strong>quam</strong></span> <span class='ocrx_word' id='word_1_662' title='bbox 2121 4133 2280 4177; x_wconf 89' lang='lat' dir='ltr'><strong>vocat</strong></span> <span class='ocrx_word' id='word_1_663' title='bbox 2309 4135 2517 4194; x_wconf 88' lang='lat' dir='ltr'><strong>petram</strong></span> <span class='ocrx_word' id='word_1_664' title='bbox 2555 4122 2796 4191; x_wconf 85' lang='lat' dir='ltr'><strong>deserti,</strong></span> <span class='ocrx_word' id='word_1_665' title='bbox 2833 4125 2961 4195; x_wconf 90' lang='lat' dir='ltr'><strong>quia</strong></span> <span class='ocrx_word' id='word_1_666' title='bbox 2990 4127 3145 4195; x_wconf 82' lang='lat' dir='ltr'><strong>juxta</strong></span> <span class='ocrx_word' id='word_1_667' title='bbox 3183 4140 3512 4201; x_wconf 86' lang='lat' dir='ltr'><strong>pra-ceptum</strong></span> 
     </span>
    </p>
   </div>
   <div class='ocr_carea' id='block_1_86' title="bbox 1910 4214 3514 4294">
    <p class='ocr_par' dir='ltr' id='par_1_86' title="bbox 1910 4214 3514 4294">
     <span class='ocr_line' id='line_1_86' title="bbox 1910 4214 3514 4294; baseline 0.006 -24"><span class='ocrx_word' id='word_1_668' title='bbox 1910 4214 2028 4283; x_wconf 88' lang='lat' dir='ltr'><strong>Dei,</strong></span> <span class='ocrx_word' id='word_1_669' title='bbox 2046 4214 2294 4272; x_wconf 67' lang='lat' dir='ltr'><strong>Moabitae</strong></span> <span class='ocrx_word' id='word_1_670' title='bbox 2312 4228 2368 4272; x_wconf 89' lang='lat' dir='ltr'><strong>et</strong></span> <span class='ocrx_word' id='word_1_671' title='bbox 2393 4214 2746 4287; x_wconf 74' lang='lat' dir='ltr'><strong>Atnuiotiitzc,</strong></span> <span class='ocrx_word' id='word_1_672' title='bbox 2780 4232 2948 4288; x_wconf 87' lang='lat' dir='ltr'><strong>usque</strong></span> <span class='ocrx_word' id='word_1_673' title='bbox 2964 4221 3030 4274; x_wconf 86' lang='lat' dir='ltr'><strong>ad</strong></span> <span class='ocrx_word' id='word_1_674' title='bbox 3046 4221 3312 4275; x_wconf 78' lang='lat' dir='ltr'><strong>decimam</strong></span> <span class='ocrx_word' id='word_1_675' title='bbox 3341 4239 3514 4294; x_wconf 84' lang='lat' dir='ltr'><strong>gene-</strong></span> 
     </span>
    </p>
   </div>
   <div class='ocr_carea' id='block_1_87' title="bbox 1912 4309 3519 4386">
    <p class='ocr_par' dir='ltr' id='par_1_87' title="bbox 1912 4309 3519 4386">
     <span class='ocr_line' id='line_1_87' title="bbox 1912 4309 3519 4386; baseline 0.006 -23"><span class='ocrx_word' id='word_1_676' title='bbox 1912 4309 2203 4376; x_wconf 87' lang='lat' dir='ltr'><strong>rationem,</strong></span> <span class='ocrx_word' id='word_1_677' title='bbox 2229 4321 2472 4381; x_wconf 57' lang='lat' dir='ltr'><strong>etusque</strong></span> <span class='ocrx_word' id='word_1_678' title='bbox 2499 4310 2553 4365; x_wconf 89' lang='lat' dir='ltr'><strong>in</strong></span> <span class='ocrx_word' id='word_1_679' title='bbox 2577 4321 2845 4366; x_wconf 66' lang='lat' dir='ltr'><strong>asternum</strong></span> <span class='ocrx_word' id='word_1_680' title='bbox 2880 4328 2987 4367; x_wconf 91' lang='lat' dir='ltr'><strong>nou</strong></span> <span class='ocrx_word' id='word_1_681' title='bbox 3014 4314 3392 4386; x_wconf 83' lang='lat' dir='ltr'><strong>ingrediuntur</strong></span> <span class='ocrx_word' id='word_1_682' title='bbox 3415 4318 3519 4373; x_wconf 82' lang='lat' dir='ltr'><strong>Ec-</strong></span> 
     </span>
    </p>
   </div>
   <div class='ocr_carea' id='block_1_88' title="bbox 1910 4399 3520 4475">
    <p class='ocr_par' dir='ltr' id='par_1_88' title="bbox 1910 4399 3520 4475">
     <span class='ocr_line' id='line_1_88' title="bbox 1910 4399 3520 4475; baseline 0.006 -18"><span class='ocrx_word' id='word_1_683' title='bbox 1910 4399 2135 4457; x_wconf 73' lang='lat' dir='ltr'><strong>clesium</strong></span> <span class='ocrx_word' id='word_1_684' title='bbox 2169 4401 2267 4456; x_wconf 88' lang='lat' dir='ltr'><strong>Dei</strong></span> <span class='ocrx_word' id='word_1_685' title='bbox 2297 4402 2475 4474; x_wconf 86' lang='lat' dir='ltr'><strong>(Deut.</strong></span> <span class='ocrx_word' id='word_1_686' title='bbox 2498 4402 2562 4475; x_wconf 89' lang='grc' dir='ltr'><strong>ι).</strong></span> <span class='ocrx_word' id='word_1_687' title='bbox 2595 4403 2699 4470; x_wconf 87' lang='lat' dir='ltr'><strong>Qui</strong></span> <span class='ocrx_word' id='word_1_688' title='bbox 2738 4413 2922 4458; x_wconf 89' lang='lat' dir='ltr'><strong>autem</strong></span> <span class='ocrx_word' id='word_1_689' title='bbox 2959 4405 3153 4475; x_wconf 79' lang='lat' dir='ltr'><strong>ingerit</strong></span> <span class='ocrx_word' id='word_1_690' title='bbox 3185 4408 3254 4463; x_wconf 89' lang='lat' dir='ltr'><strong>de</strong></span> <span class='ocrx_word' id='word_1_691' title='bbox 3294 4410 3520 4467; x_wconf 90' lang='lat' dir='ltr'><strong>deserto</strong></span> 
     </span>
    </p>
   </div>
   <div class='ocr_carea' id='block_1_89' title="bbox 1909 4492 3629 4571">
    <p class='ocr_par' dir='ltr' id='par_1_89' title="bbox 1909 4492 3629 4571">
     <span class='ocr_line' id='line_1_89' title="bbox 1909 4492 3629 4571; baseline 0.006 -22"><span class='ocrx_word' id='word_1_692' title='bbox 1909 4492 2089 4559; x_wconf 81' lang='lat' dir='ltr'><strong>Moab,</strong></span> <span class='ocrx_word' id='word_1_693' title='bbox 2108 4505 2164 4549; x_wconf 89' lang='lat' dir='ltr'><strong>ut</strong></span> <span class='ocrx_word' id='word_1_694' title='bbox 2184 4509 2214 4550; x_wconf 88' lang='lat' dir='ltr'><strong>a</strong></span> <span class='ocrx_word' id='word_1_695' title='bbox 2238 4495 2523 4566; x_wconf 85' lang='lat' dir='ltr'><strong>prophetia</strong></span> <span class='ocrx_word' id='word_1_696' title='bbox 2552 4508 2894 4552; x_wconf 84' lang='lat' dir='ltr'><strong>revertamur</strong></span> <span class='ocrx_word' id='word_1_697' title='bbox 2914 4498 2981 4552; x_wconf 90' lang='lat' dir='ltr'><strong>ad</strong></span> <span class='ocrx_word' id='word_1_698' title='bbox 3001 4515 3369 4571; x_wconf 81' lang='lat' dir='ltr'><strong>anagogeu,et</strong></span> <span class='ocrx_word' id='word_1_699' title='bbox 3387 4518 3521 4560; x_wconf 80' lang='lat' dir='ltr'><strong>eon-</strong></span> <span class='ocrx_word' id='word_1_700' title='bbox 3620 4500 3629 4507; x_wconf 82' lang='grc'><strong>’</strong></span> 
     </span>
    </p>
   </div>
   <div class='ocr_carea' id='block_1_90' title="bbox 1914 4589 3522 4661">
    <p class='ocr_par' dir='ltr' id='par_1_90' title="bbox 1914 4589 3522 4661">
     <span class='ocr_line' id='line_1_90' title="bbox 1914 4589 3522 4661; baseline 0.007 -21"><span class='ocrx_word' id='word_1_701' title='bbox 1914 4597 2120 4659; x_wconf 83' lang='lat' dir='ltr'><strong>tempto</strong></span> <span class='ocrx_word' id='word_1_702' title='bbox 2150 4589 2464 4657; x_wconf 88' lang='lat' dir='ltr'><strong>mendacio,</strong></span> <span class='ocrx_word' id='word_1_703' title='bbox 2498 4590 2551 4645; x_wconf 92' lang='lat' dir='ltr'><strong>in</strong></span> <span class='ocrx_word' id='word_1_704' title='bbox 2606 4606 2794 4646; x_wconf 90' lang='lat' dir='ltr'><strong>tnoute</strong></span> <span class='ocrx_word' id='word_1_705' title='bbox 2834 4594 3057 4647; x_wconf 84' lang='lat' dir='ltr'><strong>steterit</strong></span> <span class='ocrx_word' id='word_1_706' title='bbox 3107 4597 3376 4661; x_wconf 68' lang='lat' dir='ltr'><strong>\‘Cl‘ilalls,</strong></span> <span class='ocrx_word' id='word_1_707' title='bbox 3414 4595 3522 4652; x_wconf 79' lang='lat' dir='ltr'><strong>erit</strong></span> 
     </span>
    </p>
   </div>
   <div class='ocr_carea' id='block_1_91' title="bbox 196 4662 3521 4761">
    <p class='ocr_par' dir='ltr' id='par_1_91' title="bbox 196 4662 3521 4761">
     <span class='ocr_line' id='line_1_91' title="bbox 196 4662 3521 4761; baseline 0.003 -12"><span class='ocrx_word' id='word_1_708' title='bbox 196 4662 463 4753; x_wconf 76' lang='lat' dir='ltr'><strong>serrimue</strong></span> <span class='ocrx_word' id='word_1_709' title='bbox 489 4662 679 4752; x_wconf 79' lang='lat' dir='ltr'><strong>eorum</strong></span> <span class='ocrx_word' id='word_1_710' title='bbox 706 4662 878 4756; x_wconf 73' lang='lat' dir='ltr'><strong>viride</strong></span> <span class='ocrx_word' id='word_1_711' title='bbox 906 4662 1214 4761; x_wconf 52' lang='lat' dir='ltr'><strong>videbaiur,</strong></span> <span class='ocrx_word' id='word_1_712' title='bbox 1238 4662 1488 4753; x_wconf 51' lang='lat' dir='ltr'><strong>exaruit.-</strong></span> <span class='ocrx_word' id='word_1_713' title='bbox 1512 4698 1579 4753; x_wconf 88' lang='lat' dir='ltr'><strong>Et</strong></span> <span class='ocrx_word' id='word_1_714' title='bbox 1607 4662 1813 4753; x_wconf 47' lang='lat' dir='ltr'><strong>Isecun-</strong></span> <span class='ocrx_word' id='word_1_715' title='bbox 1838 4662 1891 4724; x_wconf 69' lang='grc' dir='ltr'><strong><em>Β</em></strong></span> <span class='ocrx_word' id='word_1_716' title='bbox 1916 4683 2069 4752; x_wconf 64' lang='lat' dir='ltr'><strong>ll&quot;aSi</strong></span> <span class='ocrx_word' id='word_1_717' title='bbox 2101 4683 2223 4736; x_wconf 57' lang='lat' dir='ltr'><strong>“is</strong></span> <span class='ocrx_word' id='word_1_718' title='bbox 2250 4682 2465 4753; x_wconf 67' lang='grc' dir='ltr'>τιιεῖθιιε</span> <span class='ocrx_word' id='word_1_719' title='bbox 2489 4699 2504 4748; x_wconf 69' lang='grc' dir='ltr'><strong>ἶ</strong></span> <span class='ocrx_word' id='word_1_720' title='bbox 2530 4691 2589 4737; x_wconf 63' lang='grc' dir='ltr'>ει</span> <span class='ocrx_word' id='word_1_721' title='bbox 2615 4683 2771 4753; x_wconf 66' lang='grc' dir='ltr'><strong>Ψιθεῖ</strong></span> <span class='ocrx_word' id='word_1_722' title='bbox 2800 4684 2934 4753; x_wconf 68' lang='lat' dir='ltr'><strong>Dum</strong></span> <span class='ocrx_word' id='word_1_723' title='bbox 2970 4686 3040 4740; x_wconf 68' lang='lat' dir='ltr'><strong>de</strong></span> <span class='ocrx_word' id='word_1_724' title='bbox 3069 4686 3521 4758; x_wconf 67' lang='lat' dir='ltr'><strong>&quot;&#39;d03‘0&#39;3lll85.</strong></span> 
     </span>
    </p>
   </div>
   <div class='ocr_carea' id='block_1_92' title="bbox 196 4789 1812 4862">
    <p class='ocr_par' dir='ltr' id='par_1_92' title="bbox 196 4789 1812 4862">
     <span class='ocr_line' id='line_1_92' title="bbox 196 4789 1812 4862; baseline -0.001 -16"><span class='ocrx_word' id='word_1_725' title='bbox 196 4789 335 4846; x_wconf 87' lang='lat' dir='ltr'><strong>dum</strong></span> <span class='ocrx_word' id='word_1_726' title='bbox 361 4790 792 4861; x_wconf 78' lang='lat' dir='ltr'><strong>magnitudinem</strong></span> <span class='ocrx_word' id='word_1_727' title='bbox 825 4801 1173 4862; x_wconf 79' lang='lat' dir='ltr'><strong>peccatorum</strong></span> <span class='ocrx_word' id='word_1_728' title='bbox 1208 4806 1236 4845; x_wconf 89' lang='lat' dir='ltr'><strong>a</strong></span> <span class='ocrx_word' id='word_1_729' title='bbox 1268 4791 1383 4846; x_wconf 86' lang='lat' dir='ltr'><strong>Deo</strong></span> <span class='ocrx_word' id='word_1_730' title='bbox 1409 4791 1615 4846; x_wconf 86' lang='lat' dir='ltr'><strong>visitati</strong></span> <span class='ocrx_word' id='word_1_731' title='bbox 1640 4799 1812 4845; x_wconf 90' lang='lat' dir='ltr'><strong>sunt:</strong></span> 
     </span>
    </p>
   </div>
   <div class='ocr_carea' id='block_1_93' title="bbox 198 4883 1811 4957">
    <p class='ocr_par' dir='ltr' id='par_1_93' title="bbox 198 4883 1811 4957">
     <span class='ocr_line' id='line_1_93' title="bbox 198 4883 1811 4957; baseline 0.001 -19"><span class='ocrx_word' id='word_1_732' title='bbox 198 4895 257 4938; x_wconf 90' lang='lat' dir='ltr'><strong>ut</strong></span> <span class='ocrx_word' id='word_1_733' title='bbox 293 4899 459 4956; x_wconf 85' lang='lat' dir='ltr'><strong>quem</strong></span> <span class='ocrx_word' id='word_1_734' title='bbox 485 4899 584 4955; x_wconf 89' lang='lat' dir='ltr'><strong>per</strong></span> <span class='ocrx_word' id='word_1_735' title='bbox 616 4884 882 4941; x_wconf 87' lang='lat' dir='ltr'><strong>bencllcia</strong></span> <span class='ocrx_word' id='word_1_736' title='bbox 943 4901 1051 4941; x_wconf 87' lang='lat' dir='ltr'><strong>non</strong></span> <span class='ocrx_word' id='word_1_737' title='bbox 1104 4896 1417 4954; x_wconf 88' lang='lat' dir='ltr'><strong>senserant,</strong></span> <span class='ocrx_word' id='word_1_738' title='bbox 1470 4900 1568 4952; x_wconf 89' lang='lat' dir='ltr'><strong>per</strong></span> <span class='ocrx_word' id='word_1_739' title='bbox 1601 4883 1811 4957; x_wconf 81' lang='lat' dir='ltr'><strong>ﬂagella</strong></span> 
     </span>
    </p>
   </div>
   <div class='ocr_carea' id='block_1_94' title="bbox 195 4977 1813 5049">
    <p class='ocr_par' dir='ltr' id='par_1_94' title="bbox 195 4977 1813 5049">
     <span class='ocr_line' id='line_1_94' title="bbox 195 4977 1813 5049; baseline -0.001 -15"><span class='ocrx_word' id='word_1_740' title='bbox 195 4990 624 5049; x_wconf 69' lang='lat' dir='ltr'><strong>cognoscerent.</strong></span> <span class='ocrx_word' id='word_1_741' title='bbox 663 4978 907 5049; x_wconf 88' lang='lat' dir='ltr'><strong>Denique</strong></span> <span class='ocrx_word' id='word_1_742' title='bbox 929 4978 1201 5049; x_wconf 83' lang='lat' dir='ltr'><strong>ducentur</strong></span> <span class='ocrx_word' id='word_1_743' title='bbox 1218 4978 1285 5034; x_wconf 92' lang='lat' dir='ltr'><strong>ad</strong></span> <span class='ocrx_word' id='word_1_744' title='bbox 1317 4978 1515 5033; x_wconf 88' lang='lat' dir='ltr'><strong>vallem</strong></span> <span class='ocrx_word' id='word_1_745' title='bbox 1547 4977 1661 5032; x_wconf 89' lang='lat' dir='ltr'><strong>sive</strong></span> <span class='ocrx_word' id='word_1_746' title='bbox 1702 4988 1813 5033; x_wconf 90' lang='lat' dir='ltr'><strong>tor-</strong></span> 
     </span>
    </p>
   </div>
   <div class='ocr_carea' id='block_1_95' title="bbox 198 5071 1808 5140">
    <p class='ocr_par' dir='ltr' id='par_1_95' title="bbox 198 5071 1808 5140">
     <span class='ocr_line' id='line_1_95' title="bbox 198 5071 1808 5140; baseline -0.004 -8"><span class='ocrx_word' id='word_1_747' title='bbox 198 5084 421 5132; x_wconf 83' lang='lat' dir='ltr'><strong>rentem</strong></span> <span class='ocrx_word' id='word_1_748' title='bbox 451 5074 703 5140; x_wconf 79' lang='lat' dir='ltr'><strong>salicum,</strong></span> <span class='ocrx_word' id='word_1_749' title='bbox 738 5082 795 5127; x_wconf 76' lang='lat' dir='ltr'><strong>ut</strong></span> <span class='ocrx_word' id='word_1_750' title='bbox 821 5074 1002 5127; x_wconf 86' lang='lat' dir='ltr'><strong>nullus</strong></span> <span class='ocrx_word' id='word_1_751' title='bbox 1024 5074 1078 5127; x_wconf 91' lang='lat' dir='ltr'><strong>in</strong></span> <span class='ocrx_word' id='word_1_752' title='bbox 1110 5075 1192 5127; x_wconf 89' lang='lat' dir='ltr'><strong>eis</strong></span> <span class='ocrx_word' id='word_1_753' title='bbox 1245 5071 1454 5128; x_wconf 80' lang='lat' dir='ltr'><strong>fructus</strong></span> <span class='ocrx_word' id='word_1_754' title='bbox 1502 5078 1808 5127; x_wconf 85' lang='lat' dir='ltr'><strong>remaneat.</strong></span> 
     </span>
    </p>
   </div>
   <div class='ocr_carea' id='block_1_96' title="bbox 199 5164 1813 5224">
    <p class='ocr_par' dir='ltr' id='par_1_96' title="bbox 199 5164 1813 5224">
     <span class='ocr_line' id='line_1_96' title="bbox 199 5164 1813 5224; baseline -0.004 0"><span class='ocrx_word' id='word_1_755' title='bbox 199 5169 358 5224; x_wconf 76' lang='lat' dir='ltr'><strong>lianc</strong></span> <span class='ocrx_word' id='word_1_756' title='bbox 386 5169 534 5222; x_wconf 91' lang='lat' dir='ltr'><strong>enim</strong></span> <span class='ocrx_word' id='word_1_757' title='bbox 559 5165 787 5222; x_wconf 79' lang='lat' dir='ltr'><strong>seminis</strong></span> <span class='ocrx_word' id='word_1_758' title='bbox 816 5165 1010 5220; x_wconf 86' lang='lat' dir='ltr'><strong>barum</strong></span> <span class='ocrx_word' id='word_1_759' title='bbox 1063 5166 1319 5220; x_wconf 86' lang='lat' dir='ltr'><strong>arborum</strong></span> <span class='ocrx_word' id='word_1_760' title='bbox 1352 5164 1538 5220; x_wconf 83' lang='lat' dir='ltr'><strong>dlCttlll</strong></span> <span class='ocrx_word' id='word_1_761' title='bbox 1567 5178 1687 5219; x_wconf 86' lang='lat' dir='ltr'><strong>esse</strong></span> <span class='ocrx_word' id='word_1_762' title='bbox 1716 5179 1813 5217; x_wconf 88' lang='lat' dir='ltr'><strong>na-</strong></span> 
     </span>
    </p>
   </div>
   <div class='ocr_carea' id='block_1_97' title="bbox 199 5258 1811 5332">
    <p class='ocr_par' dir='ltr' id='par_1_97' title="bbox 199 5258 1811 5332">
     <span class='ocr_line' id='line_1_97' title="bbox 199 5258 1811 5332; baseline -0.004 -15"><span class='ocrx_word' id='word_1_763' title='bbox 199 5273 412 5328; x_wconf 85' lang='lat' dir='ltr'><strong>turam,</strong></span> <span class='ocrx_word' id='word_1_764' title='bbox 437 5273 497 5316; x_wconf 91' lang='lat' dir='ltr'><strong>ut</strong></span> <span class='ocrx_word' id='word_1_765' title='bbox 519 5262 610 5332; x_wconf 92' lang='lat' dir='ltr'><strong>qni</strong></span> <span class='ocrx_word' id='word_1_766' title='bbox 633 5261 764 5317; x_wconf 90' lang='lat' dir='ltr'><strong>illud</strong></span> <span class='ocrx_word' id='word_1_767' title='bbox 791 5262 845 5315; x_wconf 92' lang='lat' dir='ltr'><strong>in</strong></span> <span class='ocrx_word' id='word_1_768' title='bbox 875 5261 1068 5331; x_wconf 91' lang='lat' dir='ltr'><strong>poculo</strong></span> <span class='ocrx_word' id='word_1_769' title='bbox 1094 5258 1360 5325; x_wconf 88' lang='lat' dir='ltr'><strong>hauserit,</strong></span> <span class='ocrx_word' id='word_1_770' title='bbox 1386 5258 1572 5314; x_wconf 89' lang='lat' dir='ltr'><strong>liberis</strong></span> <span class='ocrx_word' id='word_1_771' title='bbox 1599 5264 1811 5313; x_wconf 88' lang='lat' dir='ltr'><strong>careat.</strong></span> 
     </span>
    </p>
   </div>
   <div class='ocr_carea' id='block_1_98' title="bbox 198 5351 1815 5426">
    <p class='ocr_par' dir='ltr' id='par_1_98' title="bbox 198 5351 1815 5426">
     <span class='ocr_line' id='line_1_98' title="bbox 198 5351 1815 5426; baseline -0.006 -12"><span class='ocrx_word' id='word_1_772' title='bbox 198 5355 366 5414; x_wconf 86' lang='lat' dir='ltr'><strong>Unde</strong></span> <span class='ocrx_word' id='word_1_773' title='bbox 390 5367 443 5410; x_wconf 86' lang='lat' dir='ltr'><strong>et</strong></span> <span class='ocrx_word' id='word_1_774' title='bbox 470 5358 647 5411; x_wconf 88' lang='lat' dir='ltr'><strong>saneti</strong></span> <span class='ocrx_word' id='word_1_775' title='bbox 669 5356 762 5425; x_wconf 90' lang='lat' dir='ltr'><strong>qui</strong></span> <span class='ocrx_word' id='word_1_776' title='bbox 789 5364 1016 5426; x_wconf 86' lang='lat' dir='ltr'><strong>propter</strong></span> <span class='ocrx_word' id='word_1_777' title='bbox 1044 5362 1272 5423; x_wconf 73' lang='lat' dir='ltr'><strong>pecrata</strong></span> <span class='ocrx_word' id='word_1_778' title='bbox 1292 5351 1345 5406; x_wconf 92' lang='lat' dir='ltr'><strong>in</strong></span> <span class='ocrx_word' id='word_1_779' title='bbox 1368 5351 1685 5407; x_wconf 71' lang='lat' dir='ltr'><strong>confusione</strong></span> <span class='ocrx_word' id='word_1_780' title='bbox 1715 5354 1815 5405; x_wconf 85' lang='lat' dir='ltr'><strong>bu-</strong></span> 
     </span>
    </p>
   </div>
   <div class='ocr_carea' id='block_1_99' title="bbox 117 5422 1813 5521">
    <p class='ocr_par' dir='ltr' id='par_1_99' title="bbox 117 5422 1813 5521">
     <span class='ocr_line' id='line_1_99' title="bbox 117 5422 1813 5521; baseline -0.004 -17"><span class='ocrx_word' id='word_1_781' title='bbox 117 5422 121 5425; x_wconf 30' lang='grc'><em>’</em></span> <span class='ocrx_word' id='word_1_782' title='bbox 192 5450 295 5521; x_wconf 91' lang='lat' dir='ltr'><strong>jus</strong></span> <span class='ocrx_word' id='word_1_783' title='bbox 323 5447 512 5504; x_wconf 85' lang='lat' dir='ltr'><strong>mundi</strong></span> <span class='ocrx_word' id='word_1_784' title='bbox 544 5464 668 5505; x_wconf 88' lang='lat' dir='ltr'><strong>esse</strong></span> <span class='ocrx_word' id='word_1_785' title='bbox 692 5457 995 5516; x_wconf 72' lang='lat' dir='ltr'><strong>cmperunt,</strong></span> <span class='ocrx_word' id='word_1_786' title='bbox 1031 5448 1081 5500; x_wconf 92' lang='lat' dir='ltr'><strong>iu</strong></span> <span class='ocrx_word' id='word_1_787' title='bbox 1104 5445 1360 5502; x_wconf 85' lang='lat' dir='ltr'><strong>salicibus</strong></span> <span class='ocrx_word' id='word_1_788' title='bbox 1393 5444 1813 5516; x_wconf 82' lang='lat' dir='ltr'><strong>Babyloniorum</strong></span> 
     </span>
    </p>
   </div>
   <div class='ocr_carea' id='block_1_100' title="bbox 200 5537 1819 5614">
    <p class='ocr_par' dir='ltr' id='par_1_100' title="bbox 200 5537 1819 5614">
     <span class='ocr_line' id='line_1_100' title="bbox 200 5537 1819 5614; baseline -0.005 -15"><span class='ocrx_word' id='word_1_789' title='bbox 200 5542 495 5599; x_wconf 80' lang='lat' dir='ltr'><strong>ﬂuminum</strong></span> <span class='ocrx_word' id='word_1_790' title='bbox 534 5543 1097 5609; x_wconf 66' lang='lat' dir='ltr'><strong>suspenduntOrgaua</strong></span> <span class='ocrx_word' id='word_1_791' title='bbox 1124 5555 1220 5595; x_wconf 86' lang='lat' dir='ltr'><strong>sua</strong></span> <span class='ocrx_word' id='word_1_792' title='bbox 1252 5537 1373 5614; x_wconf 86' lang='lat' dir='ltr'><strong>(Ps.</strong></span> <span class='ocrx_word' id='word_1_793' title='bbox 1403 5538 1645 5610; x_wconf 74' lang='lat' dir='ltr'><strong>cxxxvt).</strong></span> <span class='ocrx_word' id='word_1_794' title='bbox 1690 5538 1819 5592; x_wconf 89' lang='lat' dir='ltr'><strong>0m-</strong></span> 
     </span>
    </p>
   </div>
   <div class='ocr_carea' id='block_1_101' title="bbox 200 5632 1814 5710">
    <p class='ocr_par' dir='ltr' id='par_1_101' title="bbox 200 5632 1814 5710">
     <span class='ocr_line' id='line_1_101' title="bbox 200 5632 1814 5710; baseline -0.004 -17"><span class='ocrx_word' id='word_1_795' title='bbox 200 5653 313 5693; x_wconf 83' lang='lat' dir='ltr'><strong>nes</strong></span> <span class='ocrx_word' id='word_1_796' title='bbox 368 5638 634 5692; x_wconf 88' lang='lat' dir='ltr'><strong>terminos</strong></span> <span class='ocrx_word' id='word_1_797' title='bbox 669 5637 835 5710; x_wconf 72' lang='lat'><strong>269</strong></span> <span class='ocrx_word' id='word_1_798' title='bbox 864 5635 1229 5699; x_wconf 73' lang='lat' dir='ltr'><strong>Moabitaiuui</strong></span> <span class='ocrx_word' id='word_1_799' title='bbox 1280 5637 1491 5692; x_wconf 86' lang='lat' dir='ltr'><strong>clamor</strong></span> <span class='ocrx_word' id='word_1_800' title='bbox 1524 5632 1814 5700; x_wconf 85' lang='lat' dir='ltr'><strong>circumit,</strong></span> 
     </span>
    </p>
   </div>
   <div class='ocr_carea' id='block_1_102' title="bbox 1918 4775 3526 4852">
    <p class='ocr_par' dir='ltr' id='par_1_102' title="bbox 1918 4775 3526 4852">
     <span class='ocr_line' id='line_1_102' title="bbox 1918 4775 3526 4852; baseline 0.006 -22"><span class='ocrx_word' id='word_1_801' title='bbox 1918 4791 1988 4831; x_wconf 92' lang='lat' dir='ltr'><strong>ne</strong></span> <span class='ocrx_word' id='word_1_802' title='bbox 2020 4790 2047 4828; x_wconf 89' lang='lat' dir='ltr'><strong>a</strong></span> <span class='ocrx_word' id='word_1_803' title='bbox 2075 4775 2382 4832; x_wconf 82' lang='lat' dir='ltr'><strong>Moabiticis</strong></span> <span class='ocrx_word' id='word_1_804' title='bbox 2411 4776 2761 4848; x_wconf 86' lang='lat' dir='ltr'><strong>serpentibus</strong></span> <span class='ocrx_word' id='word_1_805' title='bbox 2789 4776 3149 4833; x_wconf 72' lang='lat' dir='ltr'><strong>devci-entur.</strong></span> <span class='ocrx_word' id='word_1_806' title='bbox 3181 4780 3293 4845; x_wconf 87' lang='lat' dir='ltr'><strong>Sic,</strong></span> <span class='ocrx_word' id='word_1_807' title='bbox 3322 4780 3526 4852; x_wconf 81' lang='lat' dir='ltr'><strong>inquit,</strong></span> 
     </span>
    </p>
   </div>
   <div class='ocr_carea' id='block_1_103' title="bbox 1916 4868 3522 4944">
    <p class='ocr_par' dir='ltr' id='par_1_103' title="bbox 1916 4868 3522 4944">
     <span class='ocr_line' id='line_1_103' title="bbox 1916 4868 3522 4944; baseline 0.006 -20"><span class='ocrx_word' id='word_1_808' title='bbox 1916 4878 2079 4924; x_wconf 91' lang='lat' dir='ltr'><strong>erunt</strong></span> <span class='ocrx_word' id='word_1_809' title='bbox 2108 4875 2301 4925; x_wconf 81' lang='lat' dir='ltr'><strong>omnes</strong></span> <span class='ocrx_word' id='word_1_810' title='bbox 2349 4870 2497 4936; x_wconf 64' lang='lat' dir='ltr'><strong>liliaa,</strong></span> <span class='ocrx_word' id='word_1_811' title='bbox 2544 4871 2649 4925; x_wconf 91' lang='lat' dir='ltr'><strong>hoc</strong></span> <span class='ocrx_word' id='word_1_812' title='bbox 2678 4880 2785 4936; x_wconf 88' lang='lat' dir='ltr'><strong>est,</strong></span> <span class='ocrx_word' id='word_1_813' title='bbox 2838 4868 3035 4926; x_wconf 79' lang='lat' dir='ltr'><strong>anima:</strong></span> <span class='ocrx_word' id='word_1_814' title='bbox 3082 4873 3417 4944; x_wconf 64' lang='lat' dir='ltr'><strong>Moabiticas,</strong></span> <span class='ocrx_word' id='word_1_815' title='bbox 3466 4878 3522 4934; x_wconf 91' lang='lat' dir='ltr'><strong>in</strong></span> 
     </span>
    </p>
   </div>
   <div class='ocr_carea' id='block_1_104' title="bbox 1918 4963 3523 5035">
    <p class='ocr_par' dir='ltr' id='par_1_104' title="bbox 1918 4963 3523 5035">
     <span class='ocr_line' id='line_1_104' title="bbox 1918 4963 3523 5035; baseline 0.005 -16"><span class='ocrx_word' id='word_1_816' title='bbox 1918 4973 2241 5020; x_wconf 90' lang='lat' dir='ltr'><strong>transcensu</strong></span> <span class='ocrx_word' id='word_1_817' title='bbox 2298 4965 2511 5031; x_wconf 81' lang='lat' dir='ltr'><strong>Arnen,</strong></span> <span class='ocrx_word' id='word_1_818' title='bbox 2563 4963 2710 5035; x_wconf 89' lang='lat' dir='ltr'><strong>quod</strong></span> <span class='ocrx_word' id='word_1_819' title='bbox 2760 4966 3156 5034; x_wconf 75' lang='lat' dir='ltr'><strong>interpretatur</strong></span> <span class='ocrx_word' id='word_1_820' title='bbox 3204 4969 3523 5027; x_wconf 87' lang='lat' dir='ltr'><strong>illuminatio</strong></span> 
     </span>
    </p>
   </div>
   <div class='ocr_carea' id='block_1_105' title="bbox 1917 5057 3523 5130">
    <p class='ocr_par' dir='ltr' id='par_1_105' title="bbox 1917 5057 3523 5130">
     <span class='ocr_line' id='line_1_105' title="bbox 1917 5057 3523 5130; baseline 0.004 -17"><span class='ocrx_word' id='word_1_821' title='bbox 1917 5073 2144 5113; x_wconf 88' lang='lat' dir='ltr'><strong>eorum:</strong></span> <span class='ocrx_word' id='word_1_822' title='bbox 2180 5058 2398 5130; x_wconf 90' lang='lat' dir='ltr'><strong>quando</strong></span> <span class='ocrx_word' id='word_1_823' title='bbox 2449 5060 2731 5113; x_wconf 83' lang='lat' dir='ltr'><strong>erroribus</strong></span> <span class='ocrx_word' id='word_1_824' title='bbox 2786 5057 3067 5115; x_wconf 84' lang='lat' dir='ltr'><strong>derelictis</strong></span> <span class='ocrx_word' id='word_1_825' title='bbox 3110 5064 3175 5116; x_wconf 91' lang='lat' dir='ltr'><strong>ad</strong></span> <span class='ocrx_word' id='word_1_826' title='bbox 3230 5066 3523 5120; x_wconf 84' lang='lat' dir='ltr'><strong>scientiam</strong></span> 
     </span>
    </p>
   </div>
   <div class='ocr_carea' id='block_1_106' title="bbox 1917 5151 3521 5228">
    <p class='ocr_par' dir='ltr' id='par_1_106' title="bbox 1917 5151 3521 5228">
     <span class='ocr_line' id='line_1_106' title="bbox 1917 5151 3521 5228; baseline 0.002 -23"><span class='ocrx_word' id='word_1_827' title='bbox 1917 5151 2362 5207; x_wconf 85' lang='lat' dir='ltr'><strong>transcenderint</strong></span> <span class='ocrx_word' id='word_1_828' title='bbox 2401 5152 2668 5207; x_wconf 77' lang='lat' dir='ltr'><strong>veritatis.</strong></span> <span class='ocrx_word' id='word_1_829' title='bbox 2724 5151 2932 5207; x_wconf 88' lang='lat' dir='ltr'><strong>Dicitur</strong></span> <span class='ocrx_word' id='word_1_830' title='bbox 2979 5156 3164 5225; x_wconf 87' lang='lat' dir='ltr'><strong>itaque</strong></span> <span class='ocrx_word' id='word_1_831' title='bbox 3202 5156 3307 5226; x_wconf 79' lang='lat' dir='ltr'><strong>ipsi</strong></span> <span class='ocrx_word' id='word_1_832' title='bbox 3338 5158 3521 5228; x_wconf 67' lang='lat' dir='ltr'><strong>Moab,</strong></span> 
     </span>
    </p>
   </div>
   <div class='ocr_carea' id='block_1_107' title="bbox 1919 5244 3527 5319">
    <p class='ocr_par' dir='ltr' id='par_1_107' title="bbox 1919 5244 3527 5319">
     <span class='ocr_line' id='line_1_107' title="bbox 1919 5244 3527 5319; baseline 0.002 -18"><span class='ocrx_word' id='word_1_833' title='bbox 1919 5248 2005 5301; x_wconf 87' lang='lat' dir='ltr'><strong>vel</strong></span> <span class='ocrx_word' id='word_1_834' title='bbox 2038 5247 2087 5301; x_wconf 91' lang='lat' dir='ltr'><strong>ei</strong></span> <span class='ocrx_word' id='word_1_835' title='bbox 2112 5246 2201 5316; x_wconf 91' lang='lat' dir='ltr'><strong>qui</strong></span> <span class='ocrx_word' id='word_1_836' title='bbox 2223 5246 2467 5301; x_wconf 84' lang='lat' dir='ltr'><strong>evaserit</strong></span> <span class='ocrx_word' id='word_1_837' title='bbox 2495 5245 2563 5300; x_wconf 88' lang='lat' dir='ltr'><strong>de</strong></span> <span class='ocrx_word' id='word_1_838' title='bbox 2601 5244 2787 5302; x_wconf 83' lang='lat' dir='ltr'><strong>Moab:</strong></span> <span class='ocrx_word' id='word_1_839' title='bbox 2832 5247 2972 5301; x_wconf 79' lang='lat' dir='ltr'><strong>Nihil</strong></span> <span class='ocrx_word' id='word_1_840' title='bbox 3001 5264 3133 5319; x_wconf 78' lang='lat' dir='ltr'><strong>agas</strong></span> <span class='ocrx_word' id='word_1_841' title='bbox 3163 5250 3262 5304; x_wconf 86' lang='lat' dir='ltr'><strong>abs</strong></span> <span class='ocrx_word' id='word_1_842' title='bbox 3284 5267 3368 5318; x_wconf 74' lang='lat' dir='ltr'><strong>,tte</strong></span> <span class='ocrx_word' id='word_1_843' title='bbox 3391 5266 3527 5305; x_wconf 74' lang='lat' dir='ltr'><strong>ron-</strong></span> 
     </span>
    </p>
   </div>
   <div class='ocr_carea' id='block_1_108' title="bbox 1921 5338 3529 5413">
    <p class='ocr_par' dir='ltr' id='par_1_108' title="bbox 1921 5338 3529 5413">
     <span class='ocr_line' id='line_1_108' title="bbox 1921 5338 3529 5413; baseline 0.002 -17"><span class='ocrx_word' id='word_1_844' title='bbox 1921 5341 2048 5397; x_wconf 89' lang='lat' dir='ltr'><strong>silio</strong></span> <span class='ocrx_word' id='word_1_845' title='bbox 2070 5338 2256 5412; x_wconf 82' lang='lat' dir='ltr'><strong>(Prov.</strong></span> <span class='ocrx_word' id='word_1_846' title='bbox 2274 5340 2433 5413; x_wconf 71' lang='lat' dir='ltr'><strong>sui):</strong></span> <span class='ocrx_word' id='word_1_847' title='bbox 2460 5357 2559 5396; x_wconf 87' lang='lat' dir='ltr'><strong>nec</strong></span> <span class='ocrx_word' id='word_1_848' title='bbox 2583 5340 2994 5397; x_wconf 75' lang='lat' dir='ltr'><strong>t-ircttml&#39;rraris</strong></span> <span class='ocrx_word' id='word_1_849' title='bbox 3026 5346 3173 5397; x_wconf 89' lang='lat' dir='ltr'><strong>omni</strong></span> <span class='ocrx_word' id='word_1_850' title='bbox 3208 5354 3370 5400; x_wconf 64' lang='lat' dir='ltr'><strong>tento</strong></span> <span class='ocrx_word' id='word_1_851' title='bbox 3393 5345 3529 5399; x_wconf 88' lang='lat' dir='ltr'><strong>doc-</strong></span> 
     </span>
    </p>
   </div>
   <div class='ocr_carea' id='block_1_109' title="bbox 1925 5436 3522 5507">
    <p class='ocr_par' dir='ltr' id='par_1_109' title="bbox 1925 5436 3522 5507">
     <span class='ocr_line' id='line_1_109' title="bbox 1925 5436 3522 5507; baseline 0.004 -17"><span class='ocrx_word' id='word_1_852' title='bbox 1925 5436 2104 5499; x_wconf 72' lang='lat' dir='ltr'><strong>trinae.</strong></span> <span class='ocrx_word' id='word_1_853' title='bbox 2129 5438 2224 5491; x_wconf 89' lang='lat' dir='ltr'><strong>sed</strong></span> <span class='ocrx_word' id='word_1_854' title='bbox 2256 5450 2489 5507; x_wconf 85' lang='lat' dir='ltr'><strong>sequere</strong></span> <span class='ocrx_word' id='word_1_855' title='bbox 2519 5450 2644 5491; x_wconf 89' lang='lat' dir='ltr'><strong>eum</strong></span> <span class='ocrx_word' id='word_1_856' title='bbox 2673 5438 2763 5507; x_wconf 87' lang='lat' dir='ltr'><strong>qui</strong></span> <span class='ocrx_word' id='word_1_857' title='bbox 2802 5436 2982 5507; x_wconf 83' lang='lat' dir='ltr'><strong>magni</strong></span> <span class='ocrx_word' id='word_1_858' title='bbox 3022 5439 3235 5492; x_wconf 78' lang='lat' dir='ltr'><strong>consilii</strong></span> <span class='ocrx_word' id='word_1_859' title='bbox 3281 5440 3522 5506; x_wconf 76' lang='lat' dir='ltr'><strong>Angelus</strong></span> 
     </span>
    </p>
   </div>
   <div class='ocr_carea' id='block_1_110' title="bbox 1923 5529 3522 5604">
    <p class='ocr_par' dir='ltr' id='par_1_110' title="bbox 1923 5529 3522 5604">
     <span class='ocr_line' id='line_1_110' title="bbox 1923 5529 3522 5604; baseline 0.001 -15"><span class='ocrx_word' id='word_1_860' title='bbox 1923 5542 2008 5589; x_wconf 88' lang='lat' dir='ltr'><strong>est</strong></span> <span class='ocrx_word' id='word_1_861' title='bbox 2035 5529 2254 5602; x_wconf 81' lang='lat' dir='ltr'><strong>(Ep/tes.</strong></span> <span class='ocrx_word' id='word_1_862' title='bbox 2286 5530 2395 5602; x_wconf 82' lang='lat' dir='ltr'><strong>tv):</strong></span> <span class='ocrx_word' id='word_1_863' title='bbox 2435 5530 2501 5587; x_wconf 86' lang='lat' dir='ltr'><strong>Et</strong></span> <span class='ocrx_word' id='word_1_864' title='bbox 2552 5547 2686 5601; x_wconf 78' lang='lat' dir='ltr'><strong>coge</strong></span> <span class='ocrx_word' id='word_1_865' title='bbox 2733 5530 2895 5586; x_wconf 63' lang='lat' dir='ltr'><strong>conci</strong></span> <span class='ocrx_word' id='word_1_866' title='bbox 2920 5531 3057 5597; x_wconf 89' lang='lat' dir='ltr'><strong>ium,</strong></span> <span class='ocrx_word' id='word_1_867' title='bbox 3102 5542 3156 5585; x_wconf 89' lang='lat' dir='ltr'><strong>ut</strong></span> <span class='ocrx_word' id='word_1_868' title='bbox 3189 5531 3256 5587; x_wconf 88' lang='lat' dir='ltr'><strong>de</strong></span> <span class='ocrx_word' id='word_1_869' title='bbox 3285 5532 3433 5604; x_wconf 83' lang='lat' dir='ltr'><strong>vagis</strong></span> <span class='ocrx_word' id='word_1_870' title='bbox 3463 5542 3522 5591; x_wconf 88' lang='lat' dir='ltr'><strong>et</strong></span> 
     </span>
    </p>
   </div>
   <div class='ocr_carea' id='block_1_111' title="bbox 1926 5626 3522 5686">
    <p class='ocr_par' dir='ltr' id='par_1_111' title="bbox 1926 5626 3522 5686">
     <span class='ocr_line' id='line_1_111' title="bbox 1926 5626 3522 5686; baseline 0.001 -2"><span class='ocrx_word' id='word_1_871' title='bbox 1926 5628 2235 5685; x_wconf 83' lang='lat' dir='ltr'><strong>errantibus</strong></span> <span class='ocrx_word' id='word_1_872' title='bbox 2257 5626 2350 5682; x_wconf 79' lang='lat' dir='ltr'><strong>Dei</strong></span> <span class='ocrx_word' id='word_1_873' title='bbox 2376 5626 2676 5683; x_wconf 78' lang='lat' dir='ltr'><strong>Ecclesium</strong></span> <span class='ocrx_word' id='word_1_874' title='bbox 2705 5626 2895 5682; x_wconf 80' lang='lat' dir='ltr'><strong>facias.</strong></span> <span class='ocrx_word' id='word_1_875' title='bbox 2929 5627 3313 5683; x_wconf 84' lang='lat' dir='ltr'><strong>Umbraeulum</strong></span> <span class='ocrx_word' id='word_1_876' title='bbox 3337 5637 3522 5686; x_wconf 87' lang='lat' dir='ltr'><strong>autem</strong></span> 
     </span>
    </p>
   </div>
   <div class='ocr_carea' id='block_1_112' title="bbox 198 5721 3531 5802">
    <p class='ocr_par' dir='ltr' id='par_1_112' title="bbox 198 5721 3531 5802">
     <span class='ocr_line' id='line_1_112' title="bbox 198 5721 3531 5802; baseline -0.002 -15"><span class='ocrx_word' id='word_1_877' title='bbox 198 5731 299 5788; x_wconf 80' lang='lat' dir='ltr'><strong>vel</strong></span> <span class='ocrx_word' id='word_1_878' title='bbox 354 5730 764 5802; x_wconf 81' lang='lat' dir='ltr'><strong>provocantimn</strong></span> <span class='ocrx_word' id='word_1_879' title='bbox 804 5731 873 5787; x_wconf 89' lang='lat' dir='ltr'><strong>ad</strong></span> <span class='ocrx_word' id='word_1_880' title='bbox 908 5730 1304 5802; x_wconf 71' lang='lat' dir='ltr'><strong>pmoimdiuem</strong></span> <span class='ocrx_word' id='word_1_881' title='bbox 1326 5771 1343 5798; x_wconf 93' lang='lat'><strong>,</strong></span> <span class='ocrx_word' id='word_1_882' title='bbox 1379 5729 1469 5786; x_wconf 88' lang='lat' dir='ltr'><strong>vel</strong></span> <span class='ocrx_word' id='word_1_883' title='bbox 1494 5742 1597 5800; x_wconf 92' lang='lat' dir='ltr'><strong>pro</strong></span> <span class='ocrx_word' id='word_1_884' title='bbox 1623 5741 1817 5784; x_wconf 90' lang='lat' dir='ltr'><strong>errore</strong></span> <span class='ocrx_word' id='word_1_885' title='bbox 1928 5734 2077 5779; x_wconf 91' lang='lat' dir='ltr'><strong>tuum</strong></span> <span class='ocrx_word' id='word_1_886' title='bbox 2108 5731 2165 5780; x_wconf 92' lang='lat' dir='ltr'><strong>et</strong></span> <span class='ocrx_word' id='word_1_887' title='bbox 2212 5723 2652 5789; x_wconf 87' lang='lat' dir='ltr'><strong>tabernaculum,</strong></span> <span class='ocrx_word' id='word_1_888' title='bbox 2684 5723 2739 5777; x_wconf 89' lang='lat' dir='ltr'><strong>in</strong></span> <span class='ocrx_word' id='word_1_889' title='bbox 2773 5737 2881 5793; x_wconf 80' lang='lat' dir='ltr'><strong>quo</strong></span> <span class='ocrx_word' id='word_1_890' title='bbox 2921 5721 3072 5793; x_wconf 88' lang='lat' dir='ltr'><strong>prius</strong></span> <span class='ocrx_word' id='word_1_891' title='bbox 3101 5725 3448 5795; x_wconf 75' lang='lat' dir='ltr'><strong>requiescere</strong></span> <span class='ocrx_word' id='word_1_892' title='bbox 3478 5732 3531 5781; x_wconf 86' lang='lat' dir='ltr'><strong>te</strong></span> 
     </span>
    </p>
   </div>
   <div class='ocr_carea' id='block_1_113' title="bbox 288 5911 2228 5990">
    <p class='ocr_par' dir='ltr' id='par_1_113' title="bbox 288 5911 2228 5990">
     <span class='ocr_line' id='line_1_113' title="bbox 288 5911 2228 5990; baseline -0.007 -12"><span class='ocrx_word' id='word_1_893' title='bbox 288 5929 321 5959; x_wconf 75' lang='grc'>⁸</span> <span class='ocrx_word' id='word_1_894' title='bbox 359 5918 560 5987; x_wconf 82' lang='lat' dir='ltr'><strong>Vatic.,</strong></span> <span class='ocrx_word' id='word_1_895' title='bbox 594 5919 882 5990; x_wconf 85' lang='lat' dir='ltr'><strong>principem</strong></span> <span class='ocrx_word' id='word_1_896' title='bbox 901 5917 1094 5974; x_wconf 82' lang='lat' dir='ltr'><strong>habere</strong></span> <span class='ocrx_word' id='word_1_897' title='bbox 1116 5927 1436 5987; x_wconf 83' lang='lat' dir='ltr'><strong>mereantur,</strong></span> <span class='ocrx_word' id='word_1_898' title='bbox 1463 5933 1619 5989; x_wconf 84' lang='lat' dir='ltr'><strong>quem</strong></span> <span class='ocrx_word' id='word_1_899' title='bbox 1648 5912 1794 5973; x_wconf 77' lang='lat' dir='ltr'><strong>LXX</strong></span> <span class='ocrx_word' id='word_1_900' title='bbox 1825 5911 2091 5981; x_wconf 67' lang='lat' dir='ltr'><strong>dixerunt,</strong></span> <span class='ocrx_word' id='word_1_901' title='bbox 2123 5918 2228 5967; x_wconf 90' lang='lat' dir='ltr'><strong>etc.</strong></span> 
     </span>
    </p>
   </div>
   <div class='ocr_carea' id='block_1_114' title="bbox 589 6012 1145 6077">
    <p class='ocr_par' dir='ltr' id='par_1_114' title="bbox 589 6012 1145 6077">
     <span class='ocr_line' id='line_1_114' title="bbox 589 6012 1145 6077; baseline -0.004 -1"><span class='ocrx_word' id='word_1_902' title='bbox 589 6015 865 6077; x_wconf 76' lang='grc' dir='ltr'><strong>ΡΑτιιοι.</strong></span> <span class='ocrx_word' id='word_1_903' title='bbox 902 6012 1145 6076; x_wconf 77' lang='lat' dir='ltr'><strong>XXIV.</strong></span> 
     </span>
    </p>
   </div>
   <div class='ocr_carea' id='block_1_115' title="bbox 3046 6004 3087 6069">
    <p class='ocr_par' dir='ltr' id='par_1_115' title="bbox 3046 6004 3087 6069">
     <span class='ocr_line' id='line_1_115' title="bbox 3046 6004 3087 6069; baseline 0 0"><span class='ocrx_word' id='word_1_904' title='bbox 3046 6004 3087 6069; x_wconf 74' lang='grc' dir='ltr'><strong>Β</strong></span> 
     </span>
    </p>
   </div>
  </div>
