4014 6458
1754 332 1832 392 Β.
1873 331 2146 393 ευεευιι
2182 330 2562 393 ΗῙΕΒΟΝΥΜΙ

3706 326 3802 396 230

524 447 783 522 putabas,
824 447 970 517 quod
1022 453 1145 504 erat
1180 447 1355 503 noctis
1382 454 1439 505 et
1482 447 1858 515 tenebrarum,
1893 466 2037 521 pone
2066 452 2122 508 in
2151 456 2199 516 Α
2229 452 2447 508 indurct
2473 466 2571 507 cor
2600 455 2874 507 nostrum.
2904 446 3070 520 Cujus
3100 448 3180 505 rel
3208 462 3376 505 unum
3415 456 3622 506 tantum
3651 465 3801 522 pona-

526 544 786 613 meridie,
818 542 921 599 hoc
946 552 1051 609 est,
1082 541 1137 597 in
1168 542 1480 599 clarissimo
1512 542 1741 611 lumine,
1764 543 1821 600 in
1857 559 1967 616 quo
1995 545 2125 600 abs-

527 637 772 695 condere
808 635 981 691 debes
1010 635 1082 691 de
1120 650 1316 691 errore
1353 633 1643 706 fugientes,
1688 646 1743 691 et
1782 637 1932 705 prius
1964 651 2129 708 vagos

529 731 676 788 ultra
708 745 814 785 non
850 728 1109 801 prodere.
1157 728 1203 785 0
1231 728 1376 785 enim
1405 730 1584 795 Moab,
1633 729 1847 802 profugi
1878 731 1985 786 mei
2032 730 2127 801 qui

523 840 616 882 me
629 824 1057 895 dereliquerant,
1080 826 1172 895 qui
1194 822 1260 880 de
1280 825 1519 880 Ecclesia
1543 823 1750 896 egressi
1771 835 1948 889 erant,
1970 834 2025 880 et
2046 823 2129 879 di-

525 920 809 977 mittentes
846 919 1152 976 doctrinam
1192 918 1432 986 Spiritus
1472 920 1669 980 sancti.
1700 934 1859 976 suum
1900 933 2124 975 sensum

529 1013 936 1087 Sequebantur;
969 1013 1059 1070 vel
1089 1014 1181 1083 qui
1213 1013 1592 1071 habitaverant
1619 1013 1762 1084 apud
1787 1022 1862 1079 te,
1886 1027 2009 1067 cum
2029 1026 2128 1068 eos

532 1109 769 1180 cmperit
793 1116 1037 1164 vastator
1063 1106 1319 1164 diabolus
1350 1108 1628 1177 persequi,
1659 1115 1715 1161 tu
1739 1105 1822 1162 eis
1847 1104 1916 1161 ad
1948 1104 2133 1160 Domi-

528 1200 589 1258 ni
621 1199 876 1257 timorem
906 1207 1017 1256 tota
1047 1208 1233 1256 mente
1264 1213 1535 1255 conversa
1567 1198 1812 1268 pra-beto
1859 1196 2123 1253 latebras:

531 1304 590 1353 et
616 1296 776 1363 scito,
809 1295 954 1364 quod
986 1303 1112 1364 post
1138 1293 1433 1350 adventum
1464 1293 1625 1363 Agni,
1648 1291 1739 1363 qui
1768 1291 1839 1346 de
1862 1302 2011 1360 petra
2031 1289 2131 1346 de-

528 1387 667 1445 serti
721 1397 876 1442 ortus
923 1395 1012 1444 est
1040 1386 1363 1441 dominator
1417 1386 1689 1440 universa:
1719 1392 1916 1449 terrae;
1947 1390 2127 1438 etve-

528 1478 619 1538 nit
645 1480 714 1536 ad
760 1489 1005 1536 montem
1039 1480 1167 1535 illis:
1211 1479 1364 1548 Sion,
1412 1477 1562 1534 ﬁnita
1586 1478 1656 1532 sit
1682 1477 1862 1532 omnis
1888 1475 2130 1548 potentia

527 1573 759 1641 diaboli,
786 1591 906 1644 qua:
937 1574 1149 1645 pulveri
1179 1583 1550 1643 comparatur.
1579 1572 1646 1629 Et
1666 1580 2026 1642 consumptus
2044 1578 2132 1626 est

527 1665 723 1735 miser,
754 1666 848 1737 qui
873 1667 1078 1722 multos
1104 1665 1237 1720 fecit
1268 1666 1529 1720 miseros:
1579 1673 1635 1720 et
1662 1662 1864 1720 deiecit
1890 1665 1981 1733 qui
1998 1676 2132 1719 con-

530 1760 788 1818 oulcabat
816 1774 1033 1816 omnem
1068 1769 1294 1826 terram,
1342 1774 1439 1815 eos
1487 1758 1743 1815 videlicet
1781 1759 1873 1829 qui
1924 1760 2127 1813 terreni

2231 560 2355 603 mus
2380 546 2720 617 exemplum.
2761 544 2818 599 In
2857 544 3160 600 centesimo
3189 544 3602 615 quadragesimo
3627 557 3800 616 quarto

2228 639 2442 712 psalmo
2481 638 2749 710 legimus:
2784 636 2972 694 Suavis
2999 634 3258 692 Dominus
3296 638 3565 703 universis,
3597 647 3643 692 et
3667 640 3804 694 mise-

2225 731 2456 787 rationes
2477 733 2592 804 ejus
2606 744 2764 801 super
2790 729 2963 784 omnia
2985 742 3139 801 opera
3164 727 3312 785 illius
3334 728 3506 802 (Psal.
3535 742 3712 799 cxuv,
3731 728 3801 802 9).

2230 822 2301 879 Et
2329 834 2453 895 post
2485 823 2793 892 paululum:
2824 821 3091 879 Sustentat
3113 808 3574 879 υοπιὶιιιιδόηιιιεε
3593 825 3680 895 qui
3705 840 3807 880 cor-

2229 925 2412 984 ruunt,
2447 928 2496 971 et
2525 917 2674 986 erigit
2701 932 2877 971 omnes
2898 917 3076 971 elisos.
3113 916 3269 971 Oculi
3296 918 3525 972 omnium
3552 920 3606 971 in
3643 928 3811 989 ωερε-

2230 1020 2370 1079 rant,
2405 1007 2648 1075 Damius,
2673 1018 2722 1065 et
2749 1020 2807 1064 tu
2841 1011 2936 1064 das
2966 1024 3136 1065 escam
3164 1024 3346 1064 eorum
3374 1010 3427 1065 iit
3460 1021 3687 1083 tempore
3725 1026 3807 1083 op~

2228 1111 2457 1176 portauo
2478 1100 2585 1176 [ΑΙ.
2618 1100 2759 1174 suo].
2784 1102 3027 1173 Cumque
3056 1105 3435 1173 pran‘nisisset,
3477 1105 3697 1159 custodit
3719 1104 3810 1159 Do-

2230 1201 2405 1250 minus
2434 1210 2609 1252 omnes
2648 1195 2926 1268 diligentes
2952 1212 3049 1262 se;
3102 1211 3173 1253 ne
3216 1197 3585 1268 negligentem
3627 1197 3811 1255 faceret

2229 1290 2565 1359 auditorem,
2612 1290 2842 1346 intulit:
2874 1290 2941 1346 Et
2985 1307 3161 1345 omnes
3208 1301 3504 1361 peccatores
3546 1293 3807 1365 disperdet.

2231 1384 2370 1454 Quia
2395 1386 2557 1455 igitur
2582 1394 2967 1440 consummato
2997 1385 3342 1440 Antichristo
3372 1398 3428 1441 et
3467 1386 3690 1455 parente
3710 1386 3811 1456 ejus

2231 1474 2474 1542 diabolo,
2506 1476 2599 1546 qui
2630 1475 2987 1541 conculcabat
3008 1477 3321 1542 universam
3355 1487 3582 1545 terram,
3618 1492 3808 1548 pra’pa-

2233 1569 2466 1624 randum
2498 1567 2527 1607 δ
2552 1584 2676 1624 esse
2712 1569 3044 1624 vaticinatus
3063 1579 3148 1625 est
3173 1569 3337 1642 272
3360 1570 3558 1624 solium
3582 1570 3633 1624 in
3661 1569 3809 1625 mise-

2234 1659 2490 1725 ricordia,
2531 1670 2587 1716 et
2609 1675 2733 1717 eum
2763 1662 2855 1732 qni
2886 1675 3141 1716 sessurus
3167 1664 3240 1717 sit
3270 1664 3324 1716 in
3355 1661 3707 1717 tabernaculo
3730 1660 3814 1717 Da-

2233 1753 2345 1822 vid,
2394 1770 2459 1810 es
2513 1769 2749 1826 persona
2794 1762 3135 1819 sanctorum,
3184 1755 3279 1825 qui
3306 1755 3379 1812 de
3431 1755 3592 1812 Moab
3640 1757 3811 1812 sali-sti

528 1863 709 1911 erant.
742 1852 841 1907 lllo
870 1863 1051 1909 autem
1082 1862 1433 1922 consumpto,
1464 1861 1522 1908 et
1567 1851 1792 1907 redacto
1831 1850 1901 1906 ad
1946 1850 2125 1916 nihili,
2158 1862 2208 1925 Β
2234 1855 2379 1914 sunt,
2412 1855 2468 1902 et
2506 1848 2882 1915 experimento
2913 1861 3014 1903 suo
3053 1847 3173 1918 ejus
3196 1847 3443 1903 didicere
3492 1850 3803 1917 superbiam,

529 1955 591 2002 et
639 1947 857 2017 penitus
905 1946 1217 2009 deﬁciente,
1253 1944 1651 2015 praeparabitur
1695 1944 1893 2000 solium
1937 1951 1995 1997 et
2044 1957 2130 1998 re-

537 2054 705 2113 gnum
744 2038 1165 2111 sempiternum.
1209 2038 1452 2093 Primum
1496 2038 1549 2093 in
1581 2036 1956 2093 misericordia
1996 2036 2133 2107 (om-

527 2148 632 2192 nes
659 2135 805 2189 enim
842 2132 1020 2203 (Rom.
1050 2131 1131 2203 ut)
1158 2131 1264 2185 sub
1306 2137 1531 2201 peccato
1562 2144 1756 2186 sumus
1786 2146 1801 2183 :
1836 2138 1891 2184 et
1924 2128 2131 2196 indige-

534 2240 659 2284 mus
681 2234 707 2263 ι
736 2226 912 2297 gratia
956 2223 1073 2296 Dei)
1098 2239 1114 2291 ;
1139 2232 1195 2280 et
1221 2224 1437 2280 sedebit
1480 2223 1535 2279 in
1558 2220 1915 2278 tabernaculo
1937 2219 2130 2287 David,

535 2319 685 2394 quod
710 2330 996 2377 corruerat
1038 2330 1094 2375 et
1133 2319 1454 2374 snscitatum
1487 2328 1594 2385 est,
1637 2316 1728 2386 qui
1769 2325 1890 2387 post
1920 2311 2137 2369 miseri—

535 2414 779 2470 cordiatn
811 2411 1235 2486 271judicet,
1260 2419 1315 2467 et
1357 2418 1569 2483 quaerat
1592 2409 1883 2481 justitiam,
1930 2414 1987 2462 et
2006 2404 2132 2461 red-

541 2506 634 2563 dat
658 2508 956 2578 unicuique
985 2504 1286 2561 secundum
1314 2519 1481 2575 opera
1510 2519 1629 2559 sua.
1654 2500 2078 2557 Consideretnus
2105 2514 2135 2552 a

533 2600 812 2672 principio
842 2600 922 2653 vel
947 2586 1168 2666 Oneris,
1194 2598 1277 2654 vel
1303 2597 1577 2653 sermonis
1598 2596 1774 2663 Moab,
1799 2595 1853 2650 in
1875 2611 1981 2665 quo
2002 2592 2137 2648 dici-

537 2701 670 2751 tur:
704 2690 872 2747 Nocte
894 2700 1094 2747 uastata
1132 2700 1208 2746 est
1247 2690 1321 2744 Ar
1345 2689 1525 2756 Moab,
1549 2700 1603 2746 et
1638 2700 1840 2745 caetera
1876 2703 2044 2758 usque
2071 2686 2137 2741 ad

530 2782 681 2842 hunc
704 2785 926 2851 locum;
968 2795 1023 2840 et
1050 2783 1361 2840 videbimus
1392 2784 1667 2853 quomodo
1700 2800 1796 2852 per
1836 2782 2043 2855 gradus
2085 2787 2140 2836 et

532 2878 786 2936 ordinem
821 2879 1162 2952 poenitentia:
1204 2878 1272 2934 de
1311 2877 1567 2933 Moabitis
1598 2876 1862 2933 Israelita:
1889 2875 2139 2930 lianttet

540 2964 754 3041 fugiant
786 2971 941 3040 quasi
989 2985 1140 3036 aves,
1174 2980 1228 3025 et
1273 2969 1491 3024 aVoIcnt
1521 2968 1680 3039 quasi
1728 2968 1857 3039 pulli
1889 2966 1957 3022 de
1987 2966 2137 3031 nido,

531 3076 594 3121 ut
631 3062 1021 3119 transcendant
1046 3079 1140 3135 per
1156 3066 1364 3127 Arnon,
1389 3076 1442 3119 et
1460 3062 1702 3118 habitent
1731 3063 1783 3117 in
1808 3072 1989 3116 monte
2012 3059 2138 3114 lilia:

532 3152 664 3215 Sion
684 3174 697 3210 :
716 3155 927 3212 etomni
947 3152 1148 3211 diaboli
1164 3154 1243 3211 vel
1268 3155 1583 3211 Antichristi
1604 3156 2134 3226 potestatecontrita,

2232 1938 2501 2009 pr0plteta
2530 1939 2798 2010 loquitur:
2826 1939 3127 1995 Audiuimus
3159 1942 3456 2013 superbiam
3496 1941 3672 2007 Moab,
3716 1942 3813 1998 sive

2230 2034 2504 2107 injuriant,
2539 2044 2600 2089 ut
2637 2033 2781 2090 LXX
2815 2036 3231 2091 transtulerunt.
3273 2036 3409 2105 Quis
3438 2038 3588 2092 enim
3621 2038 3812 2094 haereti-

2231 2142 2423 2183 corum
2449 2145 2555 2185 nou
2585 2128 2857 2199 superbus
2886 2131 3017 2184 est?
3045 2132 3134 2198 qui
3177 2131 3625 2187 Ecclesiasticam
3655 2132 3810 2200 despi-

2233 2221 2385 2277 ciens
2405 2221 2836 2292 simplicitatem,
2863 2222 2933 2276 ita
2959 2221 3123 2277 habet
3150 2221 3414 2278 Ecclesia:
3437 2223 3687 2280 homines
3702 2238 3814 2294 qua-

2234 2316 2280 2370 si
2312 2315 2471 2372 bruta
2501 2316 2783 2383 animalia,
2834 2325 2892 2372 et
2918 2317 3187 2372 intantum
3216 2316 3496 2387 superbia:
3519 2317 3813 2387 injuriaaque

2236 2418 2456 2469 tumore
2491 2413 2742 2483 erigitur,
2779 2420 2838 2466 ut
2867 2422 3060 2467 contra
3100 2413 3276 2484 ipsum
3305 2412 3622 2469 Creatorem
3665 2420 3814 2470 armet

2237 2520 2300 2561 os
2330 2521 2513 2574 suum,
2536 2506 2835 2561 detrahens
2861 2507 3148 2578 prophetis
3168 2506 3310 2578 ejus,
3333 2509 3490 2577 quasi
3515 2507 3814 2563 auctoritate

2238 2598 2540 2654 testimonii
2574 2596 2909 2668 Evangeliri,
2962 2598 3014 2652 in
3070 2614 3180 2669 quo
3207 2598 3463 2655 Salvator
3492 2599 3614 2654 ait:
3649 2598 3813 2653 Omnes

2235 2692 2325 2763 qui
2348 2700 2592 2746 uenerunt
2620 2697 2741 2745 ante
2771 2707 2871 2755 me,
2911 2694 3055 2763 [om
3090 2690 3300 2760 [uerunt
3328 2700 3375 2744 et
3400 2689 3632 2746 latrones
3651 2690 3811 2764 (loeti.

2238 2799 2293 2847 Χ,
2327 2783 2423 2853 8):
2455 2782 2593 2838 adeo
2639 2791 2697 2839 ut
2719 2781 2942 2855 Moysen
2971 2799 3188 2853 quoque
3220 2784 3482 2839 tantulum
3517 2784 3612 2841 Dei
3656 2782 3815 2854 appel—

2238 2877 2318 2934 let
2350 2874 2701 2946 homicidam,
2755 2888 2809 2934 et
2840 2877 2970 2934 Jesu
2996 2877 3109 2934 lilio
3144 2878 3293 2934 Nave
3341 2878 3626 2941 detrahat,
3674 2878 3810 2950 quasi

2237 2970 2449 3027 homini
2500 2973 2881 3041 sanguinario,
2930 2972 3023 3043 qui
3056 2982 3217 3026 tanta:
3264 2973 3584 3029 sanctitatis
3626 2972 3740 3037 fuit,
3767 2982 3815 3026 ut

2239 3066 2306 3122 ad
2327 3065 2617 3138 imperium
2639 3066 2917 3124 sermonis
2939 3067 3057 3137 ejus
3084 3067 3165 3122 sol
3198 3067 3440 3139 lunaque
3454 3068 3814 3125 constiterint:

2240 3169 2296 3216 et
2330 3160 2518 3216 David.
2550 3158 2618 3215 de
2639 3160 2796 3230 cujus
2828 3160 3040 3216 semine
3065 3170 3218 3216 ortus
3240 3170 3325 3216 est
3352 3160 3604 3218 Christus
3625 3160 3813 3233 (Manli.

535 3248 789 3307 Christus
814 3260 998 3322 regnet
1027 3250 1079 3304 in
1106 3249 1209 3313 bis.
1228 3260 1279 3306 et
1298 3260 1455 3319 ponat
1479 3251 1673 3307 solium
1692 3266 1847 3305 suum
1871 3250 1962 3320 qui
1986 3248 2145 3303 tnise-
2172 3255 2219 3321 ο
2251 3250 2324 3322 t),
2359 3249 2690 3306 homicidam
2731 3260 2789 3307 et
2819 3251 3122 3308 adulteram
3169 3262 3348 3321 vocet,
3380 3270 3490 3308 non
3545 3253 3816 3323 respiciens

544 3344 777 3404 ticordia
805 3344 1129 3417 justitiaque
1150 3344 1344 3401 salvati
1361 3355 1505 3399 sunt.
1526 3342 1642 3399 Non
1661 3343 1804 3399 enim
1831 3351 1983 3413 pater
1998 3341 2142 3411 judi-

536 3449 627 3498 cat
641 3456 994 3513 quemquam,
1011 3439 1107 3496 sed
1122 3455 1283 3495 omne
1301 3439 1565 3510 judicium
1582 3438 1729 3495 dedit
1750 3436 2043 3511 lilio(loan.
2061 3435 2136 3510 v).

612 3535 795 3608 (Vers.
821 3532 855 3592 6
885 3533 1069 3607 seqq.)
1110 3534 1415 3591 Audiuimus
1454 3534 1753 3607 superbiam
1784 3534 1960 3591 Moab.
1997 3551 2016 3589 :
2054 3550 2138 3589 stt-

540 3629 731 3701 perbus
770 3637 846 3685 est
894 3625 1066 3683 valde.
1112 3626 1374 3695 Superbia
1417 3630 1553 3701 ejus,
1577 3638 1625 3681 et
1667 3626 1969 3701 arrogantia
2006 3627 2141 3699 ejus,

539 3731 591 3779 et
643 3721 939 3798 indignatio
984 3724 1129 3792 ejus,
1177 3719 1295 3792 plus
1338 3738 1492 3794 quam
1549 3720 1799 3794 fortitudo
1846 3722 1981 3788 ejus.
2042 3718 2137 3773 ld-

539 3818 680 3874 sirco
725 3816 947 3872 ululabit
996 3814 1155 3872 Moab
1210 3815 1281 3870 ad
1336 3814 1513 3881 Moab,
1563 3815 1833 3869 uniuersus
1881 3811 2144 3868 ulnlabit:

542 3908 625 3965 Itis
673 3912 761 3984 qui
815 3908 1062 3965 (tutantur
1123 3925 1281 3980 supa-
1344 3925 1551 3964 murum
1604 3908 1716 3980 [ΑΙ.
1765 3906 1964 3981 muros]
2014 3908 2143 3963 cocti

542 4004 744 4070 lateris,
767 4002 1046 4073 loquimini
1073 4002 1258 4076 plagas
1278 4006 1391 4077 ejus
1420 4001 1532 4077 [AL
1549 4000 1728 4076 suos]:
1752 4004 1998 4070 quoniam
2015 4002 2143 4057 sub-

543 4099 747 4155 urbana
784 4094 993 4154 Esebon
1043 4099 1249 4154 deserta
1285 4108 1427 4165 sunt,
1476 4100 1626 4154 vinea
1670 4098 1922 4156 Sabama.
1956 4095 2141 4152 LXX:

547 4190 859 4247 Audiuimus
887 4192 1145 4267 injuriam
1175 4189 1333 4247 Moab
1358 4208 1378 4249 :
1405 4191 1813 4249 contumeliosus
1851 4202 1928 4245 est
1959 4190 2144 4245 ualde:

550 4285 800 4357 superbia
829 4289 961 4359 ejus,
995 4294 1042 4342 et
1072 4285 1271 4364 injuria
1290 4287 1426 4357 ejus,
1458 4295 1505 4341 et
1530 4289 1675 4358 [uror
1707 4302 1813 4339 non
1843 4286 1977 4340 sicut
2014 4283 2146 4337 dici-

543 4379 695 4436 nmio
714 4389 838 4433 tua:
882 4393 986 4432 non
1032 4378 1107 4433 sic
1136 4376 1358 4433 ululabit
1405 4377 1878 4448 Moab:siquidem
1902 4380 1956 4431 in
1990 4374 2146 4430 Moab

542 4488 722 4529 omnes
748 4468 1060 4526 ululabunt:
1093 4471 1472 4527 habitatoribus
1502 4482 1675 4527 autem
1707 4470 1896 4528 Βεθειή
1929 4471 2148 4525 surditas

550 4563 725 4621 beris:
756 4573 803 4618 et
832 4564 935 4618 non
963 4563 1296 4636 confunderis
1319 4582 1337 4620 :
1359 4566 1528 4637 campi
1565 4562 1769 4620 Esebon
1801 4563 2043 4636 lugebant
2071 4563 2148 4617 vi-

2244 3350 2362 3415 ejus
2392 3346 2767 3416 paenitentiam
2799 3358 2856 3404 et
2903 3348 3399 3416 mansuetudinem,
3453 3365 3563 3420 qua
3606 3349 3696 3406 Dei
3725 3349 3816 3404 cle-

2243 3439 2447 3493 mentia
2480 3452 2852 3508 comparatur.
2906 3440 3011 3497 Sed
3044 3442 3293 3509 quamvis
3347 3443 3622 3513 superbus
3669 3442 3737 3496 sit
3772 3450 3816 3496 et

2242 3542 2530 3603 arrogans,
2556 3542 2613 3588 et
2645 3531 2971 3589 furibundus
2998 3539 3239 3591 exsultet
3271 3553 3284 3589 :
3312 3544 3495 3592 tamen
3528 3537 3649 3607 plus
3675 3534 3816 3591 audet

2244 3642 2409 3697 quam
2441 3625 2560 3698 ejus
2596 3628 2804 3700 patitur
2847 3627 3134 3684 fortitudo.
3179 3629 3387 3685 Idcirco
3417 3630 3581 3686 Moab
3618 3628 3819 3685 uiolabit

2244 3722 2312 3777 ad
2342 3721 2523 3792 Moab,
2550 3722 2602 3778 id
2634 3732 2740 3789 est,
2782 3725 2923 3781 alter
2944 3728 3009 3779 ad
3039 3724 3270 3780 alterum
3299 3743 3312 3779 :
3355 3740 3555 3780 omnes
3593 3724 3821 3779 videlicet

2246 3814 2629 3873 haereticorum
2653 3827 2706 3872 et
2726 3817 3010 3874 δερευιιιίδ
3030 3818 3316 3888 sapientia:
3342 3818 3693 3875 diversitates
3710 3832 3821 3873 cono

2246 3920 2327 3968 tra
2360 3927 2420 3968 se
2453 3913 2718 3984 mugient,
2752 3929 2874 3967 cum
2931 3914 2986 3968 in
3019 3915 3305 3970 tormentis
3346 3913 3559 3970 fuerint
3587 3913 3680 3984 (ΙΙΙ
3709 3911 3816 3983 Reg.

2246 4006 2346 4079 vt).
2380 4006 2552 4075 Quam
2575 4009 2645 4063 ob
2679 4025 2794 4062 rem
2821 4010 2906 4066 his
2927 4009 3018 4079 qui
3046 4026 3234 4069 muros
3264 4010 3464 4067 habent
3484 4027 3599 4068 non
3624 4008 3820 4083 quadris

2251 4100 2553 4157 :edilicatos
2584 4100 2880 4173 lapidibus,
2930 4102 3000 4158 de
3034 4104 3235 4173 quibus
3266 4104 3557 4173 Templum
3611 4103 3822 4159 :rdilica-

2248 4204 2360 4252 tum
2386 4207 2467 4253 est
2496 4213 2511 4262 ;
2539 4205 2595 4251 et
2622 4195 2894 4259 intantutn
2935 4197 3142 4264 politis,
3185 4208 3241 4253 ut
3290 4199 3527 4254 malleus
3554 4206 3613 4254 et
3639 4194 3823 4254 securis

2247 4304 2356 4345 non
2382 4288 2449 4345 sit
2472 4288 2655 4344 audita
2684 4291 2739 4344 in
2764 4289 2927 4344 domo
2958 4288 3076 4358 Dei,
3109 4306 3257 4345 ovos
3280 4289 3544 4347 Ecclesia:
3574 4286 3820 4360 magistri,

2248 4382 2333 4439 vel
2362 4384 2454 4455 qui
2476 4384 2614 4439 estis
2644 4384 2712 4439 de
2739 4383 2898 4441 Moab
2923 4400 3116 4442 errore
3131 4385 3346 4450 salvati,
3370 4387 3690 4441 annnntiate
3722 4382 3819 4453 pla-

2246 4491 2343 4547 gas
2374 4492 2523 4543 suas,
2557 4477 2758 4545 quibus
2782 4477 3384 4552 ha-reticorumjacnlis
3408 4462 3674 4535 vulnerati
3695 4485 3821 4533 sunt.

2246 4569 2452 4626 Omnes
2500 4571 2645 4627 enim
2702 4573 3067 4645 cogitationes
3112 4588 3327 4637 eorum,
3377 4573 3522 4643 quod
3583 4571 3825 4644 signiﬁcat

548 4675 704 4713 neum
736 4656 989 4714 Sabama.
1016 4654 1248 4725 Quantis
1273 4658 1709 4714 obscuritatibus
1739 4658 1893 4714 locus
1911 4659 2015 4712 iste
2028 4657 2151 4728 jux-
2174 4660 2227 4722 1)
2255 4659 2493 4729 Esebon,
2543 4679 2651 4718 non
2683 4664 2751 4719 ad
2782 4664 2933 4719 urbis
2968 4666 3262 4720 Dominica:
3296 4666 3688 4723 habitationem
3721 4677 3824 4733 per-

551 4761 609 4810 ta
657 4751 804 4808 LXX
851 4753 1192 4821 [interpretes
1246 4750 1527 4807 involutus
1573 4751 1676 4818 sit,
1707 4766 1776 4806 cx
1828 4765 1897 4807 co
1942 4751 2154 4820 perspi-

545 4862 709 4903 cuum
739 4856 845 4912 est,
875 4847 1019 4920 quod
1050 4846 1155 4919 legi
1188 4846 1272 4901 vix
1315 4856 1514 4915 potest.
1538 4838 1793 4901 Dicamus
1832 4859 1963 4914 ergo
1995 4843 2151 4915 juxta

550 4934 903 5000 Hebraicum.
952 4940 1122 4998 Moris
1164 4948 1250 4997 est
1299 4939 1729 5009 Scripturarum,
1766 4948 1826 4995 ut
1861 4945 2150 5009 postquam

554 5036 996 5108 desperationem
1048 5036 1250 5091 mentis
1281 5034 1555 5099 humanae,
1592 5035 1717 5090 laeto
1747 5036 1940 5089 nuntio
1969 5034 2153 5090 suble-

546 5134 823 5193 varerint,
855 5144 1070 5186 rursum
1104 5127 1436 5199 negligentes
1457 5135 1515 5183 et
1555 5127 1805 5184 nolentes
1833 5142 1994 5198 agere
2024 5142 2142 5198 pte-

541 5224 833 5282 nitentiam
864 5221 1285 5279 comminatione
1315 5221 1657 5289 deterreant,
1694 5238 1761 5278 ne
1792 5221 2012 5278 bonitas
2043 5220 2142 5277 Dei

590 5375 644 5437 ,⁸
670 5364 762 5422 Sic
792 5363 853 5420 S.
885 5375 1106 5437 quoque
1137 5361 1637 5437 Attgustinusglegit
1668 5361 1763 5419 lib.
1805 5361 1923 5437 t_tle
1949 5361 2152 5437 Pecca-

552 5434 735 5492 torntn
767 5436 980 5491 meritis
1008 5450 1132 5504 cap.
1165 5436 1259 5502 Εἴ,
1293 5447 1349 5491 et
1371 5438 1429 5490 S.
1460 5435 1801 5492 Gaudentius
1825 5434 2150 5502 Brixicnsis,

545 5506 706 5635 ξυχιιι
755 5507 1182 5569 Lugdunensem
1204 5506 1522 5565 editionem.
1550 5505 1736 5562 Gratia
1761 5506 1891 5573 Dei:
1919 5520 2019 5576 pro
2044 5522 2153 5575 quo

570 5594 604 5634 ιι
625 5578 819 5635 Graeco
842 5582 990 5634 textu
1004 5588 1085 5631 est
1105 5586 1197 5635 τῆς
1213 5572 1270 5635 δό
1281 5579 1464 5635 Eni-rm”;
1478 5584 1627 5635 Θεοῦ.
1643 5580 1811 5635 aloria
1828 5574 1919 5633 Dei
1937 5592 2152 5635 :qnem-

570 5594 604 5634 n
625 5578 819 5635 Graeco
842 5582 990 5634 lexm
1004 5588 1085 5631 est
1105 5586 1197 5640 τῆς
1213 5572 1270 5635 δό
1281 5579 1464 5644 ξηςτοῦ
1478 5584 1627 5643 Θεοῦ,
1643 5580 1811 5646 gloria
1828 5572 1955 5633 Dei“:
1969 5572 2152 5646 quem-

546 5650 845 5704 admodum
882 5661 939 5703 et
986 5646 1249 5719 Vulgatus
1298 5651 1573 5715 Interpres
1613 5648 1812 5703 reddit.
1865 5648 2042 5718 Atque
2070 5649 2147 5719 ibi

589 5721 737 5777 loris:
771 5723 993 5778 notitiae
1011 5718 1290 5777 Christum
1326 5720 1578 5791 intelligi,
1610 5722 1704 5791 qui
1742 5731 1826 5775 est
1858 5720 2028 5791 gloria
2053 5718 2152 5774 Dei

589 5738 737 5777 torte
771 5738 993 5778 nonnae
1011 5738 1290 5777 umsutm
1326 5738 1578 5791 intelligi,
1610 5738 1704 5791 qui
1742 5738 1826 5775 est
1858 5738 2028 5791 gwm
2053 5738 2149 5774 uer

548 5738 753 5859 g’atris,
787 5806 1115 5859 sensumque
1146 5808 1212 5846 eo
1265 5792 1531 5860 recidere,
1591 5801 1648 5845 nt
1698 5791 1877 5856 dicat,
1929 5789 2149 5847 Christo

547 5863 918 5934 redemptore,
949 5878 1070 5934 qua:
1120 5863 1212 5920 Dei
1244 5872 1331 5920 est
1353 5864 1553 5936 gratia,
1584 5862 1696 5920 κατ’
1726 5861 1934 5936 εξοχήν,
1969 5863 2148 5919 nullus

2253 4754 2451 4819 tinent,
2486 4754 2552 4809 de
2580 4770 2683 4825 qua
2724 4756 2987 4825 scriptum
3026 4765 3142 4812 est:
3178 4755 3438 4812 Fluminis
3468 4757 3687 4827 impetus
3714 4752 3825 4809 ιωτιο

2252 4847 2377 4917 ﬁcat
2403 4848 2664 4903 civitatem
2691 4847 2785 4903 Dei
2807 4842 2929 4920 (Ps.
2962 4866 3088 4911 xcv,
3111 4849 3202 4921 5);
3229 4850 3324 4905 sed
3353 4849 3665 4905 suburbana
3692 4852 3823 4909 sunt,

2256 4949 2312 4995 ιιι
2339 4941 2405 4994 ad
2437 4941 2627 4996 urbem
2655 4941 2869 4996 Domini
2902 4942 3182 5012 pertinere
3206 4942 3533 4998 credantur:
3570 4956 3690 5013 qua:
3713 4937 3823 4993 sub—

2253 5033 2496 5098 urbana,
2556 5033 2648 5088 Dei
2708 5043 2838 5089 sunt
2885 5033 3109 5091 deserta
3162 5035 3447 5106 praesidio,
3500 5035 3618 5092 sive
3660 5030 3825 5087 divino

2249 5124 2375 5196 igne
2396 5124 2702 5195 combusm,
2734 5127 3012 5197 prmcipue
3041 5127 3199 5182 vinea
3234 5127 3491 5195 Sabama,
3529 5142 3652 5198 qua:
3682 5127 3825 5179 inter-

2249 5230 2500 5291 pretatur
2526 5221 2771 5277 attollens
2810 5222 3170 5291 altitudinem,
3215 5237 3282 5280 eo
3311 5222 3458 5295 quod
3497 5224 3550 5278 in
3583 5221 3748 5278 altum
3774 5230 3824 5271 se

2256 5360 2488 5431 dubito;
2520 5364 2601 5419 sic
2643 5371 2826 5419 tamen
2883 5366 3092 5433 sentio,
3137 5366 3359 5422 recitari
3411 5367 3479 5422 ab
3514 5362 3824 5436 Hieronymo

2256 5445 2423 5509 atque
2467 5437 2589 5509 aliis
2622 5436 2861 5509 laudatis
2882 5437 3137 5493 Patribus
3169 5442 3346 5495 locum
3394 5441 3636 5509 Αιισειυιι
3674 5437 3823 5493 εἰει

2250 5505 2384 5633 ifilli!)
2412 5506 2670 5564 editionis
2691 5508 2996 5575 codicibus,
3025 5527 3147 5583 qua:
3182 5524 3295 5568 tum
3334 5505 3600 5584 temporis
3628 5509 3824 5565 obtine-

2289 5594 2316 5631 a
2350 5620 2362 5632 .

2324 5647 2352 5687 δ
2383 5648 2517 5727 Erat
2560 5658 2718 5706 antea
2750 5650 3097 5727 incommodo
3124 5654 3473 5727 iniplemqne
3495 5664 3678 5716 sensu,
3710 5666 3824 5727 prag—

2250 5721 2572 5851 mimi
2590 5733 2647 5779 ιιι
2670 5735 2750 5780 est
2767 5725 3134 5797 vaticinatum,
3165 5721 3278 5784 esse
3293 5721 3507 5814 εοιίη,
3521 5738 3654 5794 eum
3684 5721 3826 5781 rem,
