4014 6444
242 301 363 362 ὶδῖ

809 303 1456 365 COMMENTARIORL‘M
1496 302 1564 364 IN
1601 302 1840 366 15.8le
1877 303 2300 365 PROPHETAM
2340 309 2474 367 LIB.
2519 310 2601 368 Vl.
2662 311 2819 371 CAP.
2862 313 3002 372 XVI.

3447 316 3553 377 238

244 421 455 494 erigat,
508 431 566 479 et
606 420 877 494 superbiat
917 437 1034 480 sure
1078 424 1274 479 turrim
1324 436 1498 495 usque
1542 421 1609 477 ad
1647 422 1846 479 ctelum
1876 419 2265 489 Allaplnim:
2318 420 2566 495 falsaque
2614 424 2893 481 vindemia
2943 426 3063 498 eius
3099 436 3186 482 est
3236 427 3437 495 vineae,
3486 429 3559 487 de

247 526 548 574 exstruere
572 527 824 576 conetur.
847 518 1005 588 Quod
1035 527 1217 574 autem
1247 519 1299 573 in
1319 516 1466 574 LXX
1486 518 1722 589 positum
1745 526 1849 585 est,

248 610 637 668 habitatoribus
665 612 873 682 Desetlt,
909 614 961 668 in
1011 613 1279 669 llebraico
1314 626 1423 668 non
1455 611 1723 677 habetur;
1756 610 1851 665 scd

1956 527 2064 584 qua
2103 528 2267 583 supra
2311 514 2510 571 dicitur
2542 531 2558 571 :
2605 516 2814 573 Domini
2850 520 3085 590 gentium
3123 521 3422 576 exciderunt
3460 525 3562 594 ﬂa-

1957 602 2094 679 gella
2113 603 2248 675 eius.
2275 605 2368 665 isti
2396 608 2541 663 enim
2572 622 2864 667 conterunt
2909 625 3041 666 uvas
3082 614 3475 680 amarissitnas,
3507 625 3566 672 et

251 720 358 778 pro
384 707 549 782 273
572 708 676 763 hoc
705 709 904 781 tegitur
932 725 1068 766 ius
1102 709 1301 783 (ιη-πῃ),
1325 709 1471 782 quod
1494 716 1703 776 ιεεεαηι,
1735 709 1854 765 sive
1957 699 2075 755 suis
2105 700 2321 757 calcant
2351 701 2603 772 pedibus,
2638 720 2706 758 ne
2745 705 3004 760 draconis
3048 706 3116 761 de
3143 707 3225 762 eis
3255 710 3567 778 expriman-

248 809 462 856 coctunt
492 803 707 856 laterem
734 802 1031 873 significat.

328 895 516 965 (Vera.
547 896 606 964 9,
640 895 757 967 10.)
796 892 1012 951 Domini
1048 896 1281 968 gentium
1307 894 1614 951 exciderunt
1644 891 1859 967 ﬂagella

247 994 374 1064 ejus
401 1008 421 1045 :
446 1006 607 1061 usque
630 991 700 1044 ad
725 989 884 1045 laser
904 996 1267 1062 perseuerant.
1318 987 1636 1043 Erraueruut
1662 987 1719 1041 in
1766 985 1860 1041 de-

252 1096 397 1142 serto
430 1101 449 1140 :
474 1086 790 1157 propagines
817 1083 931 1155 ejus
967 1085 1160 1139 relicta
1194 1091 1314 1139 sunt
1346 1097 1364 1137 :
1405 1083 1719 1137 transierunt
1748 1096 1861 1134 ma-

251 1197 336 1237 re.
370 1182 545 1252 Super
573 1180 672 1234 liae
697 1178 911 1252 plorobo
938 1181 990 1233 in
1014 1180 1140 1250 ﬂetu
1164 1176 1325 1246 laser
1351 1177 1554 1231 sineaut
1581 1174 1812 1231 Sabama
1842 1189 1860 1229 :

252 1274 527 1329 inebriato
544 1281 591 1327 te
616 1273 851 1343 lacryma
865 1286 1002 1333 mea,
1024 1270 1234 1326 Esebon
1256 1279 1303 1323 et
1334 1267 1518 1323 Eleale
1552 1284 1571 1322 :
1611 1268 1861 1338 quoniam

252 1382 417 1439 super
434 1365 746 1421 vindemiam
775 1374 919 1418 tuam
943 1371 996 1417 et
1019 1378 1176 1435 super
1198 1377 1413 1417 messem
1454 1372 1595 1415 tuam
1622 1375 1723 1415 vos:
1748 1357 1862 1415 cal-

254 1464 493 1519 ratttium
532 1462 711 1517 irruit.
762 1460 828 1515 Et
864 1464 1132 1531 auferetur
1175 1458 1361 1514 latitia
1412 1466 1460 1511 et
1490 1456 1767 1511 exsultatio
1797 1453 1865 1508 de

252 1557 498 1615 Corneto
529 1572 548 1612 :
576 1565 625 1612 et
654 1557 710 1611 in
736 1556 897 1611 uineis
928 1570 1033 1609 non
1058 1552 1359 1617 exsultabit,
1386 1567 1551 1623 neque
1571 1550 1819 1622 jubilabit
1842 1565 1863 1602 :

252 1652 437 1707 uinum
461 1650 516 1704 in
561 1647 808 1705 torculari
850 1662 956 1702 non
984 1646 1201 1702 calcabit
1234 1646 1323 1717 qui
1351 1642 1556 1699 calcare
1583 1657 1863 1697 consueve-

255 1754 346 1800 rat
376 1760 395 1799 :
422 1758 595 1799 vocent
629 1743 944 1798 micantium
983 1741 1195 1796 abstuli.
1255 1740 1579 1797 Subnrbana
1613 1736 1861 1805 Esebon,

1962 803 2050 851 tur
2078 808 2312 863 venena,
2334 807 2393 854 et
2415 813 2609 855 omnes
2651 800 3057 856 interilciantur
3091 802 3364 859 bibentes.
3397 804 3570 861 Auie-

1950 900 2115 944 retur
2138 905 2357 961 quoque
2388 891 2573 947 lastitia
2601 900 2656 948 et
2684 894 2977 949 exsultatio
3009 895 3417 963 htcreticorum,
3459 912 3564 969 qua

1962 989 2090 1036 ante
2135 984 2375 1052 gaudere
2418 996 2859 1041 consueverant:
2909 995 2970 1042 ut
3018 999 3309 1059 postquam
3356 994 3572 1061 egerint

1961 1074 2362 1146 paenitentiam,
2396 1076 2532 1132 illud
2562 1087 2881 1134 mereantur
2905 1080 3139 1134 audire:
3180 1079 3334 1135 Beati
3372 1083 3559 1155 lugen-

1966 1180 2060 1237 tes,
2083 1171 2326 1238 quoniam
2348 1172 2449 1243 ipsi
2490 1170 2898 1229 consolabuntur
2934 1173 3154 1245 (Matth.
3176 1191 3234 1241 γ.
3273 1175 3357 1248 5).
3389 1178 3574 1244 Quod-

1966 1278 2074 1333 que
2092 1265 2321 1329 addidit,
2348 1265 2414 1321 de
2450 1263 2710 1333 Carmrlo,
2743 1266 2848 1324 hoc
2898 1267 3167 1339 significat
3202 1286 3215 1322 :
3265 1285 3372 1325 non
3421 1272 3567 1343 quod

1967 1356 2209 1415 haeretici
2236 1375 2369 1417 vere
2402 1359 2711 1417 Carmelum
2753 1363 3009 1429 habeant,
3056 1362 3110 1417 id
3141 1372 3261 1432 est,
3309 1362 3573 1435 spiritalis

1966 1452 2407 1509 circumcisionis
2440 1454 2729 1521 notitiam;
2778 1455 2874 1511 sed
2903 1454 3049 1526 quod
3091 1453 3230 1511 falso
3274 1456 3483 1512 habere
3512 1471 3573 1513 sc

1965 1546 2195 1617 iactent.
2248 1546 2500 1619 Cumque
2546 1548 2778 1606 succisae
2814 1547 3026 1606 fuerint
3051 1551 3248 1621 vinem,
3297 1560 3353 1607 et
3398 1551 3581 1607 ablata

1969 1641 2182 1710 laetitia,
2210 1653 2267 1699 et
2297 1645 2589 1701 exsultatio
2619 1645 2689 1703 de
2717 1646 2838 1703 falsi
2864 1647 3102 1703 nominis
3134 1648 3365 1704 Scientia
3400 1667 3414 1703 :
3447 1658 3579 1705 tunc

1969 1736 2153 1791 nullus
2182 1737 2289 1793 erit
2315 1737 2383 1793 de
2405 1739 2652 1810 pristinis
2676 1740 3065 1807 calcatoribus,
3091 1742 3180 1812 qui
3214 1743 3393 1798 calcet
3418 1757 3577 1809 uvas,

254 1837 335 1894 de
360 1836 560 1910 quibus
589 1849 754 1905 supra
786 1835 1049 1899 diximus,
1074 1833 1297 1890 deserta
1328 1841 1478 1899 sunt,
1502 1840 1557 1886 et
1586 1831 1747 1886 vinea
1772 1831 1869 1885 Sa~
1900 1838 2109 1900 Bquas
2148 1839 2276 1885 ante
2305 1830 2614 1888 calcaverat
2642 1850 2656 1887 :
2680 1841 2761 1889 .et
2786 1847 2892 1889 vox
2921 1847 3113 1890 eorum
3147 1845 3359 1890 aeterno
3384 1836 3582 1891 obmu-

253 1932 447 1998 bama,
478 1946 600 2001 quae
638 1929 986 2000 interpretari
1031 1936 1230 1997 putest,
1262 1940 1370 1981 non
1408 1925 1586 1980 solum
1618 1922 1871 1989 extollens

253 2025 613 2089 altitudinem,
642 2023 739 2078 sed
769 2032 823 2077 et
859 2020 1125 2077 conversio
1161 2017 1339 2089 aliqua
1366 2035 1385 2073 :
1412 2019 1539 2090 quia
1569 2016 1787 2072 videtur
1814 2015 1867 2071 in

255 2122 489 2192 regione
529 2119 817 2175 Moabitica
850 2117 917 2171 ad
967 2114 1181 2170 Domini
1230 2114 1549 2168 servitutem
1590 2113 1770 2182 aliqua
1796 2124 1868 2166 ex

255 2223 426 2286 parte
468 2213 608 2268 velle
654 2210 923 2266 converti.
984 2207 1157 2279 llujus
1195 2205 1357 2277 igitur
1400 2206 1575 2259 vinem
1612 2204 1868 2269 Sabanta,

256 2305 481 2363 Domini
510 2303 779 2376 gentium,
806 2300 1056 2372 Apostoli
1093 2310 1150 2355 et
1175 2298 1461 2371 apostolici
1496 2298 1619 2362 viri,
1658 2295 1869 2366 ﬂagella

257 2412 319 2457 et
356 2399 676 2471 propagines
706 2397 925 2468 penitus
956 2393 1334 2456 absciderunt,
1364 2406 1433 2445 ne
1454 2405 1525 2446 ex
1552 2389 1676 2444 aliis
1699 2386 1875 2443 luere-

254 2493 421 2551 sibas
442 2492 562 2547 alite
586 2498 942 2547 nascerentur
962 2487 1228 2550 haereses,
1254 2494 1310 2541 et
1336 2482 1548 2538 infinita
1565 2481 1871 2537 errantium

258 2584 428 2641 ﬂeret
456 2583 764 2639 multitudo.
799 2581 869 2637 Et
896 2596 1007 2636 non
1041 2580 1219 2635 solum
1256 2576 1582 2632 exciderunt
1618 2573 1878 2646 propagi-

257 2693 371 2737 nes
398 2679 666 2743 Sabinum,
712 2675 811 2733 sed
840 2690 1011 2744 usque
1039 2674 1105 2729 ad
1135 2672 1299 2729 Jazer
1334 2677 1723 2742 pervenerunt,
1754 2682 1877 2739 quze

258 2774 665 2842 interpretatur
692 2768 946 2839 fortitudo
983 2782 1195 2823 eorum:
1224 2765 1330 2821 hoc
1351 2771 1459 2829 est,
1490 2763 1557 2817 ad
1578 2761 1873 2817 fortissima

258 2880 507 2939 quaeque
531 2864 789 2935 dogmata
846 2861 1261 2927 haereticorum,
1312 2868 1369 2913 et
1414 2856 1699 2932 dialectica
1755 2863 1876 2910 arte

261 2967 614 3023 constructa,
647 2958 700 3011 in
736 2955 939 3027 quibus
972 2954 1146 3029 robur
1176 2952 1259 3007 sui
1298 2950 1510 3005 habere
1551 2947 1880 3003 videbantur

262 3052 515 3115 erroris;
538 3060 597 3107 et
615 3053 891 3107 intantum
917 3062 1113 3104 eorum
1144 3060 1334 3101 mucro
1366 3042 1666 3100 bacchatus
1686 3049 1789 3105 est,
1820 3046 1883 3093 ut

265 3147 574 3204 novissime
592 3153 842 3199 errarent
872 3142 927 3196 in
954 3140 1277 3202 solitudine,
1323 3147 1380 3193 et
1406 3152 1569 3207 quem
1602 3134 1882 3190 interfice-

1975 1931 2146 1978 tescet
2170 1922 2413 1979 silentio.

2049 2015 2233 2088 (ναι-8.
2266 2016 2325 2072 il
2360 2017 2542 2090 seqq.)
2583 2015 2756 2092 Super
2795 2019 2890 2073 hoc
2936 2029 3108 2075 venter
3149 2036 3289 2075 meus
3317 2020 3390 2074 ad
3418 2019 3575 2076 Moab

1974 2109 2124 2179 quasi
2154 2107 2354 2163 cithara
2374 2109 2579 2165 sonabit
2605 2126 2625 2165 :
2654 2120 2703 2166 et
2739 2112 2934 2166 viscera
2963 2129 3075 2167 mea
3099 2112 3168 2167 ad
3208 2128 3413 2167 murum
3448 2116 3585 2169 cocti

1975 2206 2168 2263 lateris.
2199 2205 2267 2262 Et
2290 2208 2384 2287 erit
2413 2223 2530 2262 cum
2558 2209 2859 2279 apparuerit
2889 2210 3026 2281 quod
3047 2210 3302 2265 laboravit
3331 2209 3487 2265 Moab
3518 2214 3582 2266 ab

1976 2299 2189 2354 excelsis
2217 2300 2346 2366 suis,
2386 2300 2707 2373 ingredietur
2730 2302 2798 2356 ad
2842 2313 3022 2357 sancta
3048 2318 3144 2358 sua
3174 2314 3231 2357 ut
3263 2302 3505 2367 obsecret,
3539 2314 3587 2358 et

1976 2408 2080 2447 non
2111 2393 2422 2462 preralebit.
2454 2391 2570 2449 Hoc
2595 2394 2804 2448 verbum
2829 2395 2969 2467 quod
2999 2395 3201 2450 locutus
3223 2406 3296 2450 est
3328 2395 3583 2451 Dominus

1976 2484 2047 2538 ad
2065 2483 2220 2540 Moab
2242 2501 2308 2542 ea:
2334 2497 2476 2542 tunc.
2500 2487 2792 2543 Destructo
2818 2496 3009 2544 errore
3041 2488 3335 2546 Moabitico
3367 2508 3381 2544 :
3415 2493 3584 2545 immo

1978 2578 2111 2635 ialsa
2154 2580 2338 2635 laetitia
2380 2581 2434 2635 in
2475 2581 2684 2637 luctum
2717 2581 3094 2653 lacrymasque
3126 2591 3355 2646 mutata,
3386 2593 3579 2639 venter

1985 2686 2162 2738 meus,
2214 2674 2512 2743 prophetas,
2562 2672 2656 2743 qui
2713 2674 2886 2728 instar
2928 2673 3153 2729 cithara:
3202 2676 3410 2730 musica
3462 2685 3581 2731 arte

1985 2767 2321 2835 emnpusitus
2343 2773 2451 2833 est,
2468 2776 2523 2822 et
2544 2766 2640 2837 qui
2664 2766 2734 2822 dc
2754 2766 2850 2823 Dei
2875 2768 3072 2823 timore
3095 2770 3432 2840 concipiens,
3450 2769 3591 2824 mul-

1984 2866 2071 2914 tos
2095 2859 2299 2915 liberos
2322 2857 2649 2930 procreaxit,
2696 2860 2766 2914 ita
2811 2869 2871 2914 ut
2901 2860 3049 2915 nulla
3090 2861 3158 2913 sit
3205 2861 3433 2924 chorda,
3473 2877 3594 2931 qua:

1984 2968 2092 3007 non
2126 2950 2319 3008 reddat
2345 2967 2537 3007 sonum
2582 2967 2764 3021 suum,
2812 2952 3092 3009 resonabit
3132 2953 3339 3008 luctum
3370 2955 3585 3025 agentis

1983 3045 2361 3117 pmnitentiam
2388 3044 2579 3101 Moab:
2606 3055 2663 3101 et
2682 3045 2866 3101 omnia
2894 3046 3106 3101 viscera
3140 3061 3254 3101 mea
3286 3047 3351 3101 ad
3376 3062 3590 3101 murum
3620 3030 3625 3035 ’

1983 3141 2127 3194 cocti
2158 3138 2346 3194 lateris
2379 3156 2394 3193 :
2427 3154 2528 3209 pro
2575 3154 2683 3209 quo
2725 3139 3120 3210 interpretatus
3175 3148 3259 3193 est
3287 3138 3596 3194 'l'heodmio

265 3249 407 3299 rent
431 3253 542 3295 non
571 3237 867 3293 baberent.
901 3232 1149 3306 Cumque
1188 3232 1267 3287 illi
1298 3230 1620 3287 exciderent
1660 3226 1876 3298 ﬂagella
1906 3237 1953 3302 ι]
1982 3233 2052 3286 ad
2070 3247 2278 3286 murum
2299 3231 2841 3304 dissipatum.0mnia
2858 3231 3001 3287 enim
3026 3233 3424 3288 contrariorum
3448 3247 3592 3303 prae-

266 3334 423 3405 ejus,
462 3342 648 3388 tamen
683 3332 818 3388 vitio
853 3329 1057 3386 radicis
1092 3327 1343 3398 pessima:
1365 3366 1381 3393 ,
1414 3323 1743 3396 propagines
1780 3321 1879 3376 alio

269 3444 405 3501 qua:
440 3435 838 3484 remanserunt.
875 3423 1089 3479 Domini
1138 3429 1319 3476 autem
1355 3419 1600 3491 gentium
1648 3416 1881 3472 transie-

270 3530 416 3580 runt
443 3536 613 3586 mare,
644 3520 749 3575 hoc
779 3529 864 3574 est
886 3517 1214 3573 tentationes
1238 3513 1425 3569 saeculi
1454 3512 1637 3583 hujus,
1667 3510 1737 3566 de
1761 3510 1881 3581 qui-

270 3618 392 3675 bus
418 3616 473 3671 in
504 3614 713 3687 psalmo
735 3614 974 3684 legimus
1002 3628 1015 3664 :
1057 3609 1185 3665 Veni
1207 3610 1258 3663 in
1279 3606 1600 3682 profundum
1630 3605 1812 3671 maris,
1834 3614 1883 3661 et

273 3720 559 3781 tempestas
582 3707 847 3765 absorbuit
874 3722 953 3763 me
978 3702 1099 3779 (Ps.
1132 3718 1330 3772 uvut,
1363 3702 1451 3773 5);
1485 3712 1537 3757 et
1574 3702 1627 3756 in
1662 3698 1777 3757 alio
1808 3700 1887 3754 ιο.

273 3820 354 3863 co
382 3825 395 3861 :
426 3802 527 3871 Qui
554 3802 868 3857 descendunt
898 3816 1039 3854 mare
1059 3800 1113 3853 in
1140 3797 1373 3863 navibus,
1417 3796 1665 3867 facientes
1701 3807 1888 3864 opera-

277 3902 455 3956 tiones
488 3899 541 3954 in
570 3898 718 3970 aquis
745 3895 955 3952 multis:
987 3895 1086 3967 ipsi
1106 3894 1340 3949 viderunt
1383 3908 1537 3963 Opera
1570 3889 1801 3955 Domini,
1839 3896 1886 3942 et

279 3992 556 4050 mirabilia
593 3994 711 4062 ejus
743 3993 799 4047 iu
847 3989 1110 4062 profundo
1153 3986 1272 4061 (Ps.
1302 4002 1420 4052 cvt,
1468 3983 1584 4055 25).
1625 3981 1717 4038 isti
1756 3994 1889 4050 ergo

280 4091 633 4145 transierunt
657 4101 827 4151 mare,
851 4095 911 4140 ut
936 4099 1104 4154 opera
1136 4080 1353 4137 Domini
1383 4087 1440 4135 et
1468 4074 1737 4132 mirabilia
1772 4072 1891 4143 ejus

283 4183 348 4239 in
378 4179 643 4252 profundo
665 4178 1021 4236 tentatiouum
1046 4174 1454 4246 conSpicorent,
1486 4168 1614 4227 dum
1649 4166 1891 4225 liberau-

289 4287 391 4335 tur
413 4292 485 4333 ex
502 4277 602 4333 eis.
625 4275 812 4346 Itaque
831 4287 1014 4329 sermo
1048 4270 1399 4344 prepheticus
1431 4263 1638 4338 plangit
1675 4262 1892 4318 fortitu-

286 4374 488 4431 dinem
510 4371 921 4436 hasreticorum,
952 4367 1003 4423 id
1028 4376 1137 4434 est,
1168 4364 1347 4430 Jazer,
1387 4373 1439 4418 ct
1469 4364 1682 4417 vineam
1722 4357 1894 4414 Saba-

287 4481 428 4530 ma;
458 4480 576 4537 quae
608 4480 667 4519 se
709 4462 933 4517 extollit
974 4468 1163 4515 contra
1202 4455 1485 4512 scientiam
1532 4453 1650 4509 Dei.
1682 4451 1750 4506 Et
1787 4450 1899 4504 ineo

292 4556 484 4613 briabo
515 4566 561 4611 te
597 4553 831 4628 lacryma
864 4569 994 4617 utea,
1038 4548 1261 4615 Escbon,
1295 4545 1658 4619 cogitationes
1685 4540 1899 4598 scilicet

1986 3328 2143 3396 sidia,
2165 3329 2218 3383 in
2240 3327 2438 3400 quibus
2461 3337 2615 3383 antea
2636 3324 3378 3393 conlidebam,destruentur
3391 3335 3447 3382 et
3467 3341 3588 3382 cor-

1987 3430 2168 3478 ruent.
2202 3421 2328 3476 lites
2355 3427 2482 3476 sunt
2509 3429 2690 3474 autem
2724 3422 2936 3475 viscera
2962 3431 3019 3475 et
3042 3420 3304 3475 interiora
3340 3419 3584 3488 prephe-

1991 3524 2081 3580 tae,
2107 3515 2175 3572 de
2205 3514 2400 3585 quibus
2429 3522 2484 3569 et
2505 3512 2672 3568 David
2701 3512 2916 3569 diccbat
2947 3510 3000 3568 in
3035 3512 3253 3568 Psalmo
3286 3529 3299 3567 :
3328 3508 3577 3579 Benedic,

1991 3608 2166 3663 anima
2195 3623 2329 3673 mea,
2363 3607 2601 3671 Domino,
2633 3618 2681 3660 et
2710 3607 2885 3661 omnia
2912 3606 3162 3661 interiora
3185 3605 3348 3678 275
3373 3622 3483 3660 mea
3502 3623 3599 3661 uo-

1990 3717 2105 3755 meu
2128 3710 2364 3755 unctum
2391 3703 2506 3773 ejus
2538 3696 2716 3770 (Psal.
2746 3714 2848 3760 cu,
2880 3697 2955 3771 Ι).
2988 3700 3273 3766 Quomodo
3313 3699 3459 3753 enim
3511 3698 3593 3753 ci-

1995 3792 2150 3847 thara
2169 3806 2276 3846 non
2307 3791 2511 3846 emittit
2533 3790 2775 3846 vocalem
2797 3804 2989 3845 sonum
3022 3799 3187 3860 atque
3211 3790 3598 3860 compositum,

1993 3886 2038 3941 si
2069 3885 2262 3941 saltem
2295 3899 2397 3940 una
2429 3883 2633 3940 chorda
2661 3894 2815 3952 rupta
2843 3881 3041 3947 fuerit;
3073 3881 3154 3936 sic
3183 3881 3448 3950 Spiritalis
3470 3897 3601 3936 ven-

1994 3988 2079 4034 ter
2109 3977 2409 4049 propbetaz,
2445 3976 2492 4031 si
2520 3991 2625 4029 una
2652 3975 2706 4029 in
2724 3988 2793 4030 eo
2815 3974 3076 4027 virtutum
3098 3971 3309 4026 chorda
3330 3970 3594 4036 defuerit,

1997 4085 2106 4125 non
2144 4070 2343 4141 poterit
2372 4068 2543 4123 melos
2564 4065 2721 4122 dulce
2748 4078 3041 4128 resonare;
3073 4078 3173 4118 nec
3202 4061 3269 4117 ad
3300 4062 3598 4118 lateritium

1995 4176 2211 4219 murum
2238 4160 2451 4218 cunctis
2492 4161 2731 4216 clamare
2760 4155 3082 4213 visceribus.
3132 4154 3594 4226 Philosophorum

2000 4270 2214 4325 quoque
2242 4256 2510 4310 sententia
2542 4263 2646 4318 est,
2669 4252 2881 4307 inurere
2902 4250 3009 4306 sibi
3042 4250 3070 4279 ⁸
3095 4249 3358 4317 virtutes;
3383 4259 3438 4304 et
3458 4248 3606 4319 Apo-

1999 4347 2131 4403 stoli
2177 4347 2387 4409 Jacobi,
2431 4355 2491 4401 ut
2530 4344 2617 4401 cui
2660 4359 2762 4399 una
2805 4342 3065 4409 defuerit,
3108 4342 3235 4396 huic
3283 4355 3477 4397 omnes
3507 4342 3597 4397 de-

2003 4456 2127 4498 esse
2155 4442 2403 4495 virtutes.
2443 4436 2578 4494 Cum
2619 4447 2804 4493 autem
2841 4435 3177 4492 intellexerit
3211 4435 3369 4490 Moab
3399 4433 3603 4489 frustra

2005 4552 2064 4592 se
2094 4537 2147 4590 in
2172 4533 2276 4601 his,
2301 4546 2421 4605 quae
2443 4532 2597 4603 prius
2622 4532 2848 4603 putabat
2868 4529 3109 4593 excelsa,
3143 4527 3492 4598 dogmatibus
3532 4528 3612 4582 la-

292 4663 521 4716 eorum,
561 4656 607 4703 et
648 4625 827 4702 Eleale
851 4688 865 4709 ,
909 4644 1112 4717 quibus
1140 4641 1208 4697 ad
1237 4640 1452 4696 excelsa
1498 4633 1895 4693 conscendunt.
1926 4647 1980 4709 D
2006 4633 2251 4692 borassc,
2291 4627 2631 4700 ingredietur
2661 4625 2728 4681 ad
2755 4634 2941 4681 sancta
2974 4639 3094 4692 sua,
3139 4640 3245 4678 non
3276 4641 3397 4695 qua:
3429 4641 3525 4693 per
3550 4638 3613 4680 se

290 4742 418 4800 Cur
444 4750 628 4797 autem
671 4741 882 4813 plangit
918 4738 1076 4794 Jazer
1106 4735 1322 4791 vineam
1366 4732 1641 4798 Sabama,
1690 4738 1745 4784 et
1784 4729 1905 4783 ine-

2005 4736 2190 4782 sancta
2222 4731 2366 4789 sunt,
2405 4720 2501 4776 sed
2532 4734 2653 4792 quze
2693 4731 2880 4774 sancta
2907 4734 3100 4774 errans
3132 4717 3524 4786 arbitrabatur,
3556 4729 3614 4775 et

295 4837 461 4896 briat
482 4809 723 4903 Esebon,
750 4809 1023 4892 etElealc
1041 4829 1302 4903 lacrytnis
1334 4827 1487 4885 suis?
1510 4836 1569 4881 ut
1592 4822 1757 4899 274
1775 4823 1903 4878 dum
2006 4815 2263 4873 auxilium
2289 4812 2538 4869 invenire
2569 4826 2676 4866 non
2722 4812 2942 4881 poterit.
2973 4809 3068 4865 Vel
3096 4822 3247 4866 certe
3275 4810 3497 4866 deserto
3527 4826 3617 4866 er-

296 4933 430 5006 ipsc
451 4931 654 5003 plorat,
678 4937 736 4986 et
762 4929 887 4985 illos
915 4926 1134 4997 plorare
1157 4926 1372 4980 doceat.
1401 4920 1677 4989 Quoniam,
1705 4916 1903 4989 inquit,

297 5041 465 5100 super
486 5023 793 5080 vindemiant
815 5032 959 5077 tuam
987 5032 1039 5076 et
1071 5036 1230 5087 super
1257 5032 1469 5073 messem
1502 5026 1645 5070 tuam
1675 5028 1774 5066 vox
1801 5010 1909 5065 cal-

301 5118 539 5177 cantium
561 5119 733 5175 irruit.
760 5117 927 5173 Vinea
960 5115 1106 5173 enim
1133 5112 1493 5169 Moabitarum
1537 5116 1761 5177 propter
1780 5103 1911 5159 vici-

302 5215 462 5274 niam
510 5211 763 5269 locitalis
793 5223 903 5281 est,
936 5207 1110 5280 qualis
1150 5218 1205 5263 et
1229 5206 1383 5261 vinea
1414 5202 1801 5263 Sodomorum,
1846 5197 1914 5253 de

311 5321 428 5382 qua
457 5305 654 5363 dicitur
679 5323 693 5361 :
722 5300 803 5358 De
820 5303 968 5358 vinea
986 5301 1123 5357 enim
1146 5298 1516 5363 Sodomorum,
1544 5295 1689 5349 vinea
1710 5307 1912 5358 eorum,

312 5413 366 5461 et
387 5416 619 5477 prapago
641 5415 816 5456 eorum
839 5392 1206 5453 deComorrha
1229 5393 1407 5466 (Deut.
1427 5403 1576 5445 xxxtt
1598 5430 1613 5456 ,
1638 5388 1753 5459 5t).
1772 5385 1837 5439 Et
1863 5384 1919 5438 in

306 5494 723 5568 septuagesimo
752 5492 989 5563 septimo
1027 5489 1260 5562 psalmo,
1290 5484 1521 5555 legimus
1556 5480 1628 5538 de
1665 5477 1920 5551 Egyptia

302 5574 503 5654 vinea,
534 5605 699 5663 quam
729 5587 878 5645 Deus
916 5584 1186 5661 percussit
1224 5579 1518 5657 grandine.
1542 5575 1753 5633 Messes
1780 5585 1921 5645 quo-

304 5701 429 5762 que
454 5664 750 5741 Moabitictc
774 5687 1074 5741 nascuntur
1096 5680 1153 5735 in
1178 5674 1410 5733 vallibus
1439 5688 1561 5746 qua:
1580 5667 1925 5743 appellantur

403 5876 427 5907 σι
464 5864 665 5926 Deerat
690 5866 809 5934 sibi,
836 5862 981 5937 quod
1008 5860 1183 5919 Vatic.
1215 5857 1454 5931 supplet.

2007 4928 2133 4970 rore
2153 4910 2441 4974 mendacii,
2467 4907 2533 4963 ad
2569 4915 2755 4963 sancta
2789 4905 3044 4960 Ecclesirc
3074 4905 3279 4960 intrare
3302 4904 3614 4972 conabitur,

2009 5017 2069 5063 ut
2090 5022 2186 5061 sua
2216 5019 2278 5060 ea
2321 5002 2506 5070 faciat,
2535 5011 2589 5055 et
2620 5007 2761 5062 oret,
2794 5012 2847 5053 ct
2881 4997 3154 5065 obsecret,
3187 4998 3284 5053 sed
3333 5015 3440 5053 non
3476 5013 3616 5068 pra:-

2013 5100 2235 5156 valrbit.
2267 5096 2452 5167 Neque
2495 5095 2639 5149 enim
2682 5093 2862 5148 statim
2909 5101 2969 5146 ut
3003 5090 3359 5155 νιιιιιιϊὶιιιιις,
3411 5094 3623 5159 perfec-

2021 5205 2129 5251 tam
2180 5205 2468 5263 possumus
2512 5202 2713 5257 capere
2768 5188 3047 5241 virtutem.
3100 5185 3368 5255 Quodque
3416 5183 3622 5237 infert:

2028 5285 2141 5341 Hoc
2174 5283 2381 5339 verbum
2426 5279 2563 5354 quod
2604 5277 2807 5332 locutus
2852 5284 2927 5331 est
2974 5274 3230 5330 Dominus
3274 5275 3343 5327 ad
3376 5272 3531 5327 Moab
3561 5288 3626 5327 ea:

2023 5392 2167 5449 tunc,
2201 5376 2469 5449 procemio
2494 5375 2547 5430 in
2588 5388 2695 5445 quo
2724 5373 2955 5434 dixerat,
2995 5371 3205 5425 uerbum
3237 5376 3415 5423 contra
3446 5365 3625 5433 Matib,

2024 5475 2141 5531 sive
2167 5488 2319 5537 onus,
2361 5469 2597 5525 sciamus
2632 5465 2907 5537 epilogum
2947 5462 3242 5529 redditum,
3283 5471 3341 5516 ut
3380 5459 3522 5533 quod
3556 5460 3632 5516 ibi

2027 5572 2286 5639 coeperat,
2305 5563 2397 5619 hic
2426 5560 2805 5634 compleverit.
2837 5558 2914 5615 Ex
2934 5568 3063 5613 tunc
3089 5565 3295 5624 autem,
3318 5554 3631 5626 intelligen-

2030 5662 2158 5720 dum
2190 5674 2256 5718 ex
2288 5673 2398 5731 quo
2446 5655 2610 5727 coepit
2661 5651 2729 5710 ad
2779 5664 2900 5707 cum
2944 5648 3126 5721 loqui,
3168 5659 3231 5704 ut
3280 5663 3444 5706 omne
3491 5645 3636 5720 quod
