4014 6482
497 325 604 383 239

1719 316 1781 375 S.
1825 312 2105 376 EUSEBII
2145 311 2534 372 IIIERONYMI

3699 303 3805 365 250

499 445 660 508 dixit,
691 458 858 499 unum
889 442 1113 497 verbum
1157 439 1252 496 Dei
1299 437 1392 504 sit,
1429 436 1479 492 id
1509 444 1616 501 est,
1664 450 1771 490 una
1799 436 2088 491 sententia.
2120 437 2169 498 Α
2198 432 2268 488 de
2289 433 2490 501 quibus
2510 440 2558 486 et
2593 427 2722 484 alibi
2767 427 3000 498 legimus
3033 444 3046 481 :
3081 424 3452 482 Recordainini
3482 424 3683 480 dierum
3711 441 3805 478 sa'o

498 537 845 605 Porrojnxia
893 534 1035 589 LXX
1080 535 1167 601 qui
1217 532 1560 599 interpretati
1609 539 1778 583 sunt:
1833 526 2094 581 Interiora

497 624 761 694 prophetia
791 622 941 686 quasi
975 637 1177 673 murum
1208 631 1452 672 renovata
1480 635 1510 668 (ι
1551 616 1758 684 Deo,.et
1796 614 2094 669 erubescere

497 732 632 780 eum,
676 716 726 767 id
755 723 862 778 est,
894 713 1071 779 Moab,
1102 721 1159 769 et
1190 714 1396 766 intrare
1436 710 1503 765 ad
1526 725 1671 776 aras,
1697 720 1752 763 et
1781 709 1848 763 ad
1881 724 1942 762 ea
1972 723 2094 778 quae

498 823 659 864 manu
691 807 827 862 facta
852 809 982 876 siut,
1018 810 1092 862 ita
1116 808 1389 863 disserere
1420 821 1730 875 possumus,
1769 815 1827 858 ιιι
1849 804 2094 856 dicamus

495 917 712 973 semper
740 906 1020 972 propheta:
1045 906 1293 957 renovari
1313 904 1547 967 viscera,
1572 909 1628 954 et
1647 917 1674 953 a
1701 899 1812 953 Deo
1841 901 1956 953 fieri
1984 896 2092 951 for-

490 998 657 1059 tiora,
685 1006 742 1049 ut
768 996 1064 1052 adverSarii
1095 995 1516 1057 confundantur,
1545 1003 1599 1048 et
1623 1009 1684 1045 ea
1708 1009 1828 1062 qure
1858 992 2090 1044 liumaua

492 1103 654 1142 manu
689 1088 934 1143 ΐιιὺιὶοηιί
956 1088 1064 1161 [AL
1098 1086 1380 1159 fabricata]
1400 1096 1546 1152 sunt,
1581 1100 1736 1141 caSsa
1765 1084 2091 1154 intelligant,

489 1191 546 1236 et
572 1181 704 1234 nillil
739 1180 806 1235 ad
835 1181 1066 1235 Salutem
1105 1180 1472 1251 proficientia.

562 1273 747 1345 (Vers.
777 1273 891 1342 14.)
937 1273 1002 1327 Et
1032 1291 1170 1328 nunc
1201 1274 1403 1327 locutus
1443 1282 1518 1326 est
1561 1271 1836 1338 Dominus,
1871 1268 2091 1323 dicens:

492 1365 562 1422 In
590 1371 749 1422 tribue
771 1369 924 1421 annis
955 1369 1104 1438 quasi
1130 1370 1281 1422 annis
1308 1368 1614 1421 mercenarii
1637 1370 1904 1437 auferetur
1922 1363 2093 1435 gloria

490 1459 648 1514 Moab
676 1477 834 1530 super
861 1462 1000 1514 omni
1026 1462 1217 1532 populo
1242 1461 1424 1522 multa,
1454 1469 1502 1513 et
1533 1461 1848 1525 relinquetur
1877 1470 2090 1524 parvus,

487 1563 534 1606 et
561 1553 828 1616 modicus,
863 1569 1182 1624 nequaquam
1213 1553 1424 1607 multus.
1455 1552 1592 1607 Tres
1619 1553 1770 1615 anui,
1806 1551 1860 1604 in
1898 1547 2092 1616 quibus

485 1653 767 1702 auleretur
788 1646 958 1713 gloria
992 1647 1150 1702 Moab
1189 1663 1354 1716 super
1382 1645 1529 1700 omni
1577 1645 1778 1716 populo
1808 1643 1924 1713 ejus
1954 1641 2093 1696 mul-

483 1749 563 1806 to,
600 1744 680 1796 vel
715 1741 908 1794 divitiis
936 1739 1134 1806 multis,
1168 1751 1227 1796 ut
1248 1739 1389 1795 LXX
1413 1740 1832 1801 transtulerunt,
1861 1734 2090 1806 mystice

2197 526 2300 580 culi
2327 523 2483 594 (Isai.
2527 521 2702 593 XLVI),
2735 532 2793 578 et
2833 521 3032 576 iterum
3072 539 3085 574 :
3121 521 3354 590 Cogituri
3394 520 3503 574 dies
3542 518 3801 588 antiquos,

2196 628 2243 671 et
2270 634 2434 671 annos
2475 625 2696 670 aeternos
2737 615 2790 668 in
2817 625 2984 668 mente
3010 612 3167 667 habui
3197 610 3371 682 (Psal.
3414 625 3606 672 ωιιινι,
3637 608 3718 673 6).
3749 607 3807 666 Si

2195 711 2339 764 enim
2371 711 2576 763 umbra:
2604 718 2659 762 et
2680 707 3084 773 exemplaribus
3107 705 3388 761 serviebat
3407 705 3560 773 juxta
3584 719 3803 758 carnem

2195 802 2392 868 Israel,
2421 814 2475 857 et
2506 801 2689 855 omnis
2731 815 2922 855 eorum
2973 799 3300 853 soleinnitas
3331 799 3640 853 futurorum
3688 807 3809 854 erat

2195 907 2380 968 typus.
2412 913 2580 968 quare
2607 911 2712 950 non
2743 904 2800 950 et
2838 894 2969 950 anni
2999 894 3290 964 pra-sentis
3325 895 3587 958 temporis
3627 893 3806 947 futura

2194 1001 2445 1062 tnnpora
2480 990 2862 1062 praefigurent?
2892 991 2961 1044 de
2991 991 3190 1059 quibus
3219 988 3349 1043 etin
3375 988 3485 1043 alio
3521 989 3649 1049 loco
3675 988 3810 1058 legi-

2196 1102 2318 1141 mus
2355 1104 2367 1138 :
2416 1085 2553 1152 Quid
2587 1084 2787 1154 facietis
2812 1084 2864 1137 in
2907 1083 3088 1136 diebus
3125 1093 3422 1149 conventus,
3455 1090 3503 1135 et
3541 1082 3593 1135 in
3627 1081 3805 1138 diebus

2195 1181 2486 1252 festivitatis
2532 1177 2793 1232 Domini?
2837 1177 3102 1246 Quodque
3149 1177 3417 1246 jungitur,
3469 1175 3638 1244 Quasi
3684 1174 3808 1230 anni

2195 1273 2498 1328 mercenarii
2525 1272 2680 1336 (Osee
2708 1286 2791 1336 Ix,
2823 1269 2901 1341 5),
2938 1269 3042 1325 hoc
3069 1269 3334 1336 ostendit,
3366 1269 3510 1336 quod
3543 1268 3679 1322 falsa
3712 1267 3808 1322 do-

2193 1368 2372 1422 ctrina
2425 1381 2524 1435 pro
2569 1366 2726 1420 lucro
2773 1373 2971 1419 cuncta
3026 1363 3194 1418 faciat
3239 1375 3403 1432 atque
3454 1361 3806 1432 compendio.

2193 1459 2386 1516 Omnis
2416 1460 2562 1514 enim
2593 1458 2995 1522 mercenarius,
3024 1467 3081 1512 et
3104 1457 3198 1527 qui
3226 1471 3336 1510 non
3366 1465 3451 1510 est
3484 1465 3690 1526 pastor,
3717 1472 3810 1511 cu-

2187 1554 2280 1624 jus
2307 1570 2418 1608 non
2445 1563 2573 1608 sunt
2600 1567 2753 1618 oves,
2785 1566 2907 1605 cum
2936 1550 3133 1605 viderit
3164 1552 3352 1620 lupum
3385 1551 3697 1604 venientem
3727 1550 3811 1604 tuo

2191 1651 2290 1719 git,
2317 1648 2442 1716 quia
2477 1647 2854 1703 mercenarius
2887 1654 2994 1711 est,
3026 1654 3081 1701 et
3107 1661 3237 1700 oves
3275 1645 3340 1698 ad
3367 1660 3492 1701 eum
3537 1660 3645 1700 noti
3684 1660 3809 1716 per-

2194 1746 2371 1798 tinent
2406 1740 2585 1814 (loan.
2623 1741 2703 1813 x).
2739 1741 2914 1806 Quam
2948 1741 3018 1794 ob
3067 1754 3183 1795 rem
3239 1749 3375 1808 puto
3427 1737 3697 1794 advenam
3755 1748 3808 1794 et

482 1836 823 1906 intelligendi
852 1848 1000 1890 sunt.
1035 1836 1187 1892 Sicut
1210 1837 1355 1891 enim
1379 1833 1766 1904 misericordia
1801 1831 2014 1885 Domini
2040 1831 2091 1885 in
2124 1839 2172 1900 Β
2206 1837 2611 1892 mercenarium
2645 1833 2671 1873 ι)
2697 1835 2765 1889 de
2793 1835 2998 1890 sauciis
3029 1849 3137 1888 non
3177 1833 3508 1902 comedere,
3550 1849 3653 1889 nec
3690 1849 3810 1888 ser-

481 1928 820 1999 poitderibus
858 1938 942 1984 est
972 1937 1137 1995 atque
1169 1943 1425 1982 mensura
1456 1945 1468 1982 :
1513 1927 1593 1982 sic
1636 1935 1691 1981 et
1725 1924 2000 1980 cruciatus
2027 1939 2089 1978 ac

481 2021 745 2090 supplicia
781 2021 982 2076 habent
1013 2037 1325 2075 mensuram
1360 2037 1537 2087 suam,
1574 2030 1633 2073 iit
1661 2029 1945 2087 postquam
1977 2028 2089 2073 tres

479 2118 608 2173 anni
643 2116 986 2180 transierint,
1010 2116 1062 2168 in
1092 2113 1293 2184 quibus
1313 2114 1652 2184 relinquetur
1679 2113 1840 2185 276
1869 2126 2087 2180 parvus,

477 2215 535 2265 et
565 2210 835 2274 modicus,
867 2218 923 2263 et
950 2224 1289 2278 nequaquam
1323 2211 1548 2272 multus,
1585 2219 1732 2272 tunc,
1765 2217 1789 2243 ³
1823 2206 2088 2277 inglorius

480 2315 603 2357 esse
635 2301 883 2355 desiSIat.
918 2300 1105 2356 Etlinc
1136 2300 1459 2365 notandum,
1489 2300 1801 2376 quoiljuxta
1829 2299 2089 2354 Ezechie-

482 2398 552 2453 lis
589 2399 955 2468 prophetiam,
995 2397 1218 2469 quando
1247 2397 1367 2453 dies
1413 2412 1514 2467 pro
1542 2398 1698 2450 annis
1729 2403 2088 2452 numerantur

475 2489 666 2546 lsraelt
702 2488 920 2561 (Ezech.
961 2490 1060 2560 iv),
1097 2491 1201 2544 hoc
1247 2498 1352 2557 est,
1402 2490 1592 2546 decent
1644 2489 1915 2556 tribubus,
1968 2504 2089 2557 qua:

478 2585 686 2648 majora
722 2593 1108 2652 pecco-erant,
1143 2592 1505 2652 supputeutur
1533 2584 1584 2636 in
1619 2583 1792 2652 poenis
1821 2582 1949 2636 anni
1979 2589 2091 2636 tre-

478 2676 622 2730 ceuti
657 2675 972 2750 nonaginta,
1000 2675 1133 2728 utin
1163 2675 1430 2730 Hebraico
1454 2676 1789 2740 continetur,
1823 2691 1929 2729 non
1954 2689 2088 2728 cen-

477 2775 592 2822 tum
619 2769 938 2838 nonaginta,
970 2777 1028 2822 ιιι
1064 2767 1292 2839 Vulgata
1315 2769 1485 2822 editio
1516 2769 1680 2823 habet
1707 2786 1719 2821 :
1751 2779 1797 2822 el
1825 2767 2000 2832 Judaz,
2031 2767 2084 2822 in

479 2875 586 2931 quo
618 2859 1041 2930 erutTemplum
1085 2860 1215 2928 Dei,
1242 2860 1370 2915 anni
1401 2860 1780 2930 quadraginta.
1813 2860 1914 2926 Qui
1937 2859 2085 2915 enim

475 2967 676 3023 parvus
703 2963 808 3018 est,
845 2963 1090 3008 meretur
1128 2953 1562 3008 misericordiam
1589 2970 1601 3005 :
1630 2963 1876 3020 potentes
1903 2965 2085 3007 autem

473 3053 730 3114 p0teuter
762 3055 1034 3099 tormenta
1070 3046 1517 3119 patientur(Sap.
1548 3043 1646 3117 vi).
1683 3047 1748 3100 Et
1776 3061 1970 3101 servus
1993 3046 2085 3116 qui

475 3138 582 3192 scit
610 3139 947 3194 voluntatem
983 3139 1196 3193 Domini
1226 3139 1333 3207 sui,
1367 3147 1425 3194 et
1447 3155 1553 3193 non
1592 3141 1719 3193 facit
1749 3154 1890 3206 eam,
1916 3155 2087 3209 vapu-

2192 1945 2314 1997 vos,
2345 1938 2663 1985 sanctorum
2693 1941 2821 1983 esse
2850 1927 3179 1996 participes.
3210 1927 3326 1981 Non
3360 1926 3506 1981 enim
3538 1927 3609 1978 ob
3637 1926 3808 1982 dilec-

2193 2023 2396 2078 tionem
2447 2021 2683 2087 Domini,
2715 2020 2811 2074 sed
2853 2020 2924 2074 ob
2969 2019 3276 2074 mercedem
3329 2028 3525 2075 cuncta
3573 2018 3802 2086 faciunt,

2191 2115 2282 2186 qui
2316 2114 2610 2169 comedunt
2652 2113 2849 2167 domos
2889 2113 3197 2172 viduarum.
3243 2123 3297 2168 et
3339 2115 3597 2184 proprios
3639 2113 3808 2168 addu-

2191 2218 2324 2264 cunt
2355 2223 2572 2278 greges.
2607 2219 2662 2260 ut
2695 2207 2836 2260 lanis
2862 2222 3053 2261 eorum
3080 2204 3402 2265 vestiantur,
3447 2215 3504 2260 et
3545 2209 3626 2258 lac
3665 2204 3808 2259 ntul-

2189 2313 2350 2374 geanl
2381 2301 2598 2370 (Matth.
2630 2301 2810 2368 χχιιι).
2841 2301 2997 2368 Quod
3020 2300 3088 2354 de
3111 2301 3358 2354 doctrina
3391 2298 3635 2354 diximus
3662 2313 3805 2354 nier-

2189 2397 2440 2460 cenaria,
2468 2396 2774 2451 referamus
2799 2395 2865 2449 ad
2894 2405 3115 2450 ett-tera.
3148 2392 3207 2451 Si
3238 2395 3460 2464 praabeo
3492 2393 3802 2464 elcemnsy-

2190 2506 2338 2551 nam,
2373 2501 2428 2543 nt
2459 2491 2736 2559 glorificer
2779 2489 2848 2542 ab
2880 2488 3216 2554 hominibus,
3265 2487 3445 2556 recepi
3489 2487 3802 2542 mercedem

2191 2597 2393 2647 meam,
2433 2592 2482 2636 et
2525 2580 2901 2637 mercenarius
2931 2580 3296 2652 appellandus
3325 2596 3468 2635 sum.
3502 2577 3560 2636 Si
3591 2592 3802 2634 castum

2189 2688 2312 2729 esse
2346 2691 2430 2728 me
2455 2675 2678 2739 simulo,
2710 2685 2762 2728 et
2789 2673 2933 2728 aliud
2957 2683 3039 2727 est
3073 2674 3125 2728 iii
3158 2673 3498 2728 canscicntia
3528 2688 3674 2734 mea.
3704 2672 3808 2727 lia-

2190 2767 2296 2824 beo
2329 2784 2435 2822 nun
2459 2767 2686 2838 gloriam
2729 2767 3077 2833 mercenarii,
3115 2767 3209 2823 sed
3239 2766 3510 2838 supplicia
3544 2777 3800 2838 peccato-

2189 2862 2290 2916 ris.
2323 2862 2391 2915 Et
2433 2862 2484 2915 iii
2533 2863 2948 2931 eotnparatione
2995 2863 3230 2917 duorum
3285 2863 3578 2929 malorum,
3631 2864 3805 2917 levius

2192 2956 2394 3009 malum
2427 2965 2512 3010 e~t
2538 2966 2725 3023 aperte
2758 2971 3010 3025 peccare,
3035 2972 3199 3025 quam
3220 2956 3487 3012 simulare
3512 2966 3570 3012 et
3599 2956 3804 3026 lingere

2190 3054 2562 3106 sanctitatem.
2596 3051 2794 3107 Verum
2825 3063 2881 3106 et
2910 3051 2963 3105 in
2991 3054 3091 3103 linc
3114 3051 3395 3121 profectus
3425 3063 3510 3106 est
3536 3049 3716 3115 Mani),
3747 3059 3804 3106 ut

2187 3147 2278 3214 qui
2312 3146 2468 3214 prius
2489 3147 2693 3210 multos
2723 3147 2932 3200 erroris
2953 3145 3034 3199 sui
3067 3143 3578 3208 liabebatcomites,
3613 3155 3802 3212 postea

470 3231 610 3287 labit
635 3233 864 3287 multum
891 3233 1051 3301 (Luc.
1082 3235 1202 3303 xii).
1255 3235 1415 3290 Moab
1463 3235 1626 3303 igitur
1669 3235 1793 3305 quia
1825 3246 2090 3290 externus
2118 3238 2164 3303 C
2197 3240 2556 3305 redigatur-ad
2586 3253 2823 3310 paucos;
2852 3239 2937 3293 vel
2961 3240 3053 3306 qui
3081 3238 3230 3308 prius
3254 3243 3458 3293 multus
3489 3250 3608 3294 erat
3644 3239 3698 3292 in
3722 3238 3803 3292 di-

473 3336 619 3387 erat,
646 3341 753 3381 nec
780 3326 846 3379 de
878 3327 1082 3396 p0pnlo
1118 3326 1239 3391 Dei,
1269 3327 1364 3382 sed
1397 3327 1590 3382 relicto
1621 3343 1820 3384 errore
1860 3344 2092 3384 conver-

474 3436 595 3486 sus,
630 3437 740 3476 non
775 3427 937 3476 annis
967 3422 1242 3491 pluribus,
1281 3423 1375 3478 sed
1425 3433 1636 3478 tantum
1686 3423 1859 3479 tribus
1891 3439 2094 3495 parvus

475 3524 530 3570 et
553 3515 825 3582 modicus,
857 3526 912 3571 et
937 3515 1205 3587 inglorius
1238 3516 1602 3587 relinquetur.
1639 3515 1734 3571 Isti
1775 3527 1904 3572 sunt
1931 3517 2089 3586 anni,

545 3660 571 3687 ³
609 3650 904 3728 Perneram
935 3653 1135 3708 lectum
1159 3663 1244 3708 est
1273 3664 1432 3708 antea
1457 3655 1670 3728 duobus
1693 3656 1877 3711 verbis
1899 3657 1950 3711 in
1969 3657 2084 3728 glo-

473 3723 599 3785 ria;
641 3724 886 3800 quod_et
941 3728 1099 3800 plane
1143 3729 1476 3800 contrarium
1521 3727 1839 3800 Hie-Ouymi
1899 3723 2068 3784 menti

471 3795 1003 3868 sensniii__reildeiiat.
1032 3795 1142 3851 N-is
1170 3796 1426 3866 inglorius
1460 3816 1566 3853 uno
1591 3795 1780 3860 verbo,
1809 3812 2070 3868 rectoque

475 3880 660 3933 sensu,
693 3865 938 3922 Vaticani
968 3883 1071 3922 nis.
1092 3885 1195 3940 ope
1223 3865 2069 3943 restituiinus,quemadmodum

2198 3332 2353 3388 vitiis
2380 3343 2756 3404 peccatorum.
2792 3342 2914 3403 post
2943 3332 3326 3404 ptenitentiam
3349 3346 3553 3403 parvus
3583 3340 3641 3388 ct
3669 3345 3800 3401 pau-

2199 3441 2298 3498 per
2328 3427 2400 3481 sit
2438 3428 2490 3481 in
2522 3426 2756 3482 malitia.

2191 3667 2247 3714 et
2277 3657 2440 3728 paulo
2471 3656 2701 3714 inferius
2735 3656 2963 3713 dicitur.

2249 3728 2277 3768 ι’
2313 3729 2484 3784 Vatic.
2520 3747 2533 3782 :
2591 3730 2974 3786 Alei-canarium
3014 3731 3300 3786 sacerdotis
3349 3730 3416 3786 de
3457 3731 3652 3787 sanctis
3696 3747 3799 3787 non

2180 3803 2484 3868 comedere;
2514 3801 2606 3858 sed
2632 3819 2832 3868 servos,
2860 3814 2969 3858 etc.

536 4027 3748 4053 ———l——I—_——-—_—-—-——_——-—u——

1376 4174 1900 4284 LIBER
1988 4173 2856 4290 SEPTIMUS.

553 4524 714 4598 277
749 4517 911 4599 278
935 4519 1211 4594 Septimus
1258 4519 1399 4580 liber
1433 4524 1575 4580 idem
1609 4524 1762 4595 juxta
1807 4540 2085 4598 anagogen
2114 4532 2169 4594 D
2193 4538 2373 4586 autem
2405 4540 2496 4586 aut
2522 4531 2790 4602 sanguinis
2813 4531 3066 4599 osculum,
3111 4539 3204 4588 aut
3247 4532 3556 4606 sanguinem
3598 4533 3796 4599 bibens,

480 4624 755 4675 secundus
784 4634 887 4678 esu
922 4619 1087 4673 immo
1118 4632 1416 4674 exiremus.
1461 4618 1520 4674 In
1569 4619 1672 4673 lioc
1700 4621 1844 4673 enim
1895 4619 2085 4675 dei-em

479 4711 753 4766 vi‘ionum
805 4709 1137 4781 ll'OpOiOgica
1188 4711 1499 4778 explanatio
1537 4711 1888 4767 terminatur:
1922 4728 2083 4782 quem

479 4803 498 4877 [
524 4803 608 4859 Al.
637 4802 822 4876 quam]
845 4820 963 4859 cuiu
993 4809 1121 4871 luis,
1153 4805 1526 4872 Eustochium,
1557 4805 1829 4875 preCibus,
1855 4817 1909 4862 et
1930 4806 2087 4862 Chri—

477 4909 563 4953 sto
605 4897 903 4953 auxiliante
948 4900 1316 4967 cumplevero,
1349 4900 1562 4954 vi-niani
1615 4899 1681 4953 ad
1714 4909 1996 4967 octavum,
2029 4909 2085 4956 ct

480 5000 769 5061 utramque
819 4991 1255 5060 explanationem
1298 4992 1450 5061 juxta
1500 4991 1731 5066 priores,
1787 5009 1958 5066 usque
2013 4993 2082 5049 ad

478 5092 759 5156 quartum,
791 5082 979 5149 libros,
1016 5084 1220 5154 pariter
1247 5085 1553 5156 explicabo.

559 5272 732 5347 (Cap.
770 5270 933 5328 XVII.
981 5272 1173 5328 -Vers.
1212 5273 1290 5345 1.)
1322 5273 1467 5329 Onus
1517 5273 1782 5329 Damasci.
1831 5274 2080 5346 Symma-

474 5368 614 5425 cltus
645 5381 700 5424 et
731 5369 1060 5435 Tbeodotio,
1096 5371 1392 5437 Assumptio
1422 5368 1709 5424 Damasci:
1735 5370 1900 5432 LXX,
1961 5371 2081 5424 Ver-

473 5463 592 5518 bum
638 5475 820 5519 contra
865 5463 1212 5530 Damascum,
1245 5463 1509 5518 addentes
1551 5465 1620 5518 de
1651 5479 1782 5530 suo,
1827 5462 1969 5531 quod
2028 5463 2081 5518 in

473 5556 630 5611 MOab
682 5556 859 5613 fecere
913 5555 1198 5626 principio.
1248 5555 1495 5610 DalliﬂSCi
1530 5572 1762 5624 pronum
1799 5571 1993 5609 unincn
2020 5554 2077 5619 in

467 5650 664 5705 Genesi
722 5651 994 5720 legimus,
1053 5651 1144 5721 qui
1202 5661 1328 5703 ante
1387 5653 1537 5704 Isaac
1596 5649 1698 5703 fuit
1752 5650 2080 5705 vernaculus

467 5743 767 5809 Aliraliani,
793 5756 847 5802 et
871 5747 1161 5816 putabatur
1194 5745 1391 5810 ltaires,
1444 5743 1548 5798 nisi
1580 5753 1725 5798 esset
1752 5744 1902 5798 Sara:
1933 5741 2076 5800 lilius

465 5851 531 5894 ex
562 5838 927 5910 promissione
946 5847 1242 5909 generatus
1272 5835 1494 5909 (Genet.
1521 5837 1644 5908 xv).
1677 5836 2074 5909 Interpretatur

2192 4634 2286 4680 aut
2329 4625 2542 4696 sanguis
2578 4626 2768 4691 cilicii,
2807 4641 2928 4695 quae
2978 4625 3159 4681 omnia
3212 4627 3412 4696 populo
3459 4630 3797 4683 conveniunt

2194 4719 2547 4776 Etlmicorum
2573 4761 2589 4788 ,
2625 4721 2717 4790 qui
2755 4731 2882 4775 ante
2931 4719 3093 4776 Iidem
3143 4719 3388 4789 Christi,
3422 4722 3634 4778 amicus
3678 4729 3798 4777 erat

2190 4814 2472 4882 sanguinis
2494 4827 2544 4868 et
2566 4813 2927 4884 eruileliiatis,
2945 4823 2997 4866 et
3027 4813 3188 4882 digna
3224 4829 3389 4883 opera
3417 4814 3636 4884 planctu
3663 4831 3794 4886 age-

2187 4905 2304 4973 bat,
2332 4918 2389 4961 et
2415 4921 2593 4961 sacco.
2626 4906 2680 4960 In
2717 4905 2934 4961 Dii-rum
2963 4905 3104 4961 libro
3135 4906 3210 4978 (II
3243 4905 3371 4962 Par.
3406 4906 3565 4979 xxiv)
3610 4918 3797 4964 narrat

2188 4999 2412 5054 ItiSioria
2434 5041 2449 5064 ,
2481 4999 2625 5070 quod
2660 4999 2884 5068 impleto
2913 5015 3058 5055 anno
3086 4999 3394 5055 ascenderit
3425 5011 3617 5055 contra
3662 5001 3795 5058 Joas

2187 5110 2368 5165 regem
2399 5093 2554 5149 Judie
2584 5094 2854 5149 exercitus
2909 5093 3079 5165 Syriae
3101 5135 3115 5153 ,
3147 5105 3199 5149 et
3231 5093 3443 5149 venerit
3475 5095 3526 5148 iit
3568 5094 3796 5150 Jerusa-

2185 5186 2313 5250 lem,
2345 5199 2399 5240 et
2453 5202 2646 5240 omnes
2698 5187 2977 5255 principes
3023 5188 3205 5256 populi
3255 5185 3612 5253 interfecerit,
3659 5203 3794 5242 cun-

2183 5286 2436 5345 ctamque
2483 5277 2722 5348 praedam
2774 5277 2986 5332 miserit
3033 5279 3143 5349 regi
3191 5277 3476 5344 Damasci,
3529 5279 3621 5348 qui
3665 5294 3789 5334 cum

2183 5370 2370 5440 paucis
2399 5371 2528 5423 viris
2557 5380 2809 5426 venerat:
2835 5379 2892 5425 et
2912 5370 3056 5424 Deus
3088 5370 3386 5426 tradiderat
3410 5371 3465 5425 in
3496 5387 3658 5426 manu
3690 5387 3793 5428 co-

2184 5479 2301 5517 rum
2337 5463 2733 5518 multitudinem
2765 5479 3014 5534 magnam
3046 5465 3229 5532 nimis,
3262 5481 3328 5520 eo
3355 5463 3496 5533 quod
3532 5464 3787 5535 reliquis-

2182 5566 2301 5608 sent
2337 5553 2622 5609 Doniinum
2680 5557 2844 5608 Deum
2896 5568 3108 5625 patrum
3142 5573 3365 5612 suorum
3395 5574 3408 5612 :
3444 5557 3586 5628 quod
3634 5561 3790 5628 juxta

2179 5662 2457 5718 anagngeu
2491 5659 2547 5705 et
2587 5648 2894 5706 futurorum
2941 5659 3126 5720 typum
3165 5651 3626 5706 considerandum
3675 5659 3785 5716 est,

2180 5751 2360 5797 utrum
2411 5745 2475 5796 ad
2507 5754 2634 5812 tem;
2657 5759 2723 5801 us
2759 5744 3022 5800 Dominici
3053 5746 3320 5801 adventus
3353 5745 3560 5802 referre
3601 5744 3785 5800 valea-

2177 5852 2318 5894 mus.
2349 5835 2481 5895 Post
2509 5837 2676 5897 Iineni
2707 5841 2855 5897 enim
2897 5840 3026 5897 anni
3067 5840 3416 5913 acceptabilis
3439 5882 3454 5910 ,
3485 5842 3542 5899 in
3593 5854 3699 5913 quo
3748 5853 3779 5894 a
