4014 6492
454 344 560 401 ΞΠ

1711 341 1772 398 S.
1813 337 2085 398 EUSEBII
2121 335 2508 396 HIERONYMI

3651 349 3754 408 με

457 460 639 516 omnis
691 459 836 516 enim
885 459 1176 516 hwreticus
1226 457 1516 529 pollicetur
1565 457 1812 523 excelsa,
1843 463 1901 511 et
1938 470 2061 510 cum
2091 463 2394 526 Aeteleros
2418 456 2663 526 perdant.
2691 457 2840 516 Gens
2879 472 3063 518 autem
3088 471 3315 518 vocatur
3342 463 3558 520 excelsa
3595 479 3752 537 prop-

456 557 573 609 alas
619 553 820 609 habere
851 569 908 608 se
949 553 1143 622 jactet,
1179 563 1359 606 tamen
1404 550 1575 606 hzeret
1608 549 1660 604 in
1691 549 1852 604 salsis
1875 548 2052 603 ﬂueti-

457 650 582 713 bus,
618 658 672 703 et
695 650 880 719 procul
904 665 1008 703 non
1039 646 1245 703 recedit
1275 664 1302 700 a
1336 653 1503 710 terra,
1534 647 1587 699 in
1623 645 1912 715 medioque
1937 659 2059 698 cur-

459 760 522 799 su
575 745 780 815 patitttr
833 751 1056 807 repente
1108 741 1472 813 naufragium.
1509 740 1664 797 Unde
1711 740 1901 811 Aquila
1962 755 2058 808 pro

457 837 744 909 cytnhalo,
797 836 1031 889 umbram
1075 836 1298 900 alarum,
1343 835 1735 903 interpretatus
1792 845 1897 893 εει.
1951 849 2056 888 non

457 933 604 990 enim
639 931 840 987 habent
865 931 1001 998 alas,
1033 931 1127 986 sed
1159 930 1367 984 alarum
1398 930 1840 984 similitudinem.
1875 929 2061 997 Quod-

459 1042 565 1098 que
597 1013 786 1093 infert,
812 1041 927 1096 qua:
951 1036 1026 1078 est
1060 1035 1202 1079 trans
1247 1025 1464 1094 ﬂumina
1504 1022 1811 1090 Ait/uapide,
1847 1023 1951 1078 hoc
1990 1022 2064 1076 si-

459 1118 704 1191 gn:ﬁcat,
740 1117 883 1186 quod
916 1117 1195 1185 impietate
1243 1133 1338 1172 sua
1371 1132 1563 1172 omnes
1592 1115 1812 1171 vincant
1845 1116 2060 1171 harreti-

461 1213 534 1266 ci.
565 1211 727 1266 Verbi
760 1212 932 1277 gratia
961 1229 974 1265 :
1006 1212 1141 1265 Dicit
1177 1209 1444 1276 Epicurus
1478 1227 1586 1264 non
1619 1225 1740 1265 esse
1773 1209 2062 1279 providen-

460 1303 614 1366 tiam,
645 1312 698 1357 et
729 1302 1060 1372 voluptatem
1102 1304 1396 1356 maximum
1427 1301 1652 1356 bonum.
1687 1301 2063 1370 Comparatio-

463 1413 534 1451 ttc
583 1396 742 1460 huius
796 1397 1116 1451 sceleratior
1160 1396 1422 1461 Marcion,
1457 1404 1510 1449 et
1549 1411 1742 1450 omnes
1795 1395 2060 1462 hmrctici,

461 1491 552 1561 qui
607 1500 761 1544 vetus
810 1489 1052 1544 lacerant
1082 1489 1513 1544 Testamentum.
1550 1487 1684 1544 Cum
1735 1489 1880 1543 enim
1927 1488 2066 1543 reci-

466 1584 617 1654 piant
648 1583 1064 1652 providentiam,
1095 1593 1356 1637 accusant
1377 1581 1715 1646 Creatorem,
1735 1588 2064 1637 etasseruut

464 1692 588 1732 cum
624 1678 674 1731 itt
709 1677 983 1747 plerisque
1016 1677 1275 1744 operibus
1309 1691 1546 1744 errasse,
1577 1685 1630 1731 et
1662 1692 1768 1730 non
1804 1676 1876 1730 ita
1901 1675 2065 1731 fecis-

459 1784 544 1835 se,
575 1779 634 1824 ut
686 1768 866 1825 facere
913 1769 1194 1826 debuerat.
1232 1769 1312 1824 Ad
1363 1786 1523 1840 quam
1577 1771 1725 1825 enim
1775 1769 2060 1825 utilitatem

2161 556 2245 604 ter
2269 551 2579 618 superbiam
2606 569 2621 606 :
2653 565 2705 608 et
2729 556 3010 627 peregrina
3043 565 3098 612 et
3141 558 3400 628 pessima,
3430 560 3553 629 quia
3582 561 3754 617 aliena

2159 657 2190 696 a
2225 643 2333 698 Deo
2355 652 2462 699 est.
2491 644 2628 701 Vere
2661 663 2797 719 gens
2825 651 2942 704 sine
2982 665 3100 722 spe,
3125 663 3179 706 et
3218 653 3561 719 concaleata,
3596 657 3752 729 287

2160 739 2314 810 cujus
2346 738 2566 796 [lumina
2611 743 2663 798 in
2698 751 2813 798 tota
2848 753 2993 800 terra
3037 740 3318 802 imitantur
3361 747 3755 807 habitationem

2163 831 2446 900 Ecclesizc,
2473 840 2530 887 nt
2571 834 2854 890 inveniant
2899 837 3000 892 sibi
3041 837 3334 908 hosjiitium
3367 852 3422 897 et
3453 843 3756 911 regionem,

2163 923 2218 978 in
2251 941 2353 994 qua
2387 926 2605 981 elevent
2627 929 2839 999 signum
2865 929 3133 987 doctrinm
3155 947 3292 1001 sum,
3316 944 3341 972 ⁸
3365 936 3418 990 itt
3447 951 3550 1006 qua
3579 936 3762 1009 Scrip-

2164 1027 2406 1071 turarnm
2438 1020 2690 1090 clangunt
2715 1021 2864 1077 tuba.

2238 1109 2424 1182 (Vers.
2467 1113 2501 1166 4
2533 1113 2713 1183 seqq.)
2756 1115 2891 1180 Quia
2932 1116 3041 1171 lucc
3095 1117 3221 1173 dicit
3249 1116 3508 1176 Dominus
3552 1123 3622 1176 ad
3654 1140 3756 1192 me,

2163 1205 2445 1274 quiescam,
2481 1214 2530 1258 et
2558 1207 2894 1262 considerabo
2917 1209 2968 1262 in
2991 1209 3103 1264 loco
3125 1227 3236 1265 meo
3263 1228 3281 1265 :
3300 1213 3433 1267 sicut
3475 1216 3760 1272 meridiana

2165 1296 2258 1350 lux
2277 1297 2420 1350 clara
2456 1308 2552 1359 est,
2577 1311 2622 1353 et
2661 1300 2792 1354 sicut
2831 1301 2988 1357 nubes
3029 1304 3164 1358 roris
3191 1305 3245 1358 in
3274 1306 3358 1359 die
3386 1310 3586 1364 messis.
3633 1308 3763 1364 Ante

2165 1407 2378 1445 messem
2399 1394 2532 1446 enint
2554 1403 2691 1448 totus
2711 1395 2970 1464 efﬂoruit,
2993 1408 3040 1452 et
3063 1399 3337 1453 immatura
3377 1402 3624 1470 perfectio
3648 1419 3764 1476 ger-

2166 1484 2413 1545 tninubit,
2448 1495 2493 1540 et
2541 1488 2889 1556 prtecidentur
2936 1493 3218 1546 ramusculi
3259 1496 3372 1565 ejus
3409 1493 3628 1561 falcibus
3659 1512 3681 1550 :
3719 1507 3764 1551 et

2166 1593 2281 1649 qutv
2321 1579 2562 1634 derelicta
2614 1581 2831 1651 fuerint,
2869 1584 3256 1652 abscindentur,
3301 1590 3647 1644 excutientur.
3698 1588 3763 1644 Et

2167 1671 2522 1744 relinquentur
2553 1675 2709 1729 simul
2738 1677 2918 1732 avibus
2937 1679 3212 1747 montium,
3241 1692 3290 1734 et
3315 1682 3487 1736 bestiis
3518 1694 3692 1749 terrae,
3719 1694 3764 1739 et

2169 1776 2345 1821 wstate
2384 1780 2633 1839 perpetua
2675 1781 2824 1826 erunt
2868 1788 3024 1833 super
3054 1789 3169 1826 eum
3215 1775 3445 1830 volucres
3469 1817 3483 1841 ,
3505 1787 3554 1831 et
3590 1794 3765 1832 omnes

460 1863 770 1924 hominum,
804 1872 1118 1931 serpentes,
1165 1862 1434 1930 scorpios,
1464 1862 1791 1926 crocodilos,
1836 1873 1891 1917 et
1924 1861 2062 1930 puli-
2094 1867 2142 1927 B
2169 1859 2342 1915 bestia:
2392 1872 2540 1916 terrae
2583 1879 2738 1932 super
2779 1862 2927 1918 illum
2956 1865 3285 1936 Ityemabunt.
3312 1865 3379 1920 In
3409 1879 3640 1938 tempore
3672 1868 3766 1926 illo

461 1971 578 2020 ces,
612 1957 948 2026 cimicesque
979 1968 1033 2010 et
1061 1954 1270 2011 culices
1299 1956 1612 2026 pertinere?
1637 1954 1724 2010 'in
1749 1970 1880 2025 ergo
1907 1955 2070 2027 286

463 2058 614 2105 trans
655 2049 881 2105 flumina
921 2047 1216 2120 Ethiopite
1260 2059 1406 2115 sunt,
1440 2058 1494 2103 et
1537 2049 1759 2102 mittttnt
1817 2048 1869 2102 in
1930 2047 2068 2102 mari

461 2144 626 2214 hujus
654 2145 838 2199 steculi
877 2145 1107 2214 legatos,
1141 2143 1195 2198 id
1222 2154 1325 2209 est,
1354 2143 1651 2212 discipulos
1679 2157 1833 2210 suos,
1853 2143 1944 2214 qui
1976 2157 2070 2198 eo-

461 2255 580 2295 rum
617 2247 898 2309 portantes
927 2238 1227 2304 volumina,
1262 2248 1408 2292 recte
1440 2253 1565 2291 vasa
1616 2240 1824 2310 papyri,
1860 2239 1911 2293 id
1959 2248 2066 2306 est,

462 2333 741 2388 chartacia
775 2347 943 2399 super
971 2347 1137 2402 aquas
1169 2343 1388 2400 portare
1416 2330 1692 2400 dicuntur,
1726 2346 1848 2401 qua:
1875 2332 2066 2387 delen-

464 2437 554 2483 tur
583 2428 864 2482 velociter.
898 2427 1049 2482 Sicut
1081 2428 1226 2482 enim
1261 2427 1388 2481 libri
1417 2426 1570 2496 juxta
1603 2443 1772 2496 aquas
1800 2438 1854 2482 et
1876 2427 2067 2482 humo-

459 2538 553 2578 res
575 2523 684 2577 cito
714 2523 1096 2590 obscurantur,
1129 2521 1382 2576 delentur
1406 2533 1460 2577 et
1490 2532 1720 2592 pereunt
1749 2542 1760 2576 :
1788 2524 1856 2577 ita
1883 2539 2068 2579 sermo

460 2633 650 2671 eorum
685 2627 848 2686 atque
871 2616 1147 2683 doctrina,
1167 2633 1288 2672 cum
1315 2617 1368 2672 in
1396 2618 1666 2688 principio
1687 2619 1924 2690 aliquam
1955 2620 2066 2674 visa

457 2710 626 2764 fuerit
670 2709 1045 2764 fortitudinem
1079 2710 1388 2779 possidere,
1426 2713 1720 2780 pertransit
1759 2724 1812 2767 et
1844 2711 2065 2768 labitur.

464 2802 648 2873 Itaque
685 2818 778 2872 per
819 2805 1050 2859 ironiam
1083 2803 1285 2859 dicitur
1315 2805 1380 2858 ad
1411 2819 1507 2859 eos
1541 2823 1554 2859 :
1585 2805 1630 2861 0
1662 2807 1859 2878 Angeli
1889 2807 2066 2864 haere-

463 2897 720 2966 ticorum,
774 2898 846 2952 ite
879 2899 1111 2954 veloces.
1148 2899 1299 2966 Quos
1332 2898 1522 2954 beatus
1552 2901 1835 2970 apostolus
1870 2901 2068 2958 Paulus

464 2994 637 3049 falsos
665 2994 970 3062 apostolos,
999 2996 1283 3064 operarios
1308 2994 1705 3063 fraudulentos,
1733 2998 1822 3067 qui
1849 2998 1902 3051 in
1921 2997 2068 3065 Apo-

469 3091 644 3144 stolos
673 3087 876 3144 Christi
921 3089 1400 3160 transfigurentur,
1433 3090 1674 3160 appellat
1707 3089 1771 3162 (ll
1804 3091 1924 3146 Cor.
1960 3094 2062 3164 XI).

466 3183 535 3238 Et
563 3184 634 3237 ite
672 3183 738 3237 ad
769 3194 989 3254 gentem
1022 3183 1268 3236 avulsam
1303 3193 1358 3236 et
1389 3183 1678 3238 laceratam
1709 3199 1724 3238 :
1756 3185 2001 3239 avulsam
2035 3200 2066 3241 a

2173 1958 2434 2025 deferetur
2461 1973 2643 2011 munus
2669 1956 2890 2012 Domino
2919 1959 3229 2013 exercituum
3257 1975 3288 2012 a
3320 1962 3515 2029 pOpulo
3541 1961 3764 2030 divulso,

2171 2061 2219 2106 et
2253 2051 2556 2118 dilacerata,
2582 2070 2613 2106 a
2655 2053 2850 2121 populo
2886 2052 3146 2118 horribili,
3183 2064 3298 2125 post
3337 2072 3484 2126 quem
3527 2073 3631 2110 non
3673 2059 3767 2128 fuit

2170 2145 2328 2210 alius,
2355 2163 2388 2199 a
2423 2157 2569 2218 gente
2610 2155 2967 2216 exspectante,
3000 2157 3320 2220 exspectante
3354 2159 3402 2204 et
3440 2149 3764 2218 conculcata,

2171 2243 2320 2308 cujus
2347 2239 2679 2310 diripuerunt
2699 2241 2916 2311 ﬂumina
2935 2251 3122 2296 terram
3153 2243 3371 2312 ejus,ad
3399 2243 3567 2299 locum
3599 2245 3767 2299 nomi-

2170 2338 2251 2392 uis
2275 2335 2487 2392 Domini
2509 2339 2825 2393 exercituum
2850 2347 3071 2392 montem
3092 2338 3243 2392 Sion.
3277 2339 3523 2406 Quiescit
3541 2351 3592 2393 et
3621 2355 3769 2396 com-

2173 2432 2467 2503 templatur
2498 2431 2644 2486 Deus
2680 2432 2735 2487 in
2770 2432 2890 2487 loco
2922 2447 3048 2497 suo,
3079 2433 3193 2486 sive
3230 2432 3383 2503 juxta
3414 2434 3690 2504 Aquilam,
3716 2436 3765 2488 in

2171 2525 2709 2597 ﬁrmamento,idest,
2731 2528 2782 2580 in
2811 2525 3076 2587 Ecclesia,
3099 2523 3168 2580 de
3193 2541 3298 2596 qua
3316 2527 3514 2580 Paulus
3541 2531 3770 2595 Apusto-

2173 2620 2815 2691 lusloquitur:Columna
2837 2630 2879 2673 ct
2896 2622 3280 2689 ﬁrmamentum
3309 2621 3598 2692 veritatis(l
3631 2621 3765 2678 Tim.

2171 2729 2250 2780 ttt,
2272 2713 2814 2785 lii).(]ontemplatur
2839 2725 3022 2768 autem
3044 2709 3238 2784 eaqua-
3269 2715 3399 2768 liuut
3426 2719 3478 2768 iu
3496 2715 3766 2781 Ecclesia;

2171 2817 2227 2864 et
2253 2808 2409 2863 sicuti
2438 2808 2742 2862 meridiana
2774 2809 2861 2862 lux
2887 2808 3033 2862 clara
3063 2816 3165 2870 est,
3186 2809 3254 2861 ita
3287 2808 3537 2862 universa
3565 2809 3771 2879 pet-lus-

2175 2909 2281 2955 trat
2307 2919 2319 2955 :
2345 2899 2500 2970 juxta
2532 2899 2663 2954 illud
2698 2900 2842 2966 quod
2877 2902 2928 2954 in
2962 2900 3178 2955 decimo
3210 2909 3405 2956 octavo
3431 2901 3651 2957 Psalmo
3689 2916 3773 2957 se-

2171 2994 2410 3050 cundum
2425 2993 2717 3065 Anagogeu
2743 2993 2811 3048 de
2833 2993 2951 3048 sole
2973 2994 3200 3064 justitia:
3221 2994 3450 3050 dicitur:
3469 2993 3673 3051 Necest
3690 2995 3772 3066 qui

2170 3107 2225 3144 se
2263 3090 2789 3145 abscondatacalorc
2830 3091 2940 3162 ejus
2965 3088 3082 3160 (Ps.
3107 3106 3258 3157 xtttt,
3292 3089 3370 3162 7).
3407 3091 3471 3146 Et
3499 3090 3772 3160 quomodo

2171 3184 2346 3240 nubes
2369 3185 2506 3239 roris
2536 3184 2588 3238 in
2613 3183 2700 3238 die
2726 3187 2942 3250 messis,
2973 3197 3029 3240 et
3059 3184 3112 3238 in
3147 3184 3377 3240 ferventi
3417 3196 3608 3240 testate
3649 3200 3770 3256 gra-

467 3274 606 3340 Deo,
636 3285 690 3330 et
737 3276 1120 3330 luereticorum
1154 3273 1428 3330 morsibus
1458 3274 1736 3330 laniatam.
1770 3274 1850 3330 Ad
1895 3291 2067 3346 p0pu-
2093 3264 2138 3327 C
2173 3275 2379 3332 tissima
2403 3285 2508 3344 est,
2527 3278 2604 3332 sic
2626 3276 2888 3332 Dominus
2911 3277 3244 3332 habitatores
3270 3277 3529 3333 Ecclesia:
3561 3293 3678 3333 Sita:
3701 3293 3773 3334 re-

464 3372 577 3425 lum
611 3369 965 3436 horribilem;
1000 3370 1132 3424 nihil
1161 3370 1306 3425 enim
1359 3369 1678 3425 [terribilius
1710 3370 2070 3441 blaSphemia,

470 3481 595 3536 qua:
627 3466 778 3535 ponit
817 3466 869 3520 in
897 3466 1178 3520 excelsum
1209 3479 1273 3519 os
1304 3481 1484 3519 suum.
1510 3465 1640 3520 Post
1661 3480 1820 3536 quem
1853 3481 1960 3521 non
1993 3477 2076 3522 est

469 3560 613 3615 alter
640 3559 873 3632 populus
903 3577 916 3612 :
944 3574 1108 3614 omne
1139 3560 1342 3629 quippe
1379 3567 1660 3629 peccatum
1700 3569 2073 3627 comparatum

469 3655 851 3722 blasphemiae,
881 3653 1058 3709 levius
1102 3661 1206 3707 est.
1248 3652 1478 3707 Gentem
1520 3662 1952 3722 exspectantem,
1978 3669 2073 3707 ex-

467 3757 835 3818 Spectantem,
860 3755 916 3801 et
941 3745 1339 3802 conculcatam.
1366 3743 1502 3800 Nam
1527 3761 1722 3801 omnes
1743 3745 1984 3800 haeretici
2005 3746 2077 3801 si-

466 3842 524 3898 bi
555 3842 804 3898 ccelesﬁa
845 3841 1259 3909 repromittunt,
1293 3848 1348 3892 et
1392 3839 1718 3909 pollicentur
1741 3840 2000 3909 ingentia,
2025 3847 2077 3893 et

467 3943 652 3989 tamen
680 3952 709 3987 a
733 3933 1072 3988 daemonibus
1093 3932 1506 3986 conculcautnr.
1532 3930 1703 4002 Cujus
1725 3943 1920 3987 terram
1944 3931 2078 3985 diri-

470 4036 706 4098 puerunt
730 4025 980 4092 flumina,
1001 4040 1124 4094 quae
1147 4039 1252 4080 n0"
1285 4025 1353 4079 de
1373 4025 1515 4079 cmlo
1539 4024 1738 4080 habent
1763 4039 1955 4095 aquas,
1981 4023 2076 4080 sed

473 4120 544 4176 de
565 4130 733 4176 terra.
759 4121 891 4188 Quis
910 4119 1056 4174 enim
1096 4118 1330 4188 angulus
1371 4125 1476 4180 est,
1509 4132 1629 4186 quae
1672 4126 1918 4172 extrema
1948 4116 2080 4172 soli-

475 4216 608 4272 tudo
633 4227 926 4278 terrarum,
955 4213 1021 4266 ad
1049 4228 1212 4283 quam
1257 4228 1365 4265 non
1408 4211 1657 4265 turbidus
1695 4212 2076 4266 haereticorum

474 4325 658 4366 sermo
699 4307 1016 4378 perveniat?
1041 4307 1227 4378 Itaque
1257 4321 1455 4362 omnes
1476 4306 1570 4377 qui
1613 4305 1857 4360 habitant
1881 4316 1936 4361 et
1964 4321 2082 4360 mo-

475 4413 669 4459 rantur
706 4402 759 4457 in
801 4401 936 4457 orbe
974 4409 1277 4468 terrarum,
1309 4400 1378 4455 ad
1416 4399 1800 4456 haereticorum
1838 4399 2076 4470 signum,

479 4499 621 4569 quod
641 4497 798 4568 quasi
830 4499 881 4550 in
913 4496 1189 4551 montibus
1218 4497 1493 4551 elevatum
1523 4503 1628 4559 est,
1655 4495 1870 4566 erigunt
1896 4495 2081 4549 oculos

478 4606 630 4658 suos,
659 4601 713 4647 et
744 4591 1057 4662 clangorem
1099 4591 1278 4653 tubas,
1312 4590 1362 4644 id
1412 4600 1518 4657 est,
1560 4589 1825 4644 doctrime
1865 4605 2077 4656 eorum,

2179 3369 2541 3440 frigerat,quo
2565 3381 2833 3438 praesente
2854 3381 3050 3425 cuncta
3070 3370 3384 3426 floreScunt.
3404 3370 3775 3442 Etautequam

2179 3471 2390 3532 tempus
2413 3463 2907 3518 consummationis
2936 3462 3209 3530 adveniat,
3237 3465 3362 3534 quia
3393 3481 3534 3520 nunc
3555 3481 3624 3520 ex
3659 3481 3775 3536 par-

2181 3566 2232 3611 te
2261 3556 2642 3626 cogumcimns
2664 3565 2718 3610 et
2746 3571 2813 3611 ex
2843 3565 3002 3624 parte
3024 3555 3437 3627 propltetatnus,
3466 3559 3622 3613 multi
3656 3574 3773 3628 per-

2178 3649 2305 3705 fecti
2359 3651 2740 3719 reperientur,
2774 3649 2844 3704 de
2891 3650 3091 3720 quibus
3145 3650 3440 3719 Apostolus
3493 3652 3774 3720 loquitur:

2183 3743 2443 3811 Quotquot
2475 3745 2687 3814 perfecti
2734 3743 2831 3797 Itoc
2878 3744 3162 3799 sentiamus
3187 3741 3370 3816 (lCor.
3409 3760 3539 3810 sui;
3577 3743 3774 3817 Philip.

2180 3851 2260 3899 ιιι,
2297 3835 2402 3905 15).
2440 3834 2758 3890 Ramusculi
2805 3846 3010 3902 autem,
3037 3839 3127 3908 qui
3169 3837 3397 3893 inutiles
3444 3849 3599 3906 sunt,
3633 3838 3778 3894 falci-

2179 3930 2282 3985 bus
2332 3932 2720 3999 prtecideutur,
2753 3931 2968 3988 dicente
3007 3931 3060 3986 in
3110 3931 3406 4002 Evangelio
3452 3932 3773 3989 Salva-tore:

2183 4023 2298 4095 Ego
2315 4041 2429 4078 sunt
2459 4026 2577 4080 vitis
2600 4041 2741 4091 vera,
2759 4035 2806 4081 et
2832 4025 2988 4080 Pater
3011 4041 3152 4080 meus
3178 4026 3412 4096 agricola
3437 4037 3533 4082 est.
3563 4026 3777 4081 Omnem

2183 4113 2446 4186 palmitem
2497 4118 2552 4171 in
2604 4135 2682 4172 me
2707 4135 2808 4173 non
2840 4121 3085 4191 ferentem
3117 4123 3369 4188 fructum,
3401 4119 3542 4176 tollet
3563 4136 3706 4188 eum,
3734 4130 3776 4175 et

2183 4225 2384 4264 omnem
2412 4214 2499 4282 qui
2522 4215 2622 4283 fert
2643 4211 2891 4282 fructum,
2918 4213 3158 4284 purgabit
3179 4229 3314 4276 eum,
3338 4221 3392 4266 ut
3413 4217 3642 4284 fructum
3666 4213 3777 4285 plus

2183 4301 2370 4370 aﬂ‘ernt
2400 4301 2580 4375 (.Ioan.
2616 4320 2705 4372 xv,
2736 4303 2818 4377 ἓ).
2852 4306 2916 4360 Et
2947 4322 3069 4375 quae
3104 4307 3329 4376 praecisa
3361 4306 3586 4373 fuerint,
3619 4309 3779 4362 relin-

2184 4409 2419 4470 quentur
2453 4399 2644 4455 avibus
2697 4402 2963 4456 mentium
3017 4410 3073 4457 et
3121 4401 3310 4457 bestiis
3339 4410 3523 4458 terrae.
3549 4401 3776 4468 Avibus,

2186 4508 2307 4564 qua:
2358 4493 2514 4564 juxta
2567 4495 2706 4549 viam
2756 4496 3023 4551 seminata
3076 4496 3427 4567 populantur,
3459 4497 3775 4563 et-besuis,

2186 4588 2384 4657 quibus
2415 4588 2648 4643 traditur
2683 4587 2860 4643 anima
2894 4589 3061 4662 288
3110 4603 3216 4642 non
3265 4590 3535 4644 confitens
3589 4589 3776 4656 Deum,

478 4687 724 4742 audiunt.
750 4685 877 4741 Haec
902 4685 1054 4756 juxta
1095 4685 1448 4740 llehraicum.
1478 4685 1749 4740 Caeterum
1781 4689 2076 4742 secundum
2107 4667 2162 4728 Ῑ)
2186 4683 2259 4739 ita
2295 4691 2353 4737 ttt
2384 4683 2474 4753 qui
2508 4696 2539 4736 a
2586 4683 2814 4737 Domino
2846 4685 3105 4751 prmeisus
3143 4681 3306 4738 fuerit
3334 4692 3390 4737 et
3430 4683 3702 4754 ahjectus,
3729 4691 3781 4738 et

477 4777 624 4835 LXX
661 4779 994 4848 planguntur
1032 4778 1134 4832 ala:
1181 4778 1586 4842 haereticorum,
1611 4793 1734 4848 qua:
1773 4780 1946 4834 instar
1985 4795 2080 4834 na-

477 4873 624 4928 vium
659 4888 757 4941 per
785 4887 934 4926 mare
975 4870 1139 4939 hujus
1181 4871 1362 4925 steculi
1387 4871 1635 4937 volitant,
1661 4880 1711 4926 et
1747 4871 2077 4941 impietatem

479 4975 743 5034 Superant
763 4963 1131 5028 ethnicorum,
1157 4981 1294 5035 quos
1317 4981 1460 5019 nunc
1487 4964 1775 5036 Etltiopes
1797 4966 2080 5039 Scriptura

482 5062 834 5132 cognominat
865 5079 878 5113 :
907 5069 962 5115 et
998 5061 1200 5114 dicitur
1230 5060 1293 5113 ad
1332 5061 1636 5115 deciriuam
1679 5075 1892 5125 eorum,
1922 5073 2081 5133 atque

483 5170 794 5214 sermonem
830 5171 844 5209 :
873 5154 976 5222 Qui
1003 5155 1174 5209 mittis
1207 5156 1258 5208 in
1298 5155 1430 5208 mari
1475 5155 1633 5223 hujus
1673 5156 1854 5211 saeculi
1888 5156 2077 5223 libros,

484 5250 706 5307 ob~ides
750 5249 1128 5320 perversitatis
1168 5258 1374 5314 tua:,et
1402 5250 1667 5319 epistolas
1695 5249 1762 5304 ad
1803 5249 2084 5321 decipien-

481 5345 584 5400 dos
603 5360 721 5409 eos,
742 5342 834 5414 qui
859 5342 1052 5398 lecturi
1077 5342 1478 5413 sunt.Pergnnt
1502 5340 1678 5398 nuntii
1702 5345 1846 5399 leves
1865 5345 1930 5396 ad
1953 5359 2085 5415 gen-

482 5446 592 5492 tem
615 5435 913 5502 excelsam,
929 5447 984 5491 et
1013 5436 1356 5504 peregrinum
1381 5437 1668 5506 p0pulum,
1686 5444 1744 5490 et
1767 5441 2082 5504 pessimum.

485 5527 678 5583 Nullus
705 5530 849 5584 enim
883 5528 1388 5583 ecclesiasticomm
1422 5537 1629 5582 tantum
1657 5527 1817 5581 habet
1837 5529 2005 5583 studii
2029 5528 2084 5584 in

481 5624 653 5689 bono,
686 5633 944 5693 quantum
971 5621 1219 5678 [heretici
1262 5623 1313 5677 itt
1347 5623 1509 5685 malo,
1535 5632 1590 5676 et
1614 5621 1664 5676 itt
1690 5636 1756 5676 eo
1779 5636 1838 5675 se
1871 5621 2082 5678 lucrum

483 5717 676 5795 putant
723 5719 1010 5791 consequi,
1042 5720 1089 5776 si
1120 5719 1257 5776 alios
1303 5717 1602 5790 decipiant,
1631 5725 1688 5774 et
1737 5716 1841 5788 ipsi
1881 5716 2084 5789 perditi

554 5879 579 5944 ά
611 5880 808 5972 Vatic.,
835 5912 886 5958 et
908 5903 1057 5972 quasi
1084 5879 1479 5975 Scripturarum
1509 5879 1752 5970 clangunt
1780 5901 1915 5957 tuba.

2185 4776 2254 4830 de
2298 4789 2530 4844 corpore
2581 4774 2745 4840 illius,
2777 4774 2922 4846 quod
2953 4785 3038 4830 est
3069 4774 3315 4830 Ecclesia
3343 4785 3656 4846 separatus,
3677 4787 3779 4831 tam

2187 4869 2240 4923 in
2271 4875 2460 4922 testate
2497 4883 2655 4934 quam
2703 4867 2755 4922 in
2803 4869 3020 4939 hyeme,
3055 4867 3158 4922 hoc
3189 4878 3294 4932 est,
3327 4868 3381 4924 itt
3423 4870 3707 4940 prosperis
3731 4877 3781 4924 et

2186 4962 2451 5029 adversis,
2483 4963 2765 5017 volucrum
2814 4971 2870 5016 et
2909 4962 3206 5017 bestiarum
3252 4965 3465 5019 mansio
3514 4966 3604 5018 sit.
3633 4964 3781 5020 Sicut

2187 5068 2368 5114 autem
2397 5058 2447 5112 bi
2481 5058 2573 5129 qui
2604 5058 2824 5113 inutiles
2851 5067 2978 5112 sunt
2998 5068 3053 5113 et
3075 5057 3398 5113 infructuosi
3422 5060 3476 5113 itt
3512 5058 3776 5125 Ecclesia,

2188 5160 2538 5219 amputantur
2565 5160 2621 5206 et
2647 5149 3030 5221 projiciuntur,
3061 5166 3127 5207 ne
3151 5151 3424 5206 modicum
3459 5150 3777 5206 fermentum

2193 5256 2356 5302 totam
2386 5260 2618 5300 massam
2675 5256 2988 5314 corrumpat
3022 5246 3140 5302 :sic
3167 5246 3478 5302 econtrario
3527 5245 3644 5301 ﬁeri
3693 5259 3782 5315 po-

2195 5350 2320 5406 test,
2341 5352 2398 5396 ut
2424 5342 2515 5411 qui
2546 5341 2806 5397 literetico
2825 5341 3039 5396 fuerant
3061 5357 3249 5397 errore
3277 5342 3517 5411 decepti,
3542 5339 3777 5396 etavulsi

2193 5450 2222 5490 a
2252 5434 2481 5489 Domino
2522 5443 2684 5502 atque
2728 5433 2972 5496 lacerati,
3004 5444 3060 5488 et
3092 5433 3386 5489 horribiles
3417 5436 3486 5488 ob
3534 5433 3784 5501 blasphe-

2188 5530 2377 5596 miam,
2406 5529 2713 5601 frustraque
2744 5530 3021 5585 mendacia
3054 5530 3453 5598 prarstolantes,
3481 5539 3537 5584 et
3563 5527 3779 5584 concul-

2185 5626 2289 5680 cati
2321 5623 2742 5692 adtemonibus,
2767 5632 2823 5680 et
2850 5640 2878 5677 a
2921 5622 3100 5678 fluviis
3150 5624 3205 5678 in
3236 5632 3418 5693 partes
3462 5625 3642 5677 varias
3677 5621 3781 5676 dis-

2155 5704 2366 5792 I‘sipati,
2396 5734 2521 5776 cum
2563 5718 2835 5777 recordati
2875 5717 3080 5776 fuerint
3119 5718 3216 5777 Dei
3259 5719 3365 5789 sui,
3398 5726 3455 5776 et
3494 5718 3777 5790 magistros
