4014 6472
480 377 593 439 Ξὸϐ

1742 375 1804 434 Β.
1846 375 2116 434 EUSEBII
2152 376 2538 435 HIERUNYMI

3687 376 3796 435 256

480 513 745 573 perversa
796 497 1036 563 faciant;
1065 513 1128 553 ac
1157 513 1257 570 per
1284 497 1386 553 hoc
1416 513 1542 555 esse
1567 511 1812 564 sensum,
1852 497 1996 570 quod
2031 499 2082 552 in
2113 503 2167 566 Α
2195 498 2463 569 Egvptia.
2493 496 2589 554 Sin
2617 505 2797 553 autem
2821 498 3132 554 econtrario
3172 497 3579 554 elevaverimus
3602 497 3794 555 oculos

487 592 729 666 IEgypto
761 608 868 648 non
901 591 1079 647 solum
1113 601 1275 657 caput
1303 591 1466 665 295
1495 592 1639 647 desit
1665 601 1718 648 et
1747 592 1944 660 cauda,
1989 593 2087 648 sed

490 699 548 746 et
575 704 736 744 senes
765 698 820 743 et
852 688 1028 754 pueri,
1059 686 1112 741 id
1134 697 1239 750 est,
1271 697 1325 740 rt
1363 688 1694 757 principium
1723 695 1780 741 et
1811 687 1956 742 linis.

561 781 742 854 (Vers.
777 779 867 843 16,
899 780 1029 851 l7.)
1063 778 1128 833 In
1160 781 1243 834 die
1272 780 1364 834 illa
1393 782 1489 834 erit
1521 779 1788 851 /Egypms
1809 779 1958 850 quasi
1985 795 2092 832 mu-

487 875 659 940 lieres,
691 884 739 928 et
767 873 1017 942 stupebit,
1038 882 1088 928 et
1119 873 1313 929 timebit
1337 891 1370 928 a
1414 875 1549 946 facie
1592 874 1947 927 commotionis
1977 888 2090 926 ma-

485 985 584 1024 nus
632 967 845 1023 Domini
899 971 1242 1033 exercituum,
1293 987 1448 1039 quam
1501 967 1610 1038 ipse
1665 968 1882 1021 movebit
1938 983 2093 1032 super

485 1079 619 1117 eaut.
654 1060 722 1115 Et
754 1063 848 1116 erit
877 1073 1015 1115 terra
1040 1059 1185 1115 Iuda
1215 1060 1447 1134 zﬁgyp'o
1475 1062 1526 1114 in
1546 1061 1871 1129 festivitatem
1891 1061 2094 1114 :omnis

485 1154 576 1226 qui
621 1155 764 1207 illius
821 1154 978 1224 fuerit
1023 1154 1349 1221 recordatus,
1399 1153 1601 1223 pavebit
1647 1171 1680 1206 a
1712 1154 1846 1223 facie
1891 1153 2094 1206 consilii

487 1244 703 1300 Domini
755 1245 1097 1310 exercituum,
1151 1245 1288 1316 quod
1341 1247 1450 1315 ipse
1490 1246 1730 1316 cogitavit
1773 1262 1930 1314 super
1958 1261 2090 1300 eam.

437 1326 442 1329 ί
486 1338 548 1395 In
583 1341 675 1394 illo
707 1350 974 1410 tempore,
1007 1340 1109 1395 hoc
1158 1340 1328 1404 enim,
1371 1349 1427 1394 ut
1489 1341 1684 1394 crebro
1721 1339 1983 1404 diximus,
2021 1339 2096 1394 si-

491 1435 716 1506 gniﬁcat
746 1435 887 1499 dies,
919 1435 1139 1506 quando
1188 1434 1469 1490 miscuerit
1521 1434 1784 1488 Dominus
1837 1433 2092 1501 spiritum

491 1527 697 1584 erroris
741 1537 902 1596 atque
950 1527 1260 1598 vertiginis,
1293 1536 1350 1581 ut
1375 1534 1593 1583 evomat
1620 1526 1888 1598 Egyptus
1911 1525 2094 1581 viuum

494 1622 816 1689 draconum,
851 1633 904 1679 et
936 1621 1175 1678 luroer
1225 1622 1475 1690 aspidum
1519 1621 1897 1685 insanabilem,
1937 1619 2098 1675 intel-

495 1717 671 1788 ligens
691 1732 937 1772 errorem
961 1732 1116 1772 suum
1138 1724 1194 1772 et
1214 1716 1535 1772 ebrietatem
1561 1715 1871 1785 pristinam,
1893 1713 2098 1785 [Egyp-

497 1818 585 1864 ttts
633 1809 845 1863 timebit
874 1807 1030 1878 quasi
1064 1807 1282 1873 mulier,
1322 1823 1429 1861 non
1485 1806 1682 1861 timore
1731 1806 1977 1869 fortuito,
2005 1805 2097 1875 qui

2193 604 2434 656 nostros,
2460 603 2514 648 et
2542 591 2845 649 viderimus
2890 591 3034 665 quod
3068 593 3323 660 regiones
3347 592 3459 663 jam
3506 591 3646 648 alb:e
3688 593 3803 648 sint

2193 686 2258 741 ad
2312 685 2648 750 metendum,
2706 695 2762 742 et
2820 699 3164 757 nequaquam
3218 685 3372 740 curvi
3437 684 3702 740 fuerimus
3746 687 3800 739 in

2196 791 2417 844 terram,
2468 781 2566 837 sed
2591 782 2742 848 juxta
2783 781 3162 849 Evangeltcam
3197 780 3511 845 mulierem,
3542 794 3665 850 quae
3694 778 3799 834 tle-

2194 892 2310 931 cem
2342 888 2396 931 et
2421 887 2544 932 octo
2573 877 2734 931 annis
2755 875 2954 931 caelum
2982 877 3230 945 aspicere
3255 891 3359 930 non
3381 885 3590 941 poterat
3625 875 3644 944 (
3670 871 3800 928 Luc.

2194 983 2289 1023 χιιι
2317 969 2366 1034 ),
2395 967 2796 1022 clevaverimus
2825 968 3014 1022 Oculos
3046 978 3262 1022 nostros
3287 977 3341 1021 et
3363 966 3691 1028 dixerimus,
3719 964 3804 1020 Ad

2196 1067 2244 1112 te
2270 1060 2430 1113 levavi
2453 1061 2628 1114 oculos
2662 1077 2821 1125 meos,
2851 1062 2938 1130 qui
2967 1061 3170 1115 habitas
3201 1061 3254 1113 in
3293 1060 3472 1127 caelisl
3506 1058 3598 1112 Ps.
3628 1072 3802 1123 cun,

2199 1152 2223 1205 1
2252 1151 2270 1221 )
2304 1194 2318 1216 ,
2350 1154 2540 1208 oculus
2581 1163 2770 1208 noster
2799 1163 2853 1208 et
2906 1155 3052 1208 visus
3077 1153 3318 1224 loquitur
3351 1155 3528 1223 lingua
3575 1153 3804 1208 Chana-

2197 1243 2388 1299 nitidc.
2437 1245 2493 1300 Si
2521 1246 3030 1300 circumciderimus
3060 1261 3225 1300 aures
3259 1260 3499 1306 noStras,
3532 1258 3582 1300 et
3615 1245 3808 1299 audie-

2198 1337 2368 1391 rimus
2399 1337 2683 1391 Dominum
2712 1338 3023 1404 loquentem
3047 1355 3060 1390 :
3089 1338 3189 1404 Qui
3211 1338 3359 1391 habet
3382 1352 3534 1390 aures
3551 1336 3808 1392 audiendi

2199 1431 2381 1483 audiat
2407 1429 2568 1498 (Luc.
2604 1446 2722 1493 vnt,
2755 1429 2847 1503 8),
2883 1432 3103 1486 auditus
3133 1442 3320 1486 noster
3347 1432 3589 1498 l0quiiur
3621 1431 3805 1497 lingua

2200 1524 2583 1580 (Lhananitide.
2633 1527 2732 1591 Qui
2766 1529 3002 1595 potuerit
3043 1542 3245 1596 sponso
3267 1527 3488 1581 dicere:
3523 1525 3650 1580 Post
3677 1535 3728 1580 te
3754 1527 3807 1579 in

2199 1619 2408 1674 odorem
2447 1628 2830 1691 unguentorum
2855 1629 3056 1675 tuorum
3088 1623 3344 1676 currimus
3371 1622 3390 1691 (
3414 1619 3568 1675 Cant.
3602 1637 3643 1684 ι,
3674 1623 3710 1676 3
3736 1619 3756 1692 )
3785 1637 3799 1674 :

2201 1712 2304 1766 Et:
2337 1713 2530 1766 Christi
2561 1715 2724 1767 bonus
2755 1715 2881 1767 odor
2925 1731 3099 1768 sumus
3139 1715 3192 1768 in
3223 1715 3363 1768 omni
3411 1716 3521 1767 loco
3575 1713 3639 1785 (Ι
3681 1712 3806 1769 Cor.

2201 1821 2262 1866 ll,
2299 1805 2365 1862 15
2393 1806 2441 1878 ),
2469 1805 2630 1875 hujus
2651 1807 2910 1861 odoratus
2932 1809 3173 1877 loquitur
3194 1806 3377 1876 lingua
3407 1803 3807 1863 Chananitide.

495 1901 631 1956 viris
660 1901 912 1957 accidere
958 1901 1264 1965 consuevit,
1299 1916 1438 1972 quos
1469 1915 1574 1955 non
1613 1911 1757 1955 amat
1803 1899 2091 1970 Egyptus,
2131 1907 2175 1966 Β
2203 1898 2410 1954 Gustus
2439 1915 2656 1970 quoque
2686 1899 2739 1953 in
2772 1892 2966 1954 bonam
3001 1911 3210 1967 partem
3257 1899 3524 1969 accipitur
3561 1899 3684 1970 ejus
3719 1903 3808 1971 qui

499 1992 596 2049 sed
625 1992 854 2048 suilocat
893 2001 948 2047 et
979 1992 1273 2056 interficit;
1301 1993 1398 2048 sed
1431 1993 1626 2048 timore
1667 1993 1926 2056 femineo,
1960 2007 2095 2059 quas

496 2084 646 2140 solas
678 2086 792 2140 vult
842 2085 1057 2140 Pharao
1090 2089 1296 2140 vivere.
1345 2085 1585 2142 Tinnehit
1632 2096 1815 2139 autem
1857 2099 2099 2140 commo-

497 2180 729 2244 tionem,
763 2180 885 2235 sive
938 2181 1232 2236 elationem
1273 2196 1468 2236 manus
1511 2181 1748 2246 Domini,
1793 2197 1888 2250 per
1936 2197 2097 2251 quam

495 2264 761 2345 supplicia
789 2275 1264 2342 demonstrantur,
1294 2293 1456 2344 quam
1501 2277 1742 2332 move-bit
1766 2287 1819 2332 et
1841 2279 2097 2345 elevabit,

498 2379 558 2425 ut
615 2370 884 2438 percutiat
933 2369 1250 2442 Egyptum.
1294 2370 1448 2427 Tunc
1500 2381 1643 2427 terra
1685 2370 1845 2438 .luda,
1892 2372 1942 2426 id
1993 2381 2096 2438 est,

494 2461 722 2517 scientia
781 2462 1215 2531 Scripturarum,
1283 2463 1370 2519 lex
1423 2471 1479 2519 et
1524 2464 1805 2535 propheta:
1839 2507 1854 2528 ,
1923 2464 2102 2520 Evan-

491 2554 634 2625 gelia
692 2563 748 2610 et
805 2557 1183 2625 Apostolorum
1237 2558 1506 2628 epistolae,
1538 2570 1703 2613 erunt
1751 2557 1993 2630 Egypto
2044 2559 2099 2613 in

496 2645 874 2712 festivitatem,
922 2650 966 2704 si
1015 2664 1109 2705 eas
1147 2653 1506 2721 cognoverit:
1555 2651 1640 2706 vel
1704 2653 1756 2705 in
1813 2653 2100 2720 timorem,

494 2740 540 2796 si
589 2742 1000 2811 comparatione
1055 2742 1325 2799 doctrina:
1405 2753 1458 2798 et
1510 2743 1758 2799 veritatis
1801 2760 1990 2800 earum
2044 2761 2104 2800 se

499 2836 827 2892 intellexerit
863 2837 1139 2895 habuisse
1186 2839 1551 2894 mendacium.
1581 2839 1770 2894 Omnis
1797 2840 1888 2910 qui
1944 2840 2104 2911 hujus

498 2938 660 2985 terra:
713 2930 877 2986 fuerit
925 2932 1260 2997 recordatus,
1343 2933 1560 3002 pavebit
1607 2949 1672 2988 co
1728 2949 1949 3002 pavore,
2013 2936 2103 2998 qui

495 3023 645 3080 ducit
672 3025 737 3078 ad
772 3025 936 3080 vitam
966 3044 978 3079 :
1006 3025 1331 3094 Principium
1353 3027 1486 3081 enim
1507 3028 1793 3098 sapientiw,
1821 3027 1974 3081 timor
2001 3027 2106 3081 Do-

500 3118 628 3171 mini
659 3119 676 3190 (
706 3118 861 3174 Prov.
891 3136 967 3184 ιχ,
999 3121 1066 3175 10
1090 3121 1132 3190 ).
1171 3120 1236 3174 Et
1273 3120 1380 3175 hoc
1429 3137 1534 3175 non
1569 3121 1742 3175 solum
1770 3123 1821 3175 in
1851 3137 2108 3176 (-onsiim-

504 3212 746 3268 matione
798 3214 1011 3279 nmudi,
1063 3213 1157 3269 sed
1212 3215 1264 3268 in
1321 3215 1577 3282 praisenti
1612 3229 1827 3285 quoque
1859 3224 2107 3284 tempore

2199 1991 2432 2048 comedit
2470 2007 2662 2062 panem
2708 1991 2777 2047 de
2823 1994 2964 2048 cwlo
2994 1992 3441 2056 descendentem,
3491 2007 3692 2059 panem
3724 1994 3806 2048 vi-

2201 2096 2324 2137 vum
2348 2093 2400 2137 et
2443 2099 2549 2137 non
2583 2093 2880 2150 mortuum,
2938 2092 2990 2138 et
3034 2083 3184 2138 audit
3231 2082 3366 2138 illud
3417 2101 3431 2138 :
3489 2082 3710 2138 (instate
3765 2094 3808 2138 et

2203 2177 2365 2229 videte
2409 2191 2567 2248 quam
2614 2177 2786 2230 suavis
2827 2187 2901 2230 est
2950 2173 3207 2230 Dominus
3257 2173 3393 2244 (Ps.
3425 2190 3627 2242 χχχιιι,
3683 2174 3805 2247 9),
3880 2197 3882 2199 ν

2202 2269 2384 2321 statim
2434 2269 2673 2338 loquitur
2705 2269 2885 2339 lingua
2936 2267 3321 2323 Cbananitide.
3367 2267 3475 2324 Sed
3521 2279 3578 2324 et
3636 2279 3811 2324 tactus

2203 2359 2503 2430 Spiritualis
2525 2369 2633 2424 est,
2653 2361 2721 2414 de
2749 2375 2859 2430 quo
2882 2360 3122 2414 Joannes
3147 2359 3442 2429 Apostolus
3465 2361 3582 2414 ait:
3617 2358 3808 2414 Manus

2204 2464 2394 2508 nostra:
2431 2455 2770 2526 palpaverunt
2815 2455 2879 2508 de
2911 2453 3076 2509 Verbo
3104 2455 3259 2526 vita:(
3288 2454 3304 2508 I
3350 2453 3509 2507 Joan.
3547 2469 3586 2521 ι,
3623 2454 3645 2508 Ι
3676 2453 3728 2527 );
3757 2465 3813 2512 et

2204 2545 2295 2614 qui
2324 2545 2428 2601 fide
2475 2546 2647 2614 tangit
2692 2545 2902 2610 .li-sum,
2931 2547 3001 2601 ita
3043 2558 3100 2600 ιιι
3144 2546 3213 2601 de
3252 2563 3322 2601 eo
3360 2545 3618 2604 Salvator
3643 2550 3812 2618 possit

2205 2639 2434 2695 dicere:
2489 2639 2676 2713 Tetigit
2726 2657 2806 2695 me
2847 2641 3059 2706 aliquis,
3106 2657 3202 2714 ego
3237 2643 3374 2694 enim
3422 2644 3530 2696 scio
3576 2642 3813 2696 virtutem

2205 2737 2372 2790 exisse
2391 2735 2453 2789 de
2474 2751 2554 2788 me
2577 2735 2596 2808 (
2621 2735 2746 2790 Luc.
2791 2750 2907 2802 un,
2932 2735 3003 2790 46
3020 2733 3061 2806 ).
3107 2735 3406 2791 Didicimus
3447 2745 3648 2806 quanta
3673 2738 3810 2793 bona

2209 2829 2412 2884 tribuat
2452 2830 2662 2884 elevata
2704 2843 2897 2884 manus
2959 2829 3214 2895 Domini;
3277 2846 3587 2900 quaeramus
3645 2846 3809 2900 quare

2210 2938 2316 2978 non
2361 2922 2541 2994 lingua
2602 2923 2856 2986 Hebraea,
2918 2923 3012 2978 sed
3075 2925 3252 2991 lingua
3311 2924 3682 2982 Chananitide
3735 2929 3812 2981 lo-

2209 3027 2446 3088 quantur
2484 3018 2728 3088 quinque
2786 3017 3006 3090 Egypti
3071 3018 3340 3072 civitates.
3401 3018 3481 3072 Ad
3541 3021 3687 3089 quod
3741 3021 3810 3075 ita

2211 3110 2546 3181 respondere
2584 3111 2909 3166 conabimur
2945 3130 2956 3165 :
3005 3109 3260 3165 Hebra'us
3300 3113 3552 3189 περάτην,
3595 3113 3649 3168 id
3688 3125 3769 3169 eSt
3795 3156 3809 3182 ,

2212 3210 2540 3263 transitorem
2597 3216 2777 3272 Sonat,
2837 3209 2928 3279 qui
2968 3208 3036 3264 de
3083 3208 3203 3263 loco
3249 3217 3446 3264 transit
3498 3211 3566 3266 ad
3611 3212 3807 3268 locum.

500 3307 754 3371 accipere
785 3322 1116 3378 possumus;
1160 3307 1302 3378 quod
1338 3307 1779 3362 Ecclesiasticum
1810 3308 1985 3360 virum
2009 3353 2022 3376 ,
2054 3316 2108 3363 et
2135 3311 2180 3374 ρ
2216 3301 2360 3372 Ergo
2401 3311 2456 3356 et
2504 3316 2603 3357 nos
2629 3302 2752 3357 licet
2778 3302 2950 3356 Sancti
2986 3301 3240 3370 quamdiu
3267 3304 3317 3356 in
3341 3301 3807 3375 Egyptosnmus,

502 3400 771 3456 doctrinis
839 3402 1155 3458 ct‘elesdbus
1225 3401 1541 3461 eruditum,
1581 3401 1762 3455 omnis
1812 3400 2104 3456 licerelicus

502 3495 715 3559 timeat,
746 3504 801 3552 et
824 3495 888 3549 ad
911 3493 1348 3550 recordationem
1374 3493 1521 3548 illius
1551 3505 1840 3548 terreatur.
1865 3493 2106 3549 Timebit

503 3595 687 3642 autem
726 3595 782 3641 et
836 3588 1057 3657 pavebit
1099 3587 1398 3643 consilium
1455 3587 1694 3651 Domini,
1745 3587 1889 3654 quod
1939 3603 2105 3656 super

504 3679 800 3752 Egyptum
831 3683 1017 3738 mtmdi
1067 3683 1224 3737 istius
1268 3683 1544 3746 cngitavit.
1592 3682 1813 3753 Singula
1865 3683 2105 3738 breviter

505 3774 961 3839 transcurrimus,
1014 3784 1072 3830 ut
1124 3774 1188 3829 ad
1249 3774 1454 3843 reliqua
1487 3783 1852 3830 transeamus.

576 3865 767 3934 (Vers.
812 3862 944 3934 18.)
989 3865 1057 3919 1η
1087 3866 1169 3920 die
1197 3866 1294 3920 illa
1342 3876 1492 3920 erunt
1538 3867 1763 3937 quinque
1800 3865 2104 3918 civitatesin

501 3969 636 4013 terra
670 3957 890 4032 Ji'gypti
917 3959 1179 4024 loquentes
1207 3959 1388 4031 lingua
1415 3956 1779 4021 Chananitide,
1804 3969 1852 4013 et
1864 3962 2104 4031 juruntes

503 4069 594 4118 per
642 4049 917 4105 Dominum
943 4056 1294 4105 exercituum:
1323 4052 1505 4106 civitas
1534 4052 1658 4105 solis
1679 4050 1948 4105 vocabitur
1974 4068 2099 4104 una.

506 4140 730 4198 Multum
762 4143 982 4211 prodeSt
1003 4158 1194 4197 manus
1216 4141 1430 4196 Domini
1454 4143 1666 4198 elevata
1692 4143 1805 4196 sive
1831 4149 2104 4196 commota

498 4251 666 4305 super
702 4234 1014 4307 Aﬁiyptum,
1046 4245 1103 4290 ut
1135 4246 1277 4292 terra
1303 4235 1456 4292 Judm
1485 4237 1555 4292 sit
1584 4236 1634 4291 ei
1659 4237 1712 4290 in
1739 4236 2018 4302 timorem,
2051 4245 2107 4291 et

506 4330 708 4394 Omnis,
755 4331 844 4399 qui
881 4331 1024 4384 illius
1053 4330 1374 4386 recordatus
1408 4331 1588 4393 fuerit,
1625 4332 2024 4401 portremiscat.
2049 4330 2106 4386 ln

507 4423 598 4478 illo
633 4432 878 4492 tempore
908 4425 1144 4493 quinque
1191 4423 1441 4479 civitates
1491 4425 1543 4479 in
1589 4434 1730 4479 terra
1759 4423 1981 4495 Egypti
2028 4424 2108 4479 lo-

506 4525 745 4587 quentur
776 4515 958 4587 lingua
990 4518 1268 4585 Chanaan,
1313 4533 1447 4589 quas
1502 4517 1751 4589 plerique
1792 4529 2104 4574 nostrorum

507 4610 749 4679 quinque
777 4596 986 4664 sensus
1041 4609 1372 4680 intelligunt,
1415 4610 1611 4676 visum,
1669 4609 1933 4669 auditum.
1972 4610 2107 4666 odo-

2209 3405 2264 3452 et
2304 3396 2356 3450 in
2399 3395 2557 3450 istius
2579 3395 2765 3450 mundi
2791 3410 3078 3450 versamur
3102 3395 3372 3462 tenebris,
3397 3412 3500 3452 ιιοιι
3526 3413 3811 3468 possumus

2208 3491 2353 3561 loqui
2395 3490 2572 3558 lingua
2602 3491 2849 3558 Hebraea,
2875 3491 2970 3546 Sed
3014 3491 3195 3558 lingua
3253 3490 3640 3560 Chananitidc,
3684 3511 3808 3564 qua:

2209 3583 2350 3637 inter
2396 3582 2730 3654 Egyptian],
2789 3591 2843 3638 et
2900 3582 3184 3638 llebrzeam
3244 3583 3420 3638 media
3461 3596 3569 3651 est,
3611 3599 3660 3641 ct
3713 3589 3813 3644 llc-

2208 3679 2371 3734 brzea:
2409 3697 2603 3747 magna
2637 3696 2702 3736 ex
2743 3688 2897 3751 parte
2935 3682 3188 3738 conlinis.
3231 3680 3520 3743 Cltunaam.
3547 3682 3810 3753 interprec

2208 3781 2373 3832 tatur.
2409 3773 2558 3844 quasi
2599 3773 2896 3837 commotio,
2940 3771 3054 3828 sive
3076 3775 3224 3843 quasi
3265 3779 3602 3844 respondens.
3652 3777 3806 3849 297

2207 3865 2435 3932 Quando
2477 3867 2636 3936 igitur
2679 3864 3030 3935 al).2Egyjito
3082 3865 3413 3933 recedimus,
3454 3877 3509 3921 et
3531 3868 3683 3946 egire
3723 3886 3810 3922 vo-

2209 3959 2388 4014 lumus
2425 3961 2493 4014 de
2541 3969 2809 4030 potestate
2832 3959 3154 4016 Pharaonis.
3198 3958 3267 4012 ita
3313 3971 3368 4012 ut
3403 3968 3545 4014 terra
3596 3972 3804 4025 nostra,

2207 4063 2259 4108 et
2301 4053 2570 4108 confessio
2615 4052 2969 4117 formidolosa
3009 4053 3079 4107 sit
3119 4051 3355 4124 Egypto
3405 4069 3418 4106 :
3463 4061 3592 4108 tunc
3636 4069 3808 4110 move-

2211 4163 2332 4202 mur
2369 4159 2423 4201 et
2489 4147 2642 4216 quasi
2692 4145 3091 4216 respondemus
3153 4145 3363 4198 Domini
3405 4146 3701 4211 voluntaii,
3759 4158 3808 4203 et

2210 4225 2388 4295 tamen
2411 4243 2532 4312 quia
2564 4240 2742 4294 adhuc
2775 4240 2826 4292 iu
2856 4239 3110 4310 pratsenti
3133 4241 3334 4294 saeculo
3375 4253 3586 4296 sumus.
3625 4239 3807 4311 lingua

2209 4334 2433 4391 Hebraea
2463 4335 2694 4390 necdum
2721 4334 2864 4398 loqui
2893 4349 3205 4404 possumus.
3229 4333 3492 4404 Quodque
3514 4336 3758 4405 sequitur
3787 4352 3802 4388 :

2206 4427 2396 4484 Jurare
2442 4431 2666 4501 quinque
2712 4431 2942 4484 civitates
2981 4446 3070 4500 per
3126 4426 3408 4483 Dominum
3461 4434 3803 4496 exercituum,

2208 4522 2312 4578 hoc
2350 4524 2644 4595 significat,
2698 4525 2841 4595 quod
2885 4524 3045 4577 etiam
3108 4522 3193 4577 hic
3241 4521 3401 4594 positi
3456 4537 3796 4594 nequaquam

2208 4617 2543 4684 daemonum,
2585 4619 2678 4674 sed
2726 4618 2820 4673 Dei
2863 4617 3216 4672 recordemur
3271 4618 3687 4686 omnipotentis.
3736 4616 3806 4670 De

507 4714 972 4773 ratum,gustum,
1021 4711 1076 4758 et
1129 4712 1354 4758 tactum.
1407 4701 1634 4768 Quando
1681 4702 1929 4758 videmus
1980 4719 2098 4758 mII-
2130 4715 2180 4775 D
2209 4711 2294 4767 his
2333 4711 2575 4783 quinque
2603 4710 2937 4775 civitatibus,
2970 4725 3092 4764 cum
3122 4709 3348 4764 aliarum
3391 4710 3805 4778 quatuortarita

505 4793 696 4849 lierem
723 4796 789 4848 ad
818 4797 1332 4864 concupiscendum,
1365 4796 1530 4869 296
1551 4794 1698 4850 visus
1721 4797 2105 4867 n0stcriloqui-

503 4893 592 4941 tur
639 4887 820 4958 lingua
875 4886 1151 4961 Egyptia.
1221 4891 1451 4957 Quando
1512 4889 1764 4946 audimus
1835 4889 2101 4959 judicium

505 4983 816 5052 Sanguinis,
836 4983 1054 5039 dicente
1075 4983 1308 5039 Domino
1334 5007 1339 5033 ;
1370 4983 1494 5038 Non
1517 4986 1767 5055 suscipias
1785 4985 2103 5040 auditionem

505 5093 692 5130 vanam
719 5079 734 5144 (
763 5075 829 5132 IV
857 5076 982 5151 Reg.
1008 5093 1103 5138 χιι.
1125 5077 1186 5132 2|
1205 5121 1216 5136 .
1238 5082 1398 5152 juxta
1422 5077 1564 5133 LXX
1592 5078 1636 5150 ),
1667 5079 1884 5134 auditus
1915 5089 2104 5136 noster

501 5168 744 5238 loquitur
772 5169 950 5241 lingua
1002 5170 1281 5242 Egyptia.
1331 5171 1560 5239 Quando
1607 5172 1907 5227 secundum
1963 5189 2097 5242 pro-

504 5263 990 5333 pltetatn.vivimus
1023 5265 1073 5318 in
1104 5265 1345 5331 deliciis,
1377 5275 1430 5321 et
1455 5266 1702 5335 jacomus
1730 5282 1896 5336 super
1929 5268 2103 5324 lectos

502 5357 794 5419 eburneos,
828 5368 881 5412 et
913 5357 1107 5429 primis
1149 5355 1346 5430 [Forte
1389 5359 1610 5426 optimis
1647 5359 1666 5431 ]
1716 5362 1972 5431 ungimur
2001 5377 2106 5414 nn-

501 5451 737 5519 guentis,
765 5452 1026 5508 odoratus
1078 5462 1265 5508 noster
1295 5452 1534 5522 loquitur
1579 5453 1762 5522 lingua
1820 5453 2098 5526 Aigyptia.

502 5543 734 5611 Quando
762 5556 953 5602 venter
984 5556 1176 5601 noster
1207 5548 1342 5601 deus
1369 5555 1456 5602 est
1479 5545 1752 5619 (Philipp.
1780 5547 1884 5618 ιιι),
1913 5558 2102 5617 gustus

503 5647 689 5692 noster
712 5637 954 5708 loquitur
982 5638 1157 5707 lingua
1198 5639 1472 5711 Egyptia.
1507 5637 1564 5694 Si
1616 5655 1722 5693 non
1765 5638 2099 5695 audierimus

500 5729 652 5817 illud.
705 5731 850 5801 quod
877 5731 1171 5802 Apostolus
1193 5814 1199 5820 ⁸
1224 5733 1464 5802 loquitur
1493 5751 1504 5786 :
1547 5731 1747 5787 Bonum
1777 5733 2096 5822 estJlomllll

505 5814 770 5893 mulierem
817 5841 918 5904 non
953 5814 1201 5898 tangerel
1228 5825 1244 5880 Ι
1273 5824 1394 5880 Cor.
1441 5839 1512 5901 vn
1536 5822 1596 5897 );
1640 5823 1735 5880 sed
1761 5814 2098 5902 .econtralrio

501 5908 793 5992 iungamur
818 5917 1127 5982 meretrici.
1167 5931 1339 5977 tactus
1390 5913 1573 5977 nostri"
1627 5909 1863 5993 loquitur
1914 5915 2094 5995 lingua

2206 4807 2318 4860 sint
2363 4805 2606 4870 nomina,
2639 4820 2741 4859 una
2779 4803 2978 4858 dicitur
2996 4785 3128 4857 solis
3162 4803 3361 4868 civitas,
3398 4816 3521 4871 quae
3553 4802 3690 4856 mihi
3730 4801 3804 4855 vi-

2207 4899 2366 4955 detur
2421 4899 2616 4955 referri
2659 4899 2724 4953 ad
2747 4897 3122 4953 visum.Sii-ut
3158 4897 3305 4950 enim
3356 4907 3412 4950 ut
3441 4895 3694 4951 videatur
3733 4895 3805 4949 ci-

2206 4991 2366 5052 vitas,
2395 4992 2512 5047 snle
2533 5003 2585 5047 et
2607 4990 2732 5045 luna
2761 4988 2988 5059 indiget;
3015 4989 3085 5040 ita
3111 4997 3171 5041 ut
3213 4984 3358 5042 oculi
3391 4985 3568 5041 nostri
3611 4985 3803 5042 illumi-

2204 5093 2424 5149 nentur,
2457 5084 2766 5155 indigemus
2796 5083 2913 5138 sole
2932 5081 3181 5152 iustitiae.

2273 5178 2455 5249 (Vers.
2493 5177 2712 5248 19%|.)
2740 5177 2808 5232 In
2835 5177 2918 5231 die
2949 5174 3041 5229 illa
3067 5177 3160 5229 erit
3182 5175 3348 5229 altare
3376 5172 3587 5228 Domini
3607 5175 3664 5228 in
3694 5189 3797 5226 me-

2204 5273 2290 5327 dio
2317 5283 2466 5327 terra:
2494 5272 2718 5346 zEgypti
2735 5314 2751 5337 ,
2783 5282 2833 5328 et
2864 5272 3046 5326 titulus
3073 5273 3232 5342 juxta
3263 5271 3533 5324 terminum
3560 5273 3676 5342 ejus
3698 5267 3799 5321 Do-

2205 5367 2347 5420 mini.
2393 5364 2459 5420 Et
2496 5376 2592 5420 erit
2620 5367 2673 5419 in
2708 5367 2933 5439 signum,
2987 5375 3032 5418 et
3079 5365 3132 5417 in
3174 5363 3523 5418 testimonium
3576 5361 3797 5415 Domino

2204 5462 2518 5516 exercituum
2549 5463 2602 5515 in
2637 5472 2771 5515 terra
2813 5459 3055 5532 .Egypti.
3090 5457 3401 5513 Clamabunt
3431 5457 3569 5511 enim
3599 5456 3668 5510 ad
3695 5453 3798 5509 Do-

2202 5555 2397 5608 minum
2429 5571 2459 5605 α
2492 5555 2624 5625 facie
2654 5551 2954 5607 tribulantis
2987 5569 3006 5605 :
3037 5562 3084 5605 et
3119 5553 3280 5606 mittet
3327 5551 3398 5604 eis
3443 5547 3757 5605 Salvatorent
3779 5588 3793 5611 ,

2203 5659 2252 5704 et
2295 5658 2728 5721 propugnatorem
2753 5649 2841 5718 qui
2871 5645 3048 5700 liberet
3074 5663 3161 5700 eos
3190 5664 3206 5700 :
3239 5657 3286 5699 et
3315 5655 3648 5719 coynosretur
3671 5641 3797 5722 ,θο-

2207 5741 2376 5794 minus
2417 5744 2479 5794 ab
2512 5739 2768 5813 zEgyplO.
2809 5739 3231 5809 Consequenler
3270 5737 3335 5790 ad
3386 5736 3434 5789 id
3467 5739 3610 5806 quod
3641 5747 3794 5802 Supra

2205 5823 2456 5889 dixerat:
2491 5832 2558 5887 In
2585 5823 2670 5888 die
2710 5832 2805 5886 illa
2854 5845 3000 5886 erunt
3025 5823 3253 5902 quinque
3298 5831 3527 5908 civitates
3576 5831 3628 5882 in
3666 5839 3795 5880 terra

2215 5922 2430 6000 .ifqypti
2457 5926 2715 5998 loquentes
2743 5917 2925 5996 lingua
2951 5916 3297 5984 Chananilidv
3330 5927 3347 5977 ἔ
3376 5929 3422 5979 ιιι
3446 5918 3678 5986 iurantes
3703 5922 3788 5988 per
