4014 6484
181 357 268 417 257

642 348 1334 417 {COMMENTARIORUM
1372 351 1440 413 IN
1478 350 1710 414 iSAIAM

1848 325 2179 416 οριιιςτλιι
2215 355 2345 416 LIB.
2394 355 2504 429 vn,
2542 353 2704 417 CAP.
2745 354 2893 416 XIX.

3332 355 3443 415 258

179 471 423 528 Dominum
447 470 785 535 exercituum,
814 488 961 530 nunc
987 472 1220 531 infertur
1242 491 1261 530 :
1291 474 1403 531 Erit
1430 475 1598 531 altare
1630 473 1739 530 Do-
1764 478 1814 537 Α
1843 489 1940 530 eos
1966 475 2020 530 in
2054 474 2459 531 resurrectione
2503 474 2739 535 sanabit.
2775 484 2831 528 ut
2876 472 3094 531 illorum
3125 472 3446 531 vulneribus

179 567 283 621 mini
307 567 353 621 in
382 566 547 621 medio
577 577 727 622 terra:
758 567 1002 643 .Egypti,
1036 569 1183 641 quod
1222 567 1391 627 Ouias
1436 570 1736 627 secundum

176 657 439 728 Iosephum
487 658 724 732 (Antiqq.
778 659 869 715 lib.
915 676 1048 730 xm,
1093 678 1211 735 cap.
1244 663 1303 729 6)
1346 663 1488 719 male
1532 663 1736 718 intelli-

175 769 288 827 gens
312 753 534 823 implere
557 764 790 810 conatus
818 765 925 811 est.
970 755 1037 810 Et
1067 755 1261 812 titulus
1304 755 1521 812 Domini
1567 755 1740 813 conti-

175 863 290 904 nens
330 845 674 917 passionem,
706 846 759 901 in
790 864 900 915 quo
928 847 1194 917 scriptum
1221 857 1307 903 est
1338 847 1623 903 Hebraicis
1651 847 1741 903 lit—

172 932 304 1004 teris,
328 936 551 1005 Graecis,
579 945 637 993 et
666 936 872 993 Latinis
904 956 918 992 :
948 936 1103 993 Iesus
1147 937 1456 994 Nazarenus
1496 955 1590 994 rex
1634 936 1738 993 Ju-

171 1031 370 1087 daorutn
397 1027 578 1090 (Joan.
606 1028 749 1103 xu),
775 1032 827 1086 in
855 1030 1071 1101 signum
1098 1031 1385 1098 Crucis,et
1414 1032 1466 1085 in
1493 1029 1741 1087 testimo-

172 1126 296 1180 nium
342 1123 720 1179 universarum
778 1124 1059 1194 gentium,
1112 1138 1237 1194 qua:
1286 1137 1433 1179 nunc
1471 1121 1739 1195 Egyptus

166 1216 502 1286 appellantur.
533 1216 780 1286 Cumque
812 1215 1123 1283 persecutio
1151 1215 1395 1272 creverit
1419 1230 1447 1268 a
1482 1215 1622 1270 facie
1642 1214 1741 1270 tri-

169 1309 449 1365 bulantium
498 1308 738 1364 numinis
783 1306 1103 1375 Christiani,
1157 1316 1290 1365 tunc
1337 1309 1654 1366 clamabunt
1684 1309 1737 1365 in

167 1400 397 1459 cordibus
423 1402 538 1457 suis
568 1420 582 1456 :
612 1400 757 1456 Abba
784 1413 930 1475 pater
958 1401 1138 1474 (Rom.
1164 1402 1304 1472 vm).
1333 1402 1397 1458 Et
1426 1402 1602 1458 mittet
1631 1401 1738 1457 Do-

166 1498 320 1552 minus
342 1498 692 1552 exercituum
716 1495 1082 1561 Salvatorem,
1114 1494 1165 1551 id
1190 1503 1295 1563 est,
1324 1494 1536 1562 Iesum,
1568 1504 1624 1551 et
1645 1494 1741 1551 Ju-

167 1589 339 1657 diccm,
371 1590 462 1647 vel
509 1601 972 1662 propugnatorem
1003 1590 1096 1662 qui
1128 1590 1326 1647 liberet
1352 1605 1482 1657 eos,
1511 1600 1570 1645 ut
1602 1589 1739 1644 libe-

164 1685 251 1740 rati
290 1695 621 1756 cognoscant
669 1684 981 1750 Dominum,
1027 1691 1082 1739 et
1129 1684 1229 1753 ipsi
1280 1691 1738 1754 cognoscantura

166 1777 406 1845 Douiino;
436 1788 492 1834 et
518 1777 609 1832 uhi
652 1776 953 1831 abundavit
981 1766 1288 1845 peccatum.
1335 1774 1740 1846 superabuudct

1843 567 1977 623 ﬁdes
2004 567 2341 623 credentium
2387 566 2762 621 conﬁrmetur.
2798 564 2954 622 Unde
2985 577 3039 621 et
3077 565 3143 619 ad
3173 565 3276 620 Joh
3305 565 3443 621 dici-

1845 670 1969 717 tur:
2006 659 2172 715 Putas
2210 654 2290 715 me
2328 662 2420 715 tibi
2442 662 2591 715 aliter
2627 660 2878 727 locutum,
2920 661 3025 715 nisi
3065 667 3120 714 ut
3162 676 3441 732 apparares

1833 754 2056 826 justus?
2098 752 2220 823 Ipse
2250 752 2399 808 enim
2425 751 2673 809 dolorem
2704 751 2856 817 facit,
2885 760 2943 808 et
2984 750 3166 808 reddit
3191 751 3444 822 pristinae

1842 847 2094 911 sanitati;
2142 856 2193 901 et
2242 846 2425 901 visitat
2457 860 2645 902 servos
2687 861 2815 901 suos
2849 846 2903 901 in
2933 843 3103 916 virga.
3138 856 3194 899 ut
3223 845 3444 902 miseri-

1841 937 2085 994 cordiam
2113 954 2270 994 suam
2294 955 2402 994 non
2429 937 2640 994 auferat
2661 939 2729 994 ab
2757 939 2859 994 eis.
2895 938 3049 995 Unde
3091 938 3238 1003 illim,
3262 950 3316 995 et
3343 956 3444 996 nu-

1842 1048 1956 1101 rus,
1990 1048 2113 1103 qua:
2138 1034 2365 1087 multum
2395 1042 2781 1102 peccaverunt,
2804 1042 2857 1087 et
2882 1031 3332 1088 divarieaverunt
3351 1047 3447 1104 pe-

1842 1125 1940 1181 des
1961 1139 2090 1181 suos
2112 1128 2256 1181 omni
2293 1126 2622 1191 transeunti,
2654 1139 2760 1179 non
2794 1122 3083 1180 visitantur
3110 1141 3287 1197 neque
3316 1140 3444 1182 cor-

1842 1219 2138 1290 ripiuntur,
2165 1217 2382 1277 dicente
2407 1219 2574 1291 299
2602 1216 2830 1273 Domino
2854 1235 2869 1273 :
2904 1216 3026 1272 Non
3051 1218 3268 1273 visitabo
3287 1235 3443 1288 super

1843 1311 1981 1382 ﬁlias
2010 1321 2222 1378 vestras,
2264 1328 2381 1366 cum
2416 1314 2611 1382 fuerint
2647 1312 2959 1382 fornicata:
2999 1321 3045 1367 el
3085 1328 3239 1381 super
3280 1328 3444 1367 nurus

1842 1416 2052 1472 vestras,
2085 1420 2199 1457 cum
2219 1403 2620 1458 adnlleraverint
2643 1402 2790 1473 (Ose.
2816 1418 2895 1470 Iv,
2921 1403 3033 1472 Η).
3055 1402 3295 1459 Perculit
3314 1418 3446 1476 ergo

1843 1490 2131 1566 Egyptios
2154 1496 2438 1565 Dominus,
2470 1512 2578 1551 non
2608 1497 2750 1567 igne,
2784 1512 2890 1551 non
2917 1495 3121 1566 gladio,
3151 1497 3246 1552 sed
3273 1498 3443 1570 virga.

1843 1589 1975 1658 Quis
2005 1590 2157 1645 enim
2183 1590 2324 1645 [ilius
2367 1601 2489 1658 est,
2542 1606 2703 1662 quem
2748 1607 2854 1646 non
2900 1593 3115 1648 erudiat
3159 1594 3345 1663 pater?
3376 1593 3448 1652 Ut

1843 1692 2131 1753 postquam
2165 1683 2340 1738 sanati
2374 1683 2598 1750 fuerint,
2630 1689 2976 1741 revertantur
3015 1685 3083 1741 ad
3128 1685 3438 1757 Dominum,

1844 1786 1895 1830 et
1931 1776 2175 1845 placetur
2203 1777 2304 1845 eis,
2332 1786 2390 1833 et
2429 1792 2644 1833 rursum
2678 1789 2837 1833 sanet
2880 1795 2997 1835 eos.
3036 1779 3267 1849 Semper
3295 1782 3441 1837 enim

164 1875 307 1941 gratia
338 1870 520 1934 (Rom.
549 1866 629 1939 v).
658 1868 834 1925 Unum
867 1877 1049 1924 autem
1079 1868 1252 1923 altare
1273 1866 1517 1941 Aﬂgypti,
1550 1866 1602 1923 id
1632 1875 1737 1934 est,
1770 1873 1820 1935 Β
1845 1867 2154 1939 indigemus
2181 1868 2560 1924 misericordia
2595 1869 2711 1936 Dei,
2744 1881 2799 1927 et
2834 1872 3015 1928 nullus
3043 1882 3127 1929 est
3152 1871 3274 1928 linis
3322 1873 3443 1944 ejus

162 1962 324 2018 mundi
367 1963 529 2019 istius
569 1962 788 2028 dicitur,
821 1972 881 2018 ut
906 1972 1101 2019 cuncta
1132 1963 1347 2029 altaria,
1373 1978 1497 2034 qua:
1540 1974 1732 2018 contra

163 2056 399 2113 Ecclesiae
450 2057 733 2129 eriguntur
778 2056 974 2118 altare.
1025 2058 1265 2112 sciamus
1300 2071 1425 2112 esse
1467 2071 1574 2111 non
1627 2056 1733 2110 Do-

165 2155 294 2207 mini.
338 2151 520 2219 Usque
558 2152 627 2207 ad
676 2153 840 2207 linem
895 2153 1120 2208 visionis
1150 2151 1444 2225 Egyptian,
1491 2151 1545 2206 in
1597 2151 1735 2206 libro

165 2243 555 2312 Explanationis
587 2244 893 2312 Historicm,
940 2246 1064 2316 quia
1111 2244 1395 2301 manifesta
1444 2242 1732 2315 prophetia

160 2348 279 2405 erat,
333 2338 502 2412 298
555 2338 798 2396 diximus
835 2339 981 2412 quod
1057 2351 1259 2397 cuncta
1314 2337 1624 2396 referantur
1667 2337 1737 2395 ad

159 2431 433 2509 Christum.

220 2525 383 2597 (νει-ς.
417 2524 538 2597 20.)
570 2523 640 2580 Ει
677 2534 986 2599 cognoscent
1006 2525 1248 2600 .«Egyptii
1272 2524 1552 2580 Dominum
1578 2526 1633 2580 in
1651 2526 1737 2581 die

157 2616 238 2672 illa
265 2634 282 2674 :
308 2630 353 2675 et
379 2618 553 2673 colent
577 2636 692 2674 eum
727 2620 780 2673 in
803 2618 1009 2684 hostiis,
1031 2627 1079 2673 et
1101 2634 1267 2672 mune.
1286 2618 1420 2683 ibus,
1444 2628 1490 2672 et
1513 2626 1630 2672 vota
1651 2634 1738 2672 vo-

155 2712 315 2769 rebunt
338 2714 584 2782 Domino,
609 2723 655 2770 et
672 2716 888 2769 solvent.
933 2712 996 2767 Et
1017 2714 1262 2786 percutiet
1284 2710 1539 2767 Dominus
1560 2710 1735 2786 Ερυ-

156 2791 278 2879 ptum
296 2806 477 2882 plaga,
500 2815 547 2863 et
566 2806 772 2862 sanabit
791 2823 903 2862 eam
919 2823 938 2861 :
954 2816 1001 2861 et
1022 2815 1333 2862 revertentur
1352 2805 1421 2861 ad
1436 2805 1734 2873 Dominum,

156 2908 199 2953 et
213 2899 499 2972 placubitnr
519 2900 616 2966 eis,
637 2908 684 2955 et
706 2898 908 2954 sanabit
929 2916 1035 2954 eos.
1066 2899 1357 2969 P05Iquam
1380 2899 1739 2969 cognoverint

156 2989 369 3066 Egyptii
404 2995 724 3060 Dominum,
753 2994 933 3049 colent
959 3008 1084 3048 eum
1123 2994 1175 3047 in
1206 2991 1399 3046 hostiis
1433 2989 1733 3061 spirituali-

155 3088 242 3145 bus
263 3100 315 3146 et
343 3070 701 3154 muneribus;
733 3100 787 3147 et
818 3097 946 3144 vota
977 3089 1251 3144 vovelutnt
1283 3086 1517 3141 Domino
1542 3093 1598 3139 et
1622 3084 1735 3140 sol-

153 3197 291 3253 vent;
321 3196 346 3224 ι
371 3199 427 3243 et
459 3184 647 3242 dicent
673 3201 795 3241 cum
825 3183 993 3240 David
1027 3201 1039 3236 :
1078 3181 1414 3248 Sacri/icium
1440 3177 1553 3235 Deo
1573 3178 1735 3249 spiri-

1839 1959 2166 2016 clementim.

1911 2053 2093 2124 (Vers.
2118 2054 2234 2126 23.)
2267 2054 2333 2111 In
2354 2056 2438 2111 die
2457 2055 2551 2112 illa
2570 2059 2666 2113 erit
2687 2059 2767 2113 uia
2808 2059 2873 2115 de
2910 2058 3145 2135 Egypto
3182 2063 3236 2117 in
3274 2062 3440 2136 Assy-

1839 2148 1942 2203 rios
1965 2164 1983 2202 :
2005 2156 2050 2202 et
2072 2148 2285 2204 intrabit
2305 2150 2546 2222 Assyrius
2585 2153 2640 2206 in
2660 2151 2974 2227 .Egyptum,
2998 2162 3048 2209 et
3069 2153 3353 2229 Egyptius
3382 2158 3439 2213 in

1838 2240 2078 2312 Assyrios
2100 2259 2119 2297 :
2139 2251 2185 2297 et
2206 2243 2424 2298 servient
2446 2243 2690 2318 /Eggplit°
2722 2247 2970 2318 Assyriis.
3004 2249 3291 2315 Quomodo
3333 2264 3443 2306 ca:-

1841 2342 1955 2389 tera
2003 2350 2126 2404 quae
2191 2336 2509 2406 prmeeduut
2555 2339 2609 2392 in
2657 2337 2856 2394 bonam
2911 2352 3121 2409 partem
3171 2342 3442 2399 accidisse

1843 2424 2113 2511 Egyptiis
2134 2428 2654 2499 demonstravimus,
2686 2434 2931 2504 quinque
2971 2435 3225 2491 videlicet
3252 2436 3443 2493 ebita-

1843 2531 1924 2575 tes
1953 2524 2006 2575 in
2044 2535 2188 2577 terra
2211 2512 2407 2579 eorum
2438 2523 2726 2595 loquentes
2757 2527 2939 2599 lingua
2971 2527 3354 2597 (.hauanit’ide,
3387 2539 3446 2588 et

1836 2612 2086 2684 jurautes
2132 2630 2229 2685 per
2275 2615 2566 2671 Dominum
2614 2627 2670 2673 et
2696 2618 2874 2676 altare
2914 2621 3129 2677 Domini
3164 2625 3215 2679 in
3262 2623 3444 2680 medio

1844 2713 2006 2760 ιειιίυ
2054 2705 2275 2780 Egypti
2326 2708 2680 2778 collocatum,
2728 2722 2782 2766 et
2810 2713 3047 2778 titulum,
3098 2724 3158 2773 et
3198 2719 3444 2774 testimo-

1844 2797 2019 2867 nium,
2047 2811 2099 2856 et
2132 2804 2365 2872 signum,
2394 2812 2451 2858 et
2491 2804 2845 2875 salvatorem,
2876 2810 2967 2878 qui
3019 2807 3274 2867 liberaret
3311 2827 3439 2879 eos;

1842 2904 1899 2951 et
1928 2897 2070 2965 quod
2103 2898 2360 2953 Dominus
2382 2913 2810 2971 cognosceretur
2832 2904 2900 2959 ab
2927 2902 3227 2976 Egyptiis,
3257 2913 3314 2961 et
3335 2905 3440 2977 ipsi

1842 3002 2235 3059 cognoscerent
2273 3006 2428 3059 etilli;
2460 3002 2511 3048 et
2537 2995 2685 3065 qttod
2718 2994 2983 3052 offerrent
3011 2998 3220 3054 hostias
3245 3008 3304 3055 et
3325 3016 3444 3056 mu-

1844 3096 1999 3145 nera,
2033 3093 2089 3139 et
2119 3095 2245 3139 vma
2279 3086 2659 3155 persolverent
2703 3098 2759 3144 et
2803 3091 3044 3160 percussi
3092 3099 3442 3163 sanarentur,

1844 3186 1899 3233 et
1934 3188 2341 3236 reverterentur
2370 3181 2438 3239 ad
2475 3182 2791 3251 Dominum,
2820 3193 2875 3239 et
2905 3186 3210 3255 placaretur
3246 3186 3349 3251 eis,
3388 3194 3446 3242 et

154 3288 225 3334 tus
265 3280 641 3336 contribulatus
682 3277 801 3351 (Ps.
824 3295 857 3335 ι,
877 3320 892 3344 ,
928 3277 1054 3349 t9);
1089 3284 1147 3332 et
1180 3294 1193 3331 :
1223 3274 1457 3331 Eleuatio
1491 3290 1737 3329 manuum
1764 3263 1813 3329 C
1844 3270 2040 3326 iterum
2063 3282 2391 3329 sanarentur
2415 3291 2429 3329 :
2454 3275 2532 3330 sic
2554 3285 2609 3331 et
2640 3277 2742 3332 hoc
2765 3277 2906 3348 quod
2934 3282 3205 3340 sequitur.
3236 3277 3445 3336 servire

154 3387 361 3428 mearum
384 3373 707 3445 sacriﬁcium
733 3372 1079 3439 vespertinum
1099 3368 1218 3438 (Ps.
1245 3385 1371 3435 CXL,
1395 3368 1455 3440 ‘2)
1481 3385 1495 3430 ;
1523 3367 1741 3440 quando

154 3463 423 3520 credentes
456 3465 510 3519 in
544 3462 892 3528 Nazarmum,
918 3474 973 3518 et
1000 3461 1106 3534 ipsi
1132 3463 1338 3518 iuerint
1368 3461 1632 3525 Nazaraci,
1663 3461 1743 3517 vi-

152 3572 265 3613 num
294 3567 347 3612 et
370 3559 611 3615 siceram
641 3574 748 3612 non
782 3556 1030 3612 bibentes
1056 3554 1241 3625 (Joan.
1274 3554 1417 3626 xu),
1445 3565 1499 3612 et
1526 3565 1741 3611 acetum

152 3653 280 3722 quod
314 3653 550 3708 Domino
583 3651 925 3721 propinatum
954 3657 1039 3705 est
1061 3690 1078 3717 ,
1119 3658 1175 3705 et
1204 3664 1562 3721 qumcumque
1608 3648 1745 3704 ﬁunt

150 3757 210 3799 es
242 3761 340 3801 uva
366 3743 731 3802 Sodomitica.
762 3742 1009 3813 Cumque
1041 3750 1166 3797 vota
1213 3744 1580 3811 persolvertnt
1619 3755 1743 3796 cum

148 3836 295 3905 Abel,
322 3848 378 3893 et
408 3836 723 3909 respexerit
751 3850 814 3891 ea
844 3835 1015 3898 Deus,
1063 3833 1328 3890 invidebit
1368 3837 1535 3890 lrater
1571 3833 1745 3904 major

148 3927 289 3997 Cain,
333 3930 387 3986 id
425 3939 548 3995 est,
601 3927 1048 3985 Circumcisionis
1098 3928 1351 4000 populus,
1395 3938 1449 3984 et
1506 3927 1747 3984 clI’undet

150 4021 458 4091 sanguinem
497 4021 883 4089 christianum,
916 4023 1012 4092 qui
1044 4020 1305 4076 clamabit
1336 4020 1405 4075 ad
1455 4020 1742 4076 Dominum

147 4114 348 4187 (Cenes.
383 4116 462 4189 iv)
488 4133 503 4183 ;
533 4126 591 4173 et
612 4116 816 4171 idcirco
846 4115 1161 4186 egredietur
1186 4131 1217 4170 a
1246 4114 1383 4170 facie
1404 4115 1525 4181 Dei,
1558 4114 1745 4170 dicens

148 4208 209 4261 de
233 4208 529 4265 Salvatore
572 4227 587 4266 :
634 4207 914 4281 Cruciﬁge,
962 4208 1207 4283 cruciﬁge
1227 4224 1342 4263 eum
1384 4206 1540 4281 (Luc.
1588 4222 1743 4275 χχιιι,

148 4299 268 4373 il);
290 4314 347 4360 et
377 4324 393 4360 :
425 4301 545 4359 Nos
573 4318 677 4357 non
701 4303 946 4358 [iubemus
966 4318 1134 4375 regem
1154 4302 1255 4356 nisi
1277 4298 1532 4357 Ctesarem
1558 4301 1743 4372 (Joan.

146 4409 256 4462 nx,
286 4395 402 4471 t5).
446 4396 649 4452 Votum
680 4393 844 4452 ot'l‘ert
886 4405 945 4471 et
994 4396 1160 4451 solvit
1211 4397 1472 4463 Domino,
1523 4396 1614 4466 qui
1663 4404 1748 4452 cst

143 4468 364 4545 sanctus
400 4504 647 4558 corpore
690 4497 746 4543 et
792 4468 1008 4559 spiritu.
1061 4486 1259 4544 Votum
1309 4488 1508 4544 obtulit
1543 4499 1598 4545 et
1642 4486 1748 4544 Za-

144 4579 343 4647 clu'us,
389 4583 485 4653 qui
521 4580 757 4636 mediam
797 4588 1008 4650 partem
1040 4579 1366 4636 substantia:
1396 4594 1513 4635 sua:
1546 4594 1747 4651 paupe-

1844 3360 2130 3435 Aigyptios
2183 3367 2445 3438 Assyriis,
2480 3367 2533 3422 in
2566 3366 2761 3424 bonam
2811 3379 3019 3440 partem
3062 3370 3440 3443 accipiendum

1845 3468 1950 3513 est.
1996 3456 2180 3514 Servit
2203 3460 2349 3515 enim
2374 3470 2430 3515 et
2454 3461 2751 3532 Apo~tolus
2778 3463 3171 3531 credentibus,
3204 3475 3262 3518 ut
3304 3463 3445 3520 lucri

1844 3565 1940 3607 eos
1969 3551 2133 3608 furiat
2178 3552 2225 3616 (I
2257 3552 2376 3609 Cor.
2405 3556 2503 3626 ιιι).
2536 3555 2605 3611 Et
2636 3554 2778 3611 Esau
2819 3557 3115 3627 subjicitur
3144 3558 3297 3613 fratri
3341 3574 3443 3615 suo

1843 3642 2017 3701 Jacob
2047 3645 2258 3716 (Cenes.
2304 3650 2519 3721 xxxiii),
2554 3661 2611 3703 ut
2645 3653 2923 3723 particeps
2972 3650 3066 3707 liat
3113 3651 3445 3708 benedictio-

1848 3754 1976 3795 num
2008 3741 2141 3812 ejus.
2178 3741 2347 3811 Igitur
2369 3744 2461 3815 qui
2496 3741 2708 3811 priores
2727 3745 2797 3801 de
2817 3746 3071 3817 gentibus
3100 3746 3294 3801 salvati
3323 3745 3443 3801 lue-

1846 3835 1980 3900 rint,
2008 3847 2057 3890 et
2086 3834 2376 3891 habuerint
2399 3837 2451 3891 in
2474 3851 2534 3892 se
2560 3837 2734 3892 altare.
2765 3838 3001 3905 Domini,
3030 3852 3125 3893 eos
3143 3838 3236 3909 qni
3267 3838 3320 3892 in
3343 3838 3448 3894 du-

1846 3927 1969 3983 ritia
1999 3938 2375 3998 perseverant,
2425 3942 2521 3983 sua
2566 3931 2832 3985 servitute
2877 3930 3184 3997 salvabuut,
3214 3939 3269 3986 et
3294 3945 3448 3986 com-

1846 4022 2108 4077 mixtione
2137 4036 2201 4076 ac
2228 4023 2493 4077 societate
2522 4037 2740 4089 eorum,
2771 4022 2870 4093 ipsi
2905 4033 3133 4094 pergeut
3173 4021 3242 4077 ad
3270 4024 3447 4096 Assy-

1848 4114 1979 4175 rios.
2016 4122 2073 4169 ut
2116 4115 2371 4186 Assyrio»
2401 4113 2606 4171 ducant
2643 4115 2712 4170 ad
2760 4114 3087 4188 Egyptum;
3141 4122 3198 4171 et
3230 4123 3445 4185 postea

1848 4207 2056 4276 possint
2077 4206 2144 4260 ad
2170 4207 2527 4262 lsraeliticum
2559 4208 2821 4279 popttlnm
2851 4208 3162 4279 pervenire.
3191 4206 3274 4263 0b
3304 4205 3448 4263 hanc

1848 4313 2066 4355 causam
2100 4314 2246 4365 reor,
2278 4309 2333 4356 et
2369 4300 2584 4355 tidelem
2611 4298 2903 4356 mulierem
2936 4301 3141 4356 servire
3172 4298 3290 4353 viro
3321 4298 3475 4353 inti-~

1848 4392 1979 4460 deli,
2015 4403 2073 4448 ut
2103 4393 2366 4465 paulatim
2407 4409 2532 4450 eum
2562 4392 2630 4450 de
2657 4391 2918 4467 Egypto,
2962 4402 3020 4451 et
3042 4391 3287 4467 Assyriis
3326 4408 3450 4464 per-

1850 4487 2028 4543 trahat
2052 4487 2117 4543 ad
2143 4486 2413 4543 .ludzeam.

1923 4581 2105 4654 (Vers.
2140 4582 2228 4650 25,
2255 4580 2376 4653 26.)
2402 4579 2472 4637 In
2497 4581 2585 4638 die
2604 4581 2698 4637 illa
2724 4578 2825 4638 erit
2848 4579 3018 4637 Israel
3041 4581 3219 4637 tertius
3240 4578 3451 4653 Αἰσυμ-

140 4673 284 4731 ribus
301 4673 628 4748 repromisit
653 4673 802 4749 (Luc.
823 4672 957 4746 xu).
975 4674 1271 4741 Quaeritur,
1299 4672 1346 4729 si
1367 4672 1618 4744 [Egyptis
1639 4674 1744 4729 sol-
1772 4661 1828 4725 Β
1853 4675 1923 4729 tio
1943 4684 1990 4729 et
2012 4674 2245 4746 Assyrio,
2269 4674 2553 4730 benedictio
2574 4676 2628 4730 in
2668 4673 2837 4729 medio
2856 4682 3027 4735 terrae.
3069 4675 3153 4727 cui
3190 4672 3449 4728 benedixit

142 4781 292 4824 valor
320 4779 381 4825 et
411 4779 790 4841 propugnator
815 4778 898 4822 est
933 4766 1132 4821 missus
1161 4768 1251 4837 qui
1300 4767 1499 4823 liberet
1540 4783 1637 4823 eos
1677 4768 1747 4824 de

139 4864 435 4934 angustiis,
462 4862 742 4933 quomodo
771 4876 916 4916 nunc
936 4859 1148 4916 dicatur
1171 4879 1184 4915 :
1216 4858 1475 4915 Perculiel
1499 4859 1748 4915 Dominus

142 4956 441 5033 «Egyptian
470 4958 673 5034 plaga?
697 4957 803 5016 Sed
841 4955 1254 5013 consideremus
1279 4956 1422 5028 quod
1455 4958 1703 5027 sequitur
1730 4972 1743 5009 :

141 5048 204 5107 Et
229 5052 447 5109 sanabit
474 5068 610 5108 eam.
640 5051 813 5120 Quem
843 5052 987 5104 enim
1011 5048 1190 5121 diligit
1218 5050 1501 5114 Dominus,
1523 5050 1753 5121 corripit

140 5143 327 5217 (Hebr.
361 5147 494 5216 xtl).
532 5145 597 5200 Et
643 5144 760 5215 ipse
806 5142 1059 5200 Silvator
1101 5142 1157 5196 iu
1186 5145 1528 5212 sexagesimo
1557 5154 1749 5199 octavo

137 5238 362 5296 Psalmo
393 5236 643 5310 loquitur
663 5236 730 5292 ad
756 5235 972 5293 I’atreut
1009 5253 1039 5301 ε,
1060 5235 1321 5302 Quoniam
1357 5252 1505 5305 quem
1533 5246 1589 5291 tu
1636 5253 1754 5302 per-

138 5336 368 5401 cussisti,
400 5333 504 5405 ipsi
525 5332 772 5405 persecuti
792 5340 910 5386 sunt
934 5347 953 5385 :
974 5338 1022 5385 et
1043 5347 1197 5400 super
1218 5327 1452 5384 dolorem
1485 5332 1753 5386 vulnerum

135 5440 372 5482 meorum
393 5424 715 5480 addiderunt
738 5422 913 5493 (Psal.
938 5440 1124 5487 LXVIII,
1142 5423 1259 5494 27).
1294 5423 1351 5479 Si
1380 5440 1511 5496 ergo
1536 5426 1756 5496 proprio

135 5518 249 5575 ﬁlio
280 5537 398 5576 non
440 5518 705 5590 pepercit,
734 5518 829 5575 sed
863 5518 1086 5575 tradidit
1105 5534 1231 5575 eum
1266 5535 1363 5591 pro
1396 5519 1577 5585 nobis,
1611 5530 1664 5573 ιιι
1693 5520 1758 5575 il-

132 5613 239 5672 lius
294 5617 515 5681 livore,
547 5623 606 5671 et
633 5614 949 5671 vulneribus
994 5630 1319 5673 sanaremur
1361 5614 1553 5697 (Rom.
1584 5615 1701 5687 vut)
1740 5634 1755 5671 :

134 5710 372 5768 tradidit.
409 5709 674 5766 Dominus
702 5720 759 5766 et
798 5720 1072 5782 martyres
1094 5710 1361 5782 passioni,
1411 5708 1510 5767 sed
1540 5722 1758 5765 rursum

207 5914 238 5947 ι
275 5902 459 5971 Vat.,
482 5910 538 5958 ut
566 5898 743 5958 dicant
773 5919 892 5960 cum
918 5896 1121 5959 David.

1851 4766 2103 4823 Dominus
2130 4770 2469 4832 exercituum,
2493 4766 2670 4823 dicens
2694 4784 2714 4821 :
2734 4767 3042 4823 Benedictus
3062 4764 3284 4840 papulas
3304 4781 3449 4821 meus

1852 4859 2094 4931 ngypti.
2117 4869 2166 4916 et
2195 4877 2324 4934 opus
2345 4877 2591 4916 manuum
2612 4876 2837 4915 mearum
2874 4861 3116 4933 Assyrius
3136 4875 3158 4914 :
3177 4859 3453 4916 Itwrrditas

1851 4964 2023 5010 autem
2043 4970 2158 5009 mea
2180 4953 2369 5011 Israel.
2398 4956 2614 5011 Tertius
2638 4955 2745 5010 erit
2772 4954 2940 5011 Israel
2970 4957 3023 5010 in
3055 4954 3293 5028 Egypto
3316 4965 3370 5010 et
3396 4956 3450 5012 itt

1853 5048 2114 5122 Assyriis,
2148 5062 2204 5105 ιιι
2233 5066 2450 5108 omnem
2492 5066 2730 5111 massam
2767 5067 2884 5108 sua:
2906 5051 3313 5108 benedictionis
3339 5050 3454 5115 fer,-

1856 5158 2044 5198 memo
2071 5143 2320 5213 misceat,
2347 5153 2401 5201 et
2428 5145 2523 5216 qui
2555 5147 2709 5217 prius
2733 5155 2925 5202 contra
2958 5161 3019 5202 se
3045 5143 3321 5201 hostiliter
3343 5144 3456 5199 dis-

1855 5238 2129 5303 sidebant,
2158 5237 2259 5294 hac
2280 5238 2683 5295 benedictionis
2709 5238 2875 5294 ﬁbula
2901 5238 3255 5309 copulentur;
3293 5234 3457 5308 300

1857 5343 1912 5388 et
1940 5334 2013 5386 sit
2044 5331 2275 5403 populus
2304 5332 2396 5387 Dei
2423 5330 2717 5405 Egyptns,
2757 5339 2815 5387 et
2855 5345 2995 5402 opus
3036 5344 3294 5385 manuum
3334 5327 3457 5398 ejus

1857 5426 2135 5498 Assyrius,
2172 5424 2469 5481 hmreditas
2515 5434 2697 5481 autem
2723 5425 2842 5493 ejus
2887 5424 3077 5482 Israel.
3128 5421 3459 5479 Benedictus

1861 5529 1944 5574 est
1972 5517 2263 5590 Egyptius
2304 5518 2566 5589 Domino,
2602 5519 2725 5590 quia
2757 5517 2974 5574 lsraelis
2999 5517 3264 5573 societate
3294 5515 3462 5573 bene-

1863 5610 2076 5667 dicitur.
2108 5610 2178 5665 Et
2195 5627 2335 5683 opus
2364 5626 2623 5669 manuum
2655 5610 2776 5683 ejus
2801 5610 3083 5683 Assyrius,
3114 5610 3238 5681 quia
3262 5608 3316 5664 in
3340 5607 3462 5679 ipso

1864 5720 2020 5763 suam
2060 5706 2414 5765 clementiam
2436 5707 2857 5766 demonstravit.
2889 5705 3058 5765 Israel
3085 5716 3268 5765 autem
3309 5705 3461 5768 solus
