4014 6462
556 366 666 430 259

1804 355 1863 413 ε.
1905 337 2180 414 EUSEBll
2208 334 2591 412 manou‘vut

3756 326 3847 407 iui

557 492 743 557 potest
769 481 953 538 dicere
985 495 1000 535 :
1053 478 1189 535 Pars
1218 493 1333 534 mea
1357 475 1611 533 Dominus
1660 471 1879 547 (Thren.
1907 487 1993 541 ut,
2032 471 2161 543 24);
2191 471 2247 533 Α
2270 468 2512 545 Ᾱᾷεγριῑ,
2543 468 2698 525 ibunt
2737 446 2989 540 juvenes,
3020 468 3076 523 et
3103 480 3289 533 senes,
3317 466 3410 538 qui
3440 462 3494 522 in
3540 463 3747 521 malitia
3777 483 3851 521 ro-

560 579 653 650 qui
683 584 870 632 mente
899 572 1169 645 conspicit
1198 572 1391 637 Deum,
1437 576 1493 624 et
1519 566 1639 641 ejus
1662 564 1955 623 haereditas
1979 564 2164 636 appel-

562 673 728 729 lator.

638 764 794 842 (Cap.
819 762 1196 823 ΧΧᾸ-Ἶθιιε,
1226 761 1252 819 1
1282 758 1467 833 seqq.)
1498 760 1649 814 Anno
1668 773 1770 831 quo
1808 758 2069 830 ingressus
2092 762 2165 810 est

560 859 795 919 Tltartan
819 861 870 916 in
893 861 1114 916 Azotum
1136 873 1154 913 :
1177 871 1295 912 cum
1316 854 1535 910 misisset
1559 868 1674 909 eum
1707 851 1913 922 Sargon
1940 864 2036 904 rex
2058 849 2167 903 -Αε-

571 948 853 1027 syriorum,
877 962 924 1006 et
947 958 1230 1025 pugnasset
1249 956 1431 1004 contra
1453 946 1693 1011 Azotum,
1711 952 1760 999 et
1780 942 1990 1015 cepisset
2012 957 2125 997 eam
2148 953 2166 994 :

557 1047 622 1102 'in
655 1057 883 1119 tempore
913 1043 1008 1109 illo
1030 1043 1235 1099 locutus
1260 1052 1331 1098 est
1356 1040 1614 1096 Dominus
1634 1039 1687 1095 in
1710 1035 2045 1119 manullsaia:
2069 1034 2169 1104 filii

572 1138 752 1202 Amos,
779 1138 956 1193 dicens
981 1153 1000 1192 :
1025 1136 1173 1192 Vade
1195 1145 1241 1190 et
1261 1135 1400 1189 solve
1420 1147 1624 1189 saccum
1662 1132 1725 1186 de
1748 1129 1934 1185 lumbis
1975 1128 2096 1193 tuis,
2123 1134 2171 1178 ct

569 1234 909 1290 calciamenta
928 1243 1019 1288 tua
1040 1231 1163 1286 tolle
1183 1231 1248 1287 de
1264 1230 1480 1303 pedibus
1502 1229 1632 1281 tuis:
1655 1234 1700 1281 et
1722 1225 1841 1295 fecit
1861 1223 1958 1290 sic,
1980 1220 2170 1277 uadens

575 1328 745 1384 nudus
767 1336 815 1383 et
841 1326 1192 1383 discalciatus.
1218 1324 1287 1381 Et
1307 1325 1437 1380 dixit
1458 1321 1715 1378 Dominus
1738 1338 1756 1376 :
1776 1321 1910 1376 sicut
1935 1316 2169 1372 ambula-

570 1422 642 1478 cit
672 1439 847 1478 servus
870 1438 1012 1477 meus
1039 1420 1213 1477 Isaias
1251 1420 1421 1475 nudus
1444 1428 1492 1473 et
1512 1398 1871 1483 discalciatus:
1896 1415 2051 1469 trium
2070 1428 2170 1467 an-

563 1524 765 1571 ‘norum
794 1515 1002 1589 signum
1019 1524 1065 1570 et
1088 1522 1383 1584 portentum
1411 1513 1505 1567 erit
1530 1526 1683 1583 super
1704 1507 1993 1581 zEgyptum
2017 1515 2066 1561 et
2085 1521 2173 1559 su—

570 1622 662 1680 per
689 1600 1039 1680 «Ethiopians.
1062 1604 1156 1662 Sic
1193 1604 1408 1660 minabit
1433 1620 1525 1659 rex
1549 1602 1875 1674 Assyriorum
1904 1598 2175 1670 captiuita-

574 1708 677 1754 tem
701 1696 774 1753 1E
779 1700 946 1772 gypti,
972 1708 1017 1755 et
1039 1698 1550 1769 transmigrationem
1572 1692 1880 1765 ίΕιΙιὶορὶω,
1898 1692 2169 1764 juvenum,

576 1801 623 1847 et
644 1807 849 1858 senum,
883 1790 1077 1845 nudam
1098 1801 1145 1845 et
1172 1788 1551 1852 discalcintam,
1593 1785 1931 1856 discoopertis
1968 1782 2173 1837 natibus

2269 562 2443 637 borati
2473 570 2620 629 sunt,
2650 568 2706 617 et
2733 561 2796 615 ad
2828 558 3089 631 perfecta:
3110 558 3288 615 astatis
3316 559 3450 615 vitia
3474 570 3848 631 pervenerunt,

2268 655 2432 721 nudi,
2461 664 2524 711 ut
2550 656 2731 711 omnia
2768 670 2960 712 eorum
3009 655 3217 711 scelera
3263 663 3486 726 pateant
3518 653 3687 727 (Nihil
3718 654 3849 710 enim

2268 748 2425 820 (Luc.
2442 765 2554 816 vnt,
2574 749 2630 821 7)
2656 747 2928 804 occultum
2956 746 3101 821 quod
3127 762 3235 804 non
3262 744 3655 819 revelabitur),
3680 747 3855 805 etdis—

2268 841 2505 910 calciati,
2561 841 2686 914 quia
2718 839 2926 898 Pascha
2960 841 3176 898 Domini
3223 840 3518 898 comedere
3556 855 3668 898 non
3715 851 3855 913 pote-

2270 949 2398 993 runt
2432 954 2447 992 :
2480 936 2624 1008 quod
2669 937 2761 1009 qui
2795 936 3057 1006 comedit,
3088 938 3364 993 accinctos
3411 935 3578 997 habet
3620 936 3855 1007 lumbos,

2271 1038 2326 1087 et
2349 1038 2500 1087 tenet
2527 1046 2688 1086 manu
2721 1030 2996 1099 baculum,
3027 1044 3081 1086 et
3112 1030 3358 1088 calciatis
3388 1040 3495 1088 stat
3523 1030 3776 1104 pedibus,
3804 1047 3859 1091 ne

2273 1139 2372 1197 per
2396 1123 2583 1179 smculi
2630 1122 2790 1193 hujus
2813 1122 3166 1180 solitudinem
3202 1123 3499 1193 transiens,
3533 1140 3563 1179 a
3607 1126 3859 1197 serpenti-

2270 1216 2377 1273 bus
2398 1216 2715 1272 mordeatur
2740 1213 2937 1289 (Exod.
2969 1213 3093 1287 xu).
3127 1214 3281 1272 Tunc
3306 1216 3670 1287 discoopertte
3715 1224 3862 1274 erunt

2272 1318 2432 1365 nates
2461 1324 2673 1379 eorum,
2737 1323 2836 1380 per
2863 1323 2997 1379 quas
3028 1318 3240 1365 stercus
3280 1308 3547 1380 egeritur,
3598 1317 3653 1364 ct
3698 1310 3861 1366 omnis

2276 1403 2575 1475 ignominia
2610 1401 2835 1476 Egypti
2879 1402 3373 1472 demonstrabilur,
3423 1406 3497 1460 ita
3547 1415 3605 1460 ut
3643 1406 3861 1463 coniun-

2277 1493 2478 1551 dautur
2502 1495 2592 1566 qui
2620 1493 2931 1551 habuerunt
2958 1509 3108 1566 spem
3141 1497 3194 1551 in
3236 1494 3472 1569 Egypto
3502 1505 3559 1553 et
3582 1497 3635 1553 in
3664 1496 3863 1554 Ethice

2276 1589 2387 1659 pia,
2423 1594 2480 1643 et
2516 1585 2745 1658 gloriam
2792 1601 2945 1643 suam
2982 1588 3035 1642 in
3064 1586 3446 1645 confusionem
3475 1587 3719 1645 viderint
3759 1603 3866 1647 esse

2276 1689 2543 1735 mutatam
2578 1698 2590 1735 :
2624 1679 2679 1736 in
2706 1687 2941 1749 tantum,
2970 1692 3025 1736 ut
3060 1678 3336 1738 habitator
3373 1682 3565 1738 insulto
3610 1682 3797 1754 hujus,
3822 1684 3866 1741 id

2279 1780 2385 1841 est,
2417 1773 2624 1839 saeculi,
2656 1774 2745 1845 qui
2796 1788 2905 1829 non
2933 1783 3018 1831 est
3046 1774 3250 1831 advena
3301 1784 3356 1831 ct
3405 1777 3755 1849 peregrinus,
3785 1778 3868 1835 sed

570 1883 914 1958 ignominiam
946 1882 1185 1955 /Egypli.
1221 1879 1290 1936 Et
1335 1880 1581 1937 timebunt
1618 1887 1665 1933 et
1706 1875 2088 1947 confundentur
2110 1872 2173 1928 ab
2205 1874 2253 1936 Β
2280 1875 2595 1938 perpetuam
2643 1868 2827 1923 mundi
2882 1868 3285 1940 possessionem
3335 1868 3541 1928 habere
3592 1873 3861 1945 cupiebat,

574 1976 854 2049 ἉΕιΙιίορία
883 1994 975 2049 spe
993 1993 1109 2043 sua,
1138 1985 1187 2030 et
1213 1975 1276 2030 ab
1307 1974 1543 2046 ngypw
1584 1972 1751 2044 gloria
1788 1988 1900 2025 sua.
1948 1967 2015 2023 Et
2041 1970 2174 2025 dicet

577 2067 837 2124 habitator
864 2068 1053 2123 insula:
1080 2066 1241 2142 hujus
1281 2067 1336 2121 in
1377 2067 1461 2120 die
1481 2065 1597 2131 illa,
1634 2061 1759 2118 "(EC
1779 2073 1886 2118 erat
1907 2078 2023 2136 spes
2050 2078 2173 2116 nos-

574 2164 695 2218 tra?
723 2161 805 2217 Ad
850 2178 979 2233 quos
1034 2161 1362 2233 confugimus
1389 2162 1441 2213 in
1489 2159 1767 2227 auxilium,
1816 2167 1870 2213 ut
1899 2155 2175 2211 liberarent

574 2271 672 2311 nos
702 2274 732 2311 a
765 2255 899 2328 facie
945 2257 1081 2329 regis
1120 2255 1496 2327 Assyriorum?
1542 2252 1612 2308 Et
1651 2250 1910 2324 quomodo
1949 2248 2177 2321 e/fugere

576 2350 863 2421 poterimus
886 2350 1017 2405 nos?
1046 2348 1151 2405 Pro
1178 2346 1419 2404 Thartan
1446 2343 1593 2400 LXX
1631 2342 1907 2399 Thanatan
1939 2350 2177 2397 transtu-

576 2439 761 2498 lerunt
791 2458 805 2495 :
836 2449 891 2497 et
924 2456 1022 2512 pro
1052 2439 1281 2514 Sargon,
1314 2439 1457 2494 Arna
1479 2453 1497 2494 :
1519 2436 1662 2509 quod
1691 2435 1818 2508 quid
1848 2435 2177 2505 interprete-

578 2542 690 2602 tur,
735 2533 893 2590 scire.
912 2548 1021 2590 non
1050 2547 1363 2607 possumus.
1394 2532 1581 2607 Neque
1612 2529 1755 2585 enim
1788 2528 2045 2584 falsorum
2076 2541 2177 2582 no-

573 2623 784 2682 minum
820 2624 991 2680 falsas
1039 2639 1331 2696 possumus
1376 2624 1739 2697 etymolOgias
1769 2621 1996 2689 lingere.
2036 2620 2179 2675 Sunt

568 2726 760 2773 autem
794 2718 1013 2773 nomina
1061 2732 1174 2773 non
1218 2718 1469 2785 Hebraea,
1514 2715 1609 2771 sed
1652 2717 1896 2787 Assyria,
1926 2714 2176 2785 equihus

579 2826 782 2868 sonare
811 2810 1171 2879 cognovimus
1196 2808 1453 2874 Thartan,
1479 2817 1671 2863 turrem
1697 2807 1859 2872 dedit,
1889 2806 1972 2862 vel
1998 2823 2176 2879 super.

579 2905 741 2977 ﬂuus,
768 2906 884 2961 sive
925 2907 1199 2981 elongans.
1249 2905 1457 2978 Sargon
1505 2916 1682 2961 autem
1727 2905 1965 2977 princeps
2018 2904 2171 2957 horti.

578 2996 683 3053 ﬂio
721 3012 816 3053 rex
858 2998 1118 3071 Assyrius
1149 3014 1311 3069 quem
1352 3013 1513 3068 supra
1556 2998 1787 3068 legimus
1813 3011 2031 3053 sensum
2061 3011 2177 3050 ma-

574 3104 765 3161 guum,
786 3089 950 3145 habet
975 3089 1144 3145 duces
1162 3088 1454 3161 plurimos,
1480 3104 1708 3160 quorum
1739 3105 1876 3142 unus
1901 3099 1983 3144 est
2004 3086 2175 3142 Thar-

576 3188 691 3248 tan,
721 3182 903 3239 elatus
933 3183 986 3237 in
1011 3184 1352 3255 superbiam,
1382 3192 1438 3239 et
1464 3184 1623 3254 longe
1648 3182 1950 3253 pracedens
1972 3182 2024 3236 in
2056 3195 2175 3237 sce-

2277 1959 2539 2017 coul‘usus
2592 1959 2742 2016 dicat
2792 1977 2807 2017 :
2857 1959 2986 2018 Hrec
3038 1973 3122 2019 est
3169 1962 3464 2036 Egyptus,
3514 1973 3570 2021 et
3627 1964 3748 2022 haec
3797 1975 3869 2024 est

2279 2053 2577 2127 IEthiopia,
2611 2070 2838 2126 quarum
2866 2057 3225 2127 sperabamus
3263 2058 3547 2125 auxilium,
3577 2068 3639 2115 ut
3676 2076 3704 2115 a
3731 2060 3866 2132 prin-

2278 2148 2399 2219 cipe
2423 2148 2609 2204 mundi
2641 2149 2797 2205 istius
2828 2164 2929 2206 nos
2966 2150 3303 2208 liberarent?
3335 2154 3626 2222 Quomodo
3649 2170 3782 2226 ergo
3802 2154 3869 2212 el-

2278 2241 2465 2311 lugere
2494 2239 2814 2309 poterimus,
2838 2256 2961 2297 cum
2994 2243 3139 2312 capti
3163 2243 3274 2298 sint
3308 2243 3361 2299 Ιιὶ
3408 2245 3460 2299 iu
3502 2246 3699 2316 quibus
3731 2261 3863 2317 spem

2278 2330 2653 2388 habebamus?
2679 2332 2751 2388 Et
2779 2333 2883 2389 hoc
2924 2337 3249 2402 notandum,
3279 2337 3424 2408 quod
3466 2345 3764 2411 antequam
3788 2355 3869 2403 ca-

2279 2431 2458 2501 piatur
2484 2429 2708 2499 Azotus,
2737 2430 3011 2502 Propheta
3038 2447 3199 2489 sacco
3224 2434 3457 2490 vestitus
3479 2436 3572 2505 sit,
3602 2444 3658 2493 et
3681 2437 3870 2493 calcia-

2278 2523 2348 2580 tis
2379 2525 2630 2596 pedibus,
2661 2536 2720 2582 ut
2749 2528 2966 2599 plangat
2993 2528 3213 2599 quidem
3245 2543 3344 2586 eos
3364 2571 3381 2598 ,
3423 2531 3513 2601 qui
3559 2530 3870 2591 ardentibus

2279 2617 2485 2697 diaboli
2513 2618 2714 2689 jaculis
2754 2621 3019 2677 vulnerati
3068 2631 3215 2692 sunt,
3247 2632 3302 2678 et
3333 2622 3544 2679 libidini
3591 2626 3867 2689 serviunt;

2279 2713 2375 2768 sed
2408 2713 2763 2769 nihilominus
2802 2714 2922 2786 ipse
2967 2715 3229 2772 calciatus
3275 2717 3512 2784 incedat,
3566 2729 3625 2774 ut
3666 2720 3871 2776 calcare

2280 2806 2453 2879 possit
2482 2820 2649 2877 super
2673 2818 2959 2878 serpentes
2999 2817 3055 2865 et
3080 2809 3422 2880 scorpiones,
3446 2820 3502 2867 et
3541 2826 3771 2869 securus
3800 2813 3871 2867 in.

2278 2901 2475 2957 cedere
2508 2915 2605 2972 per
2643 2899 2805 2972 hujus
2835 2901 3020 2958 surculi
3048 2918 3316 2973 eremum,
3367 2903 3420 2958 in
3463 2920 3566 2977 qua
3596 2913 3730 2962 sunt
3767 2920 3874 2963 ser-

2280 2999 2472 3061 pentes
2503 3002 2559 3047 et
2587 2997 2929 3066 scorpiones,
2962 3003 3018 3051 et
3037 2993 3305 3051 bonarum
3327 3010 3511 3051 rerum
3546 2997 3690 3051 sitis.
3728 2997 3872 3053 Post-

2278 3100 2441 3156 quam
2488 3097 2667 3142 autem
2720 3092 2924 3144 Azotus
2975 3097 3133 3160 capta
3184 3088 3567 3165 fuerit,302‘
3608 3093 3666 3147 in
3699 3102 3873 3166 typum

2279 3179 2618 3249 captivitatis
2644 3178 2888 3254 Egypti,
2940 3192 2996 3237 et
3034 3184 3530 3255 transmigrationis
3562 3181 3873 3257 Etltiopirc,

574 3274 723 3337 lere,
754 3285 811 3331 et
851 3276 1087 3347 amplior
1116 3277 1333 3332 caeteris
1365 3285 1455 3332 :et
1488 3277 1720 3331 mittitur
1749 3275 1816 3330 ad
1852 3275 2177 3345 impugnan-
2202 3272 2250 3337 C
2283 3272 2398 3344 ipsis
2440 3273 2794 3331 discalciatus
2843 3285 2895 3331 et
2927 3275 3104 3332 nudus
3149 3278 3390 3332 incedat.
3422 3275 3607 3349 Neque
3651 3280 3797 3335 enim
3827 3278 3876 3334 in

572 3367 697 3424 dam
739 3370 997 3438 Azotum,
1023 3384 1147 3442 quae
1178 3370 1444 3426 llehraiec
1472 3369 1674 3426 dicitur
1700 3383 1868 3425 ssnon
1895 3366 2170 3442 (mu),

574 3470 631 3518 et
658 3461 1057 3533 interpretatur
1077 3504 1092 3530 ,
1126 3472 1153 3501 ι
1208 3463 1343 3537 ignis
1374 3462 1762 3537 generationis;
1791 3472 2176 3534 expugnatque

576 3555 687 3611 dux
716 3556 861 3628 regis
893 3556 1101 3630 Assyrii
1132 3570 1228 3612 eos
1251 3556 1343 3627 qui
1368 3555 1715 3628 generationi
1736 3565 1796 3613 et
1824 3554 2034 3611 libidini
2061 3570 2175 3611 ser—

576 3649 753 3704 viunt.
799 3648 869 3704 Et
905 3648 1131 3719 pulchre
1159 3664 1256 3706 rex
1296 3648 1646 3722 Assyriorum
1666 3649 1880 3720 Sargon
1918 3648 2173 3721 princeps

576 3741 886 3808 hortorum,
918 3742 1118 3799 dicitur
1151 3743 1439 3815 voluptati,
1465 3752 1522 3800 et
1548 3744 1777 3799 luxuriat
1805 3742 2042 3799 deditus.
2071 3742 2174 3798 De-

572 3837 741 3907 nique
769 3845 826 3893 et
854 3837 1042 3893 Achab
1070 3854 1169 3893 rex
1200 3839 1365 3895 Israel
1389 3838 1603 3895 vineam
1636 3839 1847 3896 Nabnth
1883 3850 2097 3896 vertere
2117 3838 2170 3893 in

574 3930 798 3985 hortum
842 3929 1101 4002 cupiebat
1153 3930 1242 4003 (Ill
1302 3930 1458 4004 Reg.,
1509 3931 1653 4004 nt),
1700 3931 1859 4005 θοι
1904 3931 2049 4003 quod
2081 3930 2173 3985 ille

568 4021 725 4095 justa
753 4024 900 4094 leges
924 4024 1243 4095 trapologiaa
1271 4026 1603 4098 intelligens,
1635 4029 1773 4081 mori
1801 4026 1990 4080 maluit
2009 4039 2170 4094 quam

573 4119 781 4190 facere,
814 4136 882 4177 ne
913 4120 1205 4177 barreditas
1246 4128 1499 4192 paterna,
1529 4132 1586 4178 et
1629 4123 1849 4193 antiqua
1895 4121 2171 4193 possessio

573 4212 632 4268 in
665 4213 815 4284 impii
842 4215 986 4285 regis
1017 4212 1242 4270 delicias
1286 4221 1613 4270 verteretur.
1645 4212 1968 4284 Praecipitur
1988 4223 2168 4269 autem

578 4304 891 4375 Prophetas,
923 4317 981 4361 ut
1028 4320 1189 4362 sacco
1236 4306 1719 4381 calciamentisque
1747 4308 2036 4378 depositis,
2064 4323 2169 4362 nu-

576 4399 679 4457 dus
709 4411 762 4458 et
789 4400 1141 4459 discalciatus
1173 4403 1404 4472 incedat,
1440 4414 1493 4459 et
1533 4405 1586 4459 in
1637 4404 1853 4476 signum
1896 4403 1968 4459 sit
2008 4412 2170 4474 atque

573 4505 890 4569 portentum
913 4497 1202 4570 Egyptiis,
1218 4507 1284 4563 ,et
1304 4498 1652 4571 IElltiopibus
1673 4503 1763 4571 qui
1796 4497 1891 4555 Dei
1911 4498 2170 4571 populum

574 4590 855 4664 persecuti
885 4604 1033 4661 sunt,
1065 4600 1123 4650 et
1142 4602 1367 4666 propter
1386 4596 1700 4665 superbiam
1732 4591 1884 4650 fuere
1911 4593 2165 4650 humiles.

2277 3370 2450 3429 Terra
2491 3382 2703 3440 sancta,
2734 3375 2801 3429 ad
2831 3389 2993 3445 quam
3036 3374 3117 3430 ire
3149 3374 3390 3442 festinat,
3415 3389 3576 3433 sacco
3625 3379 3875 3443 vestitus,

2278 3474 2333 3522 et
2361 3467 2566 3535 opertis
2592 3467 2733 3536 pelle
2764 3466 3018 3535 pedibus,
3051 3468 3136 3523 vel
3177 3476 3329 3525 stare
3368 3476 3603 3537 poterat,
3651 3469 3743 3524 vel
3773 3482 3878 3524 atu-

2277 3556 2489 3623 bulare,
2523 3557 2746 3614 dicente
2773 3557 3009 3614 Domino
3036 3575 3050 3612 :
3083 3557 3239 3615 Solve
3265 3557 3667 3614 calciamentum
3692 3560 3761 3615 de
3794 3575 3878 3631 pe-

2277 3652 2426 3706 dibus
2473 3653 2597 3717 tuis,
2647 3649 2790 3707 locus
2835 3654 2973 3707 enim
3014 3654 3066 3707 in
3111 3669 3213 3724 quo
3253 3661 3380 3720 stas,
3426 3662 3562 3709 terra
3602 3659 3877 3719 sanctam

2279 3742 2479 3818 (Exod.
2512 3744 2700 3817 "1.5).

2347 3838 2512 3920 (Cap.
2542 3838 2764 3895 XXI.—
2792 3839 2949 3897 Vers.
2982 3842 3008 3898 1
3064 3842 3246 3913 seqq.)
3280 3839 3425 3897 Onus
3463 3841 3657 3898 deserti
3704 3841 3879 3901 maris.

2278 3934 2424 3993 Sicut
2456 3936 2684 3991 turbines
2713 3936 2777 3991 ab
2807 3936 2987 4009 Africo
3027 3938 3258 4006 veniunt,
3289 3936 3353 3992 de
3382 3934 3583 3991 deserto
3629 3937 3792 4002 venit,
3822 3936 3883 3991 de

2277 4038 2413 4085 terra
2433 4027 2461 4068 δ
2492 4028 2754 4084 horribili.
2802 4029 2940 4084 Visio
2971 4030 3104 4084 dura
3129 4029 3367 4087 nuntiata
3388 4040 3461 4085 est
3489 4029 3615 4085 mihi
3646 4047 3668 4086 :
3693 4031 3788 4105 qui
3810 4031 3883 4087 in.

2274 4124 2519 4180 credulus
2566 4135 2660 4190 est,
2692 4123 2975 4196 inﬁdeliter
3021 4126 3148 4197 agit,
3170 4135 3219 4182 et
3249 4127 3339 4199 qui
3379 4123 3738 4198 depOpulator
3792 4133 3879 4189 est,

2273 4229 2462 4275 uastat.
2497 4219 2731 4275 Ascende
2763 4217 2938 4286 Elam,
2971 4219 3146 4276 obside
3179 4218 3333 4275 Medo
3357 4236 3378 4276 :
3406 4236 3608 4275 omnem
3635 4220 3882 4294 gemitum

2274 4315 2387 4381 eius
2415 4330 2617 4369 cessare
2647 4313 2767 4386 feci.
2795 4311 3080 4388 Pr0pterea
3107 4314 3294 4386 repleti
3321 4325 3441 4370 sunt
3469 4313 3634 4370 lumbi
3656 4315 3769 4379 mei
3795 4316 3882 4369 deo

2273 4406 2431 4465 lore:
2470 4409 2712 4484 angustia
2755 4409 2982 4482 possedit
3017 4425 3114 4477 me,
3146 4409 3277 4465 sicut
3322 4409 3568 4485 angustia
3602 4408 3879 4485 parientis.

2274 4500 2419 4559 LXX
2447 4520 2459 4557 :
2494 4502 2638 4558 Visio
2668 4503 2856 4559 deserti
2881 4503 3059 4558 maris.
3094 4501 3242 4559 Sicut
3273 4512 3547 4573 tempestas
3579 4502 3646 4558 de
3687 4502 3885 4558 deserto

2274 4603 2524 4662 transeat,
2557 4596 2620 4651 de
2664 4595 2866 4651 deserto
2909 4595 3138 4651 veniens.
3172 4594 3251 4651 De
3279 4607 3419 4651 terra
3467 4592 3716 4651 horribili
3763 4596 3884 4651 cisio

572 4686 837 4761 Egyptus
868 4686 1015 4744 enim
1058 4689 1445 4759 interpretatur
1483 4682 1806 4763 persequens,
1849 4689 1965 4745 sive
2006 4687 2169 4743 tribu-
2198 4673 2253 4737 Ῑ)
2279 4687 2746 4745 dura‘annuntiata
2772 4698 2845 4743 est
2873 4687 3003 4742 mihi
3028 4705 3048 4744 :
3078 4689 3443 4761 prmonricator
3471 4692 3884 4763 prmoarieatar,

574 4781 691 4836 lans
715 4798 734 4836 :
756 4780 1063 4853 £thiopes,
1094 4782 1316 4839 humiles
1347 4792 1510 4855 atque
1560 4783 1745 4859 dejecti
1769 4800 1787 4838 :
1808 4783 1984 4840 omnis
2023 4786 2167 4838 enim

573 4877 663 4944 qui
697 4890 757 4930 se
779 4877 1005 4943 exultat,
1039 4875 1415 4933 bumiliabitur
1441 4875 1593 4950 (Luc.
1628 4893 1744 4944 xiv,
1778 4878 1889 4948 li).
1924 4877 2027 4947 Qui
2070 4877 2169 4933 du-

573 4967 730 5023 Ccndi
762 4974 892 5022 sunt
922 4967 974 5023 in
1008 4969 1405 5039 captivitatem,
1460 4978 1515 5026 ct
1562 4969 1720 5025 trium
1751 4985 2019 5026 annorum
2058 4980 2168 5025 tor-

576 5070 756 5114 mcnta
786 5062 998 5130 passuri
1033 5057 1233 5132 (Exod.
1270 5059 1493 5133 xu),’de
1512 5063 1711 5134 quibus
1737 5065 1917 5132 annis,
1948 5065 2000 5119 in
2021 5062 2168 5119 Psal-

573 5152 680 5210 mis
712 5152 941 5224 legimns
972 5171 986 5208 ς
1015 5154 1243 5229 Cogitavi
1274 5156 1383 5210 dies
1412 5156 1668 5228 antiquos,
1699 5164 1747 5212 et
1769 5173 1932 5212 annos
1954 5166 2170 5212 aeternos

570 5245 627 5299 in
666 5255 834 5300 mente
879 5246 1035 5301 habui
1086 5244 1207 5319 (Ps.
1230 5262 1438 5315 um,
1477 5245 1556 5320 6).
1591 5247 1725 5318 Qua:
1773 5264 1881 5304 non
1915 5257 2168 5321 putemus

573 5353 744 5411 parva
766 5352 890 5397 esse
929 5339 1218 5412 supplicia,
1262 5341 1358 5398 sed
1388 5342 1597 5414 magnis
1615 5343 1870 5414 elongata
1896 5340 2166 5413 tempori-

570 5431 697 5491 bus.
751 5433 810 5491 ln
853 5434 967 5507 ipsa
1023 5443 1205 5492 autem
1257 5436 1570 5508 captivitate
1611 5433 2168 5508 ettransmigratione

646 5632 672 5661 ει
711 5620 771 5679 In
808 5611 1093 5681 llebraieis
1137 5621 1474 5693 Quaestion.,
1518 5623 1744 5687 Azotus.
1794 5623 2001 5694 inquit,
2052 5620 2165 5678 He-

568 5694 763 5779 ιιταιοε.
784 5705 1005 5779 eum.
1038 5694 1241 5779 seu.
1270 5704 1316 5779 ςι
1346 5695 1630 5779 mrtem
1654 5697 1941 5779 unum.
1977 5710 2163 5779 ειοεηςη

572 5766 1138 5862 :tgmlologiamnhabet
1182 5769 1318 5850 ignis
1335 5765 1945 5862 ιριξξιξοιιειὶει.Ἀειίιιῂνξί
1988 5765 2161 5862 lube-t,

572 5838 910 5908 Stephanum
935 5839 1164 5911 Byzant.
1190 5838 1279 5909 qui
1303 5838 1374 5895 ab
1408 5839 1528 5913 ’Δζᾳ
1548 5853 1718 5896 uxore
1738 5838 2041 5895 conditoris
2070 5852 2166 5907 ap-

569 5909 827 5983 pellatam
858 5910 1069 5979 urbem,
1105 5918 1393 5981 stupravit
1442 5907 1648 5969 Aeoliis
1686 5908 1850 5969 docet
1892 5907 2167 5981 interpre-

2279 4789 2325 4834 et
2355 4780 2565 4852 iniquus
2607 4781 2783 4853 inique
2828 4781 2957 4855 agit.
2999 4778 3191 4837 Contra
3222 4799 3302 4837 me
3347 4780 3614 4851 Elamitaz,
3649 4794 3707 4839 et
3736 4780 3889 4857 legati

2276 4872 2559 4929 Persarum
2608 4876 2819 4931 veniunt
2850 4892 2869 4931 :
2892 4893 3027 4931 nunc
3070 4876 3441 4951 ingemiscant,
3488 4886 3537 4933 et
3575 4876 3891 4935 consolabor

2276 4987 2355 5024 me
2383 4985 2402 5023 :
2430 4969 2621 5023 idcirco
2665 4967 2845 5042 repleti
2889 4978 3010 5026 sunt
3038 4970 3199 5025 lumbi
3230 4968 3329 5026 mei
3371 4972 3642 5043 angustia,
3676 4969 3888 5028 dolores

2274 5060 2723 5136 apprehenderunt
2766 5076 2877 5129 me,
2907 5063 3041 5118 sicut
3088 5065 3481 5135 parturientem.
3529 5062 3679 5134 Quid
3736 5062 3891 5121 nobis

2277 5157 2694 5229 videaturjuxta
2717 5155 3010 5213 llistmiam
3033 5157 3271 5214 breviter
3290 5158 3525 5214 diximus
3552 5175 3567 5212 :
3596 5174 3756 5214 nunc
3780 5168 3890 5214 tro-

2274 5250 2505 5321 pologia:
2534 5264 2741 5306 summa
2772 5265 3082 5321 carpamus.
3115 5250 3287 5320 Visio,
3317 5252 3400 5307 vel
3434 5248 3647 5322 pOndus
3697 5261 3892 5308 contra

2272 5346 2460 5401 saeculi
2494 5344 2654 5419 hujus
2682 5347 2927 5402 cernitur
2952 5361 3104 5403 mare
3128 5364 3142 5402 :
3165 5356 3222 5403 et
3248 5347 3492 5405 cernitur
3516 5360 3549 5403 a
3580 5345 3890 5420 Propheta,

2272 5440 2494 5513 quantis
2545 5441 2935 5499 tentationibus
2976 5441 3214 5500 mundus
3240 5440 3329 5500 hic
3375 5441 3574 5515 plenus
3601 5441 3705 5498 sit.
3736 5439 3894 5513 Quod

2270 5634 2586 5765 unbullulae,
2615 5708 2674 5755 et
2696 5709 2889 5757 contra
2914 5701 3059 5759 sacri
3087 5707 3273 5758 textus
3300 5698 3461 5757 ﬁdem
3493 5697 3722 5767 legerat
3752 5695 3900 5754 lar-

2267 5769 2499 5896 ti'azzeus
2524 5769 2703 5828 hostili
2732 5787 2830 5845 pro
2857 5772 3124 5842 horribili;
3149 5772 3387 5842 Victor.,
3423 5767 3717 5826 Horribilis
3767 5768 3900 5825 uisio

2267 5856 2295 5895 e
2378 5857 2493 5897 ura.
2935 5874 2939 5879 ι
