4014 6436
157 344 248 413 ﬁt

683 346 1341 411 COMMENTARIORUM
1382 348 1447 408 IN
1488 348 1723 410 ISAIAM
1764 329 2182 409 PROPHETAM
2222 345 2355 407 LIB.
2397 345 2509 422 VII,
2550 345 2705 410 CAP.
2751 336 2892 409 XXI.

155 472 325 520 autem
358 476 509 522 mare
554 466 866 537 appelletur
910 468 1172 524 amentum
1200 467 1288 538 (ut
1334 469 1502 527 multa
1552 476 1749 541 praete-
1773 466 1824 528 Α
1851 464 2116 522 cernebat
2152 465 2224 522 de
2268 465 2488 522 deserto
2518 468 2653 522 mari
2685 467 2957 538 Propheta
2985 478 3298 533 venturam,
3328 484 3453 526 cor-

156 554 337 628 ream)
387 572 497 612 uno
526 559 844 615 testimonio
890 558 1089 615 Psalmi
1120 571 1411 619 contentus
1437 576 1556 617 sum
1592 577 1606 616 :
1641 559 1745 626 Qui

154 650 459 706 descendunt
502 666 645 706 mare
688 652 742 708 in
772 653 1010 719 naribus,
1042 654 1290 721 facientes
1334 654 1656 728 operationes
1690 654 1744 708 in

154 748 288 819 aquis
313 746 511 804 multis.
538 745 654 817 Ipsi
678 747 921 804 viderunt
964 765 1126 817 opera
1153 747 1389 811 Domini.
1414 763 1461 805 et
1488 749 1744 803 mirabilia

149 842 254 913 ejus
279 839 332 893 in
361 841 624 911 profundo
673 839 790 915 (Ps.
823 855 933 907 cvt,
963 841 1081 913 25).
1108 841 1213 909 Qui
1256 843 1402 899 enim
1447 834 1746 912 operantur

152 931 201 988 in
248 931 346 986 hoc
377 932 580 988 saeculo
630 948 767 1003 opus
800 933 918 1001 Dei,
947 944 1002 989 et
1043 948 1165 990 cum
1213 934 1483 1006 Propheta
1512 935 1699 992 dicunt
1729 952 1742 989 :

158 1023 277 1081 Veni
318 1027 374 1081 in
403 1028 729 1099 profundunt
756 1030 937 1094 maris,
970 1030 1071 1097 ipsi
1118 1029 1308 1086 vident
1335 1029 1598 1085 mirabilia
1628 1029 1745 1098 ejus

150 1116 200 1174 in
219 1116 513 1188 profundo;
536 1129 592 1175 et
615 1120 834 1176 liberati
861 1121 929 1176 de
957 1121 1354 1177 tentalionibtts
1374 1131 1431 1177 et
1452 1122 1743 1193 angustiis,

152 1209 455 1268 horribilem
480 1221 537 1268 et
556 1210 750 1268 duram
777 1213 1043 1270 visionem
1066 1214 1286 1271 audisse
1313 1230 1374 1271 se
1393 1215 1601 1271 dicunt.
1623 1214 1745 1271 Nec

148 1312 313 1359 autem
349 1305 466 1375 ipsa
503 1314 800 1373 tempestas
829 1322 859 1362 a
892 1306 1115 1363 deserto
1147 1309 1316 1374 venit,
1352 1302 1407 1363 iit
1434 1324 1541 1378 quo
1568 1317 1748 1364 tents-

147 1404 315 1453 tuaest
339 1407 395 1452 et
424 1396 690 1454 Dominus
708 1397 925 1469 (Matth.
952 1400 1052 1473 tv),
1084 1410 1139 1456 et
1166 1400 1331 1458 Israel
1354 1402 1563 1457 colubri
1597 1417 1745 1459 mor-

146 1491 307 1559 sibus,
329 1502 386 1548 et
408 1494 763 1563 scorpionum
789 1494 986 1551 ictibus
1009 1498 1185 1566 patuit
1207 1494 1399 1568 (Νικίου.
1422 1496 1559 1569 ut).
1583 1494 1749 1552 Cum-

142 1598 235 1655 que
260 1586 498 1649 venerit,
531 1588 848 1656 pertransit,
872 1598 927 1643 et
955 1589 1237 1657 praeterit:
1268 1599 1323 1643 et
1342 1599 1471 1645 tunc
1493 1589 1749 1661 intelligit

144 1673 228 1733 ille
271 1678 360 1746 qui
413 1679 672 1747 sustinet,
704 1680 851 1749 quod
902 1694 1011 1737 non
1065 1682 1456 1752 praevaricatur
1501 1684 1604 1739 nisi
1655 1681 1748 1752 qui

144 1772 523 1840 przevaricator
550 1783 653 1841 est,
690 1783 745 1828 et
777 1790 885 1829 non
916 1775 1026 1845 agit
1059 1776 1244 1846 inique
1274 1775 1377 1829 nisi
1407 1776 1647 1845 iniquus.
1679 1774 1749 1832 Ut

1846 557 2025 613 ruisse
2068 567 2125 614 et
2173 559 2445 615 turbatum
2493 576 2615 616 esse
2661 576 2722 616 se
2768 561 2922 629 dicit,
2950 571 3009 617 et
3055 564 3447 633 propemodum

1844 649 2210 722 caligantibus
2258 652 2453 719 oculis,
2502 661 2559 709 et
2606 652 2907 724 stupefacta
2959 666 3163 719 tuente,
3208 657 3448 709 nescisse

1846 743 1973 815 quid
2006 755 2275 801 cerneret.
2306 744 2397 800 illa
2431 747 2576 800 enim
2608 746 2848 819 Babylon
2877 747 3001 821 (pro
3017 762 3125 819 qua
3150 749 3366 818 Aquila.
3395 756 3450 803 et

1846 836 2169 906 Theodotio,
2201 839 2433 894 tenebras
2465 838 2808 909 interpretati
2836 851 2984 907 sunt,
3007 852 3060 896 ut
3085 841 3452 910 signiﬁcarent

1848 932 2113 991 mundum
2143 934 2329 999 istum,
2364 936 2455 1004 qui
2485 935 2538 988 in
2569 935 2803 1005 maligno
2854 936 3062 1004 positus
3105 948 3186 992 est
3216 935 3258 1007 (Ι
3286 933 3447 991 Jonn.

1849 1022 1929 1093 ν).
1962 1032 2017 1079 et
2054 1023 2208 1096 cujus
2242 1027 2517 1096 principes
2543 1036 2673 1082 sunt
2695 1027 2851 1099 juxta
2883 1029 3187 1100 apostolum
3223 1029 3445 1084 Paulum

1849 1112 2090 1187 (Epltes.
2139 1132 2189 1171 vi
2218 1115 2258 1188 ),
2309 1128 2549 1173 recurres
2599 1120 2944 1174 tenebrarum
2989 1120 3280 1193 istarum),
3332 1137 3453 1192 qua:

1847 1208 2118 1281 quondam
2150 1209 2232 1265 vel
2262 1209 2568 1281 Prophetas,
2604 1212 2686 1266 vel
2722 1212 2831 1267 Deo
2856 1213 3107 1268 amabilis
3159 1214 3280 1282 fuit,
3310 1212 3450 1268 facta

1848 1301 2016 1357 estin
2068 1318 2165 1358 sua
2214 1305 2573 1361 subversione
2621 1305 2909 1360 mirabilis.
2954 1305 3110 1361 Unde
3164 1305 3449 1377 Propheta:

1848 1393 2014 1468 304,
2057 1397 2392 1467 prmcipitur,
2438 1406 2493 1451 ut
2547 1412 2775 1452 vesceris
2806 1399 2858 1451 in
2905 1413 3094 1455 mensa
3125 1397 3364 1464 Domini,
3398 1409 3451 1454 et

1850 1488 1997 1543 illius
2023 1499 2297 1542 saturatus
2321 1487 2466 1555 cibo,
2498 1488 2812 1559 diligentius
2839 1489 3241 1559 contempletur
3259 1532 3273 1557 ,
3329 1506 3450 1560 quae

1852 1591 2077 1636 ventura
2110 1581 2219 1636 sint
2248 1580 2487 1637 mundo:
2518 1582 2823 1653 diciturque
2850 1599 2949 1652 per
2977 1599 3101 1638 eum
3146 1584 3213 1638 ad
3264 1600 3454 1641 omnes

1850 1674 2161 1739 credentes,
2195 1685 2247 1728 ut
2278 1675 2630 1731 comede-otes
2660 1686 2714 1731 et
2747 1677 2997 1732 bibentes
3023 1693 3219 1748 corpus
3250 1687 3304 1734 et
3333 1695 3456 1734 san-

1851 1768 2067 1839 guinem
2111 1764 2354 1836 Domini,
2383 1779 2665 1825 vertantur
2696 1770 2749 1824 in
2784 1769 3058 1841 principes
3091 1771 3369 1840 Ecclesiae,
3400 1780 3457 1826 et

146 1862 298 1934 igitur
325 1866 498 1920 maris
544 1864 796 1923 ﬂuctibus
844 1866 1166 1933 obruamur,
1219 1874 1273 1924 et
1319 1867 1594 1939 Opprimat
1642 1883 1742 1922 nos
1772 1846 1989 1934 Reum.
2018 1861 2294 1931 Apostolis
2349 1864 2597 1925 audiant.
2633 1862 2888 1937 Surgite:
2922 1866 3291 1937 arripiantque
3340 1868 3450 1938 cly-

143 1968 270 2012 sava
300 1966 625 2028 tempestas,
662 1961 834 2017 nostri
866 1962 980 2016 vitii
1013 1970 1119 2027 est,
1150 1962 1241 2031 qui
1274 1974 1401 2016 ante
1442 1969 1740 2029 tempesta-

146 2057 242 2108 tem
272 2054 733 2123 przevaricatores
762 2054 962 2109 fuimus
994 2066 1046 2110 et
1078 2055 1270 2125 iniqui.
1300 2054 1567 2123 Quodque
1584 2055 1739 2110 dicit:

145 2144 319 2202 Contra
365 2165 451 2203 me
495 2147 757 2216 Elemitce,
786 2159 833 2203 et
873 2149 1033 2221 legati
1067 2148 1347 2205 Persarum
1379 2150 1618 2216 veniunt,
1653 2147 1742 2205 hic

140 2252 321 2295 sensus
342 2250 430 2294 est
455 2238 897 2311 :3038lamitte
918 2242 1351 2309 interpretantur
1370 2241 1739 2310 despicientes:

140 2328 322 2403 Persa',
340 2342 622 2387 tentantes.
637 2332 1043 2405 Veniantigitur
1055 2332 1107 2390 bi
1126 2334 1217 2404 qui
1240 2334 1521 2403 despicere
1540 2334 1736 2401 solent,

139 2430 514 2489 contentuere,
544 2434 710 2495 atque
736 2435 947 2481 tentare
980 2442 993 2478 :
1026 2425 1123 2480 sed
1152 2441 1252 2497 ego
1279 2424 1655 2495 ingemiscatn.
1685 2434 1743 2482 et

138 2516 361 2586 gemitus
393 2531 551 2572 meus
581 2519 685 2572 erit
715 2533 833 2583 mea
857 2518 1183 2574 considatio.
1216 2518 1324 2574 Sed
1352 2528 1413 2574 et
1440 2518 1609 2574 lumbi
1637 2521 1741 2575 mei

141 2609 321 2677 repleti
370 2616 508 2664 Sunt
537 2610 824 2681 angustia,
879 2617 938 2665 et
983 2609 1338 2665 obtinuerunt
1389 2626 1478 2666 me
1524 2610 1743 2667 dolores

139 2702 278 2773 quasi
310 2703 737 2772 parturientem,
765 2712 826 2758 ut
850 2716 883 2757 a
934 2701 1131 2758 timore
1166 2702 1385 2759 Domini
1434 2702 1740 2775 concipiam

140 2804 190 2851 et
216 2798 448 2865 pariam,
478 2805 538 2852 et
562 2796 813 2867 spiritum
842 2797 1035 2852 salutis
1063 2796 1181 2867 ejus
1207 2796 1401 2852 faciam
1433 2805 1601 2868 super
1633 2804 1742 2852 ter-

136 2904 265 2946 ram.
297 2890 477 2948 Recte
504 2905 689 2946 autem
729 2892 883 2961 juxta
928 2891 1255 2948 llebraicum
1287 2892 1531 2948 turbines
1581 2900 1743 2963 atque

141 2993 486 3057 tempestates
510 2987 580 3042 de
604 2987 823 3044 deserto
852 2990 1100 3054 veniunt,
1127 3001 1183 3044 et
1204 2989 1272 3046 de
1295 2999 1438 3044 terra
1464 2988 1740 3055 horribili,

138 3079 219 3135 ubi
246 3098 361 3136 non
384 3093 469 3137 est
492 3081 766 3138 habitator
792 3082 958 3151 Deus,
985 3094 1040 3139 et
1081 3082 1173 3139 ubi
1221 3084 1472 3138 universa
1523 3090 1740 3138 terrena

140 3186 252 3230 sum
280 3193 295 3229 :
327 3186 396 3232 et
440 3178 769 3249 quicumque
815 3186 901 3241 est
946 3176 1258 3233 incredulus
1305 3177 1419 3246 agit
1465 3190 1580 3231 rem
1610 3190 1742 3232 con-

1847 1969 2008 2024 peum
2038 1954 2160 2009 lidei
2193 1956 2261 2010 de
2291 1966 2561 2010 armatura
2596 1954 2840 2025 Apostoli
2892 1957 3041 2010 l'nttli
3083 1956 3305 2029 (Ephes.
3341 1957 3415 2030 vr)
3438 2002 3452 2026 ,

1844 2046 1899 2102 in
1923 2063 2031 2119 quo
2055 2049 2266 2117 possint
2295 2050 2460 2119 ignita
2494 2049 2694 2105 diaboli
2720 2049 2902 2118 jacula
2935 2054 3313 2121 exstinguere.
3338 2048 3453 2107 Hoc

1838 2139 1993 2212 juxta
2023 2137 2374 2208 ltebroicum,
2401 2150 2458 2196 et
2486 2152 2721 2211 emptam
2748 2156 2912 2212 super
2943 2143 3148 2198 mundo
3181 2144 3452 2213 interpre-

1847 2235 2130 2293 tationem.
2162 2232 2531 2291 Trauseamus
2559 2234 2626 2289 ad
2661 2235 2953 2291 editionem
2980 2235 3143 2306 LXX,
3175 2254 3295 2308 qum
3318 2237 3453 2293 mul-

1848 2338 1960 2387 tum
1997 2346 2025 2384 a
2058 2329 2435 2400 superioribus
2459 2330 2758 2401 discrepat.
2794 2331 3037 2401 Corripit
3066 2348 3123 2386 se
3155 2330 3451 2400 Propheta,

1848 2422 2015 2479 immo
2047 2426 2149 2481 sub
2178 2440 2411 2492 persona
2457 2440 2553 2480 sua
2586 2425 2816 2481 aliorum
2849 2427 3145 2481 conﬁtetur
3174 2442 3452 2494 errorem,

1845 2524 1939 2596 qui
1967 2532 2260 2595 sequentes
2287 2523 2627 2579 occidentem
2660 2523 2921 2589 litteram,
2954 2533 3311 2581 Contemnunt
3340 2525 3452 2595 Spi-

1846 2617 2012 2673 ritum
2039 2615 2442 2681 vivilicantem;
2472 2628 2523 2670 et
2560 2615 2742 2688 iniquo
2771 2615 2965 2671 fecisse
2987 2631 3046 2672 se
3073 2616 3227 2682 dicit,
3258 2627 3314 2671 ut
3347 2634 3452 2673 non

1846 2713 2062 2769 audiret
2088 2715 2262 2784 legem
2289 2714 2647 2782 spiritualiter
2678 2730 2690 2766 :
2720 2712 2816 2768 sed
2847 2715 3158 2768 et-ontrario
3172 2713 3455 2769 festinaret

1846 2805 1943 2862 Dei
1995 2815 2341 2861 sacramenta
2378 2820 2487 2862 non
2538 2819 2788 2874 cernere,
2824 2821 2924 2861 nec
2954 2806 3161 2862 diceret
3198 2821 3320 2861 cum
3353 2807 3455 2862 Da-

1846 2898 1936 2953 vid
1973 2915 1985 2951 :
2020 2896 2208 2954 Revela
2249 2898 2426 2953 oculos
2459 2914 2619 2963 meos,
2654 2908 2702 2952 et
2732 2898 3071 2954 considerabo
3102 2898 3364 2954 mirabilia
3393 2899 3458 2955 de

1845 2987 1957 3063 lege
1981 2998 2073 3044 tua
2113 2987 2231 3062 (Ps.
2267 3004 2459 3053 cxvm.
2491 2990 2606 3061 id).
2650 2988 2866 3045 Idcirco
2895 2999 3046 3047 errat
3085 3006 3181 3047 cor
3212 2992 3352 3062 ejus,
3400 3001 3456 3048 ct

1844 3082 2068 3140 Iudaica
2094 3085 2489 3152 superstitione
2520 3085 2856 3153 Cottlplelum
2877 3127 2891 3149 ,
2926 3102 3034 3142 non
3078 3087 3130 3141 in
3179 3086 3454 3144 charitate

1849 3176 1979 3244 Dei,
2014 3175 2114 3234 sed
2161 3177 2214 3232 in
2264 3176 2459 3233 timore
2500 3177 2791 3244 consistit,
2842 3188 2899 3234 ut
2950 3178 3151 3235 habent
3198 3180 3453 3249 Spiritum

137 3284 313 3341 grtiam
354 3273 661 3329 inlidelitati
689 3288 825 3342 sitm,
857 3283 915 3329 et
952 3272 1044 3343 qui
1068 3271 1433 3343 depopulatur
1478 3281 1585 3337 est,
1622 3285 1742 3327 vas-
1767 3271 1814 3336 C
1848 3269 2202 3325 servitutisin
2229 3269 2526 3337 timore,et
2553 3285 2896 3341 nequaquam
2928 3273 3180 3342 Spiritum
3204 3274 3458 3344 adoptio-

141 3371 227 3419 tat.
269 3365 433 3422 Unde
497 3366 756 3423 audacter
799 3375 991 3423 contra
1060 3365 1412 3421 adversarios
1478 3366 1739 3436 loquitur,

137 3456 365 3513 Ascende
394 3457 589 3525 Elam;
612 3458 793 3514 obside
842 3457 995 3513 Πελία
1022 3474 1043 3513 :
1073 3473 1293 3513 omnem
1335 3458 1595 3528 gemitum
1644 3456 1743 3513 de-

137 3551 259 3606 serti
282 3552 478 3618 maris,
501 3561 558 3607 et
580 3561 742 3607 terrai
759 3552 1060 3616 horribilis,
1081 3560 1137 3607 et
1156 3552 1383 3607 visionis
1406 3551 1735 3622 durissimae,

138 3656 246 3714 quae
276 3645 524 3700 nuntiata
554 3652 657 3708 est,
691 3659 910 3701 cessare
941 3644 1063 3701 ieci.
1086 3644 1223 3712 Quia
1254 3645 1424 3702 lumbi
1449 3646 1554 3701 mei
1578 3661 1742 3717 agen-

139 3742 216 3791 tes
239 3736 640 3806 paenitentiam,
672 3751 1010 3810 nequaquam
1039 3748 1095 3793 ut
1126 3738 1277 3809 prius
1308 3739 1610 3805 Voluptate,
1644 3737 1740 3793 sed

138 3826 320 3884 dolore
351 3836 485 3884 sunt
532 3830 698 3899 pleni,
733 3844 833 3886 nec
862 3832 1001 3886 ultra
1033 3833 1209 3887 dicam
1243 3849 1256 3885 :
1291 3832 1477 3889 Lumbi
1520 3833 1622 3887 mei
1642 3834 1744 3885 im-

136 3922 255 3993 pleti
279 3932 405 3979 sunt
429 3921 755 3979 illusionibus
783 3923 902 3999 (Ps.
935 3942 1136 3995 usvn,
1174 3926 1253 3997 7).
1283 3925 1546 3997 Angustia
1594 3928 1739 3982 enint

138 4018 381 4086 possedit
429 4033 516 4073 me
547 4028 604 4074 et
651 4019 957 4088 tribulatio,
986 4021 1131 4077 sicut
1160 4021 1301 4076 solet
1335 4031 1521 4076 tenere
1558 4032 1743 4091 partu-

138 4111 387 4168 rientem.
421 4111 644 4168 Multum
672 4113 815 4170 inter
839 4129 898 4170 se
928 4113 1149 4184 Vulgata
1180 4115 1371 4181 editio,
1404 4125 1460 4170 et
1509 4115 1738 4171 Hebrai—

138 4217 253 4261 cum
286 4207 342 4261 in
377 4205 485 4262 hoc
509 4208 628 4263 loco
655 4206 1006 4279 discrepant:
1041 4208 1166 4263 ideo
1194 4209 1431 4264 breviter
1459 4218 1743 4280 utramque

137 4302 581 4373 perstringemus,
614 4318 683 4358 ne
706 4312 731 4339 ει
758 4303 1158 4377 φὼγχλημῶσιν
1187 4302 1449 4373 carpendi
1502 4317 1603 4360 nos
1650 4318 1743 4361 oc-

137 4395 509 4453 casiunculam
544 4395 937 4465 relinquamus.

205 4490 392 4563 (Vera.
422 4490 481 4553 4.
506 4488 589 4561 5.)
610 4488 803 4545 Corrui
827 4506 948 4545 cum
975 4491 1232 4555 audirem,
1260 4492 1595 4547 conturbatus
1629 4509 1744 4547 sum

135 4595 249 4635 cum
276 4581 508 4636 viderem
534 4596 554 4637 :
581 4582 834 4637 emarcuit
860 4597 953 4637 cor
980 4599 1169 4647 meum,
1204 4584 1424 4639 tenebrcc
1454 4582 1746 4657 obstupefe-

1845 3364 1952 3428 nis,
1985 3363 2038 3417 in
2071 3379 2179 3433 quo
2209 3362 2695 3431 clamamus,Ahha
2718 3374 2891 3445 .pater
2918 3364 3097 3437 (Rom.
3131 3364 3268 3440 vni).
3304 3367 3457 3424 Unde

1845 3458 2163 3528 prtecipitur
2217 3459 2288 3525 ei,
2318 3466 2376 3515 ut
2399 3459 2623 3516 accedat
2652 3462 2718 3514 ad
2744 3475 2993 3515 mensam
3018 3461 3265 3518 ciborum
3298 3463 3462 3534 spiri-

1848 3552 2521 3624 tualium,comedantque
2548 3553 2810 3610 omnesin
2834 3571 2920 3623 ea,
2939 3557 3029 3627 qui
3059 3557 3205 3612 illius
3221 3572 3463 3630 Sequun-

1848 3654 1935 3701 tur
1987 3645 2306 3716 exemplum
2328 3656 2429 3713 ,σει
2460 3646 2648 3704 bibant
2675 3666 2687 3702 :
2717 3658 2772 3704 et
2802 3651 2973 3705 veteri
2997 3666 3188 3706 errore
3216 3665 3465 3708 contem-

1847 3749 1939 3809 pto
1970 3751 2330 3810 consurgant,
2382 3740 2435 3796 in
2468 3742 2664 3811 spiritu
2691 3743 2781 3811 qui
2805 3743 3063 3813 jacehant
3092 3746 3143 3801 in
3176 3745 3372 3808 littera,
3402 3755 3462 3802 et

1845 3832 1978 3917 flant
2000 3834 2298 3905 principes,
2324 3833 2618 3905 dicuntque
2638 3851 2760 3891 cum
2780 3836 3056 3906 ΡιῸνΙιριςι
3090 3856 3101 3892 :
3130 3837 3372 3902 Domine,
3401 3850 3456 3894 ut

1840 3935 1986 3980 scuto
2026 3925 2176 3980 bona
2225 3925 2503 3982 voluntatis
2538 3937 2643 3982 tua:
2670 3930 2936 3984 coronain
2962 3946 3056 3984 nos
3087 3930 3212 3998 (Ps.
3241 3947 3291 3998 ν,
3337 3931 3449 4005 l5).

1917 4018 2096 4093 (Vers.
2131 4019 2184 4088 6,
2220 4018 2299 4091 7.)
2331 4019 2457 4075 llaec
2490 4024 2630 4076 enim
2665 4022 2798 4076 dixit
2822 4021 2951 4078 mihi
2979 4023 3268 4082 Dominus:
3308 4024 3457 4080 Vade

1842 4120 1891 4167 et
1920 4126 2054 4182 pone
2074 4109 2468 4184 speculatorem,
2499 4122 2547 4167 et
2568 4114 2923 4184 quodcumque
2951 4115 3135 4171 viderit
3165 4117 3454 4173 annuntiet.

1845 4201 1915 4257 Et
1941 4203 2065 4257 z‘idit
2109 4219 2321 4259 currum
2353 4204 2577 4261 duorum
2607 4207 2862 4278 equitum,
2911 4223 3242 4263 ascensorem
3294 4210 3451 4275 asini,

1844 4307 1892 4352 et
1936 4314 2259 4355 ascensorem
2309 4300 2515 4365 cameli,
2544 4309 2591 4355 et
2637 4302 3015 4368 contemplatus
3059 4312 3136 4356 est
3186 4301 3461 4374 diligenter

1843 4390 2009 4448 multo
2036 4394 2249 4461 intuitu,
2278 4402 2326 4447 et
2354 4391 2595 4448 clamavit
2617 4393 2720 4448 leo.
2746 4392 2889 4455 LXX
2921 4410 2934 4447 :
2965 4394 3105 4460 Quia
3132 4397 3205 4451 sic
3232 4397 3366 4451 dixit
3387 4396 3457 4449 ad

1842 4502 1925 4541 me
1944 4484 2199 4542 Dominus
2225 4503 2245 4543 :
2285 4485 2426 4542 Vade
2453 4498 2502 4541 et
2525 4504 2659 4559 pone
2686 4488 2777 4544 tibi
2800 4490 3198 4562 speculatorem,
3223 4499 3271 4545 et
3292 4489 3459 4560 qued-

1846 4594 2063 4651 cumque
2112 4580 2320 4647 videris,
2354 4582 2629 4636 narrantia.
2683 4580 2746 4636 Et
2788 4582 2891 4635 ridi
2941 4598 3241 4637 ascensorcs
3267 4583 3460 4654 equites

134 4684 311 4728 cerunt
341 4690 425 4730 nte
452 4690 475 4729 .'
503 4672 737 4746 Babylon
764 4673 955 4731 dilecta
976 4692 1090 4730 mea
1116 4678 1286 4746 posita
1311 4684 1389 4729 est
1416 4677 1542 4730 mihi
1572 4677 1627 4731 in
1651 4677 1749 4731 mi—
1774 4673 1824 4734 D
1851 4673 2003 4740 duos,
2033 4690 2357 4730 ascensorem
2385 4674 2543 4740 asini,
2572 4684 2620 4729 et
2665 4690 2988 4729 ascensorem
3016 4674 3199 4730 cameli
3228 4691 3247 4730 :
3287 4676 3465 4729 audivi

134 4764 396 4822 malum.
428 4765 574 4822 Pone
602 4782 856 4833 mensam,
888 4766 1239 4841 contemplare
1264 4768 1319 4823 in
1336 4770 1551 4840 specula
1574 4758 1747 4825 come-

136 4860 338 4929 dentes,
352 4872 407 4918 et
429 4863 656 4919 bibentes
673 4878 692 4917 :
713 4864 933 4935 surgite,
956 4862 1239 4934 principes,
1254 4864 1470 4935 arripite
1486 4862 1741 4935 clypeum.

136 4952 326 5012 LXX:
363 4955 553 5023 Inique
596 4957 682 5028 egi
722 4966 780 5012 ut
822 4974 928 5012 non
971 4958 1231 5022 audirem,
1279 4959 1517 5029 festinata"
1560 4968 1749 5014 utnon

135 5049 388 5117 viderent,
436 5058 576 5105 errat
621 5066 709 5104 cor
756 5066 927 5106 meum
952 5051 1244 5123 :ittiqnitas
1280 5051 1550 5107 inundavit
1591 5068 1750 5125 super

134 5156 248 5209 me;
275 5144 462 5197 anima
488 5159 601 5198 mea
643 5143 840 5198 insistit
885 5145 1082 5199 timori.
1117 5142 1257 5198 Paro
1288 5159 1536 5211 mensam,
1566 5161 1753 5214 specu—

136 5232 249 5289 lare
294 5234 566 5305 speculam
600 5249 620 5289 :
649 5234 926 5303 comedite,
979 5234 1134 5290 bibite
1164 5250 1183 5289 :
1207 5238 1423 5306 surgite,
1456 5237 1715 5309 principes
1736 5278 1750 5304 ,

132 5340 323 5400 parate
341 5328 572 5402 clypeos.
604 5329 721 5386 Prte
743 5330 950 5399 auditu,
972 5339 1029 5387 et
1050 5331 1259 5387 visione
1273 5329 1565 5387 durissima
1589 5346 1750 5403 quam

209 5546 238 5575 ι
265 5534 358 5592 Ne
384 5533 1007 5613 pdsyulapﬁqtv._ﬂiror
1028 5534 1305 5613 qualitatis
1332 5532 1610 5613 Marianos
1638 5530 1744 5613 hoc

128 5606 258 5665 locp
286 5604 1112 5680 non'castigaveritﬁrasmum,
1144 5608 1220 5680 uti
1248 5605 1464 5680 {coitio
1497 5604 1747 5674 Epistula

132 5680 203 5735 ad
260 5675 598 5743 Evangeluuu
658 5679 725 5734 de
780 5676 1199 5743 Melchisedech,
1234 5678 1322 5735 ubi
1355 5675 1499 5732 idem
1545 5690 1745 5731 nomen

132 5696 203 5735 an
262 5696 413 5735 nvan
454 5696 598 5733 etum
658 5696 725 5734 ne
782 5696 1199 5743 alerentseueen,
1234 5696 1322 5735 um
1355 5696 1499 5732 idem
1545 5696 1745 5731 nonien

124 5750 397 5831 graecum
680 5750 917 5831 positum
943 5765 959 5817 ;
990 5749 1087 5831 sed
1125 5749 1308 5805 ﬁctam
1340 5760 1528 5831 vocem
1558 5747 1750 5831 ab‘eo—

137 5822 273 5881 dem
310 5820 564 5889 Erasnio,
593 5838 700 5878 non
735 5822 896 5878 tidem
922 5820 1175 5878 codicum
1202 5836 1335 5880 mss.
1367 5820 1524 5891 sequi
1557 5820 1749 5891 volue-

139 5892 239 5950 rit.
296 5886 577 5967 Scriptum
608 5894 775 5964 igitur
820 5895 1003 5965 reperi
1054 5886 1500 5970 φιλιγκλημῶσιιὶ,
1547 5886 1749 5957 idest,

1849 4768 2089 4823 auditum
2119 4768 2358 4832 multum,
2385 4777 2438 4822 et
2466 4767 2642 4822 vocari
2669 4765 2713 4821 U
2720 4767 2853 4819 riam
2883 4767 2952 4820 ad
2981 4765 3265 4837 speculam.
3293 4765 3465 4822 Jubc—

1852 4870 1940 4916 tur
1971 4859 2238 4931 PrOpheta
2268 4874 2473 4931 ponere
2504 4861 2558 4915 iu
2603 4858 2771 4915 corde
2787 4873 2912 4914 πευο
2944 4860 3374 4929 speculatorem,
3406 4866 3467 4913 et

1848 4954 2165 5027 diligentius
2194 4953 2398 5010 intueri
2426 4967 2547 5024 quae
2577 4963 2805 5008 ventura
2834 4963 2962 5008 sunt
3012 4951 3214 5009 mundo
3247 4968 3261 5007 :
3294 4951 3458 5007 vidit-

1850 5063 1956 5120 que
1984 5048 2121 5104 duos
2151 5048 2386 5120 equites,
2420 5061 2773 5103 ascensorem
2806 5044 2976 5111 asini,
3012 5054 3069 5102 et
3106 5059 3454 5101 ascensorem

1852 5142 2068 5199 cameli.
2091 5141 2238 5211 Quos
2257 5140 2478 5214 quidam
2500 5142 2581 5198 sic
2622 5142 3016 5211 interpretatus
3042 5147 3127 5196 est
3179 5150 3235 5194 ut
3265 5153 3459 5194 ascen-

1852 5250 2035 5293 sorem
2066 5236 2204 5292 asini
2232 5234 2384 5307 juxta
2408 5236 2790 5308 Evangelieam
2820 5236 3109 5291 lectionem
3134 5232 3288 5305 (Atat.
3314 5229 3454 5303 ut),

1856 5338 1915 5385 et
1941 5328 2282 5400 prophetiam
2307 5328 2588 5386 Zacharite
2629 5327 2828 5403 (Zach.
2859 5330 2969 5400 rx),
3001 5327 3278 5384 Christum
3309 5324 3459 5382 dieeo

1850 5530 2173 5606 amatoribus
2193 5531 2558 5606 querelarum;
2578 5547 2699 5606 non
2722 5531 3102 5606 Erastuianum
3130 5531 3457 5606 φὼπιτιμῶ-

1856 5627 1959 5662 σιν.
1988 5605 2257 5660 Maurus.
2290 5635 2363 5645 —
2390 5604 2484 5659 llis
2513 5604 2743 5667 scilicet,
2775 5606 2865 5672 qui
2896 5604 3127 5661 libenter
3171 5604 3453 5663 accusant.

1836 5674 2025 5731 ,Paulo
2083 5684 2263 5731 autem
2318 5676 2535 5731 divorso
2591 5692 2754 5732 sensu
2810 5675 2911 5729 hoc
2968 5672 3137 5730 utitur
3191 5676 3455 5731 vocabulo

1856 5746 1920 5804 S.
1951 5758 2107 5818 pater
2130 5748 2184 5802 in
2224 5748 2390 5820 epist.
2419 5746 2510 5813 73,
2542 5746 2609 5802 ad
2660 5745 3016 5818 Bvangelum,
3052 5760 3149 5819 pro
3194 5762 3264 5805 eo
3306 5750 3451 5820 quod

1858 5820 2197 5876 accusationi
2228 5830 2283 5877 et
2312 5818 2598 5876 calumniae
2623 5829 2795 5892 patet.
