4014 6440
588 363 698 422 265

1841 346 1903 407 s.
1930 340 2215 406 .Eusantt
2252 336 2638 403 mattomtut
3752 341 3833 402 ,ει

582 492 705 550 ret;
732 491 787 539 et
836 478 1149 539 econtrario
1199 487 1549 532 ascensorem
1576 470 1773 528 cameli
1807 512 1821 537 ,
1854 470 2186 527 contrariam
2218 473 2265 529 Α
2294 465 2546 533 loquatur
2568 460 2635 515 ad
2658 455 2987 528 Apostolus:
3011 454 3142 523 Quae
3164 448 3395 510 audivit:
3422 460 3837 525 patreanuuutiari

590 575 984 635 fortitudinem,
1009 572 1170 645 305
1204 580 1427 640 propter
1457 568 1758 626 lmdttatetn
1794 566 2024 621 tortuosi
2072 564 2190 620 ani-

594 668 811 726 mantis.
845 666 948 724 Atii
975 681 1107 721 Vero
1145 665 1283 720 duos
1308 677 1633 719 ascensores
1658 660 1856 739 litterae
1887 669 1943 715 et
1969 657 2191 729 spiritus

592 761 659 817 ad
692 761 801 816 duo
842 759 1089 817 referunt
1117 757 1492 814 Testamenta.
1525 755 1771 825 llludque
1801 752 1944 824 quod
1991 754 2042 806 in
2089 751 2193 808 lie-

594 854 780 911 braico
804 852 1005 910 dicitur
1033 867 1160 909 Αιιιιι
1187 850 1391 921 (mu),
1421 864 1521 921 pro
1550 863 1659 919 quo
1688 847 1906 918 Aquila,
1933 854 1988 901 et
2033 844 2196 917 Sym-

599 948 825 1007 machus
859 949 1060 1003 leonem
1090 958 1146 1002 et
1185 943 1406 1000 tetanum
1445 940 1791 1012 interpretati
1821 948 1977 1009 sunt,
2008 939 2196 994 nescio

599 1042 727 1116 quid
747 1044 989 1099 volentes
1009 1038 1150 1096 LXX
1166 1041 1339 1118 οὐρίαν
1363 1043 1663 1107 posuerunt
1684 1080 1698 1105 ,
1714 1034 1861 1106 quod
1877 1031 2095 1105 quidam
2115 1031 2189 1085 lu-

598 1152 712 1191 men
732 1133 947 1189 Domini
968 1131 1319 1200 interpretari
1349 1137 1658 1199 putat,cutn
1680 1123 2197 1183 aliislitterislumen

599 1228 834 1294 Domini,
862 1227 1005 1299 quod
1038 1224 1125 1281 bic
1155 1241 1262 1280 non
1294 1224 1549 1288 habetur,
1576 1223 1767 1280 etaliis
1797 1220 2066 1279 scribatur
2094 1216 2196 1286 leo,

599 1324 690 1395 qui
725 1325 813 1379 hic
845 1322 1065 1392 legitur.
1099 1319 1336 1391 vultque
1381 1320 1781 1391 speculatorem
1811 1318 2006 1382 istum;,
2037 1328 2199 1385 quem

596 1416 820 1489 jubetur
868 1413 1137 1485 Propheta
1191 1427 1395 1484 ponere
1448 1413 1501 1468 in
1547 1411 1714 1468 corde
1762 1424 1884 1476 suo,
1935 1406 2200 1479 appellari

604 1511 814 1577 lirium,
847 1520 901 1563 et
950 1523 1048 1580 per
1096 1506 1603 1578 interpretationem
1640 1503 1893 1559 'nominis
1923 1501 2092 1558 refert
2134 1497 2201 1555 ad

602 1602 804 1660 Christi
853 1600 1289 1673 intelligentiam,
1344 1610 1403 1655 ut
1448 1601 1565 1671 ipso
1616 1597 1894 1652 habitante
1937 1596 1992 1651 in
2021 1596 2201 1662 nobis,

542 1692 547 1696 ’
604 1698 877 1771 possimus
892 1711 1121 1754 cernere
1147 1710 1269 1767 qum
1282 1703 1508 1749 ventura
1525 1701 1672 1748 sunt.
1704 1689 1859 1760 Quod
1886 1689 2206 1761 quidem,et

604 1793 750 1849 leoni
779 1790 1263 1864 poteritcoaptari,
1295 1789 1421 1861 quia
1436 1785 1832 1861 Jacob(Cenes.
1859 1782 2206 1856 xux)etBa-

2292 559 2430 614 vobis
2465 553 2649 630 (Joan.
2675 569 2763 620 xv,
2797 551 2916 618 15).
2949 551 3012 607 Ει
3058 550 3182 621 quia
3217 566 3317 623 pro
3346 552 3449 605 hoc
3486 549 3538 605 itt
3585 548 3715 608 LXX
3736 553 3838 625 legi-

2294 659 2402 709 tur.
2431 650 2607 703 audite
2634 646 2723 718 qui
2764 644 2932 701 relicti
2957 644 3100 706 estis,
3122 653 3170 698 et
3198 642 3405 709 doletis,
3438 642 3524 697 hic
3565 644 3684 697 mihi
3717 648 3838 713 juxta

2295 740 2796 812 interpretationem
2824 753 3014 794 eorum
3041 752 3239 793 sensus
3265 737 3516 793 videtur:
3543 736 3587 792 0
3614 735 3839 809 Apostoli,

2294 834 2364 890 de
2400 834 2597 905 quibus
2651 832 2843 889 scribit
2891 827 3061 887 Isaias
3088 850 3101 885 :
3129 830 3252 885 Nisi
3302 829 3555 885 Dominus
3600 828 3842 903 reliquisset

2296 927 2442 983 nobis
2471 944 2664 993 semen,
2695 926 2845 996 quasi
2869 924 3099 982 Sodoma
3132 923 3639 989 essemus,etsimilcs
3661 923 3841 979 Cottiar-

2298 1020 2407 1074 rlue
2433 1019 2711 1090 fuissemus
2738 1015 2872 1091 (Isa.
2912 1034 2964 1084 v,
2991 1017 3073 1088 9),
3105 1032 3335 1089 quorum
3362 1017 3617 1087 reliquias
3648 1029 3697 1073 et
3727 1017 3843 1089 Apo-

2298 1114 2476 1171 stolus
2515 1113 2584 1169 ad
2617 1114 2889 1169 Romanos
2927 1113 3081 1168 docet
3129 1127 3252 1168 esse
3278 1110 3711 1183 salvatasUiom.
3734 1113 3840 1183 nt):

2298 1209 2392 1280 qui
2418 1206 2592 1263 relicti
2622 1206 2756 1263 estis
2776 1205 2845 1261 de
2869 1206 3069 1277 populo
3091 1205 3404 1260 Iudaeorum
3435 1213 3495 1258 ttt
3518 1204 3845 1272 salvaremini;

2303 1312 2362 1358 et
2391 1300 2593 1358 doletis
2631 1316 2796 1368 super
2821 1299 3129 1369 perditione
3177 1301 3356 1370 gentis
3381 1309 3596 1363 vestrae,
3618 1299 3681 1354 de
3704 1315 3789 1371 qua
3806 1309 3848 1356 et

2304 1392 2434 1449 alibi
2480 1394 2710 1465 legimus
2736 1410 2752 1449 :
2782 1391 3015 1448 Tristitia
3030 1400 3105 1448 est
3123 1392 3268 1447 cordi
3316 1407 3449 1459 meo,
3480 1403 3527 1447 et
3550 1390 3691 1446 dolor
3729 1394 3849 1448 couti-

2310 1502 2447 1541 nuus
2472 1504 2566 1557 pro
2596 1485 2848 1557 fratribus
2888 1487 3033 1550 meis,
3064 1486 3154 1557 qui
3197 1497 3317 1541 sunt
3344 1483 3593 1540 Israelita:
3618 1486 3848 1541 secundum

2305 1595 2516 1635 carnem
2541 1578 2725 1650 (Rom.
2768 1595 2843 1646 rx,
2875 1578 2929 1645 2,
2960 1579 3018 1649 5)
3038 1594 3057 1633 :
3089 1578 3206 1634 haec
3232 1595 3350 1651 quae
3389 1580 3568 1634 audivi
3596 1596 3623 1633 a
3654 1581 3752 1635 Deo
3774 1579 3846 1635 Ρι-

2306 1682 2414 1739 tre,
2443 1670 2596 1727 Vobis
2626 1672 2913 1737 annuntio,
2939 1687 3059 1743 quae
3088 1670 3233 1727 Deus
3258 1671 3427 1728 Israel
3477 1673 3627 1729 vobis
3665 1685 3850 1729 Vt'nilll‘l

2309 1763 2580 1835 praedicit.

601 1856 1137 1959 Iaatn(qum.xxtuet
1158 1883 1219 1956 ιι)
1252 1856 1360 1939 sub
1376 1883 1577 1939 Christi
1599 1856 1860 1955 mysterio
1875 1882 2202 1935 nominatur.

2383 1857 2566 1927 (Vers.
2592 1857 2681 1926 ll,
2713 1857 2830 1929 12.)
2877 1857 3024 1913 Onus
3047 1856 3219 1912 Dnma
3248 1873 3268 1913 :
3291 1857 3360 1912 ad
3378 1873 3458 1913 me
3470 1859 3655 1913 clamat
3679 1876 3734 1913 ex
3746 1859 3853 1915 Seir:

676 1982 858 2051 (Vers.
883 1979 1061 2052 8-10.)
1077 1978 1248 2050 Super
1267 1977 1531 2048 speculam
1554 1977 1766 2032 Domini
1787 1993 1878 2049 ego
1899 1993 2035 2042 sum,
2060 1988 2203 2031 stans

596 2080 796 2153 juqiter
833 2092 924 2152 per
968 2075 1128 2141 diem,
1152 2082 1198 2129 et
1217 2089 1371 2144 super
1408 2070 1697 2128 custodiam
1738 2088 1904 2125 meam
1950 2087 2042 2145 ego
2065 2087 2201 2139 sum,

605 2187 751 2228 stans
792 2171 912 2227 totis
953 2168 1212 2224 noctibus.
1248 2165 1383 2222 Ecce
1438 2169 1533 2222 iste
1557 2165 2055 2221 renitascmsoruir
2076 2166 2206 2237 biga:

607 2268 855 2340 equitum,
878 2275 929 2322 et
948 2264 1210 2335 respondit
1234 2273 1281 2317 et
1302 2262 1431 2317 dixit
1458 2278 1476 2316 :
1498 2259 1716 2325 Cecidit,
1741 2260 1925 2316 cecidit
1949 2259 2202 2331 Babylon,

608 2371 656 2417 et
678 2361 852 2416 omnia
891 2355 1157 2431 sculptilia
1195 2355 1408 2411 deorum
1448 2356 1560 2427 ejus
1580 2354 1803 2407 contrita
1822 2365 1940 2408 sunt
1962 2353 2201 2429 interra.

610 2453 819 2511 Tritura
854 2471 988 2516 mea,
1031 2462 1079 2507 et
1119 2452 1219 2522 [illi
1264 2467 1402 2506 arere
1423 2466 1564 2513 mete,
1589 2465 1705 2522 quae
1722 2447 1951 2503 audivia
1989 2428 2205 2501 Domino

606 2551 928 2629 exercituum
953 2547 1059 2603 Deo
1082 2543 1272 2610 Israel,
1304 2543 1611 2598 annuntiari
1633 2542 1793 2596 vobis.
1818 2538 1963 2596 LXX
1990 2556 2003 2592 :
2031 2536 2204 2591 Domi-

608 2659 705 2699 nus
727 2643 896 2698 dixit:
924 2642 1056 2697 Steti
1078 2656 1167 2710 per
1187 2647 1345 2693 totam
1365 2638 1520 2701 diem,
1543 2647 1589 2691 et
1608 2652 1763 2703 super
1783 2644 1951 2689 castra
1974 2651 2066 2706 ego
2092 2630 2210 2687 steti

608 2745 714 2792 tota
734 2744 883 2792 nocte
904 2751 924 2790 :
945 2744 993 2791 et
1016 2750 1130 2788 ecce
1151 2735 1261 2800 ipse
1283 2731 1420 2787 venit
1460 2744 1702 2784 ascensor
1724 2726 1875 2800 bigm,
1909 2737 1958 2782 et
1989 2741 2207 2798 respon-

608 2834 735 2887 dens
756 2833 829 2885 ait
852 2847 871 2886 :
894 2829 1112 2891 Cecidit,
1140 2827 1321 2882 cecidit
1361 2823 1620 2896 Babylon,
1647 2833 1693 2879 et
1716 2822 1890 2877 omnia
1926 2821 2207 2875 simulacra
2244 2873 2254 2883 ,

608 2930 743 3001 ejus.
765 2936 811 2981 et
840 2923 1137 2993 mattufacta
1161 2921 1382 2976 contrita
1401 2927 1521 2975 sunt
1543 2918 1596 2973 in
1618 2926 1774 2973 terra.
1799 2915 1987 2971 Audite
2005 2914 2094 2983 qui
2114 2912 2209 2968 de.-

606 3020 772 3075 relicti
822 3018 967 3076 estis.
1015 3026 1064 3072 et
1110 3014 1292 3069 doletis
1314 3030 1333 3067 :
1358 3011 1535 3067 audite
1566 3026 1682 3081 qua:
1726 3008 1903 3062 audivi
1929 3025 1961 3061 α
1983 3004 2208 3060 Domino

608 3112 863 3173 Sabaoth.
892 3110 1031 3166 Deus
1057 3108 1226 3165 Israel
1246 3107 1573 3163 annuntiuttit
1594 3103 1757 3158 nobis.
1784 3102 1907 3160 Stat
1926 3100 2204 3171 Propheta

609 3205 663 3261 in
691 3205 910 3276 specula
932 3202 1172 3270 Domini,
1195 3208 1251 3257 et
1271 3202 1322 3254 itt
1353 3199 1495 3254 illius
1515 3198 1721 3254 lumine
1741 3195 2069 3252 constitutus
2089 3209 2208 3265 qnte

2305 1951 2512 2015 Custos,
2535 1952 2662 2021 quid
2675 1950 2739 2004 de
2768 1952 2951 2005 nocte?
2976 1950 3325 2022 custos,rquid
3348 1950 3414 2005 de
3438 1953 3620 2007 nocte?
3642 1949 3766 2006 Dixit
3788 1967 3855 2004 crt-

2304 2054 2433 2112 stos,
2463 2047 2597 2099 venit
2627 2060 2798 2108 mane,
2830 2054 2879 2100 et
2908 2060 3030 2098 nox.
3062 2043 3125 2099 Si
3177 2046 3431 2115 quaeritis,
3483 2044 3686 2116 quwrite
3719 2059 3735 2097 :
3763 2059 3856 2097 cou-

2306 2139 2584 2205 oertimini,
2617 2146 2663 2191 et
2688 2138 2869 2193 uenite.
2900 2136 3079 2193 LXX:
3122 2136 3270 2192 Visio
3301 2136 3573 2204 lduma'a’,
3598 2139 3663 2192 ad
3690 2154 3757 2193 me
3777 2139 3857 2193 rla-
3956 2152 3957 2191 ι

2302 2243 2413 2297 mat
2436 2234 2502 2288 de
2538 2233 2986 2290 Seir:Custodite
3031 2228 3445 2306 propugnacula,
3488 2236 3710 2288 custodio
3744 2249 3855 2287 ruant

2314 2339 2364 2385 et
2391 2340 2563 2398 nocte;
2593 2330 2639 2384 si
2651 2330 2862 2401 qua’ris,
2884 2345 3089 2401 quivre:
3116 2337 3163 2383 et
3185 2328 3326 2400 apud
3351 2344 3432 2383 nte
3454 2327 3646 2381 habita.
3664 2327 3854 2383 Verbum

2311 2397 2637 2479 Hebraicum
2663 2397 2703 2459 γε·
2734 2436 2858 2477 cur
2933 2397 3028 2478 ’δικ
3057 2421 3101 2493 ),
3138 2397 3283 2491 quod
3328 2436 3524 2477 omnes
3564 2418 3853 2490 interpretati

2309 2528 2462 2585 sunt,
2494 2518 2563 2572 ad
2602 2533 2704 2585 me,
2738 2519 2783 2572 si
2832 2517 3071 2573 volueris
3118 2516 3302 2586 legere
3357 2532 3466 2584 aut,
3523 2517 3857 2586 interpretatur
3956 2516 3957 2586 γ

2312 2614 2634 2678 Deusmeus,
2671 2612 2755 2667 vel
2789 2613 2939 2685 fortis
2966 2628 3130 2666 meus.
3186 2610 3455 2681 Quodque
3503 2627 3599 2666 nos
3643 2611 3853 2673 diximus,

2309 2708 2518 2775 clamat,
2551 2707 2636 2762 vel
2662 2713 2826 2773 vocat,
2855 2705 2906 2759 id
2936 2712 3040 2766 est.
3068 2705 3226 2769 καλεῖ,
3251 2704 3555 2760 secundum
3585 2702 3792 2767 Hebraei,
3816 2706 3856 2755 et

2310 2799 2483 2857 Cl'il‘Ci
2514 2799 2783 2855 sermonis
2816 2796 3225 2867 ambiguitatem
3248 2797 3355 2852 dici
3385 2807 3571 2867 potest
3609 2795 3774 2859 clama,
3795 2789 3855 2845 vel

2310 2909 2470 2960 voca;
2501 2903 2555 2950 et
2574 2901 2662 2949 est
2688 2906 2883 2948 sensus
2912 2908 2926 2944 :
2952 2891 3096 2946 Deus
3126 2891 3218 2962 qui
3250 2901 3333 2947 est
3361 2901 3551 2946 custos
3604 2904 3757 2956 mens,
3792 2885 3858 2940 die

2311 3003 2375 3044 ac
2406 3000 2564 3045 nocte
2603 3004 2690 3044 me
2732 2986 2801 3042 ad
2857 2987 3231 3058 ptenitentiam
3294 2996 3475 3053 vocat,
3504 2996 3566 3042 ut
3594 2985 3859 3053 relinquens

2315 3082 2453 3149 Seir,
2477 3082 2622 3154 quod
2655 3084 3044 3155 interpretatur
3090 3082 3328 3154 hispidus
3351 3098 3415 3138 ac
3461 3084 3687 3156 pilosus,
3715 3092 3861 3135 rever-

2310 3183 2415 3242 tar,
2443 3184 2499 3233 et
2522 3177 2758 3233 habitem
2780 3178 2922 3247 apud
2946 3195 3095 3234 eum.
3134 3177 3305 3234 Duma
3355 3178 3441 3232 vel
3492 3173 3855 3237 similitudinem,

606 3308 838 3358 ventura
864 3299 992 3364 sint,
1017 3296 1299 3370 prospicit.
1326 3293 1583 3364 ﬂauoque
1616 3290 1777 3346 habet
1798 3288 2125 3352 custodiam,
2149 3296 2204 3343 cl
2231 3283 2277 3349 C
2310 3272 2396 3328 vel
2423 3270 2706 3340 δίίεηῑίκηιν
2731 3266 2909 3330 sntiat-
2940 3272 3178 3329 Ῑάιιηιίεα
3200 3286 3380 3328 alitem
3415 3274 3467 3328 in
3504 3282 3742 3327 terrenam
3763 3282 3860 3321 νεϊσ

610 3396 713 3453 hoc
735 3395 835 3452 sibi
861 3394 1099 3449 uilicum
1126 3390 1458 3462 delegatum,
1484 3395 1542 3442 ut
1563 3387 1615 3440 in
1657 3385 1839 3440 saeculi
1863 3382 2020 3438 istius
2051 3390 2205 3436 tene-

607 3489 722 3546 bris
763 3502 885 3559 qure
906 3500 1133 3541 ventura
1160 3479 1610 3553 sintcouspiciat.
1653 3477 1793 3533 Ecce
1832 3477 1954 3544 iste,
2005 3473 2201 3544 inquit,

611 3582 781 3644 venit,
805 3582 908 3636 hoc
955 3578 1097 3650 quod
1122 3579 1391 3648 sequitur,
1414 3590 1475 3630 se
1496 3573 1699 3628 vidisse
1730 3568 2065 3641 signiﬁcans,
2115 3580 2207 3621 ve-

609 3678 729 3735 nire
754 3675 1041 3730 Dominum
1064 3671 1405 3729 S.t|vatoretn
1431 3654 1710 3723 sedentem
1734 3679 1898 3735 super
1920 3662 2117 3733 bigam,
2151 3666 2207 3715 et

609 3769 821 3826 duobus
866 3767 1040 3839 equis,
1084 3763 1253 3820 immo
1292 3759 1680 3828 animantibus,
1731 3758 1886 3813 asino
1915 3766 1969 3812 et
1995 3754 2207 3811 eamclo

609 3877 779 3918 unum
802 3874 1024 3918 currum
1059 3858 1394 3928 jnngentem.
1418 3853 1517 3924 Qui
1549 3867 1807 3909 ascensor
1830 3848 1964 3921 biga:
1993 3846 2207 3904 deside-

609 3956 750 4013 ranti
794 3951 1100 4023 Prophelte,
1145 3960 1200 4007 et
1241 3944 1407 4005 verba
1449 3946 1568 4016 ejus
1607 3944 1796 3999 audire
1823 3939 2095 4012 cupienti,
2120 3955 2206 3994 rc-

611 4044 831 4117 spottdit
852 4056 909 4100 et
926 4044 1056 4105 dixit
1086 4060 1101 4099 :
1125 4040 1344 4108 Cecidit,
1366 4037 1550 4094 cecidit
1572 4036 1829 4108 Babylon,
1858 4035 2024 4090 totius
2055 4031 2206 4088 orbis

610 4138 863 4196 confusio
890 4153 904 4192 :
928 4149 982 4194 et
1013 4136 1068 4192 itt
1091 4135 1327 4190 adventu
1353 4149 1476 4190 meo
1505 4131 1721 4196 cecidit,
1753 4145 1861 4200 quo
1909 4129 2204 4183 humanum

611 4246 813 4304 corpus
832 4228 1122 4298 assumpsi,
1148 4238 1202 4283 et
1226 4225 1441 4295 penitus
1482 4225 1535 4279 in
1559 4221 2027 4280 consummatione
2048 4234 2210 4274 mou-

614 4324 668 4382 di
693 4323 898 4379 ruitura
924 4333 1027 4377 est.
1062 4318 1134 4374 Et
1154 4320 1328 4373 omnia
1349 4318 1613 4391 sculptilla
1636 4320 1749 4389 ejus
1769 4315 1988 4369 contrita
2010 4321 2132 4367 sunt
2154 4313 2205 4366 in

614 4427 775 4474 terra.
800 4414 906 4471 Pro
926 4428 1033 4486 quo
1058 4411 1408 4482 Septuaginta
1437 4408 1713 4463 simulacra
1734 4417 1783 4461 et
1803 4409 2103 4478 manufacta
2128 4405 2208 4458 in-

615 4510 901 4584 terpretati
932 4516 1080 4577 sunt,
1114 4506 1480 4579 signiﬁcantes
1524 4503 1690 4577 306
1734 4501 2067 4571 Scriptorum
2099 4501 2211 4555 luc-

615 4606 916 4664 reticurum
946 4602 1235 4671 variosque
1274 4612 1492 4654 errores
1529 4595 1840 4660 lneresewn,
1864 4596 1954 4665 qui
1981 4592 2210 4650 fabrica-

2313 3370 2466 3424 titnr.
2500 3369 2758 3424 Dominus
2812 3385 2944 3442 ergo
2965 3369 3127 3442 307
3156 3368 3392 3440 loquitur
3419 3367 3488 3423 ad
3523 3365 3858 3437 Apostolorum

2316 3460 2571 3529 cltorum,
2624 3473 2679 3518 et
2731 3465 2973 3536 prmi-ipit
3007 3464 3056 3518 ei
3091 3477 3107 3518 :
3141 3463 3223 3518 Ad
3248 3478 3334 3519 nte
3365 3477 3501 3517 voca
3534 3477 3629 3519 eos
3655 3459 3737 3531 qui
3766 3460 3864 3512 sunt

2308 3554 2378 3610 de
2402 3554 2545 3621 Seir,
2576 3564 2633 3609 ut
2658 3555 2790 3610 mihi
2842 3556 3045 3613 serviat
3090 3557 3331 3628 gentium
3363 3553 3673 3616 multitudo,
3702 3565 3800 3621 qua:
3823 3547 3863 3599 in

2286 3628 2726 3703 similitudinem
2769 3649 2909 3704 Esau
2941 3649 3073 3704 nihil
3112 3650 3163 3704 in
3192 3665 3252 3706 se
3292 3648 3455 3705 habet
3488 3647 3652 3703 tuoile
3675 3657 3722 3700 et
3757 3646 3863 3696 leve.

2312 3758 2375 3799 ac
2416 3744 2666 3811 nitidum,
2708 3745 2805 3801 sed
2838 3756 2924 3801 est
2948 3744 3165 3815 hispida
3187 3785 3201 3809 ,
3237 3743 3348 3799 l'era
3372 3785 3388 3808 ,
3430 3738 3786 3799 intractabilis.
3812 3733 3860 3789 Et

2310 3850 2344 3891 ο
2381 3850 2501 3901 vos,
2533 3835 2801 3907 Apostoli,
2859 3849 3145 3909 postquam
3184 3836 3511 3895 vocaveritis
3539 3838 3604 3892 ad
3633 3852 3711 3891 tne
3733 3829 3867 3887 natio-

2313 3945 2410 3986 nes
2439 3931 2506 3987 de
2532 3930 2673 4001 Seir,
2697 3934 2970 3990 custodite
3002 3933 3262 3990 Ecclesiae
3285 3932 3702 4005 propugnacula,
3729 3944 3787 3984 ne
3810 3925 3867 3979 ia-

2310 4031 2415 4086 cile
2466 4026 2639 4084 hostis
2681 4029 3065 4097 irrumpatme
3092 4026 3178 4081 leo
3200 4022 3865 4098 rugiensatquecircuiens,

2311 4125 2404 4196 qui
2444 4122 2638 4195 quaerit
2676 4120 2882 4177 aditum
2925 4135 3020 4190 per
3056 4137 3217 4189 quem
3259 4119 3429 4191 possit
3482 4122 3685 4176 intrare
3708 4161 3722 4186 ,
3758 4114 3869 4170 clau-

2313 4234 2433 4274 sum
2475 4218 2528 4272 in
2573 4215 2817 4271 Ecclesia
2870 4229 3089 4286 gregem
3140 4215 3345 4271 Iaceret
3399 4224 3566 4287 atque
3620 4208 3869 4282 disperdat.
3956 4256 3957 4287 ξ

2313 4310 2725 4382 Responditque
2785 4308 3047 4365 Ecclesia:
3107 4310 3396 4364 multitudo
3437 4326 3451 4364 :
3496 4324 3607 4365 non
3646 4306 3800 4363 solum
3831 4299 3869 4354 in

2308 4402 2633 4476 prosperis,
2673 4401 2769 4458 sed
2812 4402 2865 4456 in
2905 4402 3173 4470 adversis,
3218 4402 3320 4458 hoc
3356 4410 3472 4467 est,
3508 4410 3567 4459 et
3604 4402 3656 4457 in
3694 4399 3803 4460 die.
3833 4400 3873 4448 ei

2319 4497 2375 4551 in
2401 4507 2583 4564 nocte,
2610 4504 2723 4563 ttta,
2752 4494 2918 4561 Deus,
2949 4509 3220 4566 pra-cepta
3254 4494 3512 4551 servabo.
3542 4494 3623 4551 Ad
3645 4508 3788 4564 quam
3815 4487 3873 4541 loc

2314 4591 2498 4662 quitur
2526 4590 2667 4645 Deus
2693 4606 2706 4642 :
2737 4588 2797 4646 Si
2819 4603 2947 4644 vere
2977 4604 3063 4644 me
3089 4591 3498 4659 quaeris,opere
3524 4584 3749 4643 ostende
3763 4577 3873 4653 quod

615 4708 764 4756 tores
807 4706 931 4754 sunt
972 4694 1262 4760 idolorum,
1287 4701 1343 4748 et
1386 4690 1616 4746 adorant
1649 4703 1772 4761 qua:
1810 4688 1878 4743 de
1928 4701 2027 4741 suo
2047 4684 2212 4742 corde
2240 4696 2290 4757 Ῑ)
2318 4700 2405 4741 me
2433 4698 2680 4756 quaeras;
2715 4696 2818 4738 nec
2846 4682 3015 4739 semel
3049 4682 3144 4737 tibi
3168 4697 3433 4753 qttmstsse
3484 4680 3753 4744 sulliciat;
3801 4670 3872 4728 sed

615 4791 909 4847 tinxerunt.
964 4787 1229 4858 Quodque
1274 4784 1522 4856 sequitur
1550 4797 1614 4838 ex
1642 4796 1872 4853 persona
1925 4777 2212 4849 Propheta:

615 4883 847 4941 dicentis
878 4900 893 4937 :
917 4880 1133 4937 Tritum
1152 4894 1285 4943 mea,
1308 4887 1356 4932 et
1378 4876 1455 4948 ﬁli
1476 4892 1612 4931 arcte
1652 4890 1798 4937 mete,
1825 4889 1941 4945 qua:
1964 4871 2144 4927 audivi
2179 4887 2211 4924 a

617 4976 845 5034 Domino
862 4974 1178 5031 exercituum
1194 4970 1302 5026 Deo
1328 4968 1519 5028 Israel.
1544 4969 1850 5023 annuntiotn’
1876 4965 2039 5032 vobis,
2057 4964 2210 5035 juxta

616 5072 945 5131 Hebraicum
969 5071 1115 5125 hunc
1142 5066 1307 5123 habet
1327 5068 1546 5121 sensum
1573 5081 1587 5118 :
1621 5062 1667 5120 0
1693 5062 1909 5133 popttle,
1959 5062 2049 5132 qui
2079 5074 2213 5116 con-

617 5168 830 5225 dendos
851 5181 911 5222 es
933 5167 985 5221 in
1010 5166 1205 5220 horrea
1237 5175 1380 5229 mea,
1406 5168 1569 5232 quem
1602 5140 1939 5214 idcircotrivi
1964 5158 2015 5212 in
2045 5155 2210 5211 variis

616 5261 905 5334 angustiis,
938 5270 997 5316 ut
1025 5260 1209 5329 paleas
1236 5256 1307 5313 ab
1334 5270 1401 5311 co
1420 5263 1752 5320 excuterem,
1779 5261 1834 5309 et
1856 5250 2204 5322 purissimum

615 5353 854 5411 trittcum
904 5351 959 5408 in
1001 5351 1134 5406 meis
1190 5345 1403 5404 horrei.-
1425 5346 1775 5413 cmtderetur,
1808 5359 1929 5414 quae
1951 5341 2130 5397 audivi
2174 5356 2204 5396 a

617 5447 850 5504 Domino
895 5446 1230 5503 exercituum
1257 5443 1368 5497 Deo
1400 5440 1563 5497 Israel
1589 5453 1713 5494 esse
1738 5447 1967 5492 ventura
1991 5435 2208 5489 univer-

615 5552 678 5593 so
705 5540 930 5605 mundo,
983 5537 1098 5591 inec
1136 5533 1292 5590 vobis
1312 5533 1403 5603 qui
1438 5534 1490 5585 iu
1532 5530 1734 5585 mundo
1776 5529 1910 5583 estis
1953 5527 2207 5583 omnibus

616 5631 880 5688 nuntiavi.
933 5630 1040 5687 Alii
1087 5642 1218 5685 vero
1263 5626 1450 5683 dicunt
1501 5624 1680 5679 adhuc
1705 5623 2045 5694 superiorem
2083 5637 2207 5679 esse
2249 5677 2255 5682 .

612 5741 928 5799 personam,
956 5724 1215 5781 videlicet
1261 5718 1476 5795 Domini
1531 5718 1854 5784 Salvatoris,
1906 5717 2051 5789 quod
2088 5718 2208 5786 ipse

2317 4796 2475 4851 quem
2524 4777 2821 4845 inveneris,
2879 4791 3097 4847 semper
3151 4776 3399 4846 inquire;
3449 4785 3509 4833 et
3537 4787 3599 4832 ut
3628 4765 3875 4846 perfectius

2318 4884 2527 4944 teneas,
2562 4873 2886 4930 obliviscere
2914 4872 3097 4944 pupttli
3132 4873 3227 4937 tui,
3251 4881 3305 4927 et
3326 4873 3521 4929 domus
3541 4871 3714 4946 putris
3733 4865 3816 4927 tui.
3836 4868 3876 4916 et

2317 4968 2539 5025 deserto
2568 4982 2761 5023 errore
2789 4967 3098 5038 gentilium,
3124 4963 3265 5036 apud
3295 4979 3382 5020 me
3415 4964 3468 5019 in
3493 4959 3736 5020 Ecclesia
3759 4970 3876 5013 cum-

2319 5075 2559 5118 morare.
2594 5060 2708 5115 Hoc
2731 5059 2884 5130 juxta
2933 5057 3080 5114 LXX
3123 5057 3441 5125 dixerimus,
3496 5056 3593 5128 qui
3649 5055 3875 5109 visionem

2315 5154 2590 5222 Idumtctn,
2635 5155 2739 5209 hoc
2781 5161 2888 5219 est,
2938 5165 3156 5208 terrente
3196 5162 3398 5224 ponunt
3432 5152 3484 5207 in
3517 5150 3697 5215 titulo,
3727 5160 3778 5203 ιιι
3805 5154 3877 5200 cos

2315 5264 2377 5303 os
2402 5247 2607 5304 endant
2653 5246 2859 5312 vocari,
2891 5246 2980 5318 qui
3032 5248 3180 5316 prius
3211 5245 3445 5301 terrenis
3497 5243 3759 5316 operibus
3783 5251 3875 5294 ser-

2310 5343 2555 5399 viebant.
2599 5341 2771 5398 Porro
2814 5339 2968 5412 juxta
3020 5339 3295 5410 Aquilam,
3328 5341 3418 5412 qui
3450 5338 3649 5407 Dama,
3674 5338 3771 5393 hoc
3795 5336 3876 5394 est,

2311 5439 2574 5492 silentium
2597 5436 2915 5507 posuit,~vel
2945 5436 3367 5500 similitudinem,
3407 5435 3486 5491 sic
3517 5428 3879 5505 possumusin-

2314 5531 2579 5603 telligere.
2610 5540 2677 5586 ut
2695 5530 2763 5585 nd
2787 5529 3201 5585 similitudinem
3228 5527 3409 5599 populi
3457 5525 3628 5583 Israel
3657 5534 3882 5597 provoce-

2313 5633 2401 5680 tur
2426 5624 2670 5697 gentium
2700 5622 3015 5687 multitudo,
3036 5632 3093 5679 et
3130 5623 3219 5678 ttbi
3253 5622 3400 5693 prius
3425 5621 3713 5677 silentium
3736 5616 3881 5673 luerat

2312 5718 2448 5790 legis
2473 5717 2593 5786 Dei,
2619 5718 2691 5773 ibi
2725 5704 3087 5774 confessionis
3114 5717 3324 5773 clamor
3343 5717 3415 5772 sit
3444 5732 3460 5771 :
3487 5725 3549 5771 et
3569 5716 3797 5771 oleaster
3816 5708 3883 5762 iu-

686 5854 716 5886 ⁸
743 5848 801 5906 In
835 5844 1009 5902 Vatic.
1035 5839 1497 5916 quemadmodum
1512 5847 1581 5914 Det
1613 5837 1895 5910 Sangerm.
1930 5847 2034 5891 ms.
2071 5832 2206 5906 apud

2308 5832 2574 5904 ontlauc.,
2605 5848 2748 5891 nam
2770 5875 2785 5902 ,
2812 5831 2957 5908 quod
2987 5848 3088 5905 pro
3108 5848 3288 5902 ιιειιι,
3310 5832 3432 5907 sive
3468 5846 3616 5887 ιιειιι
3650 5826 3880 5899 scriptum

613 5940 926 6005 nullatenus
945 5938 1157 5996 dubito.
