4084 6330
206 261 313 322 265

752 261 1401 324 COMMENTARIORUM
1439 263 1508 323 IN
1547 265 1782 325 ISAIAM
1821 265 2252 327 PROPIIE'I'AM
2291 267 2425 327 LIB.
2470 268 2585 329 VII.
2629 271 2789 331 CAP.
2835 274 3012 335 XXII.

3451 288 3560 347 266

210 385 415 441 feratur
462 385 524 443 in
581 387 785 445 bonam
834 388 1057 444 olivam.
1104 386 1359 458 Legimus
1406 385 1541 443 etin
1573 386 1828 457 parabola
1859 391 1913 453 Α
1938 388 2077 458 quod
2110 388 2755 464 interpretaturjudicia.
2782 393 2931 461 Quot
2958 394 3111 451 enim
3140 396 3348 459 habent
3378 417 3568 475 pecca-

211 479 497 552 Evangelii
533 482 740 538 missos
766 496 979 548 servos,
1012 482 1102 553 qui
1136 491 1391 535 vocarent
1422 479 1595 535 bonos
1624 489 1680 535 et
1709 495 1824 535 ma-

216 573 318 641 los,
351 589 419 630 ac
443 576 865 647 patrisfamilias
894 576 964 633 de
990 574 1319 646 quibuslibet
1371 573 1665 645 implerent
1699 588 1830 629 con-

219 670 445 737 vivium,
470 670 603 743 quia
634 671 848 743 priores
875 672 1063 728 venire
1090 670 1390 726 noluerunt
1416 668 1638 738 (Matth.
1666 668 1827 741 xm).

221 762 407 821 Potest
438 774 501 822 et
544 766 790 823 Ecclesia
822 780 1048 823 narrare
1093 765 1241 838 quod
1294 765 1559 820 Dominus
1584 762 1655 819 de
1685 763 1828 833 Seir,

220 854 323 914 hoc
359 866 469 927 est,
528 858 603 916 de
643 859 879 916 terrenis
930 859 1066 915 locis
1091 858 1158 913 ad
1189 873 1251 915 se
1280 857 1633 922 vociferetur,
1663 870 1835 928 seque

224 962 491 1026 provocet
516 953 590 1008 ad
619 956 877 1021 salutem,
917 962 973 1009 et
1008 951 1155 1008 dicat
1198 950 1266 1007 ad
1294 950 1470 1023 ipsum
1502 950 1791 1005 Dominum
1819 966 1834 1004 :

223 1045 267 1102 0
286 1057 506 1111 custos,
535 1046 670 1119 quid
697 1046 767 1103 dc
795 1053 951 1103 nocte
977 1059 1314 1115 consurgens
1336 1045 1580 1100 versaris
1600 1044 1658 1099 in
1686 1054 1845 1099 tene-a

223 1139 373 1197 bris?
420 1138 557 1212 quid
602 1134 811 1211 absque
865 1147 1092 1211 peccato
1135 1140 1188 1193 in
1219 1152 1386 1194 carne
1407 1153 1469 1193 es
1499 1134 1840 1207 peccatrice?

222 1251 327 1309 qua
349 1250 522 1293 causa
555 1234 781 1292 voluisti
813 1234 1109 1290 humanum
1150 1228 1361 1302 corpus‘
1380 1231 1704 1288 assumere?
1734 1229 1843 1286 Re-

226 1328 453 1400 spondit
489 1338 692 1395 custos,
723 1328 826 1384 hoc
854 1338 961 1395 est,
1011 1326 1396 1394 Samaritanus,
1447 1325 1536 1396 qui
1577 1326 1630 1381 in
1662 1323 1843 1380 Evan-

226 1423 368 1495 gelio
389 1422 739 1478 vulneratum
784 1419 899 1477 suis
936 1421 1178 1476 humeris
1201 1419 1268 1475 ad
1295 1418 1568 1476 stabulum
1598 1428 1843 1486 reporta-

228 1516 304 1572 vit
328 1514 488 1589 (Luc.
514 1514 593 1587 Ix)
620 1533 634 1569 :
673 1513 823 1570 Venit
844 1530 993 1568 mane
1018 1522 1065 1567 et
1092 1529 1215 1567 nam.
1241 1513 1307 1573 Et
1326 1524 1413 1567 est
1438 1526 1663 1568 sensus:
1692 1508 1842 1567 Gen-

230 1606 360 1661 tium
415 1604 763 1660 multitudini
804 1615 958 1659 ortus
1004 1613 1089 1659 est
1140 1602 1226 1657 sol
1274 1602 1524 1673 justitiaa,
1555 1609 1612 1655 et
1636 1599 1843 1657 Iudaeis

229 1708 502 1755 venerunt
553 1698 825 1755 tenebrae.
875 1696 1035 1753 Juxta
1072 1696 1216 1768 quod
1270 1696 1472 1751 dicitur
1501 1710 1528 1747 a
1558 1694 1793 1750 Domino
1826 1710 1839 1745 :

1934 488 2113 537 torum
2146 496 2374 553 genera,
2408 492 2489 539 tot
2513 485 2852 551 iudiciorum
2909 501 3198 547 merentur
3227 499 3560 555 sententias.

1934 572 2123 630 Potest
2161 584 2346 633 autem
2404 574 2593 632 Dedan
2631 587 2691 634 et
2730 579 2933 651 grande
2974 584 3239 656 judicium
3286 589 3559 664 interpre-

1938 667 2061 721 tari.
3218 718 3219 721 η

2011 758 2193 833 (Vers.
2228 760 2319 829 ﬂ,
2348 762 2482 833 15.)
2523 763 2870 823 Occurrentes
2923 769 3121 826 sitienti
3166 773 3297 841 ferte
3340 791 3552 848 aquam,

1939 854 2032 923 qui
2057 854 2306 909 habitatis
2336 863 2528 911 terram
2568 857 2769 927 Austri,
2798 877 2915 916 cum
2946 864 3168 931 panibus
3190 869 3447 923 occurrite
3465 869 3553 940 fu-

1941 946 2122 1016 gienti.
2156 947 2198 1002 A
2223 948 2358 1019 {acie
2401 950 2536 1003 enim
2558 950 2857 1024 gladiorum
2907 956 3174 1029 fugerunt,
3201 972 3235 1010 a
3260 958 3399 1027 [acie
3436 959 3552 1029 gla-

1944 1040 2020 1094 dii
2071 1040 2409 1110 imminentis,
2440 1044 2628 1114 afacie
2657 1043 2823 1118 309
2874 1063 3024 1101 arcus
3075 1051 3289 1116 extenti,
3333 1068 3366 1106 a
3415 1053 3550 1120 [acie

1945 1136 2118 1207 gravis
2150 1136 2340 1204 prwlii.
2375 1136 2520 1192 LXX
2554 1156 2567 1191 :
2598 1136 2663 1192 In
2696 1156 2965 1195 occursum
2991 1142 3182 1197 sitienti
3206 1143 3334 1213 {erte
3357 1162 3547 1216 aquam

1945 1229 2035 1300 qui
2064 1228 2308 1283 habitatis
2329 1230 2384 1283 in
2414 1232 2628 1301 regione
2660 1231 2911 1298 Theman,
2960 1250 3077 1289 cum
3126 1237 3342 1308 panibus
3369 1254 3551 1293 occur-

1945 1324 2041 1378 rite
2066 1325 2384 1396 fugientibus
2416 1336 2626 1398 propter
2650 1328 3032 1384 multitudinem
3087 1332 3393 1395 occisorum.
3426 1352 3549 1405 pro-

1947 1428 2061 1490 pter
2091 1421 2293 1474 turbam
2317 1420 2621 1488 errantium,
2648 1433 2860 1494 propter
2872 1423 3259 1480 multitudinem
3283 1427 3468 1495 gladii,
3503 1439 3552 1482 et

1948 1520 2158 1584 prapter
2184 1511 2573 1568 multitudinem
2614 1530 2832 1568 arcuum
2885 1516 3224 1585 intentorum,
3265 1527 3313 1573 et
3339 1528 3552 1590 propter

1948 1603 2331 1660 multitudinem
2346 1607 2643 1662 cadentium
2673 1608 2725 1662 in
2757 1607 2913 1664 bello.
2928 1608 3039 1665 Vos
3053 1614 3145 1682 qui
3169 1616 3305 1668 estis
3328 1616 3379 1667 in
3406 1612 3519 1669 The
3531 1643 3552 1656 -

1949 1712 2095 1764 man,
2128 1698 2273 1769 quod
2308 1700 2700 1770 interpretatur
2728 1703 2917 1756 Auster
2969 1714 3133 1774 atque
3184 1706 3453 1777 perfodio,
3503 1716 3561 1763 et

234 1791 301 1849 In
312 1794 581 1867 judicium
603 1792 787 1847 mundi
811 1791 959 1848 istius
986 1808 1079 1863 ego
1109 1791 1247 1857 ueni,
1274 1799 1454 1844 utnon
1496 1789 1723 1845 uidentes
1763 1789 1843 1841 υἱ·
1873 1803 1920 1864 Β
1951 1789 2004 1845 in
2035 1806 2102 1846 eo
2131 1792 2429 1847 versamini
2473 1794 2611 1862 loco,
2640 1794 2710 1850 de
2732 1810 2840 1866 quo
2869 1796 3133 1867 scriptum
3168 1809 3253 1854 est
3272 1815 3287 1853 :
3308 1798 3447 1854 Deus
3488 1800 3553 1855 ab

235 1888 410 1952 deant,
442 1895 490 1941 et
516 1885 755 1942 ridentes
779 1886 898 1941 arci
930 1885 1058 1955 fiant
1090 1882 1270 1955 (Joan.
1317 1898 1403 1949 rx,
1445 1880 1561 1953 59).
1606 1881 1674 1937 Et
1726 1881 1847 1953 ipse

238 1990 424 2038 custos
456 1979 551 2051 qui
572 1979 793 2035 dixerat
824 2000 839 2035 ;
882 1976 1037 2033 Venit
1078 1993 1228 2031 mane
1262 1983 1311 2030 et
1341 1991 1468 2043 nox,
1500 1974 1741 2047 loquitur
1778 1973 1847 2029 ad

240 2078 484 2148 gentium
544 2072 955 2129 multitudinem
993 2090 1007 2127 :
1038 2072 1093 2127 Si
1133 2086 1221 2127 me
1251 2070 1521 2140 qumritis,
1552 2068 1850 2125 studiosius

242 2166 493 2239 quaerite.
550 2166 722 2239 308
747 2165 1143 2222 Convertimini
1172 2164 1239 2220 ad
1264 2178 1374 2231 me,
1392 2162 1491 2219 lilii
1519 2170 1850 2219 converten-

244 2270 345 2327 tes,
379 2270 435 2317 et
455 2274 560 2332 ego
590 2260 801 2315 sanabo
823 2259 1188 2315 contritiones
1221 2269 1453 2326 vestras,
1486 2269 1540 2315 et
1566 2260 1750 2315 venite
1782 2257 1849 2314 ad

246 2372 349 2412 me.
371 2354 786 2412 Locadiflicilia
812 2364 958 2423 sunt,
991 2363 1191 2411 etcum
1220 2353 1523 2411 secundum
1558 2352 1848 2413 historiam

249 2449 471 2506 minime
519 2457 765 2520 pateant,
823 2449 1069 2521 cogimur
1107 2447 1261 2519 juxta
1298 2448 1568 2520 ἀναγωγήν
1609 2446 1854 2502 diversas

250 2545 537 2615 Opiniones
557 2544 745 2614 sequi.

317 2637 339 2711 (
364 2636 519 2693 Vers.
571 2637 663 2693 13.
693 2638 713 2707 )
747 2634 965 2692 Onusin
984 2637 1199 2692 Arabia.
1232 2635 1346 2692 Hoc
1372 2635 1427 2692 in
1445 2634 1688 2692 editione
1710 2632 1858 2691 LXX

252 2729 611 2802 Interpretutu
650 2745 763 2786 non
794 2730 1030 2785 habetur
1065 2746 1080 2783 :
1114 2729 1211 2786 sed
1256 2728 1402 2800 quod
1452 2728 1698 2799 sequitur
1736 2744 1757 2782 .'
1788 2724 1858 2781 In

250 2824 385 2880 saltu
401 2824 469 2879 ad
490 2840 762 2897 vesperam
807 2823 1075 2878 dormietis
1108 2824 1166 2878 in
1193 2822 1389 2878 semitis
1419 2819 1706 2888 Dodanim,
1731 2835 1857 2875 cum

254 2919 419 2991 priori
443 2921 654 2976 visione
674 2918 1029 2989 conjunctum
1059 2927 1164 2984 est,
1192 2917 1502 2988 utlegatur,
1544 2915 1590 2969 si
1632 2914 1850 2985 quieris,

256 3028 417 3082 qutere
448 3028 467 3067 :
508 3020 557 3066 et
595 3010 666 3065 ad
696 3026 777 3065 me
821 3009 1001 3065 habita
1036 3009 1092 3063 in
1132 3007 1294 3063 saltu.
1336 3007 1532 3062 Arabia
1578 3007 1631 3062 in
1680 3006 1859 3077 lingua

1949 1884 2142 1940 Austro
2167 1888 2327 1941 veniet
2356 1888 2539 1960 (Abac.
2571 1904 2650 1957 tu,
2680 1888 2762 1961 4),
2812 1899 2869 1946 et
2892 1893 2981 1961 qui
3014 1894 3379 1950 Consutttmati
3421 1896 3555 1951 estis

1949 1988 2115 2049 atque
2179 1981 2427 2051 perfeCIi,
2482 1991 2538 2037 et
2580 1984 2792 2040 habetis
2821 1986 2873 2041 in
2901 1986 3057 2042 vobis
3090 1988 3273 2045 lumen
3307 1990 3556 2045 scientiae

1951 2074 2382 2147 Scripturarum,
2424 2076 2759 2149 fugientibus
2783 2080 2849 2134 de
2874 2080 3099 2151 Arabia,
3153 2093 3210 2139 et
3251 2083 3321 2141 de
3372 2087 3554 2156 saltu,

1952 2169 2226 2224 occurrite
2257 2184 2382 2224 cum
2412 2184 2552 2240 aqua
2578 2180 2633 2227 et
2664 2170 2915 2241 panibus,
2955 2182 3010 2228 et
3041 2173 3212 2231 nolite
3234 2188 3557 2244 exspectare

1952 2259 2131 2316 donec
2150 2261 2336 2333 ipsiad
2350 2278 2450 2318 vos
2472 2264 2726 2331 veniant;
2758 2264 2854 2320 sed
2881 2264 3169 2323 imitamini
3198 2268 3350 2323 illum
3379 2268 3559 2325 Evan-

1953 2353 2144 2424 gelicte
2177 2355 2450 2425 parabolae
2476 2365 2713 2424 patrem,
2745 2357 2838 2426 qui
2861 2362 3097 2414 occurrit
3115 2359 3225 2415 ﬁlio
3239 2368 3564 2418 revertenti.

1956 2444 2027 2500 Et
2058 2446 2149 2503 ille
2175 2447 2395 2518 quidem
2442 2448 2592 2505 dedit
2631 2450 2852 2516 stolam,
2884 2451 3083 2508 obtulit
3111 2455 3373 2509 annulum
3401 2455 3555 2528 (Luc.

1958 2539 2058 2610 xv)
2091 2557 2106 2593 :
2144 2555 2241 2596 vos
2266 2551 2448 2597 autem
2477 2558 2648 2615 aquas
2678 2555 2735 2599 et
2762 2560 2934 2615 panes
2961 2546 3155 2603 oflerte
3204 2548 3559 2618 fugientibus,

1957 2642 2017 2689 ut
2042 2635 2133 2704 qui
2160 2636 2286 2690 lassi
2307 2644 2464 2691 erant
2487 2647 2651 2708 atque
2677 2637 2940 2706 confecti,
2968 2649 3147 2695 vestra
3181 2641 3561 2699 misericordia

1959 2733 2355 2791 sustententur,
2405 2738 2465 2784 et
2491 2730 2559 2783 ad
2597 2728 2757 2786 sedes
2796 2738 3008 2787 vestras
3053 2734 3213 2789 cuius
3253 2746 3558 2792 transeant.

1960 2817 2241 2891 Fugerunt
2287 2820 2433 2876 enim
2491 2821 2706 2893 gladios
2778 2824 3198 2893 haereticorum,
3256 2827 3561 2885 doctrinam

1961 2914 2267 2986 gentilium,
2284 2915 2999 2988 blasphemiasJudaeorum.
3018 2920 3219 2992 thuia
3246 2923 3445 2979 multos
3472 2924 3557 2979 vi-

1962 3006 2162 3063 derunt
2214 3023 2404 3064 eorum
2465 3009 2665 3081 jaenlis
2705 3011 3055 3081 interfectos,
3103 3026 3157 3070 et
3205 3016 3472 3072 cecidisse
3508 3016 3561 3072 itt

258 3112 466 3170 nostra,
497 3119 768 3177 vesperam
803 3113 987 3169 sonat,
1033 3118 1156 3173 qua:
1196 3102 1377 3158 nouis
1406 3109 1465 3158 et
1508 3102 1860 3157 tenebrarum
1964 3100 2158 3171 praelio
2185 3101 2473 3171 plurimos,
2499 3104 2599 3175 ipsi
2631 3108 2854 3177 cupiunt
2878 3116 3061 3163 vestro
3099 3109 3299 3164 auxilio
3319 3110 3558 3167 liberari.

258 3197 578 3269 principium
610 3206 721 3263 est,
744 3199 1033 3268 omnisque
1076 3197 1170 3268 qui
1224 3196 1388 3253 habet
1415 3196 1637 3251 initium
1670 3209 1862 3266 pecca-
1887 3203 1934 3266 (ζ
1966 3194 2143 3251 Locus
2173 3195 2261 3252 hic
2290 3197 2513 3269 proprie
2542 3197 2803 3256 adversus
2830 3216 2930 3256 eos
2961 3202 3187 3275 intelligi
3220 3214 3420 3275 potest,
3476 3208 3567 3277 qui

260 3299 457 3358 torum,
483 3300 739 3349 versatur
759 3291 814 3348 in
829 3305 1080 3361 vespera.
1103 3290 1204 3359 Qui
1230 3300 1415 3347 autem
1446 3293 1595 3347 venit
1614 3290 1682 3345 ad
1713 3304 1863 3346 sum—
1965 3286 2248 3344 tradentes
2275 3304 2336 3344 se
2364 3291 2479 3346 otio
2502 3300 2666 3363 atque
2693 3292 2940 3356 desidize.
2972 3297 3191 3366 propria
3222 3299 3395 3354 salute
3434 3313 3569 3354 con-

263 3404 431 3453 mum.
461 3389 518 3446 in
543 3389 726 3446 media
755 3397 917 3444 nocte
946 3388 1221 3444 consistit.
1247 3387 1403 3445 Unde
1440 3398 1494 3444 et
1532 3389 1586 3443 in
1625 3387 1864 3460 Et:pr

262 3482 621 3556 primogenita
673 3484 730 3539 in
771 3481 949 3539 media
989 3490 1148 3537 nocte
1199 3481 1481 3536 caeduntur
1511 3479 1708 3552 (Exod.
1736 3480 1859 3554 19.).

264 3578 328 3635 Et
351 3578 647 3650 Apostolus
690 3576 910 3639 Petrus.
945 3588 1235 3645 antequam
1266 3576 1436 3646 gallus
1474 3582 1743 3639 eantaret.
1780 3583 1866 3630 ter

265 3671 551 3753 Dominum
585 3670 828 3741 negavit,
858 3668 1001 3739 quod
1015 3668 1191 3724 media
1209 3682 1317 3723 nox
1337 3668 1663 3739 intelligitur
1691 3666 1860 3740 (Mat.

267 3769 415 3839 xm)
441 3784 455 3822 :
482 3766 778 3838 Postquam
807 3776 986 3821 autem
1020 3780 1124 3819 nox
1150 3763 1449 3835 praecessh,
1481 3772 1535 3819 et
1562 3761 1729 3832 carpit
1750 3761 1868 3816 dies

272 3862 736 3933 appropinquare,
766 3856 1037 3930 superatis
1061 3856 1255 3913 mediae
1298 3856 1477 3911 noctis
1517 3852 1778 3919 tenebris,
1814 3860 1871 3908 et

271 3957 409 4028 gallo
439 3956 577 4011 lucis
599 3953 794 4010 nuntio
823 3961 1143 4018 resonante,
1185 3949 1338 4007 ﬂevit
1375 3963 1587 4015 amare,
1618 3955 1671 4002 et
1704 3946 1868 4001 intel-

274 4047 705 4119 lexitpeccatum
727 4059 906 4113 suum,
938 4054 993 4099 et
1018 4059 1088 4101 eo
1114 4051 1363 4114 tempore
1417 4040 1605 4095 dicere
1646 4038 1821 4109 potuit
1850 4052 1867 4092 :

274 4141 351 4196 Ad
375 4157 642 4209 vesperam
671 4136 1026 4193 demorabitur
1055 4140 1230 4208 ﬂetus,
1264 4144 1314 4191 et
1342 4134 1412 4188 ad
1440 4132 1753 4187 matutinum
1782 4130 1872 4186 lte-

276 4236 387 4291 titia
412 4237 431 4309 (
457 4235 552 4313 Ps.
599 4250 757 4300 xxix,
814 4231 892 4304 6).
922 4232 1035 4289 Hoc
1080 4232 1301 4289 interim
1339 4231 1407 4286 de
1433 4226 1689 4300 prtesenti
1726 4227 1869 4283 loco.

275 4326 542 4386 Caeterum
574 4342 779 4385 nomen
800 4326 1037 4393 Arabiae,
1059 4327 1113 4382 id
1131 4335 1237 4391 est,
1261 4337 1508 4395 vesperae
1538 4328 1595 4377 et
1608 4320 1877 4376 Occiden-

277 4424 366 4492 tis,
398 4427 453 4480 in
476 4422 601 4479 aliis
628 4421 1041 4493 Scripturarurn
1066 4419 1204 4477 locis
1221 4418 1466 4476 diversas
1488 4414 1875 4486 intelligentias

277 4518 491 4589 recipit.

1964 3381 2097 3436 tenti
2125 3392 2274 3449 sunt,
2310 3397 2413 3440 nec
2440 3384 2836 3456 pmoitentibus
2856 3396 3019 3459 atque
3063 3390 3349 3446 conversis
3393 3391 3568 3461 porri—

1963 3486 2097 3548 gunt
2118 3493 2364 3535 manum.

2038 3571 2241 3642 (νει-ε.
2275 3572 2531 3645 16,17.)
2592 3573 2854 3641 Quoniam
2898 3576 3164 3632 hazc'dicit
3205 3577 3459 3634 Dominus
3502 3579 3573 3632 ad

1967 3680 2048 3718 me
2068 3680 2087 3718 :
2111 3663 2295 3719 Adhuc
2342 3664 2397 3719 in
2417 3682 2520 3719 uno
2546 3682 2705 3733 anno,
2732 3668 2883 3737 quasi
2912 3669 2967 3723 in
2996 3685 3132 3723 anno
3160 3671 3487 3736 mercenarii,
3520 3681 3571 3725 et

1966 3758 2233 3828 auferetur
2257 3756 2423 3811 omnis
2442 3756 2616 3831 gloria
2643 3756 2811 3813 Cedar
2830 3769 2879 3814 et
2905 3761 3141 3831 reliquiae
3161 3764 3363 3817 numeri
3408 3764 3572 3834 sagit-

1968 3849 2221 3904 tariorum
2251 3851 2456 3917 fortiter
2486 3850 2550 3904 de
2559 3850 2686 3921 ﬁliis
2711 3849 2878 3906 Cedar
2904 3854 3291 3909 imminuentur.
3318 3853 3574 3913 Dominus

1968 3945 2103 3999 enim
2153 3943 2297 4000 Deus
2341 3944 2746 4003 lsraellocutus
2783 3958 2877 4004 est.
2928 3948 3059 4005 Ideo
3107 3952 3267 4007 vobis
3315 3953 3463 4020 dico,
3516 3965 3574 4010 nt

1971 4037 2273 4093 occurratis
2302 4051 2423 4093 cum
2450 4053 2587 4110 aqua
2611 4047 2669 4095 et
2695 4040 2948 4109 panibus,
2980 4041 3316 4113 fugientibus
3342 4045 3412 4102 de
3433 4046 3574 4101 saltu

1972 4139 2029 4186 et
2059 4130 2258 4185 Arabia
2291 4147 2306 4185 :
2334 4132 2458 4203 quia
2487 4131 2753 4190 Dominus
2790 4132 2911 4192 haec
2940 4135 3116 4193 futura
3148 4138 3429 4209 pollicitos
3470 4150 3576 4197 est.

1975 4221 2126 4280 Sicut
2170 4238 2346 4280 annus
2382 4224 2709 4280 mercenarii
2755 4226 2866 4281 cito
2894 4228 3159 4298 prteterit,
3202 4230 3292 4301 qui
3329 4233 3575 4303 quotidie

1976 4316 2110 4373 nihil
2138 4317 2287 4373 aliud
2316 4317 2418 4373 nisi
2451 4317 2760 4375 mercedem
2797 4319 2882 4374 sui
2919 4320 3124 4377 laboris
3153 4334 3458 4395 exspectat,
3490 4326 3578 4382 vel

1975 4420 2129 4468 certe
2156 4426 2374 4483 semper
2419 4411 2472 4466 in
2503 4426 2670 4483 opere
2699 4421 2785 4468 est
2819 4428 2885 4469 ac
2919 4413 3128 4483 labore,
3163 4426 3222 4473 ut
3267 4421 3576 4477 mercedem

1978 4506 2179 4563 laboris
2206 4505 2467 4578 accipiat:
2497 4506 2582 4563 sic
2614 4508 2794 4563 omnis
2818 4508 2991 4579 gloria
3022 4509 3211 4578 Cedar,
3242 4515 3384 4585 quod
3410 4516 3582 4573 inter-

345 4610 413 4666 In
440 4609 581 4666 saltu
596 4609 667 4665 ad
699 4624 964 4679 vesperam
992 4608 1353 4674 dormietis,in
1374 4606 1569 4662 semitis
1588 4603 1870 4660 Dodanim.
1900 4604 1952 4666 D
1981 4609 2223 4671 pretatur
2264 4599 2502 4667 tenebrat,
2527 4598 2597 4655 de
2620 4615 2729 4671 quo
2758 4608 2812 4654 et
2836 4602 2888 4654 in
2918 4600 3137 4657 Psalmo
3166 4604 3428 4671 legimus:
3462 4609 3581 4665 Ha-

282 4701 452 4760 LXX:
486 4702 555 4759 In
592 4701 733 4758 saltu
759 4702 828 4757 ad
857 4718 1119 4773 vesperam
1147 4701 1415 4756 dormietis
1444 4702 1498 4755 in
1541 4700 1625 4755 via
1662 4698 1873 4755 Dedan.

280 4796 377 4866 Qui
406 4798 459 4852 in
489 4796 698 4852 malitia
733 4810 856 4852 esse
882 4804 1184 4863 imperant,
1218 4804 1273 4849 et
1304 4802 1653 4864 peccatorum
1700 4791 1884 4862 ingre-

280 4888 504 4947 diuntur
527 4890 699 4956 viam,
724 4905 831 4943 non
857 4887 1158 4955 dormiunt,
1189 4901 1291 4943 nec
1334 4893 1615 4942 morantur
1653 4884 1704 4939 in
1735 4883 1882 4954 agris

282 4985 532 5049 cOnsitis,
563 4992 619 5038 et
652 4981 967 5047 novalibus,
1010 4996 1109 5037 nec
1149 4980 1203 5035 in
1252 4979 1441 5050 pratis,
1475 4988 1528 5034 et
1572 4977 1881 5048 segetibus,

281 5094 412 5149 quas
433 5074 507 5132 ad
545 5074 860 5130 metendum
900 5088 1026 5129 esse
1072 5071 1394 5138 candentes,
1418 5069 1670 5127 Salvator
1698 5068 1880 5135 docet,

282 5186 382 5229 nec
413 5172 561 5226 inter
587 5168 819 5222 arbores
844 5166 1165 5235 pomiferas;
1198 5164 1292 5219 sed
1317 5163 1371 5218 in
1401 5162 1758 5218 infrut-tuosis
1778 5159 1887 5215 sal-

279 5265 444 5331 tibus,
473 5260 567 5317 ubi
600 5274 798 5327 vepres
826 5268 883 5315 et
904 5262 1074 5330 spinae
1120 5266 1266 5326 sunt,
1311 5267 1367 5312 et
1403 5255 1594 5311 bestias
1645 5267 1921 5325 commo-a

283 5368 495 5415 rantur.
518 5354 601 5410 De
628 5353 1005 5423 hujuscemodi
1034 5352 1345 5413 saltuetin
1374 5349 1582 5422 Regum
1609 5348 1889 5406 volumine

286 5451 544 5522 legimus,
571 5448 718 5519 quod
750 5447 936 5519 plures
985 5448 1335 5505 devoraverit
1380 5447 1517 5502 silva
1558 5445 1642 5502 vel
1696 5445 1889 5512 saltus,

287 5561 447 5617 quam
494 5541 770 5599 interfecti
806 5543 918 5596 sint
959 5543 1179 5613 gladio,
1238 5542 1460 5612 quando
1499 5540 1740 5597 Absalon
1797 5540 1894 5596 ad-

287 5650 484 5693 versus
509 5642 720 5705 patrem
748 5634 958 5689 exstitit
981 5635 1283 5706 perduellis
1306 5634 1347 5707 (Ι
1387 5634 1515 5709 Reg.
1566 5632 1743 5708 xvm).
1789 5632 1898 5690 Be-

289 5739 508 5795 cleque,
540 5725 669 5797 quia
701 5740 926 5795 vespera
963 5727 1291 5798 principium
1316 5727 1585 5783 malorum
1617 5737 1719 5792 est,
1749 5726 1899 5780 invia

295 5830 351 5878 et
394 5823 449 5877 in
494 5818 716 5876 semitis
762 5817 1016 5877 habitare
1063 5820 1345 5890 dicuntur,
1387 5830 1445 5879 et
1493 5821 1546 5878 in
1574 5822 1661 5877 via
1693 5819 1899 5889 Dedan,

718 5912 1001 5974 PATBOL.
1049 5914 1283 5977 XXIV.

1976 4693 2134 4749 bitavi
2161 4710 2279 4747 cum
2308 4691 2656 4747 habitantibus
2672 4690 2840 4747 Cedar
2866 4691 2988 4764 (Ps.
3010 4709 3157 4761 cstx,
3185 4695 3281 4768 5),
3319 4701 3579 4759 velociter

1980 4785 2279 4853 auferetur,
2297 4793 2354 4841 et
2371 4783 2553 4840 omnis
2578 4783 3004 4855 sagittariorum,
3037 4786 3090 4841 id
3111 4797 3215 4856 est,
3240 4790 3580 4851 diversorum

1982 4882 2295 4954 dogmatum
2327 4892 2611 4944 numerus,
2644 4878 2734 4949 qui
2762 4881 3093 4937 constitutos
3116 4881 3168 4938 in
3200 4885 3340 4939 saltu
3364 4888 3585 4946 Arabiae

1988 4974 2334 5038 vulnerabat,
2377 4971 2660 5043 redigetur
2691 4971 2743 5027 in
2788 4972 2964 5041 nihili,
2998 4984 3282 5047 postquam
3313 4977 3586 5052 fugientes

1987 5069 2057 5126 de
2100 5068 2240 5124 saltu
2288 5066 2495 5122 fuerint
2532 5064 2781 5121 liberati:
2831 5074 2888 5122 et
2922 5082 3114 5135 aquam
3136 5069 3303 5143 διο
3330 5074 3583 5141 baptismi

1989 5160 2249 5217 salutaris
2293 5156 2628 5228 acceperint,
2664 5158 3123 5231 comederintque
3164 5167 3442 5219 cmtestcm
3486 5180 3586 5235 pa-

1989 5272 2139 5314 nem.
2166 5254 2293 5309 Ilaec
2322 5253 2466 5309 enim
2493 5250 2671 5307 futura
2701 5252 2964 5309 Dominus
2993 5254 3259 5320 omnium,
3284 5266 3335 5312 et
3372 5260 3591 5327 proprie

1990 5348 2138 5404 Deus
2166 5345 2359 5415 Israel,
2400 5344 2453 5400 id
2480 5353 2585 5413 est,
2620 5354 2805 5401 mente
2831 5346 3177 5402 cernentium
3207 5346 3404 5415 Deum,
3433 5349 3589 5407 locu-

1991 5450 2078 5498 tus
2098 5451 2203 5498 est.

2073 5535 2093 5608 (
2114 5531 2426 5605 (Iap.XXII.
2445 5562 2515 5574 —
2530 5531 2690 5589 Vers.
2709 5532 2760 5588 I.
2787 5534 2806 5602 )
2834 5530 2978 5587 Onus
3000 5529 3149 5585 vallis
3163 5532 3396 5591 visionis.
3419 5537 3561 5596 LXX
3579 5556 3600 5598 .‘

2010 5626 2233 5683 Verbum
2258 5626 2408 5681 vallis
2439 5625 2590 5684 Sion.
2621 5623 2680 5679 In
2712 5626 2854 5680 libro
2886 5624 3275 5681 Ileltraicnrum
3302 5627 3597 5691 Nominum

2003 5722 2310 5796 posuimus,
2346 5720 2476 5777 Sion
2508 5718 2855 5789 interpretari
2881 5716 3165 5792 speculam.
3195 5737 3317 5788 qua:
3358 5725 3407 5781 in
3436 5728 3607 5784 subii-

2009 5817 2192 5875 mibus
2234 5816 2358 5883 sita,
2388 5814 2459 5872 de
2503 5814 2666 5885 longe
2697 5812 2971 5869 venientia
3001 5818 3431 5889 contemplatur.
3475 5822 3609 5885 Cum

2926 5908 2966 5972 9
