4014 6448
565 297 670 353 271

1818 292 1878 348 S.
1921 289 2191 349 EUSEBII
2231 287 2618 348 lllERONYMl
3717 299 3798 360 gn

565 412 702 484 liges
726 410 1016 468 schismata
1039 411 1278 468 civitatis
1299 409 1493 474 David,
1523 423 1644 480 quae
1683 409 2080 481 multiplicasti,
2106 417 2163 463 ut
2192 410 2236 468 Λ
2267 408 2388 462 dere
2417 407 2626 475 vitulos,
2659 416 2706 461 et
2741 406 2992 480 jugulare
3041 404 3260 475 arietes,
3294 409 3544 466 comedere
3568 427 3739 482 carnes,
3764 431 3801 473 ei

569 505 830 576 deceptos
853 506 948 560 tibi
975 506 1206 575 pepnlns
1241 518 1626 575 congregares.
1649 504 1744 560 Isti
1782 504 2026 558 Elatnitae
2044 506 2164 572 jux-

572 607 624 654 ta
647 599 943 655 editionem
990 598 1132 656 LXX
1157 617 1262 654 non
1288 599 1494 656 habent
1518 615 1678 654 unam
1708 598 2044 668 pharetram,
2068 595 2163 651 sed

567 692 787 762 plures;
844 701 900 747 et
938 708 1260 748 ascenSores
1289 703 1416 747 sunt
1467 693 1774 758 hominum,
1825 693 1876 746 in
1930 707 2161 762 quorum

565 789 809 856 equitant
842 787 1164 853 animabus;
1198 799 1250 844 et
1274 788 1503 858 plurima
1539 787 1831 842 multitudo
1862 795 1946 842 est
1975 785 2042 841 ad
2067 801 2164 856 pu-

562 896 724 952 gnzitn
749 894 809 935 se
831 895 1145 950 praeparans
1169 892 1358 936 contra
1391 881 1695 936 Ecclesiam
1723 898 1735 934 :
1761 882 1833 936 ita
1875 889 1934 935 ιιι
1971 894 2164 936 omnes

562 973 732 1029 valles
753 972 902 1028 illius
921 974 1335 1042 compleantur;
1363 981 1414 1026 et
1443 975 1656 1044 equites
1680 974 1940 1029 obturent
1967 987 2162 1027 sensus

559 1081 774 1130 eorum,
799 1078 854 1120 et
875 1065 1226 1122 dimicatione
1249 1081 1344 1120 sna
1373 1065 1822 1120 Ecclesiasticum
1844 1065 2046 1130 virum,
2072 1062 2164 1133 qui

558 1159 952 1227 interpretatur
999 1158 1186 1222 Judas,
1234 1168 1531 1226 provocent
1553 1157 1620 1213 ad
1660 1157 1984 1213 certandum
2013 1171 2162 1227 :quo

559 1251 879 1322 proferente
907 1252 1216 1306 testimonia
1233 1251 1322 1307 Set
1339 1252 1514 1317 iptura
1526 1267 1666 1319 rum,
1682 1259 1736 1306 et
1757 1261 1952 1306 cuncta
1975 1249 2161 1305 redar-

556 1357 761 1415 guente
790 1343 1094 1405 mendacia.
1125 1343 1386 1398 videbunt
1412 1345 1650 1399 haeretici
1696 1343 1890 1398 domos
1922 1341 2161 1397 civitatis

557 1437 733 1492 David
751 1478 768 1504 ,
795 1448 846 1489 et
870 1437 1049 1491 omnia
1078 1436 1228 1505 prius
1248 1447 1460 1491 secreta
1498 1444 1856 1507 cognoscent.
1884 1433 2161 1504 quomodo

554 1530 611 1587 in
635 1547 761 1586 arce
782 1529 953 1585 Dauid
978 1529 1072 1603 qui
1098 1533 1488 1601 interpretatur
1507 1572 1523 1596 ,
1562 1547 1718 1583 manu
1740 1529 1912 1600 fortis,
1948 1527 2052 1582 huc
2075 1535 2162 1583 est

555 1625 792 1692 Christi,
821 1627 1001 1680 omnia
1047 1626 1154 1680 sint
1179 1626 1430 1690 dogmata
1455 1625 1728 1678 veritatis.
1751 1623 1993 1676 Obscura
2038 1621 2156 1675 loca

557 1729 707 1781 sunt,
735 1735 841 1772 non
866 1718 1040 1772 solum
1061 1718 1212 1787 juxta
1244 1716 1552 1779 historiam,
1571 1716 1665 1770 sed
1685 1715 1840 1785 juxta
1871 1717 2154 1788 ἀναγωγὴν.

2270 499 2439 556 bibere
2465 502 2641 555 vinum
2665 517 2684 555 :
2709 501 3041 555 comedamus
3081 513 3128 555 et
3157 503 3407 570 bibamus,
3437 520 3545 560 cras
3571 508 3687 561 enim
3712 527 3800 564 tuo.

2268 594 2486 648 riemur.
2509 593 2580 648 Et
2609 597 2833 651 revelata
2856 605 2930 650 est
2959 597 3015 651 in
3036 596 3252 651 auribus
3280 598 3403 652 meis
3433 607 3456 635 α
3488 597 3674 655 Domini
3689 619 3804 658 exer-

2268 687 2459 740 cituum
2486 704 2504 741 :
2531 688 2578 742 si
2605 689 2892 744 dimittetur
2912 690 3161 760 iniquitas
3183 689 3296 746 haec
3321 691 3456 745 vobis
3482 692 3630 748 donec
3652 699 3803 750 moria-

2266 779 2415 844 mini,
2441 779 2565 834 dicit
2595 779 2846 835 Dominus
2877 781 3010 837 Deus
3038 783 3371 838 exercituum.
3400 783 3634 852 Quotidie
3655 786 3804 844 Domi-

2266 886 2370 927 nus
2413 874 2554 928 Deus
2592 876 2930 930 exercituum
2967 891 3225 942 provocat
3274 877 3551 934 htereticos
3578 881 3637 934 ad
3670 884 3805 948 pretii-

2267 966 2515 1031 tentiam,
2545 969 2634 1036 qui
2674 969 2815 1023 inter
2843 969 2982 1024 duos
3015 985 3204 1026 muros
3231 986 3424 1042 aquam
3456 973 3660 1042 piscinae
3687 987 3807 1031 vete-

2267 1055 2344 1110 ris
2375 1069 2815 1122 contemnentes.
2849 1061 3105 1116 lodernnt
3128 1063 3230 1117 sibi
3265 1063 3457 1129 lacum,
3483 1073 3534 1119 et
3554 1081 3804 1137 congrega-

2267 1160 2464 1205 verunt
2493 1167 2688 1222 aquam
2717 1153 2944 1222 piscina:
2975 1154 3253 1210 inferioris
3272 1195 3287 1222 ,
3317 1171 3437 1225 qua:
3467 1173 3566 1212 non
3596 1160 3656 1213 de
3676 1160 3805 1227 rmlo,

2264 1244 2360 1299 sed
2390 1244 2456 1299 de
2489 1254 2636 1300 terra
2685 1261 2856 1314 aquas
2883 1246 3081 1312 habet;
3132 1255 3189 1303 et
3223 1257 3384 1303 Vocat
3420 1264 3514 1304 eos
3539 1248 3601 1304 ad
3628 1250 3804 1312 ﬂetum;

2264 1335 2414 1390 Beati
2458 1340 2604 1393 enim
2651 1339 2875 1409 ﬂentes:
2921 1342 3044 1410 quia
3079 1341 3186 1410 ipsi
3212 1343 3447 1396 ridebunt
3474 1342 3621 1413 (Mat.
3651 1361 3677 1398 v
3699 1386 3711 1408 ,
3745 1347 3806 1416 5).

2265 1430 2333 1485 Et
2370 1430 2437 1484 ad
2468 1431 2777 1501 planctum,
2821 1447 2887 1486 ne
2918 1444 3106 1502 postea
3139 1433 3367 1488 audiant
3403 1452 3415 1489 :
3448 1434 3808 1492 Lamentacimus

2265 1524 2406 1579 uobis
2435 1567 2450 1592 ,
2485 1534 2532 1580 et
2563 1541 2667 1578 non
2708 1526 2985 1598 planxistis
3027 1526 3150 1593 (ld.
3180 1544 3234 1582 χι
3268 1569 3283 1595 ,
3334 1527 3455 1598 17).
3501 1528 3563 1583 Ει
3590 1529 3650 1584 ad
3677 1529 3809 1584 calvi-

2264 1619 2398 1674 tium
2425 1660 2441 1684 ,
2493 1628 2550 1674 ιιι
2581 1619 2762 1674 omnia
2808 1635 2976 1688 opera
3014 1622 3210 1677 mortis
3239 1622 3435 1677 radant
3463 1664 3478 1689 ,
3517 1631 3570 1679 et
3602 1624 3810 1679 auferant

2262 1711 2330 1766 de
2369 1727 2605 1781 corpore
2647 1727 2751 1768 suo
2789 1713 3049 1785 quidquid
3095 1731 3202 1770 non
3243 1714 3379 1770 vivit
3419 1716 3720 1786 incorpore.
3757 1715 3810 1770 Et

552 1811 759 1880 Quibus
776 1827 904 1882 ergo
921 1820 1107 1866 nostra
1127 1809 1533 1877 displicuerint,
1555 1809 1750 1864 debent
1775 1805 2022 1878 proferre
2037 1820 2156 1873 sua,
2187 1808 2236 1871 B
2264 1806 2330 1861 ad
2373 1807 2650 1878 cingulum
2680 1808 2825 1864 sacci
2855 1849 2868 1870 .
2912 1824 2982 1864 ne
3024 1820 3217 1879 postea
3261 1809 3417 1880 juxta
3440 1809 3715 1866 Jerusalem
3733 1823 3808 1878 pro

551 1911 612 1959 ut
639 1904 1012 1973 explanalinni
1037 1920 1256 1963 eorum.
1288 1903 1332 1956 si
1359 1917 1484 1956 vera
1516 1901 1701 1967 fuerit,
1725 1903 2158 1969 acquiescatuus.

624 1996 804 2068 (Vers.
834 1997 923 2059 10,
955 1997 1069 2066 ll.)
1094 1995 1160 2050 Et
1193 1995 1546 2068 congregastis
1585 2012 1749 2068 aquas
1774 1997 1986 2065 piscinas
2023 1994 2160 2062 infe-

551 2091 707 2146 rioris
731 2109 749 2145 :
776 2103 822 2145 et
845 2091 1028 2144 domus
1054 2090 1345 2145 Jerusalem
1387 2091 1696 2144 numerastis
1720 2105 1738 2142 :
1761 2098 1809 2143 et
1837 2089 2160 2144 destruxistis

555 2185 740 2239 domus
785 2185 853 2237 ad
887 2184 1222 2238 muniendum
1267 2200 1490 2237 murum.
1518 2181 1583 2236 Et
1609 2182 1777 2236 lacum
1799 2184 1989 2254 fecistis
2028 2183 2161 2236 inter

552 2279 683 2333 duos
706 2295 905 2342 muros,
927 2287 976 2331 et
1000 2294 1192 2345 aquam
1224 2277 1436 2344 piscina:
1456 2276 1641 2330 ueteris
1666 2291 1684 2328 :
1707 2287 1752 2330 et
1785 2292 1889 2330 non
1919 2275 2160 2344 aspexis—

553 2373 618 2426 tis
637 2371 707 2424 ad
728 2388 865 2437 eum,
890 2371 980 2441 qui
1010 2375 1200 2442 fecerat
1241 2387 1375 2434 eam,
1399 2379 1444 2424 et
1471 2377 1792 2442 operatorem
1831 2370 1940 2440 ejus
1962 2369 2026 2422 de
2045 2371 2158 2424 lon-

553 2481 618 2537 ge
639 2481 740 2518 non
761 2464 982 2518 vidistis.
1012 2463 1152 2518 LXX
1171 2482 1182 2517 :
1202 2462 1268 2516 Et
1291 2471 1585 2517 averterunt
1608 2479 1792 2534 aquam
1811 2464 2037 2533 antiqua:
2053 2463 2162 2535 pis-

553 2559 688 2612 cina:
713 2558 765 2611 in
790 2557 1046 2610 ciuitatem
1073 2573 1089 2610 :
1111 2568 1156 2610 et
1179 2556 1544 2611 destruxerunt
1567 2557 1746 2610 domos
1776 2556 2068 2612 Jerusalem
2090 2557 2159 2611 ad

551 2651 842 2723 ﬁrmandos
863 2666 1039 2704 muros
1061 2651 1281 2704 civitatis
1305 2666 1322 2703 :
1347 2659 1393 2704 et
1424 2650 1622 2720 fecistis
1653 2649 1794 2704 vobis
1817 2667 2004 2722 aquam
2025 2650 2158 2704 inter

555 2749 686 2802 duos
709 2763 885 2802 muros
907 2747 1047 2800 intra
1068 2745 1321 2815 piscinam
1345 2746 1611 2814 antiquam
1637 2759 1654 2797 :
1675 2753 1722 2798 et
1749 2761 1852 2797 non
1885 2745 2160 2816 aspexistis

553 2858 667 2896 eum
680 2841 772 2912 qui
784 2857 814 2892 a
827 2840 1086 2911 principio
1099 2839 1219 2909 fecit
1233 2855 1368 2893 eam:
1381 2847 1430 2890 et
1457 2847 1736 2893 creatorem
1749 2839 1893 2894 illius
1914 2855 2016 2892 nou
2029 2839 2162 2892 vidi-

550 2934 664 2987 stis.
693 2931 800 2986 Vos
830 2931 920 3000 qui
944 2931 1212 2986 scissuras
1237 2931 1473 2985 civitatis
1498 2930 1745 2996 David,id
1769 2939 1872 2992 est.
1899 2929 2158 2987 Ecclesia:

553 3024 813 3082 videbitis
825 3025 908 3081 vel
925 3025 1270 3096 videtis,quzn
1284 3028 1336 3080 in
1350 3033 1464 3080 toto
1477 3024 1997 3095 orhemultiplicata:
2008 3033 2155 3091 sunt;

549 3124 638 3196 qui
687 3125 1066 3192 congregastis
1093 3135 1261 3192 aquas
1284 3121 1508 3188 piscinae
1532 3129 1731 3174 vestrae
1760 3128 1925 3188 atque
1953 3118 2155 3174 doctri-

2262 1899 2483 1970 cingulo
2525 1910 2672 1954 reste
2719 1901 3033 1970 cingantur.
3067 1902 3146 1956 lili
3177 1912 3360 1958 autem
3391 1917 3422 1958 e
3460 1900 3712 1956 contrario
3733 1914 3810 1970 pro

2265 1991 2393 2048 lletu
2426 1999 2483 2046 et
2514 1995 2758 2062 planctu,
2781 1994 3002 2050 calvitio
3029 2005 3083 2050 et
3105 1995 3308 2060 cilicio,
3338 1995 3587 2065 gaudium
3614 1993 3810 2050 habuere

2264 2100 2428 2160 atque
2459 2089 2730 2156 laetitiam,
2756 2098 2812 2147 et
2837 2091 2990 2162 quasi
3023 2103 3200 2147 morte
3228 2095 3413 2147 omnia
3439 2089 3720 2156 (inirentur,
3741 2103 3811 2143 oc-

2263 2185 2513 2241 cidentes
2541 2186 2750 2241 vitulos
2800 2187 3113 2256 arietesque
3141 2186 3482 2258 jugulantes,
3510 2195 3565 2240 ut
3601 2181 3810 2240 comede-

2263 2288 2388 2333 rent
2418 2293 2634 2343 carnes,
2683 2287 2740 2333 et
2789 2277 3047 2333 biberent
3072 2279 3281 2344 vinum,
3336 2278 3498 2333 locuti
3529 2285 3647 2333 sunt
3679 2275 3809 2332 verba

2260 2367 2784 2437 blasphemantium.
2835 2370 2970 2425 Dum
2999 2371 3054 2425 in
3099 2371 3362 2442 praesenti
3390 2371 3589 2426 satculo
3627 2383 3805 2428 sumus,

2263 2463 2479 2520 deliciis
2521 2463 2834 2520 afﬂuantus.
2872 2464 3128 2520 Crastina
3159 2465 3304 2519 enim
3335 2465 3476 2531 dies,
3507 2463 3605 2519 hoc
3625 2472 3716 2527 est,
3743 2460 3809 2514 lu-

2263 2569 2447 2616 turnm
2479 2569 2714 2631 tempus,
2750 2560 2870 2615 sine
2899 2575 3064 2615 sensu
3095 2561 3224 2615 erit.
3255 2559 3370 2616 Illis
3400 2559 3501 2614 ista
3531 2556 3808 2622 dicentibus,

2262 2654 2464 2708 audivit
2499 2654 2760 2709 Dominus
2792 2653 2957 2708 verba
3001 2653 3388 2724 blasphemiae,
3414 2664 3468 2709 et
3497 2652 3810 2709 comminatus

2261 2755 2367 2812 cst,
2401 2761 2509 2802 non
2551 2762 2610 2801 se
2639 2746 2999 2801 dimissurum
3029 2761 3156 2802 esse
3183 2745 3326 2802 hanc
3360 2746 3704 2817 iniquitatem,
3737 2741 3811 2796 do-

2262 2855 2364 2895 nec
2391 2849 2486 2894 aut
2513 2850 2740 2910 peccato
2783 2838 3088 2895 moriantur
3133 2849 3186 2895 et
3227 2840 3404 2904 vitiis,
3437 2851 3528 2895 aut
3564 2853 3673 2894 cum
3695 2832 3811 2890 bdo-

2262 2931 2408 2987 lictis
2430 2934 2544 2989 suis
2567 2931 2635 2987 ad
2662 2931 2874 2988 inferos
2898 2932 3309 3002 pertrahuntur.
3337 2932 3494 3002 Quod
3507 2929 3704 3002 quidem
3726 2941 3808 2981 non

2260 3025 2437 3080 Solum
2497 3029 2565 3080 de
2614 3024 2909 3092 haereticis,
2940 3026 3038 3082 sed
3072 3027 3140 3082 de
3193 3028 3346 3082 omni
3397 3033 3573 3098 patest
3618 3019 3810 3092 intelligi

2261 3129 2571 3188 peccatore,
2599 3119 2690 3191 qui
2735 3119 3018 3190 negligens
3053 3129 3276 3190 peccata
3327 3135 3450 3186 sua,
3473 3117 3812 3190 desperatione

548 3233 660 3282 nm,
689 3231 796 3271 non
821 3215 1145 3283 superioris.
1172 3213 1266 3270 sed
1309 3211 1606 3275 inferioris,
1637 3220 1689 3266 et
1719 3210 1914 3265 domos
1935 3210 2154 3266 Jerusao
2179 3212 2224 3276 C
2261 3211 2321 3264 fit
2372 3209 2548 3282 pejor;
2597 3221 2652 3267 ct
2685 3210 3060 3282 voluptatibus
3103 3212 3380 3277 irretitus,
3410 3211 3589 3282 jungit
3627 3214 3810 3279 peccalo

547 3311 655 3367 lem
697 3307 1049 3370 numerastis,
1082 3307 1198 3362 sive
1223 3305 1594 3370 destruxistis,
1621 3312 1677 3358 nt
1720 3302 2008 3358 mnniretis
2035 3319 2148 3358 mu-

544 3417 665 3457 rum
697 3410 965 3467 vestrum,
1004 3413 1110 3454 non
1144 3397 1356 3454 fodistis
1385 3406 1603 3473 puteos,
1631 3394 1724 3464 qui
1755 3396 1947 3452 vitales
1982 3395 2150 3452 habe-

544 3507 668 3554 rent
687 3507 744 3553 et
763 3507 999 3552 :eternas
1018 3510 1207 3567 aquas,
1233 3493 1326 3548 sed
1351 3493 1501 3548 lacus
1522 3491 1812 3557 eontritos,
1836 3491 1926 3562 qui
1949 3505 2146 3562 aquam

542 3607 650 3646 non
680 3590 862 3646 Valent
886 3589 1195 3644 continere.
1229 3586 1298 3641 Et
1328 3586 1533 3640 fecistis
1555 3600 1650 3642 eos
1684 3585 1829 3639 inter
1855 3583 1995 3639 duos
2024 3599 2143 3638 mu—

543 3701 635 3740 ros
661 3683 784 3739 ποι-ἰ
815 3691 873 3738 et
893 3681 1097 3737 veteris
1119 3678 1493 3739 lnstrumenti,
1517 3687 1571 3733 et
1591 3692 1784 3747 aquam
1813 3675 2034 3747 piscinae
2054 3690 2148 3731 ve-

545 3777 675 3833 teris
725 3773 1085 3846 neglexistis,
1131 3786 1233 3826 nec
1285 3771 1679 3827 considerastis
1729 3757 1986 3826 datorem.
2010 3770 2145 3841 legis

541 3869 746 3934 Deum,
801 3876 859 3923 et
906 3875 1254 3936 operatorem
1299 3863 1482 3918 mundi
1534 3863 1757 3934 penitus
1799 3863 2141 3934 neglexistis.

541 3962 656 4018 lloc
671 3964 822 4030 anIa
857 3959 1204 4016 Hebraicum.
1235 3956 1508 4013 Cancrum
1534 3957 1688 4024 juxta
1718 3956 1862 4012 LXX
1892 3955 2144 4012 conside-

540 4065 806 4112 raverunt
834 4071 894 4110 se
921 4054 1188 4119 hzeretici,
1213 4054 1355 4121 quod
1397 4052 1551 4107 ntttlti
1578 4063 1783 4118 essent,
1804 4060 1861 4108 et
1884 4052 1982 4106 hac
2005 4051 2144 4106 mul-

537 4152 772 4208 titudine
811 4149 1174 4210 confidentes,
1202 4146 1510 4201 doctrinam
1556 4146 1756 4202 veteris
1799 4143 2141 4201 Testamenti

540 4251 862 4302 averterunt
890 4259 918 4296 a
949 4242 1168 4297 civitate
1191 4241 1305 4306 Dei,
1333 4240 1498 4313 316
1525 4256 1644 4310 quae
1671 4249 1758 4296 est
1787 4239 2055 4306 Ecclesia,
2085 4248 2141 4295 et

539 4339 933 4394 destruscrunt
969 4336 1160 4388 domos
1194 4332 1526 4398 Jerusalem,
1561 4341 1618 4386 ut
1647 4331 1980 4387 mdilicarent
2007 4345 2141 4386 con-

535 4429 785 4487 ciliabula
821 4426 1251 4495 malignantium;
1275 4425 1512 4493 dumque
1547 4434 1702 4480 vetus
1734 4424 2032 4496 reprobant
2054 4423 2139 4478 ln-

2255 3304 2968 3375 blasphentiam,utomuem
2982 3305 3375 3379 317settsum
3392 3305 3810 3372 viventiompulet

2234 3412 2429 3476 morte
2473 3400 2639 3467 ﬁniri,
2688 3399 2880 3456 dicens
2912 3401 3047 3456 illud
3091 3401 3354 3473 Epicuri:
3389 3421 3407 3453 ι
3449 3402 3576 3458 Post
3614 3404 3809 3454 mortem

2252 3494 2388 3550 nihil
2415 3502 2524 3562 est,
2557 3503 2611 3548 ct
2642 3508 2792 3550 mors
2818 3495 2933 3564 ipsa
2965 3493 3102 3550 nihil
3136 3503 3239 3550 est.
3274 3515 3291 3548 ι

2321 3585 2503 3656 (Vers.
2539 3583 2627 3650 15,
2661 3585 2746 3653 16,
2779 3586 2922 3656 seq.)
2957 3584 3088 3640 Herc
3115 3587 3239 3642 dicit
3265 3587 3524 3644 Dominus
3549 3584 3679 3642 Deus
3693 3595 3809 3637 eser-

2249 3679 2446 3733 cituum
2485 3693 2505 3734 :
2537 3678 2700 3746 Vade,
2749 3680 3020 3754 ingredere
3061 3682 3131 3735 ad
3156 3696 3274 3736 eum
3303 3684 3398 3754 qui
3445 3682 3637 3737 habitat
3676 3678 3723 3732 iu
3750 3686 3811 3729 tae

2249 3771 2555 3838 bemaculo,
2583 3773 2652 3827 ad
2683 3772 2909 3829 Sobnam
2937 3776 3273 3846 pra'positum
3294 3775 3499 3847 templi,
3527 3785 3573 3830 et
3599 3773 3724 3828 dices
3739 3769 3810 3825 ei:

2249 3867 2391 3933 Quid
2415 3877 2470 3922 tu
2491 3868 2574 3922 Iiic
2603 3885 2623 3923 :
2645 3876 2738 3928 aut
2762 3869 2910 3937 quasi
2937 3871 3053 3940 quis
3082 3871 3206 3926 hic?
3229 3872 3356 3943 quia
3385 3871 3619 3928 excidisti
3642 3867 3724 3924 tibi
3745 3863 3810 3917 hic

2245 3962 2585 4029 sepulcrum?
2619 3962 2861 4017 excidisti
2889 3963 2943 4016 in
2971 3963 3176 4018 excelso
3199 3966 3502 4021 memoriam
3529 3962 3702 4039 (Vulg.
3724 3971 3811 4012 nte-

2245 4056 2506 4128 moriale),
2539 4056 2816 4130 diligenter
2842 4058 2897 4112 in
2928 4069 3076 4129 petra
3121 4061 3517 4117 tabernaculum
3563 4060 3667 4116 tibi.
3701 4055 3810 4110 Ecce

2244 4149 2502 4206 Dominus
2526 4153 2791 4219 asportari
2819 4163 2866 4207 te
2890 4154 3044 4222 faciet
3065 4155 3198 4210 sicut
3218 4167 3520 4229 asportatur
3540 4153 3700 4228 gallus
3720 4147 3810 4222 gal-

2243 4244 2470 4299 linaceus
2502 4260 2519 4299 .'
2547 4255 2593 4299 et
2620 4247 2770 4316 quasi
2799 4246 3047 4301 amictum
3075 4249 3150 4302 sic
3180 4250 3468 4306 sublevabit
3488 4259 3555 4304 te.
3579 4247 3810 4305 Coroneus

2239 4338 2507 4393 coronabit
2537 4348 2584 4393 te
2610 4338 2949 4395 tribulatione
2980 4356 2998 4396 :
3025 4343 3175 4411 quasi
3206 4343 3371 4412 pilam
3401 4344 3567 4399 mittet
3593 4354 3638 4397 te
3655 4341 3708 4396 in
3730 4346 3810 4392 ter-

2238 4444 2354 4482 ram
2384 4429 2542 4483 latam
2568 4440 2616 4484 et
2637 4433 2920 4498 spatiosum
2942 4449 2961 4488 :
2980 4434 3052 4488 ibi
3079 4436 3339 4503 morieris,
3371 4447 3420 4492 et
3450 4437 3522 4492 ibi
3543 4436 3636 4490 erit
3654 4445 3810 4488 currus

536 4532 930 4588 stramentum,
981 4536 1081 4575 nec
1123 4535 1323 4573 novum
1367 4517 1539 4572 secuti
1584 4527 1710 4572 sunt
1732 4559 1745 4584 ,
1778 4518 1902 4589 quia
1935 4532 2134 4573 novum
2237 4521 2422 4593 gloriae
2455 4535 2580 4590 tum,
2610 4524 2895 4596 ignominia
2917 4525 3102 4582 domus
3129 4526 3342 4583 Domini
3370 4531 3469 4584 tui.
3496 4528 3562 4584 Et
3588 4524 3810 4597 expellam

531 4619 734 4674 veteris
754 4613 1103 4672 lnstrumenti
1135 4611 1460 4669 teatimoniis
1493 4609 1803 4665 roboratur.
1836 4609 2130 4680 Proiiterea
2159 4611 2210 4674 D
2236 4625 2287 4671 te
2326 4618 2389 4672 de
2419 4621 2640 4672 statione
2675 4627 2766 4674 tua
2793 4635 2813 4674 :
2835 4629 2886 4676 et
2925 4621 2989 4675 de
3017 4621 3305 4676 ministerio
3336 4633 3430 4678 tuo
3472 4625 3715 4691 deponant
3752 4625 3805 4670 ιε.

534 4715 677 4772 inter
704 4711 844 4767 duos
885 4722 1071 4763 muros
1111 4717 1353 4762 veterem
1394 4713 1450 4759 et
1476 4719 1710 4771 novum,
1741 4704 1986 4761 fecerunt
2027 4704 2130 4762 sibi

531 4821 698 4861 novas
727 4816 918 4872 aquas,
951 4814 1085 4870 quas
1127 4798 1418 4853 interiores
1441 4811 1565 4854 esse
1593 4805 1804 4866 putant,
1835 4806 1890 4852 et
1921 4795 2127 4867 majora

527 4897 814 4953 continere
837 4893 1118 4966 mysteria,
1143 4907 1303 4956 quam
1336 4890 1386 4944 in
1414 4890 1770 4947 Testamento
1792 4891 1963 4947 veteri
1995 4906 2125 4947 con-

525 4990 769 5043 tinentur
796 5004 810 5040 :
837 4992 892 5039 et
922 5000 1028 5038 non
1060 4991 1421 5053 respexerunt
1449 4973 1639 5050 Deum,
1683 4984 1775 5055 qui
1810 4986 2012 5040 veteris
2037 4985 2126 5040 ln-

522 5081 812 5136 strumenti
867 5077 1125 5134 conditor
1172 5085 1276 5144 est,
1301 5087 1354 5133 et
1406 5077 1666 5134 factorem
1697 5080 1816 5150 ejus
1858 5095 1925 5136 ne
1965 5081 2125 5152 longe

520 5174 738 5244 quidem
773 5172 961 5226 videre
990 5171 1298 5226 voluerunt.

587 5267 770 5327 (Vers.
809 5267 877 5322 12
901 5265 1068 5338 seqq.)
1115 5265 1181 5319 Et
1213 5266 1413 5321 vocabit
1458 5266 1707 5323 Dominus
1739 5267 1881 5324 Deus
1919 5272 2120 5325 exerci-

510 5371 655 5415 tuum
674 5361 730 5415 in
758 5360 842 5415 die
877 5361 972 5415 illa
996 5362 1064 5412 od
1084 5360 1261 5425 ﬂetum
1285 5372 1331 5413 et
1360 5362 1431 5414 ad
1458 5362 1745 5427 planctum,
1768 5363 1838 5414 ad
1859 5362 2119 5416 calvitium

508 5464 557 5507 et
585 5454 654 5507 ad
682 5451 948 5525 cingulum
975 5453 1116 5506 sacci
1139 5467 1159 5505 :
1181 5463 1229 5506 et
1253 5467 1370 5506 ecce
1388 5454 1643 5524 gaudium
1671 5464 1717 5507 et
1745 5452 1949 5516 lwtitia,
1983 5455 2119 5508 occi-

573 5577 602 5606 ει
645 5568 797 5624 Addit
836 5568 1037 5623 Victor.
1098 5583 1230 5635 vox,
1267 5583 1334 5622 ex
1368 5565 1597 5638 Vulgata
1648 5569 1951 5638 dumtaxat,
1990 5586 2097 5628 non

504 5639 823 5703 Hivrnan.
851 5656 986 5696 mss.

568 5710 596 5751 δ
644 5713 911 5787 Victorius
933 5715 1040 5767 ait.
1070 5709 1323 5787 Deliciis,
1357 5725 1464 5787 non
1497 5711 1733 5779 delictis,
1765 5727 1888 5771 esse
1915 5714 2102 5787 legenv

496 5784 646 5850 dum,
683 5784 932 5854 explicat
957 5781 1166 5850 statim,
1193 5783 1320 5839 dum
1345 5782 1658 5854 voluptates
1689 5797 1862 5842 vocat.

2235 4708 2304 4765 Et
2331 4712 2428 4766 erit
2475 4712 2528 4766 in
2561 4711 2648 4765 die
2674 4712 2802 4779 illa,
2833 4713 3023 4768 vocabo
3067 4731 3270 4770 seruum
3313 4732 3491 4772 meum
3521 4715 3728 4771 Eliacint
3759 4709 3810 4780 ﬁ-

2233 4803 2364 4858 lium
2394 4803 2599 4859 Helciw
2627 4821 2646 4859 .°
2673 4813 2720 4858 et
2762 4806 2980 4860 induam
3008 4806 3159 4863 illum
3199 4810 3377 4863 tunica
3403 4821 3518 4877 tua,
3547 4819 3596 4865 et
3630 4802 3810 4877 cingulo

2231 4909 2323 4954 tuo
2351 4899 2654 4972 confortabo
2680 4915 2798 4954 eum
2821 4916 2840 4955 :
2861 4910 2910 4955 et
2937 4911 3239 4972 potestatem
3271 4915 3418 4960 tuam
3443 4904 3576 4960 dabo
3599 4904 3651 4958 in
3676 4913 3809 4955 mani

2228 4998 2362 5067 ejus.
2390 5002 2438 5047 et
2466 4993 2561 5046 erit
2587 4993 2736 5062 quasi
2779 5004 2925 5064 pater
2945 4995 3289 5050 habitantium
3332 4998 3530 5070 (Vulg.
3563 4991 3809 5051 habitanti-

2228 5084 2344 5152 bus)
2399 5083 2732 5151 Jerusalem,
2789 5095 2837 5140 et
2876 5087 3055 5143 domui
3093 5089 3260 5144 Juda.
3324 5089 3395 5145 Et
3457 5092 3592 5147 dabo
3639 5089 3806 5145 clavem

2225 5178 2411 5230 domus
2450 5175 2643 5239 David.
2671 5195 2828 5249 super
2873 5181 3146 5236 humerum
3198 5186 3312 5255 ejus
3359 5200 3379 5237 .'

2226 5287 2328 5324 non
2355 5271 2450 5324 erit
2488 5271 2576 5341 qui
2615 5270 2858 5340 claudat;
2888 5284 2937 5328 et
2975 5276 3206 5342 claudet,
3237 5287 3285 5332 et
3312 5295 3418 5333 non
3459 5280 3558 5333 erit
3579 5279 3666 5347 qui
3699 5290 3806 5346 ape-

2223 5364 2347 5417 riat.
2378 5363 2444 5417 Et
2475 5365 2632 5435 ﬁgam
2671 5367 2824 5422 illum
2863 5369 3119 5440 pastillum
3154 5372 3209 5426 in
3249 5375 3363 5428 loco
3410 5375 3592 5444 ﬁdeli,
3640 5382 3689 5428 et
3725 5370 3806 5426 erit

2219 5457 2273 5510 in
2306 5466 2327 5495 ε
2357 5457 2489 5512 solio
2533 5457 2721 5515 domus
2769 5459 2954 5532 (Vulg.
2982 5462 3175 5520 solium
3213 5465 3400 5541 gloriae
3430 5468 3634 5539 domui)
3666 5460 3805 5538 patris

3430 5194 3480 5240 et
3527 5184 3732 5250 aperiet,
3767 5186 3806 5231 et

2285 5585 2312 5655 ο,
2343 5573 2694 5655 Sttpplendus
2723 5580 2988 5655 equidem
3041 5582 3260 5640 videtur
3323 5584 3413 5640 hic
3475 5587 3626 5643 locus
3668 5585 3804 5655 juxta

2211 5643 2520 5727 ytttgatani,
2549 5647 2605 5702 in
2650 5643 2840 5727 solium
2886 5653 3068 5724 glaritc
3095 5658 3276 5712 domui
3311 5660 3505 5727 patris.
3548 5643 3686 5721 cleo:
3702 5667 3804 5723 (1⁸³³

2210 5714 2372 5801 lectio
2419 5729 2473 5772 et
2513 5729 2601 5801 est
2648 5722 2832 5801 itidem
2878 5714 3032 5801 juxta
3063 5714 3351 5801 Hebraeum
3380 5741 3438 5786 et
3483 5714 3803 5801 superiofgm

2209 5787 2688 5860 Hieronymianam
2727 5793 2830 5851 loci
2853 5787 3100 5867 ejusdem
3127 5799 3536 5871 recitationem,
3555 5787 3664 5859 'cnl.
3687 5798 3798 5854 224.
