4014 6434
182 399 281 457 273

634 395 643 406 ’
687 396 1348 458 COMMENTARIORUM
1387 400 1452 458 IN
1492 401 1727 461 ISAIAM

1841 402 2187 462 ιοΡΗΕΤΑΜ
2228 406 2363 465 LIB.
2406 408 2521 466 γη.
2562 409 2717 468 CAP.
2759 408 2926 473 XXII.

3356 417 3463 476 274

178 518 272 572 sui.
308 516 371 572 Et
399 516 707 590 suspendent
749 533 905 587 super
939 533 1056 572 eum
1082 535 1283 574 omnem
1312 521 1534 590 gloriam
1581 521 1766 578 domus
1791 526 1839 586 Α
1869 537 2131 580 coronam
2168 527 2460 596 pontiﬁcis,
2495 538 2552 586 et
2596 532 3083 590 sanctilicationem
3135 533 3189 590 in
3222 533 3338 589 auri
3383 535 3467 591 la-

180 611 336 680 patris
364 609 493 680 ejus,
524 623 766 663 uasorum
792 609 996 666 diversa
1025 627 1242 683 genera,
1271 628 1422 668 omne
1458 629 1545 670 vas
1575 631 1764 686 parvu-

179 706 278 759 lum
302 719 332 757 a
359 704 494 758 uasis
520 711 842 758 craterarum
864 721 1024 774 usque
1051 705 1119 761 ad
1143 722 1292 760 omne
1310 724 1397 762 vas
1423 709 1757 764 musicorum.

177 795 238 851 In
263 797 346 851 die
371 797 463 851 illo
483 796 608 850 dicit
631 795 886 852 Dominus
905 802 1222 856 exercituum
1245 817 1265 856 :
1287 802 1569 873 Auferetur
1589 804 1762 874 paxil-

175 891 248 946 lus
265 892 354 961 qui
378 892 514 962 ﬁssus
542 893 788 964 fuerat'in
809 894 922 948 loco
942 895 1108 965 ﬁdeli,
1139 906 1186 950 et
1213 897 1481 968 frangetur
1501 910 1551 952 et
1570 900 1718 954 cadet
1740 917 1760 955 :

171 997 216 1040 et
243 986 428 1052 peribit
453 985 592 1055 quod
619 987 935 1058 pependerat
975 988 1031 1042 in
1062 1004 1120 1041 co
1139 1029 1154 1054 ,
1177 991 1300 1060 quia
1333 990 1586 1045 Dominus
1615 992 1758 1046 locu-

170 1090 243 1136 tus
269 1091 362 1136 est.
393 1080 538 1136 LXX
570 1100 582 1135 :
617 1080 746 1138 Htec
770 1082 895 1136 dicit
926 1081 1178 1138 Dominus
1207 1083 1439 1141 Sabaoth
1467 1102 1488 1141 :
1523 1085 1667 1140 Vade
1688 1087 1758 1141 ad

168 1177 532 1246 pastophorion
553 1177 622 1231 ad
643 1175 894 1232 Somnam
917 1191 1249 1249 quaestorem,
1283 1189 1328 1233 et
1359 1180 1494 1235 dices
1520 1182 1590 1246 ei,
1618 1181 1757 1247 Quid

166 1279 214 1323 tu
235 1268 354 1325 hic?
377 1279 472 1324 aut
499 1269 625 1336 quid
650 1271 743 1324 tibi
772 1280 845 1324 est
869 1272 986 1325 hic?
1013 1273 1258 1344 quoniam
1294 1274 1532 1328 excidisti
1559 1274 1649 1328 tibi
1677 1291 1757 1328 se-

165 1361 419 1432 pulcrum,
449 1371 498 1417 et
543 1363 714 1435 fecisti
757 1361 849 1417 tibi
879 1363 932 1417 in
963 1363 1164 1418 excelso
1195 1367 1497 1419 memoriam
1539 1381 1559 1420 :
1591 1375 1638 1420 et
1668 1367 1756 1422 de-

161 1456 404 1528 scripsisti
447 1457 539 1511 tibi
579 1458 636 1512 in
683 1466 824 1512 terra
871 1457 1300 1514 tabernaculum?
1331 1459 1461 1514 Ecce
1498 1459 1754 1518 Dominus

161 1551 381 1608 Sabaoth
410 1554 599 1626 ejlciet,
635 1563 683 1608 et
716 1563 942 1609 conteret
973 1555 1160 1618 virum,
1194 1565 1240 1609 et
1267 1560 1465 1626 auferet
1495 1557 1681 1610 stolam
1705 1566 1754 1611 et

160 1661 390 1700 coronam
436 1657 575 1701 luam
603 1647 904 1720 gloriosam,
947 1657 995 1704 ct
1040 1648 1280 1719 projiciet
1311 1658 1359 1703 te
1401 1650 1456 1704 in
1493 1651 1752 1724 regionem

158 1753 412 1811 magnam,
444 1748 493 1792 et
522 1738 709 1810 absque
731 1755 1004 1804 mensura,
1037 1750 1084 1795 et
1113 1741 1186 1795 ibi
1215 1742 1449 1797 morieris
1477 1759 1497 1798 :
1527 1753 1572 1797 et
1599 1753 1754 1816 ponet

157 1848 348 1886 currum
376 1843 528 1887 tuum
555 1835 805 1902 Optimum
829 1835 882 1889 in
905 1836 1266 1907 ignominiam,
1294 1845 1343 1891 et
1372 1838 1585 1890 domum
1608 1839 1753 1907 prin-

1869 620 2034 687 mina,
2051 619 2223 689 inqua
2250 633 2368 678 erat
2387 625 2650 694 scriptum
2675 643 2872 683 nomen
2897 628 2993 685 Dei
3017 628 3214 703 (Exod.
3245 631 3460 705 xxvm),

1865 718 2218 773 coronaberis
2251 720 2598 777 tribulatione
2627 732 2679 776 et
2711 726 2981 794 angustia.
3013 724 3081 780 Et
3115 726 3389 796 qttomodo
3417 728 3464 784 si

1862 810 2072 881 sphaera
2107 815 2350 868 mittatur
2381 815 2433 868 in
2463 814 2657 870 declivi
2692 817 2810 872 loco
2839 827 3001 890 atque
3025 822 3290 890 Spatioso,
3314 832 3464 878 stare

1863 921 1969 960 non
2000 913 2216 974 potest,
2244 889 2336 962 sed
2371 908 2423 962 in
2455 909 2780 966 immensum
2809 912 3046 968 Volvitur
3093 930 3107 968 :
3151 913 3232 970 sic
3278 916 3458 972 omnis

1862 999 2094 1068 populus
2126 1009 2250 1055 tuus
2297 1002 2350 1056 in
2394 1002 2544 1058 orbis
2590 1005 2851 1060 terminos
2896 1006 3256 1077 distiergetur.
3291 1007 3458 1082 319

1862 1091 2046 1162 Ibique
2077 1093 2327 1148 morieris
2357 1110 2480 1150 cum
2514 1099 2690 1152 littera
2716 1106 2830 1165 tua,
2858 1109 2911 1154 et
2942 1101 3118 1156 nimiis
3137 1101 3307 1172 gloria
3342 1113 3452 1170 tua,

1860 1195 1914 1241 et
1950 1201 2142 1242 currus
2172 1187 2370 1256 quibus
2399 1190 2635 1262 inclytus
2664 1201 2823 1248 antea
2860 1193 3147 1258 ferebaris;
3179 1207 3232 1250 et
3259 1195 3456 1250 domus

1859 1276 1952 1333 Dei
1984 1279 2242 1347 splendor
2273 1292 2515 1337 vertetur
2542 1283 2595 1338 in
2643 1283 3019 1354 ignominiam.
3052 1287 3278 1344 Auferet
3305 1289 3452 1344 enim

1859 1381 1910 1428 te
1959 1373 2222 1430 Dominus
2264 1375 2331 1432 de
2361 1378 2596 1434 statione
2636 1389 2749 1446 tua,
2781 1391 2836 1436 et
2883 1380 2953 1436 de
3003 1383 3306 1438 ministerio
3333 1391 3448 1452 tuo,

1857 1464 1960 1521 ltoc
1987 1477 2094 1533 est,
2124 1470 2466 1526 caaremoniis
2496 1471 2867 1538 victimarum,
2900 1483 2958 1528 ut
2984 1473 3279 1544 impleatur
3318 1475 3449 1531 illud

1854 1561 2000 1631 quod
2029 1562 2286 1617 scribitur
2314 1563 2380 1618 ad
2430 1564 2689 1620 Hebrtnos
2724 1584 2736 1618 :
2772 1555 3050 1622 Translata
3097 1567 3231 1621 enim
3277 1583 3449 1622 sacer-

1855 1654 2018 1720 dotio,
2045 1672 2250 1710 necesse
2271 1666 2344 1711 est
2367 1666 2420 1711 ut
2445 1657 2570 1729 legis
2592 1659 2865 1714 translatio
2884 1659 2978 1729 ﬁat
3003 1658 3191 1731 (Hebr.
3216 1677 3309 1727 vn,
3332 1659 3448 1732 12).

1852 1747 1986 1802 Cum
2015 1757 2196 1805 autem
2244 1758 2300 1804 tu
2327 1750 2534 1820 ejectus
2565 1753 2732 1806 lueris
2763 1751 2831 1806 de
2874 1752 3176 1808 miniSIerio
3209 1763 3321 1814 tuo.
3353 1767 3453 1809 vo-

1854 1840 1992 1896 cabo
2014 1857 2238 1912 puerum
2264 1858 2443 1898 meum
2468 1843 2722 1910 Eliacim,
2748 1845 2833 1898 cui
2861 1843 2972 1899 dixi
3002 1855 3054 1900 et
3086 1846 3138 1900 in
3161 1845 3268 1900 alio
3289 1846 3410 1901 Ιυιτο
3434 1863 3450 1901 :

155 1925 270 1987 cipis
300 1927 376 1980 tui
406 1926 463 1980 in
509 1928 970 1984 conculcationem.
1005 1927 1072 1982 Et
1116 1929 1369 2001 aufereris
1410 1947 1442 1982 a
1474 1931 1746 1999 dispensa-
1777 1919 1826 1979 B
1854 1933 2107 2008 Magnum
2137 1936 2230 1990 tibi
2272 1946 2348 1991 est
2377 1937 2550 1990 vocari
2587 1948 2632 1991 te
2664 1954 2882 2004 Puerum
2916 1953 3084 1991 meum
3124 1935 3262 2009 (lsa.
3298 1953 3448 2005 tux,

157 2019 281 2073 tione
305 2029 422 2079 tua.
451 2028 504 2073 et
529 2020 591 2075 de
618 2020 786 2092 gradu
816 2030 926 2075 tuo.
961 2020 1025 2074 Et
1052 2021 1147 2076 erit
1187 2022 1241 2076 in
1285 2022 1368 2076 die
1397 2022 1493 2077 illa
1513 2064 1528 2089 ,
1558 2024 1746 2079 vocabo

153 2127 354 2182 puerum
385 2129 558 2166 meum
583 2110 810 2169 Eliacim
837 2114 1008 2183 ﬁlium
1037 2112 1258 2179 Helciw,
1289 2126 1335 2170 et
1360 2115 1576 2171 induam
1596 2117 1744 2172 illum

151 2209 270 2262 stola
288 2220 400 2274 tua,
436 2218 485 2264 et
509 2224 751 2264 coronam
782 2219 922 2263 tuam
952 2209 1086 2264 dabo
1111 2210 1192 2264 illi
1220 2211 1444 2280 fortiter,
1469 2222 1516 2266 et
1537 2211 1743 2281 dispen-

151 2303 383 2356 sationem
419 2312 560 2357 tuam
587 2303 721 2357 dabo
753 2302 805 2357 in
837 2319 1023 2356 manus
1054 2305 1188 2376 ejus,
1218 2314 1265 2357 et
1292 2304 1386 2358 erit
1418 2305 1570 2374 quasi
1597 2319 1740 2375 pater

149 2391 516 2448 habitatoribus
544 2392 856 2459 Jerusalem,
888 2395 1053 2467 318
1078 2405 1124 2450 et
1151 2393 1307 2452 Judte
1326 2439 1342 2464 ,
1371 2407 1418 2451 et
1461 2397 1600 2452 dabo
1627 2400 1739 2470 glo-

147 2488 262 2543 riam
292 2489 479 2544 domus
511 2488 682 2544 Dauid
709 2491 777 2557 ei,
811 2501 858 2544 et
890 2492 1293 2561 principabitur.
1324 2503 1370 2547 et
1399 2510 1502 2548 non
1529 2495 1630 2566 erit,
1649 2498 1738 2562 qui

145 2583 473 2635 contradicat.
502 2579 570 2636 Et
596 2580 731 2636 dabo
753 2583 946 2636 clavem
973 2584 1158 2638 domus
1186 2583 1354 2639 David
1375 2601 1529 2656 super
1556 2589 1740 2642 Imme-

142 2690 244 2728 rum
271 2676 406 2747 ejus,
437 2682 463 2712 ⁸
488 2685 536 2730 et
563 2676 781 2744 aperiet,
810 2683 857 2729 et
880 2693 981 2730 non
1010 2677 1110 2730 erit
1135 2678 1225 2748 qui
1249 2677 1495 2745 claudat;
1519 2691 1568 2733 et
1589 2684 1734 2734 clau-

143 2768 236 2833 det,
271 2778 316 2822 et
349 2785 462 2822 non
496 2769 591 2823 erit
622 2769 710 2838 qui
750 2769 970 2840 aperiat.
1001 2769 1066 2823 Et
1092 2770 1403 2824 constituam
1439 2787 1553 2824 cum
1583 2773 1732 2842 prin»

141 2862 289 2934 cipem
309 2864 361 2916 in
391 2866 510 2917 loco
537 2861 715 2932 ﬁdeli,
746 2872 795 2917 et
829 2863 885 2916 in
921 2863 1108 2918 solium
1131 2864 1312 2936 gloria:
1343 2864 1527 2918 domus
1570 2865 1733 2934 patris

141 2957 258 3026 ejus,
309 2968 353 3011 et
395 2958 500 3011 erit
523 2956 790 3026 conﬁdens
835 2974 990 3027 super
1031 2974 1148 3011 eum
1177 2959 1344 3012 omnis
1385 2960 1642 3030 gloriosus
1676 2961 1730 3015 in

139 3050 274 3107 domo
302 3053 476 3122 patris
499 3055 584 3108 sui
614 3071 645 3107 a
677 3054 890 3108 minimo
912 3071 1077 3127 usque
1100 3053 1169 3108 ad
1197 3057 1502 3110 maximum.
1540 3054 1729 3109 Omnes

138 3162 216 3200 ras
254 3145 538 3218 paruulum
578 3164 611 3201 a
653 3148 790 3202 vasis
829 3148 1056 3217 uganotlt
1093 3163 1113 3202 :
1149 3157 1196 3202 et
1236 3147 1531 3219 pendebant
1576 3163 1729 3216 super

136 3257 256 3296 eum.
279 3239 344 3298 In
367 3241 463 3296 die
484 3242 579 3297 illa
600 3243 711 3297 lucc
731 3242 856 3296 dicit
881 3242 1136 3297 Dominus
1159 3241 1424 3298 Sabaoth:
1440 3241 1494 3295 Μ
1503 3241 1728 3296 ovebitur

1850 2027 1882 2084 6
1905 2070 1920 2094 ,
1967 2029 2245 2084 secundum
2277 2027 2473 2098 LXX).
2503 2029 2725 2084 Eliacim
2758 2031 3148 2100 interpretatur
3172 2045 3448 2102 resurgens

1848 2119 2019 2187 Deus,
2075 2121 2190 2176 sive
2238 2119 2338 2175 Dei
2381 2123 2713 2176 resurrectio.
2765 2121 2875 2177 Iste
2934 2123 3098 2194 igitur
3152 2136 3447 2193 resurgens

1846 2211 2021 2276 Deus,
2055 2214 2143 2283 qui
2191 2223 2278 2269 est
2309 2213 2455 2268 illius
2486 2212 2720 2280 Πεισίας,
2750 2213 2802 2268 id
2851 2224 2962 2280 est,
3014 2214 3177 2284 partis
3206 2211 3444 2282 Domini,

1843 2305 2072 2375 accipiet
2101 2306 2280 2360 locum
2310 2314 2484 2373 tuum,
2519 2315 2716 2377 tuaque
2750 2306 3009 2361 induatur
3038 2307 3198 2369 stola,
3230 2316 3286 2362 et
3327 2305 3445 2362 cin-

1841 2399 1970 2468 gulo
2001 2408 2092 2452 tuo
2121 2396 2537 2465 coitfnrtabitur,
2563 2408 2625 2454 ut
2650 2400 2792 2469 quod
2817 2409 2871 2454 tu
2896 2398 3136 2456 habebas
3159 2401 3210 2454 in
3237 2401 3443 2469 littera,

1839 2488 1930 2545 ille
1979 2490 2250 2558 possideat
2294 2492 2345 2546 in
2397 2491 2613 2563 Spiritu,
2647 2501 2702 2547 et
2730 2494 2832 2548 erit
2886 2504 3039 2562 pater
3071 2493 3438 2550 habitantium

1840 2580 1892 2636 in
1923 2581 2252 2648 Jerusalem,
2287 2583 2392 2639 hoc
2434 2593 2540 2650 est,
2578 2584 2628 2638 in
2662 2585 2878 2639 visione
2927 2584 3097 2654 pacis,
3125 2600 3247 2654 quae
3277 2586 3447 2640 inter-

1839 2683 2084 2744 pretatttr
2113 2674 2382 2739 Ecclesia,
2417 2682 2472 2730 et
2501 2674 2686 2730 domui
2714 2674 2878 2741 Juda,
2911 2677 3000 2730 ubi
3047 2686 3132 2730 est
3161 2677 3281 2731 lidei
3312 2691 3441 2733 vera

1835 2765 2130 2824 Confessio.
2160 2767 2315 2825 Unde
2357 2769 2475 2835 ipse
2503 2769 2570 2825 ad
2597 2769 2896 2837 Apostolus
2917 2771 3158 2840 loquitur
3185 2788 3198 2824 :
3233 2767 3440 2840 Filioli,

1833 2860 2005 2915 adhuc
2031 2861 2293 2916 modicum
2323 2863 2582 2918 uobiscum
2623 2879 2738 2917 sum
2770 2862 2952 2936 (Joan.
2981 2881 3093 2925 xm.
3125 2864 3242 2936 55).
3277 2866 3342 2920 Ει
3370 2864 3441 2920 ad

1832 2955 1996 3010 alium
2019 2972 2033 3009 :
2058 2953 2190 3021 Fili,
2215 2956 2545 3010 dimittuntur
2564 2956 2654 3012 tibi
2678 2969 2889 3028 peccata
2911 2968 3000 3012 tua
3023 2957 3237 3025 (Matth.
3255 2975 3332 3022 lx,
3356 2958 3438 3030 9).

1834 3047 1985 3118 Etfad
2013 3050 2174 3104 aliam
2208 3067 2220 3102 :
2255 3048 2420 3115 Filia,
2443 3051 2569 3119 ﬁdes
2600 3060 2694 3105 tua
2719 3061 2767 3106 te
2786 3050 2982 3106 salvam
3012 3052 3134 3122 fecit
3161 3049 3312 3124 (Luc.
3341 3066 3439 3118 vn,

1832 3140 1945 3213 50).
1980 3143 2150 3208 Dabo,
2185 3143 2380 3214 inquit.
2409 3144 2458 3198 ei
2489 3144 2696 3198 clavem
2725 3143 2925 3199 domus
2960 3143 3126 3199 David
3146 3188 3162 3213 ,
3194 3144 3282 3215 qui
3313 3160 3443 3215 ape-

1830 3238 1920 3302 rit,
1976 3247 2034 3293 et
2082 3253 2244 3293 nemo
2290 3237 2523 3303 claudit;
2555 3237 2647 3307 qui
2696 3238 2922 3303 claudit,
2955 3247 3012 3294 et
3057 3255 3218 3294 nemo
3266 3240 3444 3309 aperit

137 3335 272 3390 homo
315 3338 408 3407 qui
440 3337 703 3392 stabilitas
747 3347 858 3392 erat
888 3338 940 3391 in
991 3338 1104 3392 loco
1126 3338 1318 3408 ﬁdeli:
1357 3348 1406 3393 et
1435 3342 1723 3411 auferetur,
1755 3321 1800 3384 C
1833 3329 2018 3404 (Apoc.
2068 3329 2172 3403 tu).
2211 3332 2277 3386 Iit
2321 3331 2438 3386 haec
2485 3331 2597 3399 ipsa
2631 3330 2800 3385 clavis
2829 3331 2936 3384 erit
2959 3345 3125 3400 snper
3152 3333 3440 3388 humerum

135 3439 176 3485 et
195 3441 417 3496 corruet,
446 3443 493 3487 et
514 3432 779 3503 disperibit
797 3431 964 3504 gloria
986 3448 1102 3502 quae
1129 3442 1242 3488 erat
1271 3433 1326 3486 in
1360 3449 1419 3485 ea
1442 3448 1460 3486 :
1480 3431 1726 3503 quoniam

136 3521 375 3580 Dominus
421 3526 628 3580 locutus
669 3534 762 3580 est.
808 3525 1135 3594 Praecipitur
1175 3524 1328 3580 I~aiar
1361 3524 1640 3593 prolibeta:
1669 3532 1726 3579 ut

135 3615 466 3686 ingrediatur
491 3619 559 3672 ad
590 3634 712 3674 eum
745 3619 832 3689 qui
865 3617 1068 3673 baliitat
1103 3618 1154 3673 in
1183 3618 1560 3684 tabernaculo,
1581 3620 1724 3689 quod

134 3709 390 3770 Hebraice
419 3713 628 3769 dicitur
655 3729 859 3770 socneu
889 3713 1057 3804 (po),
1089 3713 1155 3768 ad
1187 3715 1428 3770 Sobnam
1460 3714 1727 3782 praeposi-

133 3814 234 3860 tum
264 3808 492 3878 templi,
520 3807 635 3863 sive
657 3817 714 3861 ut
752 3805 896 3862 LXX
939 3806 1358 3871 transmlerunt,
1386 3809 1596 3879 ταμίαν,
1627 3806 1728 3860 boc

133 3909 225 3965 est,
257 3913 567 3969 questorem
595 3908 651 3955 et
679 3899 1089 3968 dispensatorem
1122 3899 1502 3954 thesaurorum
1534 3899 1727 3952 domus

136 3989 242 4048 Dei.
279 3993 494 4051 Sochen
533 4004 717 4050 autem
749 3994 833 4048 vel
879 3993 1265 4048 tabernaculum
1311 3992 1721 4056 interpretamur,

134 4087 210 4140 vel
260 4085 638 4156 past0phorlon
661 4128 676 4150 ,
711 4085 812 4142 Ich
858 4094 941 4141 est
972 4086 1232 4140 thalamus
1255 4127 1269 4149 ,
1305 4086 1358 4138 in
1387 4099 1494 4155 quo
1522 4084 1729 4138 habitat

131 4180 448 4248 [impositus
477 4179 687 4248 templi.
729 4179 861 4248 Quis
905 4188 990 4233 est
1022 4189 1206 4233 autem
1240 4177 1416 4237 alius.
1449 4177 1540 4248 qui
1573 4176 1729 4230 habi-

131 4269 255 4323 tavit
282 4270 336 4324 in
366 4269 728 4325 tabernaculo
747 4269 1082 4330 Judtrorum,
1107 4279 1162 4324 et
1191 4270 1241 4323 in
1269 4269 1432 4323 domo
1453 4267 1726 4339 quondam

131 4357 238 4428 Dei,
274 4364 377 4417 nisi
427 4361 670 4418 Iudaicae
701 4362 839 4433 legis
871 4377 1058 4418 sermo
1089 4370 1144 4418 et
1194 4361 1354 4427 ratio,
1385 4377 1505 4430 qua:
1551 4361 1605 4415 in
1637 4375 1727 4415 ve-

130 4456 250 4509 teris
282 4455 643 4512 lnstrumeuti
682 4455 919 4511 lectione
949 4466 1165 4510 versata
1208 4454 1329 4510 est?
1375 4453 1510 4508 miic
1548 4453 1731 4521 itaque

131 4547 402 4603 traditioni
449 4547 654 4604 dicitur
703 4557 867 4618 atque
912 4547 1180 4604 doctrinm
1223 4565 1235 4601 :
1283 4547 1412 4617 quid
1445 4546 1532 4601 hic
1575 4544 1730 4617 agis?

126 4640 228 4697 Cur
255 4644 353 4697 tibi
387 4644 470 4699 vis
519 4643 791 4700 aediﬁcare
815 4643 1037 4699 domum
1088 4644 1142 4699 in
1172 4643 1456 4699 occidente
1504 4642 1683 4698 littera
1712 4681 1727 4705 ,

1830 3424 1970 3495 ejus,
2005 3425 2106 3479 hoc
2129 3435 2248 3488 est,
2297 3425 2350 3478 in
2385 3425 2659 3491 passione,
2688 3423 2844 3493 juxta
2895 3423 3024 3477 illud
3061 3423 3205 3493 quod
3253 3424 3304 3479 in
3334 3423 3442 3480 alio

1811 3519 1950 3575 .Ioco
1978 3518 2242 3575 scribitur
2270 3536 2283 3572 :
2319 3515 2484 3593 Cujus
2506 3517 2831 3589 principatus
2853 3533 3014 3584 super
3036 3518 3304 3573 humerum
3325 3522 3441 3591 ejus

1828 3611 1966 3686 (Isa.
2000 3627 2078 3677 ix,
2109 3608 2190 3682 6).
2219 3611 2376 3680 Quod
2410 3611 2559 3666 enim
2595 3610 2687 3666 ille
2719 3625 2816 3665 sua
2867 3611 3122 3680 passione
3150 3625 3439 3666 reserave-

1829 3705 1924 3768 rit,
1949 3703 2128 3758 claudi
2159 3719 2269 3758 non
2305 3705 2536 3773 poterit;
2563 3711 2620 3758 et
2646 3703 2790 3768 quod
2815 3703 3143 3758 clauseritin
3171 3717 3439 3757 ca'remo-

1829 3797 1938 3852 niis
1965 3796 2314 3864 Judtnorum,
2344 3812 2374 3851 a
2407 3796 2558 3851 nullo
2604 3797 2712 3849 alio
2741 3795 3036 3864 aperietur.
3073 3794 3258 3866 Figam
3289 3794 3436 3850 enim

1829 3889 1982 3946 illum
2015 3889 2278 3961 pasillum
2319 3890 2373 3944 in
2423 3889 2543 3943 loco
2596 3887 2780 3953 litleli,
2815 3888 2903 3941 ubi
2932 3895 3238 3942 convientus
3269 3885 3436 3942 Fide-

1828 3985 1959 4041 lium
1991 3997 2094 4040 εει.
2124 3984 2278 4041 Unde
2303 3993 2358 4039 et
2387 3983 2679 4053 credentes
2705 3981 2763 4038 in
2785 3980 3008 4036 Christo
3034 3980 3223 4036 ﬁdi-les
3251 3979 3440 4050 appel-

1829 4081 2036 4136 lantur.
2072 4080 2136 4134 Et
2183 4078 2290 4134 erit
2319 4080 2370 4133 in
2421 4078 2618 4132 solium
2667 4078 2858 4148 gloritc
2889 4076 3085 4131 domus
3134 4073 3300 4144 patris
3329 4075 3438 4141 sui,

1830 4174 1934 4230 hoc
1965 4184 2048 4229 est
2079 4172 2368 4231 Ecclesiaz:
2399 4180 2456 4228 et
2493 4173 2829 4242 suspendeat
2866 4185 3030 4238 super
3055 4185 3180 4226 eum
3213 4184 3434 4226 omnem

1829 4257 2057 4342 gloriam
2087 4268 2282 4324 domus
2315 4258 2502 4337 patris
2549 4267 2690 4337 ejus.
2726 4265 2881 4322 Unde
2927 4273 2986 4320 et
3037 4265 3090 4320 in
3142 4263 3438 4335 Evangelio

1830 4363 2093 4418 scribitur
2123 4379 2136 4416 :
2171 4362 2352 4416 Omnis
2384 4362 2607 4431 papulas
2631 4359 2879 4428 pendebat
2919 4374 2983 4413 ea:
3010 4375 3068 4413 eo
3092 4357 3258 4428 (Luc.
3293 4356 3436 4428 xix).

1831 4457 1987 4527 Quod
2017 4466 2072 4513 et
2092 4457 2310 4528 quidem
2340 4471 2447 4511 non
2483 4455 2576 4510 illo
2599 4465 2806 4510 tantum
2833 4465 3082 4522 tempore
3105 4451 3306 4507 factum
3328 4460 3437 4519 est,

1833 4551 1929 4607 sed
1976 4565 2149 4621 usque
2196 4550 2360 4605 ltodie
2389 4549 2667 4618 impletur,
2701 4555 2760 4601 ut
2791 4545 3062 4617 pendeant
3091 4559 3156 4600 ex
3185 4558 3255 4600 eo
3283 4541 3443 4614 quasi

1833 4659 1958 4698 vasa
1989 4644 2203 4698 diversa
2238 4644 2353 4712 Dei,
2385 4641 2653 4711 sapientia
2685 4649 2735 4693 et
2761 4638 2994 4709 justitia,
3028 4647 3084 4693 et
3113 4637 3292 4692 omnia
3322 4635 3450 4707 qui-

129 4743 180 4787 et
222 4736 641 4792 tabernaculum
691 4745 862 4799 tuum,
892 4738 1036 4808 quod
1072 4752 1180 4791 non
1211 4736 1377 4791 habet
1404 4733 1725 4790 fundamen-
1753 4717 1806 4776 D
1832 4737 1935 4793 bus
1961 4735 2216 4792 Christus
2240 4735 2526 4804 apellatur.
2555 4733 2820 4788 Vasorum
2849 4731 3066 4785 diversa
3092 4744 3317 4797 genera,
3344 4742 3446 4798 pro

127 4836 256 4896 tum,
286 4829 343 4884 in
377 4839 549 4900 petrte
571 4828 738 4900 ﬁgere
768 4830 1024 4885 lirmitate
1050 4844 1064 4883 :
1095 4829 1240 4901 quod
1273 4844 1377 4883 non
1410 4836 1519 4883 tim
1549 4826 1727 4882 taber-

127 4923 405 4986 naculum,
454 4931 511 4977 et
555 4923 770 4987 domus,
817 4939 976 4990 quam
1022 4922 1332 4994 sepulcrum
1380 4930 1435 4976 et
1467 4919 1728 4977 memoria

123 5015 512 5084 appellandum
543 5016 668 5071 est?
699 5016 998 5084 Propterea
1035 5025 1214 5071 autem
1262 5015 1358 5070 tibi
1406 5015 1550 5080 dico,
1583 5012 1728 5085 quod

127 5107 174 5161 in
224 5109 523 5164 excisione
569 5110 806 5180 sepulcri
857 5125 963 5165 non
1013 5109 1214 5166 debeas
1272 5110 1555 5176 laborare,
1601 5109 1726 5179 quia

124 5201 424 5257 transferet
457 5200 720 5255 Dominus
763 5202 1132 5257 sacerdotium
1165 5211 1347 5264 tuum;
1379 5202 1524 5256 sicut
1555 5210 1730 5255 trans-

123 5292 250 5350 ferri
279 5295 427 5350 solet
454 5311 625 5353 ossea
655 5294 828 5368 (13:),
861 5296 1005 5364 quod
1038 5311 1231 5350 omnes
1261 5296 1425 5350 virum
1456 5294 1728 5364 interpre-

123 5390 216 5443 tati
247 5398 406 5444 sunt.
440 5389 699 5444 Hebrmus
723 5401 901 5445 autem
947 5391 1040 5452 oui
1065 5405 1166 5447 nos
1197 5391 1249 5445 in
1279 5390 1481 5446 veteris
1521 5391 1728 5445 Instru-

122 5486 297 5539 menti
321 5483 565 5539 lectione
581 5484 838 5548 erudivit,
861 5484 1060 5555 gallum
1077 5484 1729 5556 gallinaceumtranstulit.

123 5576 303 5640 Sicut.
341 5577 538 5645 inquit,
571 5577 750 5647 gallus
792 5578 1128 5647 gallinaceus
1179 5578 1406 5634 humero
1455 5579 1737 5648 portitoris

122 5671 186 5724 de
221 5671 340 5724 alio
373 5669 492 5725 loco
523 5671 851 5726 transfertur
876 5671 944 5727 ad
972 5671 1164 5742 alium,
1195 5672 1274 5728 sic
1307 5683 1358 5727 te
1388 5673 1646 5727 Dominus
1669 5671 1739 5728 de

122 5765 245 5820 loco
279 5773 386 5819 tuo
417 5764 609 5820 leviter
631 5765 951 5834 asportabit.
982 5765 1047 5820 Et
1075 5765 1168 5836 qui
1198 5763 1470 5837 quonda'm
1503 5766 1741 5822 habebas

1835 4833 2031 4903 quibus
2058 4831 2248 4900 Aquila
2291 4830 2690 4899 interpretatus
2717 4835 2799 4881 est
2831 4839 3020 4881 SASAII
3063 4824 3345 4893 (Drusus)
3387 4831 3446 4877 et

1835 4939 2075 4981 seruum
2105 4922 2366 4996 (ΠἮΞἙΠ)
2388 4965 2402 4986 ,
2434 4921 2575 4990 quod
2605 4919 2970 4992 Symmachus
2999 4920 3198 4983 vertit,
3231 4923 3444 4986 nepotes

1835 5029 1989 5090 atque
2007 5017 2310 5071 commixtos
2332 5031 2350 5068 :
2373 5024 2428 5069 ut
2459 5023 2516 5070 et
2539 5016 2808 5084 Apostoli,
2834 5023 2887 5067 et
2909 5026 3101 5067 omnes
3126 5010 3442 5078 credentes,

1837 5112 1943 5167 hoc
1959 5123 2040 5166 est
2075 5110 2170 5164 lilii
2203 5111 2460 5166 ﬁliorum.
2491 5121 2543 5163 et
2565 5105 2851 5162 commixti
2876 5106 2946 5162 de
2978 5106 3249 5161 universis
3272 5104 3448 5176 genti-

1837 5203 1938 5260 bus
1985 5202 2256 5270 pendeant.
2299 5216 2466 5272 super
2510 5215 2658 5255 eum.
2689 5200 2735 5254 Α
2767 5199 2914 5253 vasis
2958 5205 3318 5264 craterarum,
3349 5210 3450 5263 pro

1838 5299 2034 5370 quibus
2063 5297 2374 5353 Theodotio
2421 5309 2670 5351 summa
2720 5297 2925 5366 (ηωκ)
2975 5293 3176 5362 posuit,
3207 5298 3264 5344 et
3294 5286 3448 5355 parvi

1839 5392 1983 5447 enim
2027 5390 2192 5463 320
2235 5400 2291 5444 et
2338 5389 2519 5460 magni
2569 5387 2624 5442 in
2670 5387 2958 5441 Dominum
3003 5381 3265 5439 credituri
3295 5389 3442 5435 sunt.

1837 5485 2094 5542 Crateras
2123 5499 2302 5541 autem
2341 5495 2473 5555 puto
2497 5498 2622 5539 esse
2642 5481 2938 5553 Apostolos
2975 5477 3168 5548 plenos
3193 5474 3451 5530 vitalibus

1840 5579 2014 5648 aquis.
2051 5579 2126 5634 De
2160 5579 2360 5650 quibus
2386 5577 2586 5632 dicitur
2614 5593 2627 5629 :
2660 5572 2960 5630 Benedicite
2984 5569 3153 5624 Deum
3183 5569 3249 5622 de
3289 5567 3453 5639 fonti-

1844 5671 1937 5726 bus
1965 5670 2136 5727 lsrael
2167 5670 2283 5737 (Ps.
2318 5686 2488 5737 vau,
2515 5667 2630 5740 9.7).
2669 5667 2721 5721 in
2752 5665 2948 5736 quibus
2990 5660 3292 5717 crateribus
3321 5659 3454 5717 mis-

1844 5767 1956 5822 cuit
1991 5767 2261 5837 sapientia
2308 5767 2494 5821 viuum
2548 5777 2730 5816 suum.
2780 5758 2849 5813 Et
2877 5772 3073 5824 omne,
3122 5754 3323 5821 inquit,
3359 5767 3454 5809 vas

197 5883 224 5912 ⁸
282 5871 487 5945 Ιειῑιὲῐξθ
515 5913 532 5940 ,
581 5882 630 5928 ει
670 5874 888 5944 aperiet.
928 5885 978 5932 et
1017 5890 1123 5929 non
1166 5875 1266 5930 erit
1308 5875 1400 5945 qui
1453 5873 1689 5941 claudat,
1737 5874 1795 5934 in
1847 5874 2098 5932 Martiali.
2148 5875 2389 5933 editione
2434 5871 2680 5930 deerant.
2725 5865 2836 5936 Nos
2880 5863 3082 5924 leviora
3128 5864 3236 5923 alia
3286 5876 3457 5936 supra

122 5944 294 6020 atque
329 5943 474 6002 intra
503 5945 877 6002 emendamus.
