4014 6478
227 341 336 404 277

756 341 1402 406 COMMENTARIOBUM
1441 345 1510 406 IN
1547 346 1781 406 ISMAI
1820 345 2244 406 PROPHETAM
2275 348 2406 407 LIB.
2448 349 2566 410 VII.
2606 349 2762 410 CAP.
2803 350 2999 411 XXIII.

3419 354 3526 412 278

221 463 381 531 pedes
411 464 526 535 ejus
547 463 697 534 longe
718 463 788 520 ad
809 465 1336 536 peregrinandum,de
1385 465 1650 528 Hebraico
1675 466 1821 526 addi-
1847 471 1898 529 Α
1923 482 2156 538 operare
2177 477 2379 526 terram
2399 469 2566 527 tuam.
2598 471 2806 528 Profuit
2830 472 2974 528 enim
2999 471 3144 544 Tyro
3173 486 3338 528 naves
3360 472 3531 529 inter-

220 564 335 610 tum
365 563 470 624 est,
487 557 839 623 etasterisco,
856 555 908 612 id
931 557 1668 627 est,stcllisilluminantibus
1683 575 1822 629 prte—

219 655 461 704 notatur.
482 647 527 704 Ο
557 647 697 722 Tyrii
727 649 816 720 qui
847 649 1102 705 habitatis
1136 652 1188 706 in
1215 653 1464 722 angustia
1482 663 1537 707 et
1563 652 1614 707 in
1643 653 1820 712 insula

216 742 758 814 connnoramini,qui
783 759 847 798 cx
872 746 1014 798 omni
1043 754 1194 815 parte
1210 746 1439 814 expositi
1463 745 1594 802 estis
1639 755 1819 802 tenta-

214 832 428 888 tionum
461 832 735 900 fluctibus,
765 833 1002 890 recedite
1025 834 1092 890 de
1113 851 1198 900 ea,
1227 845 1282 890 et
1322 836 1396 892 ite
1444 837 1509 892 ad
1539 836 1822 908 Carthagi-

213 941 372 996 nem,
407 928 459 984 id
487 938 594 996 est,
625 929 871 997 Tharsis,
903 938 1062 1001 atque
1110 930 1177 985 ad
1201 946 1388 986 verum
1420 930 1677 1003 gaudium
1712 931 1818 988 fes-

213 1018 412 1085 tinate,
447 1021 691 1100 lugentes
715 1022 937 1092 antiqua
969 1031 1209 1093 peccata,
1240 1032 1295 1078 et
1342 1032 1584 1079 veterem
1627 1033 1821 1080 contu-

211 1113 465 1181 meliam,
523 1131 684 1184 quam
716 1126 810 1174 aut
841 1116 940 1186 ipsi
987 1116 1108 1171 aliis
1140 1116 1479 1184 inferebatis,
1530 1125 1621 1174 aut
1648 1119 1822 1190 patie-

212 1206 422 1262 bamini
457 1209 523 1268 ab
555 1209 680 1276 illis.
728 1208 844 1265 Hoc
874 1218 1053 1266 autem
1093 1211 1218 1266 ideo
1245 1212 1526 1282 praecipio,
1557 1212 1682 1282 quia
1712 1211 1821 1283 Ty-

209 1314 336 1353 rum
391 1299 580 1356 urbem
621 1311 858 1356 vestram
915 1301 982 1358 de
1024 1303 1136 1358 suis
1185 1302 1405 1358 sedibus
1441 1314 1495 1358 et
1537 1305 1820 1374 proposito

208 1390 445 1444 cernitis
467 1389 532 1445 ad
565 1393 826 1448 terminos
851 1392 990 1448 alios
1017 1393 1391 1464 ntigraturam,
1418 1394 1580 1470 323
1603 1395 1819 1469 quando

206 1485 391 1539 veteri
444 1499 634 1544 errore
664 1485 934 1557 deposito,
994 1485 1293 1557 Evangelio
1344 1485 1645 1542 Salvatoris
1675 1487 1817 1544 colla

207 1575 595 1659 submiserint,
627 1588 685 1634 ut
713 1580 802 1650 qui
829 1581 982 1650 prius
1012 1579 1330 1636 habitabant
1360 1581 1411 1638 in
1434 1582 1706 1651 angustia,
1734 1596 1820 1642 re-

204 1674 418 1728 cedant
439 1673 672 1745 longius,
703 1683 758 1730 et
801 1674 1022 1730 advenae
1076 1675 1184 1729 sint
1206 1685 1366 1746 atque
1395 1673 1586 1730 incolae
1616 1674 1820 1730 doctri-

205 1781 294 1820 na:
329 1765 546 1820 Domini
583 1765 877 1822 Salvatoris

1925 560 2006 617 ire
2062 564 2407 634 peregrinas,
2452 573 2509 620 ut
2566 574 2792 636 cogatur
2838 565 3054 636 cperari
3103 575 3306 621 terram
3345 579 3522 622 suam.

1927 653 2003 710 De
2027 669 2129 725 qua
2184 657 2239 709 in
2289 657 2595 713 Proverbiis
2640 658 2836 714 dicitur
2870 658 3008 724 :Qui
3051 668 3293 730 cperatur
3337 669 3527 715 terram

1923 762 2091 813 suam,
2137 749 2452 803 saturabitur
2479 751 2699 821 panibus
2730 750 2910 824 (Prov.
2945 767 3061 816 XXI,
3093 751 3204 822 ii),
3238 759 3296 806 ut
3325 765 3528 823 nequa-

1923 855 2084 910 quam
2107 841 2178 897 de
2231 843 2438 897 incerto
2490 844 2748 898 ﬂuctuum
2801 845 3294 916 naufragorumque
3333 844 3529 901 discri-

1924 933 2091 1000 mine,
2143 933 2238 988 sed
2269 934 2455 1002 aperis
2497 935 2581 990 sui
2627 934 2769 989 vivat
2809 936 3074 1005 frugibus.
3130 936 3204 992 De
3233 922 3427 1006 quibus
3470 936 3523 991 in

1923 1026 2145 1095 psalmis
2166 1027 2232 1080 ad
2252 1026 2459 1098 justum
2490 1027 2705 1083 canitur
2738 1027 3000 1083 :Labores
3019 1043 3270 1083 manuum
3313 1036 3524 1082 tuarum

1923 1118 2257 1173 manducabis
2299 1119 2418 1187 (Ps.
2455 1135 2664 1189 cxsvn,
2695 1119 2776 1191 2),
2813 1121 3088 1190 Scriptum
3129 1131 3215 1176 est
3258 1121 3310 1176 in
3357 1119 3519 1185 Osee,

1924 1211 2230 1266 meretricis
2250 1213 2366 1268 vias
2395 1223 2580 1283 septas
2627 1229 2751 1270 esse
2779 1229 2807 1268 a
2848 1214 3076 1270 Domino
3107 1215 3303 1283 spinis,
3338 1229 3410 1270 ne
3438 1229 3527 1270 se-

1923 1305 2012 1374 qui
2038 1305 2208 1375 possit
2236 1314 2508 1363 amatores
2527 1321 2678 1376 suos,
2703 1317 2766 1362 ut
2793 1309 2892 1363 hac
2921 1307 3243 1363 necessitate
3274 1307 3525 1378 compul-

1923 1410 2004 1465 sa,
2032 1406 2404 1454 reverteretur
2427 1399 2494 1454 ad
2544 1402 2720 1455 virum
2744 1415 2900 1456 suum
2939 1400 3248 1471 pri5tinnm.
3287 1401 3440 1467 Quod
3471 1408 3528 1455 et

1922 1487 1976 1544 in
2009 1489 2193 1545 ateculi
2225 1490 2390 1546 rebus
2434 1491 2750 1562 frequenter
2786 1492 3293 1559 animadvertimus,
3327 1491 3526 1546 multos

1921 1583 2011 1653 qui
2043 1598 2140 1654 per
2162 1597 2422 1654 prospera
2452 1593 2507 1640 et
2524 1585 2912 1640 abundantiam
2945 1583 3189 1639 omnium
3215 1597 3396 1639 rerum
3423 1583 3527 1638 Do-

1922 1675 2130 1730 minum
2177 1676 2386 1731 sentire
2435 1692 2543 1732 non
2589 1686 2866 1748 poterant,
2913 1677 3218 1748 intelligere
3265 1690 3360 1746 per
3408 1674 3528 1731 ino-

1922 1769 2084 1837 piam,
2119 1777 2176 1824 et
2211 1770 2457 1824 converti
2501 1769 2568 1824 ad
2593 1785 2759 1840 opera
2805 1771 3054 1840 justittte,
3098 1778 3383 1839 postquam
3412 1781 3528 1823 ma-
3625 1759 3630 1763 ’

279 1858 472 1930 (Vers.
522 1861 577 1926 8,
625 1860 725 1930 9.)
776 1860 904 1928 Quis
955 1859 1196 1931 cogitarit
1237 1859 1346 1914 haec
1384 1876 1538 1930 super
1579 1859 1821 1932 Tyrum?
1851 1870 1900 1932 Β
1928 1876 2028 1915 nus
2054 1875 2245 1916 eorum
2289 1861 2788 1948 non‘prtevaluerit
2828 1860 3088 1917 felicitate
3130 1859 3292 1931 hujus
3339 1860 3529 1914 stcculi

203 1953 490 2026 Numquid
518 1954 686 2009 minor
727 1965 822 2024 est,
858 1964 948 2009 aut
978 1971 1078 2009 non
1119 1954 1410 2025 prtevalet?
1455 1953 1818 2025 Negotiatores

201 2049 320 2118 ejus
353 2049 612 2120 principes
640 2045 910 2114 Chanaan,
961 2047 1144 2119 inclyti
1191 2058 1361 2103 teme.
1419 2044 1674 2100 Dominus
1714 2046 1816 2104 Sa-

201 2141 367 2196 baoth
398 2143 639 2213 cogitavit
668 2141 947 2196 dissolvere
971 2159 1171 2215 omnem
1192 2144 1555 2198 contumeliam
1577 2141 1813 2217 glorian-

200 2236 362 2297 tfum,
403 2243 448 2286 et
489 2233 822 2290 dehonestare
871 2252 1020 2291 omne
1049 2237 1201 2307 quod
1241 2237 1496 2312 inclytum
1537 2247 1610 2298 est
1660 2252 1816 2307 super

201 2338 424 2380 terram.
461 2326 697 2383 Verbum
730 2327 1000 2396 Chanaan,
1055 2329 1124 2386 de
1160 2329 1554 2395 'I‘Iteodotionis
1575 2329 1816 2388 editione

200 2419 456 2472 additum
489 2426 594 2484 est,
631 2435 726 2490 pro
756 2434 865 2488 quo
895 2420 1113 2490 Aquila,
1147 2421 1487 2493 negotiatores
1517 2418 1810 2480 transtulit.

199 2510 515 2583 lnterrogat
542 2526 676 2580 ergo
718 2511 953 2581 Spiritus
1003 2522 1256 2582 sanctus,
1310 2514 1480 2569 inuno
1510 2513 1814 2584 interroga-

198 2606 358 2660 tione
401 2606 707 2671 conlirmat,
743 2607 884 2680 quod
917 2608 1177 2664 Dominus
1208 2608 1322 2666 tunc
1365 2607 1652 2670 adversum
1685 2608 1813 2678 Tyri

201 2699 486 2768 principes
515 2699 788 2770 cogitarit,
822 2715 1054 2772 quorum
1101 2703 1280 2758 omnis
1309 2702 1572 2758 industria
1605 2709 1691 2758 est
1719 2715 1815 2762 ne-

197 2795 596 2864 gotiationibus
643 2812 774 2867 opes
811 2811 1078 2868 quaerere.
1140 2798 1202 2852 Et
1233 2797 1505 2865 quomodo
1553 2798 1604 2852 in
1635 2796 1815 2852 Evan—

199 2887 357 2957 gelio
389 2888 618 2960 legimus
645 2889 922 2946 institores
970 2890 1387 2962 margaritarum
1418 2888 1634 2960 (Matth.
1664 2888 1809 2960 χιιι),

201 2984 294 3052 qui
347 2983 606 3042 omnibus
637 2984 870 3044 venditis
908 3000 1068 3040 ttnam
1122 2983 1346 3054 cupiunt
1389 2997 1572 3044 emere
1603 2996 1815 3052 marga-

202 3075 395 3140 ritam,
421 3084 480 3130 et
506 3077 690 3146 utique
711 3076 1014 3146 appellandi
1057 3085 1182 3130 sunt
1211 3074 1399 3147 inclyti
1447 3073 1814 3145 negotiatores

203 3185 316 3225 non
366 3180 550 3238 terrm,
581 3170 675 3226 scd
704 3172 825 3227 cmli
853 3188 865 3224 :
899 3170 977 3224 sic
1015 3179 1236 3226 econtra
1264 3168 1632 3237 negetiatores
1655 3166 1806 3236 Tyri,

203 3262 311 3316 hoc
333 3272 443 3326 est,
476 3263 822 3318 tribulationis
851 3271 906 3317 et
951 3261 1221 3334 angustiw,
1252 3259 1561 3331 appellandi
1585 3268 1708 3313 sunt
1730 3259 1811 3316 in-
1839 3261 1886 3326 C

203 3355 335 3425 clyti
374 3363 556 3418 terras,
604 3354 726 3424 quia
767 3354 1022 3426 quidquid
1073 3363 1260 3424 agunt,
1296 3364 1495 3408 terram
1547 3351 1805 3420 reSpicit:

202 3456 259 3501 et
294 3446 574 3518 principes
594 3445 847 3501 Chanaan
881 3490 894 3510 ,
920 3446 1066 3516 quod
1114 3445 1501 3516 interpretatur
1551 3444 1813 3513 ﬂuctuan-

203 3549 283 3594 tes
306 3549 475 3610 atque
498 3541 756 3596 commoti.
785 3539 899 3594 Non
947 3539 1091 3594 enim
1124 3547 1367 3592 statuunt
1414 3552 1575 3606 supra
1605 3544 1809 3612 petram

203 3633 385 3702 pedes
407 3647 554 3697 suos,
614 3648 712 3689 nec
738 3641 916 3704 potest
963 3633 1032 3688 de
1061 3633 1140 3688 eis
1158 3632 1265 3688 dici
1299 3648 1312 3684 :
1347 3630 1508 3684 Petra
1553 3630 1814 3702 re[ugium

203 3723 497 3778 herinaciis
545 3725 563 3796 (
595 3723 742 3778 Psal.
795 3741 984 3791 xxxix;
1035 3740 1125 3780 cm
1152 3765 1164 3787 ,
1196 3725 1263 3780 18
1295 3725 1336 3796 ),
1367 3725 1481 3780 sive
1521 3725 1810 3796 leporibus;

203 3819 306 3872 sed
361 3817 499 3882 illud
525 3819 720 3890 potius
761 3819 902 3883 quod
938 3820 1119 3890 jusms
1161 3833 1299 3889 pene
1321 3833 1512 3888 passus
1533 3829 1636 3884 est,
1662 3819 1817 3873 susti-

207 3921 347 3965 nent
377 3928 390 3962 :
425 3887 738 3965 Meiiautem
769 3929 897 3980 pene
941 3887 1066 3964 moti
1105 3887 1224 3965 sunt
1267 3887 1417 3977 pedes
1438 3927 1456 3963 :
1508 3927 1635 3982 pene
1666 3907 1816 3977 eﬂ‘usi

205 4014 330 4059 sunt
357 4020 563 4077 gressus
587 4007 683 4059 mei
705 4003 821 4075 (Ps.
850 4021 1012 4068 Lxxu,
1033 4005 1113 4075 ς2).
1146 4005 1403 4059 Dominus
1429 4019 1560 4071 ergo
1608 4004 1814 4057 exerci-

210 4111 374 4155 tuum
400 4099 501 4154 boc
524 4100 812 4160 consilium
842 4101 1120 4171 cogitavit,
1163 4112 1213 4153 ut
1239 4099 1562 4154 dissolveret
1585 4100 1814 4168 pessima

210 4194 617 4263 negotiatorum
678 4195 929 4261 vincula,
979 4193 1146 4248 immo
1184 4202 1520 4262 compactam
1563 4190 1814 4261 injuriam

209 4288 534 4358 dissiparet,
566 4302 850 4360 perquam
893 4288 1070 4342 cuncti
1117 4289 1206 4358 qui
1256 4286 1404 4355 Tyro.
1451 4285 1648 4347 subditi
1693 4293 1819 4340 sunt

209 4379 567 4450 superbiunt.
607 4379 870 4449 Quodque
917 4378 1096 4434 itttttlit
1127 4423 1140 4444 ,
1193 4389 1242 4432 et
1287 4377 1621 4433 dehonestare
1673 4393 1820 4432 omne

208 4475 356 4546 quod
381 4475 664 4548 gloriosum
712 4484 784 4528 est
814 4491 969 4544 super
995 4483 1202 4536 terram,
1235 4489 1340 4530 non
1366 4472 1628 4526 Dominus
1649 4471 1819 4526 dolio-

211 4566 546 4622 nestamenti
579 4576 768 4632 auctor
813 4575 920 4634 est,
949 4567 1041 4628 sed
1065 4564 1207 4636 quod
1256 4580 1350 4636 per
1400 4580 1460 4620 se
1510 4563 1820 4632 ignominiaa

1920 1953 2146 2022 perfrui,
2177 1968 2296 2020 qua:
2341 1954 2492 2023 prius
2523 1955 2576 2008 in
2611 1954 2746 2008 mari
2799 1953 3127 2023 provocabat
3181 1967 3360 2023 reges,
3408 1953 3528 2008 sive

1912 2043 2066 2112 juxta
2095 2044 2484 2117 Symmachum
2511 2045 2873 2112 conturbabat;
2896 2060 3128 2116 quorum
3156 2060 3252 2101 cor
3283 2045 3336 2099 in
3363 2059 3529 2100 manu

1918 2137 2015 2194 Dei
2073 2149 2177 2194 est.
2226 2142 2402 2209 Atque
2461 2139 2666 2195 utinam
2720 2149 2775 2194 et
2825 2154 2925 2194 nos
2981 2139 3150 2194 maris
3209 2138 3368 2208 hujus
3429 2153 3525 2194 ne-

1916 2232 2218 2303 gotiatione
2249 2237 2587 2306 contempta,
2618 2250 2914 2306 operemur
2944 2244 3143 2290 terram
3175 2244 3438 2300 nostram,
3470 2241 3528 2288 et

1918 2341 2260 2397 nequaquam
2313 2306 2693 2399 essp’ectemus
2750 2343 2918 2384 naves
2971 2325 3334 2399 Carthaginis,
3411 2329 3528 2382 sive

1917 2434 2086 2475 naves
2111 2419 2265 2491 Tyri,
2292 2436 2414 2492 quae
2464 2419 2856 2492 Carthaginem
2885 2423 2962 2476 ire
2993 2429 3422 2487 consueverant,
3455 2433 3525 2476 ne

1915 2513 2272 2584 subjiciamur
2321 2516 2580 2586 potestati
2626 2517 2905 2582 draconis,
2961 2515 3053 2586 qui
3105 2515 3418 2571 dominatur
3469 2517 3523 2571 in

1915 2607 2079 2662 mari!
2106 2606 2212 2663 Sed
2237 2610 2487 2664 stabilem
2514 2609 2742 2679 gradum
2769 2608 2999 2680 ﬁgamus
3022 2609 3074 2662 in
3100 2621 3325 2678 terram,
3354 2611 3520 2665 immo

1915 2699 1983 2755 ad
2009 2702 2250 2757 cmtestia
2309 2701 2652 2767 festinantes,
2681 2716 2976 2772 operemur
3003 2708 3206 2756 terram
3248 2709 3516 2770 nostram,

1916 2801 1976 2846 ut
1997 2791 2083 2846 hic
2108 2793 2467 2860 seminantes,
2512 2793 2584 2847 ibi
2610 2802 2898 2848 metamus.
2927 2792 3117 2848 Manus
3139 2808 3354 2864 quoque
3397 2808 3523 2849 nos-

1915 2894 2018 2952 tra,
2051 2901 2169 2955 quae
2199 2887 2349 2957 prius
2377 2888 2429 2941 in
2461 2887 2645 2942 mundi
2693 2887 2927 2958 negotiis
2954 2887 3296 2953 versabatur,
3343 2894 3400 2943 et
3423 2902 3521 2959 pro

1914 2980 2156 3049 potentia
2183 2994 2247 3036 ac
2275 2981 2537 3037 felicitate
2565 2981 2728 3036 etiam
2758 2995 2938 3053 reges,
2971 2980 3024 3036 id
3053 2988 3157 3049 est,
3213 2990 3430 3036 sanctos
3451 2981 3523 3038 de

1914 3081 2058 3128 statu
2088 3087 2189 3129 suo
2217 3083 2431 3144 poterat
2455 3089 2828 3142 commovere,
2886 3075 2980 3128 fiat
3010 3075 3287 3131 imbecilla
3340 3076 3393 3130 in
3436 3090 3524 3133 re-

1913 3165 2016 3220 bus
2045 3167 2233 3232 maris,
2289 3175 2346 3221 ut
2368 3165 2525 3222 fortis
2548 3167 2622 3223 sit
2652 3167 2707 3221 in
2751 3182 2918 3238 opere
2948 3176 3109 3222 terra:
3133 3181 3266 3222 sum.

1988 3258 2169 3332 (Vers.
2207 3259 2322 3329 l2.)
2351 3259 2605 3318 Dominus
2643 3259 2877 3318 Sabaoth
2899 3261 3142 3331 praecepit
3188 3259 3250 3314 de
3271 3257 3521 3318 Chanaan

1913 3353 2127 3422 perdere
2171 3351 2328 3406 robur
2374 3353 2508 3424 eius,
2555 3362 2604 3408 et
2651 3352 2820 3409 dicent
2860 3371 2879 3408 .'
2903 3370 3226 3426 nequaquam
3263 3355 3526 3426 adﬁcietis

1915 3446 2158 3517 injuriam
2179 3447 2352 3516 [acere
2399 3457 2444 3500 et
2497 3447 2822 3518 iniquitatem
2869 3449 3062 3521 virgini
3104 3449 3232 3517 ﬁlice
3280 3449 3517 3504 Sidonis.

1915 3537 2115 3609 Tyrum
2141 3548 2194 3594 et
2224 3538 2484 3594 Sidoncm
2537 3554 2660 3596 esse
2691 3541 2742 3595 in
2777 3553 2922 3596 terra
2953 3541 3233 3609 Chanaan,
3283 3551 3338 3598 et
3359 3556 3522 3612 supra

1915 3633 2274 3694 ostendimus,
2310 3633 2583 3704 Evangelii
2615 3635 2994 3690 testimonium
3040 3644 3432 3705 propellentes,
3463 3637 3520 3692 in

1915 3740 2022 3794 quo
2045 3725 2256 3796 legitur,
2283 3725 2651 3794 Chanatueam
2675 3726 2957 3788 mulierem
2985 3728 3105 3784 sive
3131 3728 3520 3800 Syrophwnis-

1915 3834 2029 3872 sam
2059 3819 2237 3874 exisse
2259 3820 2325 3874 de
2366 3819 2708 3891 linibusTyri
2756 3830 2810 3876 et
2847 3820 3084 3886 Sidonis,
3133 3829 3190 3876 et
3213 3823 3520 3882 occurrisse

1920 3911 2152 3966 Domino
2180 3911 2476 3968 Salvatori.
2508 3912 2699 3976 Otnnis
2720 3924 2900 3968 autem
2929 3913 3108 3970 anima
3157 3929 3276 3984 quae
3335 3916 3388 3972 in
3429 3929 3524 3980 Stc-

1917 4003 2022 4056 culi
2052 4001 2308 4059 ﬂuctibus
2339 4003 2510 4074 posita
2561 4014 2667 4069 εει,
2692 4014 2748 4065 et
2789 4004 3164 4066 circumfertur
3185 4005 3331 4066 omni
3358 4017 3522 4064 vento

1918 4095 2200 4163 doctrinm,
2233 4095 2489 4155 Chanaan
2523 4097 2846 4166 appellanda
2876 4107 2996 4165 est,
3048 4113 3170 4168 qua:
3199 4100 3524 4169 interpreta-

1921 4198 2007 4242 tur
2035 4188 2182 4258 quasi
2202 4188 2499 4258 ﬂuctuatio,
2534 4188 2650 4246 sive
2680 4191 2972 4244 commatio.
3026 4189 3200 4258 Unde,
3237 4199 3294 4250 et
3323 4191 3390 4244 ad
3430 4205 3521 4248 se-

1921 4295 2042 4333 nem
2090 4279 2410 4336 adulterum
2442 4281 2642 4336 dicitur
2673 4299 2686 4334 :
2720 4281 2910 4338 Semen
2948 4281 3197 4340 Chanaan
3220 4293 3270 4339 ct
3292 4300 3394 4338 non
3413 4282 3522 4340 Ju-

1921 4374 2010 4438 da,
2039 4375 2232 4442 species
2253 4375 2448 4447 decepit
2472 4385 2518 4431 te
2549 4374 2712 4447 (Dan.
2741 4374 2886 4446 xm).
2915 4375 3144 4432 Prodest
3184 4378 3347 4447 igitur
3377 4376 3530 4448 Tyro

1922 4465 2082 4538 325
2109 4477 2163 4522 et
2194 4467 2309 4536 ejus
2337 4451 2606 4538 angustiis
2643 4469 2810 4524 robur
2839 4469 3018 4539 perire
3046 4468 3440 4535 Chananatnm,
3468 4479 3532 4535 ut

1925 4559 2137 4616 dicatur
2164 4558 2561 4618 habitatoribus
2582 4561 2700 4632 ejus
2740 4562 2882 4631 quod
2900 4562 3038 4618 ultra
3061 4578 3168 4616 non
3198 4562 3416 4624 valeant
3442 4561 3526 4618 in-

211 4669 399 4734 patet,
441 4661 678 4718 ostendit
719 4677 840 4716 esse
865 4659 1304 4731 ignominiosum.
1340 4658 1494 4726 Quod
1517 4659 1738 4729 quidem
1769 4666 1822 4713 et
1848 4662 1902 4721 1)
1922 4653 2094 4724 jurias
2121 4654 2318 4718 facere,
2370 4665 2426 4714 et
2465 4659 2777 4728 opprimere
2834 4672 2929 4726 per
2966 4655 3310 4727 iniquitatem
3356 4656 3537 4727 virgi-.

211 4756 284 4808 dc
324 4753 714 4809 Sacerdotibus
736 4755 790 4810 in
823 4753 1062 4808 Levitico
1112 4753 1382 4824 legimus:
1415 4749 1822 4806 Contaminatio-

213 4865 282 4901 ne
303 4846 678 4900 contaminavit
720 4862 836 4900 eum
864 4845 1049 4917 (Levit.
1088 4843 1234 4914 xxx),
1267 4841 1408 4897 haud
1440 4840 1660 4896 tlubium
1693 4843 1824 4912 quin

212 4939 482 4996 sacerdos
508 4957 519 4992 :
545 4953 649 4992 non
691 4955 798 5009 quo
837 4937 1312 4992 contaminationis
1353 4945 1540 4990 auctor
1579 4937 1671 4997 sit.
1725 4933 1821 4989 sed

214 5050 331 5108 qtto
355 5034 606 5088 ostendat
633 5049 752 5089 eum
786 5034 1232 5099 contaminatum,
1282 5034 1368 5103 qui
1417 5032 1562 5100 prius
1594 5028 1826 5086 mundus

217 5127 480 5198 plurimis
499 5127 808 5188 videbatur.

295 5220 483 5291 (Vers.
511 5222 600 5287 10,
633 5217 747 5290 il.)
769 5221 994 5293 Operare
1025 5230 1214 5274 terram
1252 5227 1392 5273 tuam
1416 5233 1433 5272 :
1459 5217 1641 5272 etenim
1674 5232 1825 5270 naves

217 5331 551 5386 nequaquam
581 5316 788 5368 veniunt
825 5315 888 5369 de
928 5311 1258 5392 Carthagine,
1309 5323 1353 5367 et
1385 5329 1564 5366 manus
1611 5320 1700 5364 tua
1741 5326 1828 5365 ne-

219 5425 492 5482 quaquam
519 5411 783 5484 prtzvalet.
810 5426 925 5486 qtae
970 5411 1022 5463 in
1060 5411 1190 5462 mari
1217 5419 1456 5479 provocat
1496 5425 1663 5479 reges.
1692 5407 1825 5462 Mul-

222 5513 341 5560 tum
369 5518 400 5554 a
440 5506 658 5557 caeteris
698 5503 1112 5574 interpretibus,
1155 5503 1298 5556 etab
1329 5506 1442 5571 ipso
1478 5501 1745 5556 llebraico
1775 5499 1830 5570 in

227 5593 336 5647 huc
367 5593 487 5646 loco
517 5591 661 5646 LXX
683 5592 957 5648 discordat
979 5592 1165 5654 editio,
1211 5591 1304 5647 scd
1346 5594 1678 5662 propositum
1710 5607 1833 5662 pro-

227 5703 550 5756 sequamur.
581 5687 752 5756 Supra
777 5687 989 5742 dixerat
1023 5706 1034 5742 :
1073 5685 1153 5742 Ite
1196 5687 1582 5760 Carthaginem,
1639 5686 1838 5741 ululata

225 5782 320 5850 qui
342 5778 587 5833 habitatis
629 5779 793 5856 324
839 5783 892 5835 in
933 5781 1126 5835 insula.
1179 5783 1329 5836 Nunc
1373 5781 1706 5838 contrarium
1757 5779 1838 5835 lo-

231 5875 445 5944 quitur,
470 5874 594 5944 quia
620 5857 784 5941 naves
805 5873 873 5930 de
892 5873 1220 5948 Carthagine
1273 5875 1412 5929 ultra
1439 5890 1544 5928 non
1585 5874 1833 5940 veniunt,

1927 4764 2047 4803 nem
2077 4747 2238 4804 filiam
2269 4749 2509 4814 Sidonis.
2541 4750 2878 4820 Quicumque
2908 4765 2940 4806 a
2967 4748 3186 4816 diabolo
3228 4750 3441 4818 capitur
3472 4748 3528 4804 in

1923 4843 2265 4896 diversorum
2311 4842 2723 4912 perturbatione
2771 4841 3049 4908 vitiorum,
3091 4851 3147 4896 et
3197 4840 3433 4898 traditur
3469 4842 3526 4900 in.

1924 4937 2284 4992 contumelias
2320 4937 2648 5007 ignominiaa,
2672 4948 2730 4992 ut
2761 4937 3185 5006 polluatcorpus
3231 4935 3528 5007 voluptati-

1881 5093 1890 5103 .
1928 5034 2051 5096 bus,
2084 5041 2138 5086 et
2184 5031 2544 5100 turpitudine,
2593 5031 2694 5086 iste
2719 5031 2862 5090 filius
2891 5031 2975 5088 vel
3014 5030 3120 5086 [ilia
3148 5039 3232 5086 est
3261 5030 3484 5100 Sidonis
3514 5046 3530 5084 :

1929 5124 2000 5182 Et
2023 5128 2124 5179 hoc
2146 5123 2426 5189 sciendum
2456 5124 2598 5196 quod
2628 5123 2839 5199 sabaoth
2885 5124 2938 5178 in
2980 5123 3248 5184 Hebraico
3297 5137 3402 5176 non
3436 5122 3534 5176 ba-

1934 5220 2111 5286 betur,
2137 5227 2194 5274 et
2214 5220 2524 5275 econtrario
2554 5219 2700 5288 virgo
2723 5217 2792 5272 de
2835 5216 3103 5278 I'lrhraico
3129 5215 3314 5274 addita
3340 5215 3431 5270 sit.

2007 5311 2187 5377 (Vct‘s.
2234 5310 2348 5380 13.)
2382 5310 2442 5366 Si
2471 5311 2593 5365 ieris
2620 5311 2674 5364 in
2703 5311 2862 5368 Citias
2881 5351 2898 5377 ,
2924 5325 3087 5381 neque
3114 5308 3180 5362 ibi
3208 5309 3304 5362 erit
3338 5306 3537 5377 requies

1935 5406 2024 5470 tibi
2033 5422 2051 5471 ,'
2079 5415 2130 5458 et
2149 5406 2193 5459 si
2218 5404 2286 5458 ad
2311 5415 2498 5459 terram
2526 5402 2905 5464 Chaldaeorum.
2937 5412 2984 5456 et
3008 5402 3123 5469 ipsa
3147 5407 3343 5456 vastata
3367 5408 3440 5454 est
3469 5397 3534 5462 alt

1935 5497 2181 5568 Assyriis.
2218 5495 2477 5559 ("undavit
2505 5513 2616 5558 eam
2645 5495 2799 5560 Siim,
2823 5503 3114 5560 statuerunt
3149 5489 3539 5564 propugnacula

1935 5595 2085 5666 ejus,
2125 5592 2496 5654 suscitarerttnt
2529 5601 2721 5646 turrem
2762 5591 2874 5659 ejus
2917 5604 2936 5642 :
2975 5588 3144 5658 paries
3175 5587 3288 5658 ejus
3328 5579 3538 5644 cecidit:

1938 5667 2203 5762 Quodque
2225 5687 2466 5764 sequitur
2487 5687 2554 5741 de
2583 5683 2966 5741 Tlteodotiouis
2989 5681 3251 5747 editione,
3270 5680 3374 5739 sub
3395 5690 3540 5744 aste-

1940 5781 2098 5844 riscis
2141 5780 2385 5837 additum
2414 5787 2500 5840 est
2541 5797 2556 5833 :
2595 5775 2861 5832 Fundat-it
2902 5791 3013 5836 eam
3044 5772 3179 5829 Siim
3199 5815 3213 5839 ,
3242 5782 3536 5836 statuerunt

1940 5874 2332 5949 propugnacula
2359 5878 2473 5947 ejus
2504 5889 2521 5931 :
2552 5871 2922 5926 suscitaverunt
2954 5878 3145 5932 turrem
3170 5871 3302 5942 ejus,
3331 5879 3383 5924 et
3414 5865 3540 5928 abs-
