4014 6436
170 364 266 422 ὶ81

665 362 1319 424 COMMENTARIORUM
1359 366 1425 424 lN
1464 367 1700 427 ISAIAM
1739 367 2163 428 PBOPHETAM
2203 372 2334 430 LIB.
2380 372 2517 431 Vill.
2563 373 2719 432 CAP.
2765 374 2957 436 XXIV.

3361 377 3470 435 282

173 484 378 553 pingunt
424 485 600 553 fauces
641 491 779 550 tuas,
821 493 869 538 et
901 493 1081 555 postea
1119 485 1352 542 amarius
1389 486 1512 556 felle
1540 489 1763 559 reperies
1789 500 1838 560 Α
1867 489 2066 547 lineam
2117 493 2472 562 perdiderunt
2515 514 2527 551 :
2572 496 2812 568 loquitur
2858 500 2907 556 ei
2962 499 3016 556 in
3059 500 3303 558 tenebris
3333 509 3391 558 et
3418 502 3471 559 in

177 571 348 645 (Prov.
381 589 414 628 v
435 617 450 638 ,
479 573 622 646 2-4).
673 575 778 632 Per
825 575 1122 633 fenestram
1163 579 1310 634 enim
1339 579 1534 636 domus
1567 595 1680 638 suae
1711 583 1766 638 in

177 667 372 737 plateas
399 671 663 740 prospicit
693 670 908 743 (Matth.
957 674 1058 742 vn)
1097 689 1113 728 :
1156 674 1280 744 quia
1314 673 1422 729 lata
1455 684 1620 732 estet
1644 692 1770 748 Spa-

175 762 304 817 tiosa
324 765 410 820 via
438 781 560 836 quae
586 767 734 821 ducit
757 767 822 821 ad
855 779 1108 836 mortem,
1133 780 1188 824 et
1213 787 1608 844 quemcumque
1637 775 1769 830 insi-

174 855 406 925 pientem
435 857 638 916 viderit
664 859 922 930 juvenem
942 903 957 927 ,
990 862 1262 932 sapientes
1303 866 1507 936 quippe
1554 876 1766 924 lentare

170 963 272 1004 non
311 950 498 1019 audet,
526 963 581 1008 et
630 952 867 1010 transire
908 956 1067 1024 juxta
1111 958 1379 1027 angulos,
1415 959 1508 1030 qui
1559 969 1765 1016 rectam

186 1089 260 1102 .—

1045 1101 1286 1110 ——_———.

225 1561 584 1635 327-328
620 1561 820 1619 Sextus
860 1571 914 1619 et
958 1563 1223 1634 septimus
1271 1561 1588 1634 superiores
1632 1560 1757 1618 libri

161 1653 476 1725 allegoriam
520 1654 695 1726 quinti
741 1654 1034 1710 voluminis
1075 1654 1399 1721 continent,
1432 1653 1575 1724 quod
1621 1653 1752 1708 olim

1117 1207 1605 1320 LIBER
1690 1213 2467 1328 OCTAVUS.

1867 587 2124 657 caligine,
2155 599 2204 645 et
2253 589 2356 644 sub
2398 591 2582 660 Specie
2622 593 2962 664 voluptatum
3001 595 3156 666 quasi
3196 597 3472 653 victimam

1869 680 2111 738 ducitad
2143 695 2394 740 mortem.
2437 684 2563 741 ΗΜ
2610 686 2657 743 si
2702 703 2965 745 conversa
3016 689 3200 755 fuerit,
3245 700 3303 748 et
3331 695 3473 750 bene

1867 776 2152 834 cecinerit.
2185 788 2239 833 et
2281 781 2536 849 perlecta;
2569 782 2902 851 ptenitentias
2942 798 3213 839 annorum
3256 793 3471 855 tempus

1871 869 2202 940 impleverit,
2227 873 2480 929 comedet
2505 886 2558 930 et
2591 875 2763 941 bibet,
2791 886 2848 932 et
2874 879 3234 934 saturabitur.
3273 878 3472 935 Audiat

1867 960 2227 1032 Novatianns,
2253 977 2309 1023 et
2337 975 2537 1024 taceat.

2163 1108 2421 1117 —-'-—-—.—_

2431 1111 3114 1124 —-‘-——-—————._.
3135 1116 3178 1122 .._
3191 1118 3200 1122 _
3221 1115 3234 1121 λ.
3249 1115 3456 1126 ._..._.__.__

1865 1565 2128 1634 qualitate
2152 1573 2470 1630 meritorum
2494 1575 2677 1632 multa:
2707 1587 2834 1633 sunt
2864 1579 3179 1636 mansiones
3200 1580 3341 1650 apud
3376 1596 3470 1652 pa-

1864 1669 2032 1729 trem,
2061 1662 2088 1702 δ
2120 1663 2318 1720 dicitur
2340 1669 2616 1737 quomodo
2648 1672 2820 1726 sancti
2846 1672 3129 1742 rapiantur
3152 1674 3204 1729 in
3238 1675 3475 1732 nubibus

161 1745 419 1802 historica
449 1745 836 1818 explanatione
856 1747 1076 1803 dictavi.
1107 1746 1354 1802 Praesens
1382 1761 1540 1816 opus,
1565 1745 1618 1800 id
1645 1753 1745 1807 est.
1782 1743 1828 1803 B
1857 1755 2072 1810 obviam
2099 1757 2331 1814 Domino
2355 1760 2410 1815 in
2433 1778 2581 1830 aera,
2610 1775 2664 1818 et
2694 1780 2912 1837 semper
2931 1782 3053 1822 cum
3077 1783 3145 1824 eo
3169 1766 3334 1824 futuri
3357 1769 3471 1826 sint

160 1850 384 1896 octavus
416 1840 578 1905 liber,
611 1841 678 1895 ad
706 1849 940 1910 emptam
974 1839 1480 1910 interpretationem
1516 1838 1749 1894 reverti-

161 1944 270 2000 tur,
311 1944 371 1990 ut
399 1946 456 1991 et
483 1934 769 1991 historiam
812 1946 866 1992 et
896 1935 1256 2008 tropologiam
1283 1935 1439 2006 juxta
1469 1946 1752 2004 utramque

158 2029 453 2085 editionem
489 2030 692 2100 pariter
719 2029 973 2085 disserat.
998 2029 1134 2097 Qua:
1163 2029 1208 2084 si
1240 2029 1400 2101 loitga
1421 2028 1516 2084 tibi
1547 2027 1752 2082 videbi-

159 2136 255 2187 tur,
279 2140 319 2181 ο
352 2126 506 2196 virgo
533 2123 740 2180 Christi
786 2123 1162 2190 Eustochium,
1193 2140 1299 2179 non
1328 2122 1462 2178 mibi
1495 2122 1752 2190 imputes,

157 2222 246 2279 sed
272 2221 579 2292 Scriptura:
608 2236 812 2277 sanctae
838 2221 1168 2286 dillicultati,
1198 2221 1575 2293 praecipueque
1605 2219 1757 2274 Isaia:

157 2317 460 2389 prophctze,
493 2316 585 2388 qui
620 2319 786 2372 tantis
815 2317 1245 2373 obscuritatibus
1271 2317 1546 2372 inVolqus
1575 2323 1678 2377 est,
1701 2321 1757 2368 ut

159 2425 260 2479 pra:
291 2408 672 2479 magnitudine
697 2412 798 2475 rei,
821 2410 1043 2467 brevem
1073 2411 1519 2484 explanationem
1549 2420 1754 2481 putem,

159 2517 268 2574 qua:
293 2519 399 2572 per
431 2518 488 2557 se
516 2503 676 2574 longa
701 2513 804 2558 est.
834 2501 994 2560 Certe
1027 2521 1124 2559 nos
1148 2505 1412 2561 studiosis
1443 2507 1754 2574 scribimus,

159 2605 207 2651 et
234 2605 481 2652 sanctam
525 2595 863 2668 Seripturam
886 2599 1028 2655 scire
1062 2601 1431 2671 cupientibus.
1465 2619 1572 2657 non
1603 2601 1752 2656 fasti-

159 2690 347 2759 diosis,
372 2701 428 2746 et
451 2690 517 2747 ad
543 2691 752 2764 singula
786 2695 1203 2750 nauseantibus.
1225 2696 1330 2764 Qui
1351 2696 1396 2751 si
1419 2697 1623 2752 ﬂumen
1642 2697 1753 2752 elo-

159 2785 413 2855 quentiae,
449 2795 504 2841 et
523 2785 821 2841 concinnas
848 2786 1283 2843 declamationes
1312 2787 1647 2850 desiderant.
1677 2790 1755 2844 le-

158 2878 1016 2950 gant'l'nllium,Quintilianum,“
1031 2880 1750 2950 Gallionem,Gabinianum,

159 2980 210 3027 et
235 2981 290 3027 ut
320 2972 388 3027 ad
424 2984 644 3028 nosnos
671 2974 911 3036 veniam.
936 2973 1358 3042 Tertullianum,
1391 2973 1751 3048 Cyprianum,

160 3064 464 3130 Minntium,
497 3067 829 3134 Arnobium,
863 3067 1230 3138 Lactantium,
1268 3070 1552 3125 llilarimn.
1590 3070 1753 3126 Nobis

159 3161 495 3230 propositum
529 3169 613 3216 est
646 3160 833 3216 Isaiam
880 3176 979 3232 per
1007 3176 1110 3217 nos
1153 3163 1421 3233 intelligi,
1454 3174 1503 3217 et
1547 3177 1748 3233 nequa-
1781 3130 1826 3194 Ο

158 3267 308 3321 quam
346 3253 445 3306 sub
471 3251 626 3308 Isaia:
657 3255 942 3309 occasione
972 3265 1156 3310 nOstra
1192 3255 1356 3308 verba
1391 3253 1625 3309 laudari.

224 3347 391 3421 329
432 3347 587 3418 (Cap.
620 3347 812 3405 XXIV.
839 3379 912 3390 —
943 3348 1099 3404 Vers.
1133 3349 1158 3403 1
1193 3357 1249 3404 et
1271 3348 1450 3422 seqq.)
1481 3346 1616 3402 Ecce
1645 3347 1754 3402 Do-

158 3443 326 3496 mirus
359 3443 635 3512 dissipabit
673 3454 865 3497 terram
889 3485 904 3508 ,
945 3453 992 3496 et
1037 3443 1251 3496 nudabit
1280 3459 1394 3497 eam
1417 3484 1432 3508 ,
1473 3452 1522 3497 et
1558 3443 1758 3513 afﬂiget

157 3537 342 3608 {aciem
373 3542 506 3610 ejus,
539 3549 584 3592 et
616 3537 876 3610 disperget
904 3537 1216 3593 habitatores
1244 3542 1356 3611 ejus
1385 3555 1404 3594 :
1431 3549 1479 3594 et
1504 3540 1598 3594 erit
1625 3539 1760 3593 sicut

159 3630 381 3699 papulas
403 3670 418 3694 ,
460 3629 535 3682 sic
570 3628 812 3684 sacerdos
849 3646 867 3684 :
907 3641 952 3684 et
982 3630 1114 3684 sicut
1149 3647 1355 3694 servus,
1389 3631 1466 3684 sic
1505 3629 1759 3685 Dominus

158 3727 264 3795 ejus
291 3739 312 3778 :
345 3724 480 3777 sicut
505 3721 732 3788 ancilla,
765 3724 840 3776 sic
869 3723 1081 3777 domina
1110 3726 1222 3796 ejus
1255 3740 1273 3778 :
1301 3725 1431 3778 sicut
1466 3740 1658 3789 emeus,
1687 3724 1761 3778 sic

158 3814 243 3869 ille
263 3815 356 3886 qui
379 3814 553 3869 uendit
589 3831 608 3869 :
636 3816 768 3869 sicut
796 3818 1056 3887 fenerator
1076 3857 1089 3877 ,
1121 3817 1198 3869 sic
1224 3817 1268 3869 is
1297 3817 1384 3884 qui
1414 3829 1649 3871 mutuum
1674 3834 1761 3873 ac-

157 3909 275 3979 cipit
300 3925 320 3962 :
344 3909 479 3964 sicut
499 3909 586 3980 qui
612 3909 815 3980 repetit,
845 3910 922 3962 sic
954 3909 1044 3977 qui
1075 3907 1221 3964 debet
1250 3927 1268 3964 .'
1292 3910 1628 3982 dissipatione
1655 3913 1762 3963 dis-

156 4002 410 4072 sipabitur
451 4013 628 4070 terra,
669 4011 716 4057 et
759 4002 1051 4075 direptione
1093 4004 1407 4076 prwdabitur
1448 4020 1465 4058 :
1506 4003 1760 4058 Dominus

158 4098 287 4151 enim
314 4095 518 4151 locutus
542 4105 620 4151 est
647 4095 992 4152 verbumhoc.
1036 4097 1164 4152 Post
1195 4098 1488 4167 specialem
1521 4098 1762 4166 singula-

157 4203 270 4243 rum
293 4189 542 4261 gentium
573 4191 1002 4259 correptionem.
1029 4188 1264 4258 Iudaeas,
1299 4190 1614 4262 Babylonis,
1638 4190 1763 4246 Phi-

157 4284 367 4353 listiim,
385 4284 566 4352 Moab,
593 4284 862 4348 Damasci,
888 4283 1070 4350 Israel,
1089 4283 1329 4356 Egypti,
1348 4285 1550 4341 deserti
1574 4285 1759 4350 maris,

157 4376 409 4433 ldummm
440 4387 496 4433 et
523 4377 759 4443 Arabiae,
788 4377 947 4432 vallis
975 4377 1232 4445 visionis,
1267 4388 1321 4432 ct
1357 4376 1424 4432 ad
1457 4387 1760 4432 extremum

1855 1847 2031 1920 (Joan.
2072 1867 2195 1918 xiv;
2233 1851 2455 1911 lThess.
2482 1855 2575 1927 iv).
2623 1857 2726 1912 Pro
2759 1859 3017 1928 dissipata
3047 1870 3214 1928 terra,
3247 1870 3468 1932 septua-

1853 1941 2004 2013 ginta
2039 1955 2341 2011 corruptum
2370 1947 2542 2002 orbem
2572 1950 2915 2021 interpretati
2945 1963 3074 2008 sunt
3115 1973 3130 2008 :
3165 1962 3222 2009 et
3260 1969 3358 2024 pro
3386 1957 3470 2027 af-

1852 2035 1994 2105 ﬂicta
2017 2035 2150 2105 facie
2176 2037 2319 2094 illius
2340 2081 2355 2105 ,
2383 2040 2436 2095 id
2465 2052 2548 2096 est
2568 2082 2582 2107 ,
2615 2052 2806 2109 terrae,
2845 2043 3006 2100 iidem
3041 2046 3464 2114 transtulerunt,

1856 2136 1902 2182 et
1923 2130 2163 2185 reuelabit
2187 2133 2370 2202 facient
2395 2137 2540 2207 ejus;
2571 2144 2628 2190 ut
2653 2137 2948 2206 procedant
2973 2140 3171 2194 mortui
3193 2139 3262 2195 de
3282 2140 3469 2212 sepul-

1855 2223 1964 2278 cris
1988 2224 2101 2280 suis
2127 2243 2140 2278 :
2165 2227 2279 2281 sive
2308 2229 2522 2283 nudabit
2547 2247 2678 2294 eam,
2709 2238 2766 2285 ut
2794 2233 2971 2286 olunia
2999 2247 3164 2302 opera
3187 2234 3306 2304 ejus
3339 2249 3465 2305 pro-

1857 2314 2103 2372 ferantur
2123 2316 2175 2372 in
2198 2319 2497 2389 publicum,
2514 2331 2568 2376 et
2589 2323 2970 2394 disporgantur
2995 2323 3332 2381 habitatores
3352 2326 3470 2396 ejus

1856 2409 1910 2465 in
1934 2409 2146 2465 diversa
2170 2412 2307 2476 loca,
2332 2415 2572 2483 pra~miis
2594 2415 2676 2470 vel
2704 2416 2992 2486 suppliciis
3013 2418 3290 2473 destinati.
3314 2417 3468 2475 Tunc

1859 2504 2004 2558 nulla
2027 2506 2132 2560 erit
2163 2505 2454 2563 diversitas
2490 2509 2634 2565 inter
2667 2511 2909 2566 nobilem
2943 2520 2997 2566 et
3029 2512 3344 2582 ignobilem,
3378 2528 3468 2569 sa-

1856 2599 2134 2654 cerdotem
2160 2609 2215 2656 et
2253 2602 2446 2658 laicum
2471 2645 2486 2669 ,
2516 2618 2732 2660 servum
2776 2617 2830 2660 et
2865 2605 3181 2671 dominum,
3213 2608 3466 2664 ancillam

1856 2701 1909 2747 et
1936 2692 2208 2748 dominam
2235 2735 2250 2760 ,
2287 2695 2512 2751 divitem
2551 2707 2606 2752 et
2650 2714 2944 2768 pauperem
2969 2740 2984 2766 ,
3021 2699 3387 2756 feneratorem
3413 2709 3469 2757 et

1856 2798 1980 2840 eum
2011 2787 2103 2855 qui
2133 2802 2244 2841 a're
2270 2787 2435 2860 330
2472 2789 2652 2844 alieno
2682 2793 2980 2860 premitur,
3005 2800 3279 2849 ementem
3302 2801 3469 2866 atque

1858 2879 2207 2934 vendentem.
2245 2879 2451 2936 Omnes
2487 2881 2628 2936 enim
2668 2897 2734 2938 ex
2772 2899 2930 2954 aiquo
2960 2884 3182 2940 stabunt
3207 2895 3336 2942 ante
3368 2888 3468 2943 tri-

1856 2970 2021 3026 bunal
2063 2971 2268 3027 Christi
2295 3016 2307 3036 .
2343 2989 2444 3029 nec
2473 2975 2577 3030 erit
2623 2977 2872 3044 acceptio
2913 2991 3270 3046 pet'Sonarum
3317 2979 3467 3050 apud

1862 3061 2030 3118 Deum
2075 3062 2254 3134 (Rom.
2283 3080 2400 3132 stv;
2449 3065 2647 3121 Coloss.
2675 3067 2776 3140 lli).
2819 3069 2892 3123 De
2926 3085 3034 3139 quo
3056 3082 3110 3124 ct
3138 3069 3240 3126 Job
3259 3073 3468 3128 eisdem

1860 3158 2251 3225 propemodum
2296 3159 2474 3214 verbis
2507 3159 2750 3230 loquitur
2782 3180 2795 3216 :
2831 3160 3033 3217 Parvus
3060 3174 3108 3218 et
3146 3181 3366 3234 magnus
3400 3166 3472 3222 ibi

1859 3259 2012 3316 sunt,
2045 3259 2092 3304 et
2128 3267 2306 3305 servus
2339 3269 2442 3306 non
2470 3253 2653 3307 timens
2690 3251 2970 3308 Dominum
3010 3273 3164 3310 suum
3212 3255 3361 3330 (Job.
3385 3272 3468 3325 ut,

1865 3343 1974 3414 l9).
2019 3345 2079 3400 Et
2113 3345 2364 3402 Salvator
2397 3347 2451 3402 in
2487 3347 2787 3419 Evangelio
2812 3391 2826 3414 ,
2867 3349 2953 3404 cui
3001 3367 3165 3405 otnne
3201 3351 3468 3420 judicium

1861 3440 2120 3496 traditum
2152 3453 2270 3509 est,
2311 3443 2472 3513 pleno
2511 3458 2766 3498 sermone
2810 3452 3060 3498 testatur.
3107 3444 3472 3514 Dissipaliilur

1861 3548 1992 3603 ergo
2044 3542 2185 3590 terra
2213 3576 2228 3601 ,
2268 3543 2323 3590 et
2361 3535 2542 3590 omnia
2585 3544 2802 3590 terrena
2841 3551 3006 3604 opera
3051 3535 3368 3606 redigentur
3401 3537 3469 3591 ad

1862 3629 2117 3695 nihilum,
2144 3641 2202 3685 ut
2223 3631 2425 3686 abolita
2457 3630 2689 3701 imagine
2713 3638 2921 3702 χοϊκοῦ,
2953 3640 3268 3701 permaneat
3293 3632 3470 3703 imago

1862 3724 2292 3793 superrmlestis.
2329 3723 2538 3778 Primus
2557 3725 2695 3779 etaim
2721 3725 2873 3779 homo
2896 3723 2960 3780 de
2982 3735 3116 3779 terra
3141 3736 3398 3790 terrenus,
3423 3734 3472 3778 et

1862 3818 2120 3873 secundus
2146 3821 2209 3872 tle
2225 3819 2350 3873 οωΙο
2368 3820 2587 3874 caelestis
2612 3837 2628 3873 :
2651 3820 2823 3890 qualis
2854 3830 3107 3883 terrenus,
3130 3821 3257 3872 tales
3282 3829 3332 3872 et
3362 3831 3465 3874 ter-

1862 3911 1974 3964 reai
1991 3927 2011 3974 ;
2040 3922 2086 3964 et
2105 3913 2274 3980 qualis
2300 3912 2703 3980 supercaelestis,
2732 3912 2862 3964 tales
2889 3921 2936 3964 et
2960 3911 3341 3979 supercwlestes
3371 3923 3390 3963 :
3414 3918 3470 3962 ut

1863 4005 1994 4058 sicut
2021 4004 2335 4074 portavimus
2362 4005 2637 4077 imaginem
2665 4005 2858 4058 terreni
2880 4047 2893 4068 ,
2923 4017 3186 4071 portemus
3213 4012 3259 4057 et
3286 4003 3472 4074 imagi-

1865 4115 1978 4152 nem
1999 4096 2372 4170 superctelestis
2405 4097 2449 4168 (l
2473 4095 2594 4152 Cor.
2619 4113 2710 4164 xv,
2735 4095 2948 4170 47-59).
2981 4096 3134 4152 Unde
3162 4095 3302 4152 idem
3320 4096 3467 4167 Apo-

1863 4192 2035 4246 stolus
2062 4191 2300 4261 loquitur
2333 4208 2345 4244 :
2376 4189 2510 4245 Caro
2537 4202 2583 4246 et
2612 4191 2825 4262 sanguis
2848 4207 3065 4263 regnum
3097 4189 3193 4244 Dei
3216 4206 3316 4244 non
3345 4205 3470 4259 pos-

1861 4283 2100 4338 sidebunt
2133 4281 2296 4352 (Ibid.
2319 4325 2334 4348 ,
2371 4282 2484 4354 50).
2532 4282 2648 4338 Non
2681 4283 2823 4354 quod
2852 4283 3150 4339 secundum
3185 4282 3469 4338 ba-reticos

1864 4377 2134 4447 dispereat
2173 4389 2360 4432 natura
2406 4393 2730 4446 corporum,
2774 4375 2868 4432 sed
2901 4376 3048 4448 quod
3093 4377 3466 4446 Corruptivum

156 4468 281 4542 Tyri
315 4488 329 4524 :
365 4471 417 4525 in
448 4487 675 4542 quarum
720 4471 1107 4540 explanatione
1149 4486 1270 4542 qua:
1318 4472 1589 4542 potuimus
1617 4470 1760 4525 dixi-
1789 4511 1842 4572 Β
1870 4471 1972 4527 hoc
2015 4472 2204 4527 induat
2236 4474 2700 4542 incorruptionem
2724 4512 2738 4537 ,
2779 4480 2834 4526 et
2873 4471 3101 4526 mortale
3143 4470 3245 4526 hoc
3284 4470 3472 4525 induat

155 4578 276 4619 mus
304 4581 318 4617 :
349 4579 499 4620 nunc
527 4563 654 4634 quid
687 4573 834 4620 totus
863 4564 1017 4620 orbis
1048 4566 1099 4620 in
1135 4563 1607 4620 consummatione
1638 4579 1758 4635 pas-

155 4670 316 4712 suros
337 4657 433 4721 sit,
460 4659 809 4730 propheticus
832 4673 1016 4714 sermo
1045 4658 1327 4724 describit,
1347 4668 1402 4714 et
1423 4674 1760 4730 nequaquam

155 4749 222 4806 de
251 4752 486 4824 singulis
513 4754 801 4824 gentibus,
832 4753 925 4808 sed
960 4755 1026 4808 de
1052 4754 1264 4809 cunctis
1293 4753 1496 4824 pariter
1531 4754 1763 4825 prophe-

156 4852 322 4902 tatur.
354 4846 417 4901 Et
443 4845 673 4916 primum
694 4847 915 4918 quidem
943 4863 1064 4911 qua:
1090 4847 1239 4916 impii
1264 4855 1528 4902 tormenta
1553 4847 1758 4916 passuri

153 4939 265 4995 sint
299 4959 312 4993 :
342 4949 399 4994 et
440 4940 716 5012 quomodo
739 4940 894 5010 juxta
932 4939 1284 5011 Evangelium
1321 4948 1378 4996 et
1414 4941 1757 5012 Apostolum,

155 5043 504 5102 pertranseat
540 5034 738 5092 uelum
784 5045 841 5090 et
885 5045 1058 5104 terra,
1096 5044 1152 5093 et
1183 5037 1348 5107 ﬁgura
1381 5035 1567 5091 mundi
1608 5036 1765 5090 istius

156 5125 379 5198 (Matth.
411 5144 569 5194 xxiv;
612 5127 634 5183 Ι
667 5127 790 5184 Cor.
825 5128 954 5202 vn),
996 5140 1050 5184 et
1081 5129 1424 5185 deducantur
1455 5137 1766 5198 peccatores

153 5219 206 5275 in
232 5222 511 5278 infernum
538 5222 658 5290 (Ps.
676 5224 827 5294 xxx),
850 5224 918 5280 de
940 5224 1134 5296 quibus
1154 5225 1412 5293 scriptum
1436 5233 1521 5279 est
1543 5242 1556 5277 :
1581 5221 1766 5295 Ingre-

154 5313 366 5368 dientnr
395 5316 466 5370 ad
509 5327 738 5370 extrema
776 5325 946 5382 terrm,
980 5315 1247 5372 tradentur
1287 5317 1340 5370 in
1369 5333 1552 5371 ntanus
1578 5314 1760 5386 gladii,

151 5417 329 5474 partes
365 5406 597 5478 vulpium
623 5420 772 5463 erum
805 5406 926 5479 (Ps.
952 5423 1094 5474 an,
1121 5407 1233 5479 10).
1276 5406 1479 5463 Deinde
1513 5410 1638 5478 quia
1665 5423 1765 5479 pro

224 5567 252 5594 ³
297 5564 504 5630 Vatic.,
545 5565 962 5632 Quintilianum,
992 5563 1360 5627 Gabinianum,
1400 5565 1606 5619 omisso
1638 5564 1768 5619 Gal-

150 5635 315 5692 tionis
346 5639 588 5693 nomine.
624 5636 742 5691 Mox
774 5648 828 5690 et
854 5636 1297 5704 coniunctionem
1323 5652 1387 5690 ex
1420 5635 1612 5692 eodem
1640 5653 1767 5705 sup-

151 5709 392 5792 plemns.
429 5708 604 5792 Porro
630 5709 1037 5792 .iSI'udquoque
1073 5707 1761 5792 aiiiinzidvertendiim,_ex

149 5779 263 5836 isto
290 5779 606 5853 Hieronymi
630 5781 680 5833 in
705 5779 898 5853 Isaiam
921 5780 1058 5833 libro
1078 5779 1366 5853 coollatam
1396 5793 1517 5834 esse
1532 5779 1762 5853 totidem

150 5849 524 5924 saepeAverbis
552 5860 768 5924 partem
814 5851 1278 5924 a_lteram,r__uonte
1321 5849 1596 5924 (Origenis,
1649 5851 1764 5908 sive

145 5915 277 5992 quae
307 5920 527 5993 Origeni
554 5915 904 5987 adscribitur,
937 5921 1181 5978 Homilies
1210 5923 1264 5976 in
1296 5915 1540 5978 diversas.

1873 4566 2361 4621 immortalitatem.
2395 4564 2460 4619 Et
2489 4565 2605 4619 haec
2639 4565 2818 4618 omnia
2852 4563 2982 4617 ﬁent
3016 4581 3029 4616 :
3057 4562 3185 4634 quia
3215 4563 3359 4632 quod
3391 4563 3472 4618 [υ-

1870 4667 2051 4714 turum
2081 4667 2186 4723 est,
2220 4674 2316 4728 per
2347 4661 2636 4727 prophetas
2669 4657 2928 4712 Dominus
2957 4657 3171 4712 locutus
3201 4664 3305 4712 est.

1939 4754 2119 4826 (Vers.
2139 4753 2196 4818 4,
2221 4754 2300 4824 5.)
2330 4753 2486 4807 Luait
2515 4763 2561 4808 et
2584 4752 2800 4822 tle/luxit
2828 4760 2986 4816 terra,
3002 4759 3052 4804 et
3075 4751 3340 4820 inﬁrmata
3363 4759 3470 4807 est:

1869 4847 2084 4918 deﬂuxit
2115 4845 2253 4900 orbis
2272 4886 2288 4912 ,
2329 4845 2590 4910 inﬁrmata
2619 4852 2694 4897 est
2724 4843 2944 4897 altitudo
2974 4844 3155 4913 pepuli
3199 4857 3348 4898 terra:
3369 4884 3386 4906 ,
3424 4853 3473 4899 et

1872 4950 2006 4995 terra
2027 4940 2294 5009 interfecta
2318 4947 2392 4991 est
2418 4937 2482 4988 ab
2517 4933 2896 4989 habitatoribus
2925 4935 3052 4989 suis.
3093 4933 3236 4990 LXX
3267 4952 3280 4989 :
3312 4934 3472 4990 Luxit

1871 5042 2024 5094 terra,
2054 5038 2325 5098 corruptus
2351 5038 2427 5082 est
2458 5028 2618 5091 orbis,
2652 5029 2891 5082 luxerunt
2919 5029 3108 5082 excelsi
3136 5039 3306 5096 terra,
3336 5037 3472 5084 terra

1870 5136 2040 5180 autem
2067 5125 2166 5196 egit
2198 5123 2352 5190 impie
2376 5131 2586 5194 propter
2607 5121 2920 5176 habitatores
2941 5139 3079 5176 suos.
3118 5122 3260 5176 Dens
3281 5136 3472 5191 super-

1869 5221 1952 5278 bis
1993 5220 2234 5286 resistit,
2267 5228 2320 5272 et
2353 5215 2646 5272 humilibus
2692 5216 2780 5272 dat
2808 5217 3040 5286 gratiam
3073 5214 3256 5286 (Iacob
3286 5230 3358 5281 iv,
3391 5214 3471 5288 6).

1872 5311 2026 5370 Unde
2071 5310 2246 5382 prima
2291 5309 2560 5365 sententia
2609 5317 2694 5364 est
2731 5317 2922 5364 contra
2969 5323 3088 5375 eos,
3129 5309 3220 5378 qui
3267 5309 3470 5364 excelsi

1869 5416 1995 5464 sunt
2026 5414 2208 5466 terrae.
2243 5413 2301 5459 ut
2329 5400 2676 5458 inlirmentur
2705 5400 2958 5457 universa
2986 5417 3106 5472 quia
3139 5415 3284 5457 nunc
3312 5400 3470 5458 fortia

1945 5562 1970 5602 δ
2002 5562 2154 5617 Hunc
2178 5563 2352 5615 locum
2411 5562 2670 5617 Servatus
2721 5560 2900 5630 Lupus
2944 5561 2996 5614 in
3051 5559 3384 5618 Collectaneo
3408 5565 3472 5618 de

1867 5635 2029 5689 tribus
2055 5633 2434 5699 Quiestiombus
2464 5650 2583 5708 c_nm
2605 5633 2726 5708 aliis
2747 5647 2810 5686 ex
2842 5631 3172 5708 llieronyinn
3201 5637 3472 5708 excerptis

1869 5710 2174 5779 componit,
2200 5713 2455 5779 aptatque
2483 5701 3098 5779 Prgilt~stitiiitioiiis,_de
3129 5721 3234 5776 qua
3281 5701 3468 5779 dis'pu.

1871 5787 1968 5842 tat,
1996 5778 2204 5850 sensui.
2226 5777 2426 5832 Confer
2471 5779 2527 5832 S.
2558 5775 2735 5830 Patris
2787 5777 2955 5850 nostri
3001 5775 3198 5834 librum
3233 5775 3467 5850 primum

1868 5852 2131 5978 adversus
2169 5849 2489 5918 Pelagianos
2539 5857 2658 5919 post
2704 5847 2966 5915 medium,
3021 5859 3074 5906 et
3133 5847 3352 5910 tertium
3413 5855 3466 5912 iu

1909 5938 1995 5978 ne.

1909 5938 1995 5979 ne.
