4014 6450
563 348 674 413 285

1801 348 1860 409 S.
1904 347 2177 414 EUSEB“
2212 346 2597 412 ΗΙΕΠΟΝΥΗΙ

3716 361 3801 424 ΞΜ

564 476 693 535 sunt
716 474 936 539 propter
954 480 1051 525 eos
1068 464 1161 537 qui
1183 462 1499 536 sanguinem
1527 462 1777 535 sanguini
1801 463 2161 533 miscuerunt,
2188 462 2244 545 Α
2269 462 2471 535 potitur
2489 503 2507 531 ,
2535 460 2903 529 amaritudine
2922 462 3346 535 commutabitur
3364 506 3379 532 ,
3406 481 3521 538 qua:
3544 468 3606 527 ad
3633 480 3805 546 tempus

562 572 618 615 et
649 560 704 621 in
734 576 941 619 morctn
972 559 1251 631 sanguinis
1277 558 1436 628 Abel,
1472 558 1879 623 interiectorum
1913 572 2162 625 cruorem

561 654 629 711 ad
659 654 826 710 Deum
851 652 1088 709 clamare
1114 651 1358 707 iecerunt
1388 650 1598 721 (Genes.
1628 650 1729 724 tv).

634 748 814 818 (Vera.
846 748 925 820 6.)
969 747 1105 817 Quia
1127 747 1433 818 transgressi
1462 744 1627 819 legem
1654 755 1797 814 sunt,
1841 754 2167 813 mutaverunt

551 843 681 915 jus,
730 840 1108 914 dissipaverunt
1145 840 1314 912 [tedas
1354 840 1739 911 sempiternum.
1806 838 2028 913 Propter
2070 840 2166 899 hoc

561 931 854 988 maledictio
876 933 1071 987 vorabit
1094 943 1307 998 terram,
1323 942 1371 988 et
1393 934 1667 1001 peccabunt
1686 931 2001 999 habitatores
2018 935 2165 1005 ejus:

561 1026 681 1082 ideo
716 1028 976 1082 insanient
1014 1026 1236 1082 cultores
1261 1030 1407 1102 ejus,
1449 1038 1498 1083 et
1542 1026 1899 1100 relinquentur
1932 1026 2164 1081 homines

564 1121 742 1193 pauci.
776 1119 916 1176 LXX
948 1139 960 1174 :
997 1121 1134 1189 Quia
1163 1120 1485 1191 pravaricati
1510 1120 1670 1194 331
1700 1129 1821 1175 sunt
1841 1120 2022 1190 legem,
2051 1136 2165 1175 mu-

561 1221 798 1267 taverunt
828 1221 1105 1285 pra'cepta,
1140 1222 1496 1267 testamentum
1523 1207 1795 1283 tetefnunt.
1830 1208 2051 1285 Propter
2068 1209 2166 1283 ἦρε

565 1306 859 1360 maledictio
885 1306 1082 1360 vorabit
1108 1316 1318 1375 terram,
1345 1307 1467 1379 quia
1496 1315 1828 1376 peccaverunt
1854 1303 2165 1360 habitatores

562 1402 676 1472 ejus
706 1414 725 1453 :
755 1398 869 1454 ideo
899 1416 1141 1473 pauperes
1174 1409 1321 1455 erunt
1360 1399 1670 1454 habitatores
1706 1410 1883 1464 teme,
1917 1407 1964 1453 et
1994 1398 2167 1452 dimit—

564 1501 735 1547 tentur
764 1490 997 1547 homines
1039 1494 1211 1563 pauci.
1259 1492 1493 1548 Audiam
1537 1491 1746 1570 Judaei,
1787 1491 1880 1562 qui
1918 1506 1978 1546 se
2014 1491 2165 1546 solos

560 1581 738 1653 legem
780 1584 1056 1653 accepisse
1101 1582 1313 1639 Domini
1346 1585 1677 1656 gloriamur,
1714 1582 1858 1653 quod
1893 1581 2164 1638 universa:

565 1678 802 1747 primum
848 1687 1034 1748 gentes
1075 1686 1323 1747 totusque
1361 1677 1508 1733 orbis
1555 1676 1852 1733 naturalem
1895 1674 2166 1746 acceperit

565 1768 741 1839 legem
770 1810 783 1835 ,
831 1778 887 1824 et
931 1768 1131 1824 idcirco
1175 1780 1361 1839 postea
1403 1770 1488 1825 lex
1524 1769 1645 1825 data
1678 1770 1749 1825 sit
1778 1784 1874 1841 per
1917 1769 2161 1841 Moysen,

564 1860 691 1929 quia
732 1858 900 1928 prima
932 1860 1016 1914 lex
1063 1838 1318 1932 dissipata
1348 1867 1452 1915 est.
1487 1861 1563 1916 De
1607 1876 1708 1928 qua
1752 1838 2045 1931 Apostolus
2090 1838 2172 1915 ιοέ

563 1952 749 2021 quitur
780 1968 794 2005 :
828 1949 958 2005 Cum
984 1952 1119 2006 enim
1140 1961 1312 2023 gentes
1332 1993 1349 2020 ,
1381 1968 1496 2020 qua
1524 1969 1625 2007 non
1650 1952 1836 2008 habent
1863 1954 2043 2025 legem,
2075 1968 2172 2007 na-

565 2045 800 2098 turaliter
816 2060 876 2097 ea
898 2060 1011 2115 qua:
1028 2046 1153 2116 legis
1174 2056 1291 2099 sunt
1307 2046 1526 2117 faciunt,
1551 2045 1638 2099 isti
1659 2043 1824 2117 legem
1844 2062 1948 2100 non
1972 2045 2163 2100 haben-

564 2147 661 2203 tes,
684 2138 784 2206 ipsi
802 2138 901 2192 sibi
921 2150 1039 2192 sunt
1067 2137 1152 2192 lea:
1174 2155 1193 2193 :
1213 2140 1300 2211 qui
1326 2140 1598 2195 ostendunt
1617 2156 1744 2212 opus
1766 2140 1894 2214 legis
1920 2142 2169 2212 scriptum

567 2232 623 2285 in
644 2230 886 2288 cordibus
923 2235 1032 2288 suis
1075 2232 1253 2306 (Rom.
1290 2249 1362 2300 tt,
1398 2233 1513 2307 M).
1559 2233 1661 2304 Qui
1698 2236 1859 2307 igitur
1901 2235 1997 2292 has
2023 2234 2170 2307 leges

568 2324 1014 2393 observaverint,
1070 2327 1291 2396 prarmia
1348 2335 1798 2398 consequentur:
1842 2327 1932 2396 qui
1985 2336 2166 2382 autem

569 2419 914 2490 neglexerint
949 2435 1042 2475 eas
1068 2461 1083 2487 ,
1122 2422 1463 2477 sustinebunt
1495 2437 1615 2491 qua
1654 2436 1801 2476 nunc
1831 2435 2013 2477 sermo
2043 2436 2171 2492 pro-

567 2514 815 2583 pheticus
836 2516 1220 2569 comminatur.
1248 2515 1603 2585 thuomodo
1626 2515 1679 2569 in
1706 2514 1973 2585 principio
1997 2514 2169 2572 bene-

567 2607 705 2664 disit
735 2608 879 2665 Deus
914 2610 1062 2664 omni
1094 2617 1362 2666 creatura:
1398 2624 1561 2681 quam
1589 2608 1793 2665 fecerat
1835 2607 2047 2680 (Genes.
2081 2607 2124 2681 ι)
2152 2626 2167 2665 :

567 2702 649 2757 sic
682 2702 734 2758 in
766 2703 1241 2760 consummatione
1280 2703 1465 2759 mundi
1496 2703 1784 2760 maledicet
1820 2703 1904 2759 his
1938 2704 2031 2774 qui
2061 2713 2172 2760 ter-

567 2796 687 2852 reui
715 2805 862 2865 sunt,
893 2808 951 2854 et
991 2814 1097 2854 non
1138 2799 1336 2855 iuerint
1378 2801 1677 2871 peregrini,
1708 2799 1805 2856 sed
1835 2798 2169 2857 habitatores

568 2899 734 2946 terra:
758 2933 773 2957 ,
815 2900 872 2947 et
900 2894 954 2948 in
993 2906 1060 2949 ea
1098 2894 1478 2964 peccaverint;
1512 2895 1602 2965 qui
1636 2892 1789 2951 obliti
1833 2891 2169 2950 conditionis

565 2997 701 3049 sure,
727 2993 916 3039 contra
943 3000 1002 3041 se
1033 2995 1219 3041 mutuo
1250 2986 1434 3042 lurore
1456 2985 1701 3042 bacchati
1726 2994 1872 3041 sunt.
1911 2984 1983 3041 Et
2010 2985 2168 3056 pauci

565 3076 929 3133 remanebunt
956 3076 1044 3149 qui
1077 3078 1311 3134 habeant
1340 3079 1629 3151 imaginem
1671 3078 2112 3159 supercmlestem
2150 3096 2166 3135 :

564 3172 710 3237 sive,
747 3171 901 3243 juxta
940 3172 1114 3242 LXX,
1160 3190 1410 3245 pauperes
1449 3182 1605 3230 erunt
1638 3172 1955 3229 habitatores
1995 3182 2165 3241 terrae,

566 3263 692 3333 quia
719 3248 1037 3335 spirituales
1071 3265 1286 3322 divitias
1322 3266 1701 3338 perdiderunt.

636 3357 827 3430 (Vcrs.
883 3358 915 3412 7
971 3357 1163 3433 seqq.)
1213 3358 1373 3414 Luxit
1418 3359 1676 3414 vindemia
1708 3401 1725 3427 ,
1773 3359 2040 3430 inﬁrmata
2091 3367 2168 3414 est

563 3452 700 3517 vitis,
728 3452 1084 3525 ingemuerunt
1106 3470 1278 3509 omnes
1302 3456 1392 3526 qui
1412 3452 1717 3509 ltetabantur
1743 3454 1913 3509 corde.
1943 3452 2166 3508 Cessavit

565 3545 814 3617 gaudium
836 3554 1196 3617 tympanorum
1216 3590 1229 3614 ,
1261 3549 1447 3618 quievit
1469 3548 1669 3603 sonitus
1702 3546 2010 3613 ltrtantium,
2043 3562 2167 3601 con-

562 3639 707 3692 ticuit
742 3636 959 3693 dulcedo
989 3638 1229 3704 citharas,
1267 3657 1385 3695 cum
1420 3640 1618 3695 cantico
1645 3656 1745 3694 non
1775 3638 1939 3694 bibent
1966 3639 2161 3706 vinum,

565 3747 746 3784 amara
786 3733 880 3787 erit
918 3734 1056 3806 potio
1093 3733 1373 3789 bibentibus
1412 3733 1578 3789 illam.
1633 3734 1826 3789 Attrita
1868 3742 1941 3789 est
1986 3734 2166 3789 civitas

565 3826 840 3895 vanitatis,
882 3827 1061 3881 clausa
1107 3839 1182 3883 est
1227 3830 1393 3884 omnis
1440 3832 1622 3884 domus
1662 3827 1808 3883 nullo
1850 3829 2163 3883 introeunte.

566 3916 777 3974 Clamor
804 3920 901 3974 erit
937 3937 1091 3991 super
1130 3923 1249 3976 vino
1276 3924 1329 3977 in
1363 3923 1579 3996 plateis,
1624 3922 1829 3978 deserta
1877 3931 1951 3978 est
1999 3921 2168 3977 omnis

564 4011 764 4075 latitia,
793 4014 1099 4068 translatum
1127 4023 1203 4069 est
1221 4015 1468 4086 gaudium
1499 4025 1667 4071 teme.
1712 4014 1780 4069 Et
1805 4015 1984 4070 relicta
2013 4021 2088 4068 est
2112 4015 2165 4068 in

566 4105 689 4161 urbe
722 4106 975 4169 solitudo,
1004 4118 1053 4163 et
1078 4107 1346 4165 calamitas
1375 4111 1625 4182 apprimet
1658 4119 1836 4182 portas
1864 4126 1883 4164 :
1905 4109 2028 4182 quia
2058 4108 2168 4164 haec

563 4208 713 4251 erunt
738 4197 790 4251 in
815 4199 983 4254 medio
1009 4211 1176 4261 term.
1205 4202 1257 4255 in
1279 4201 1446 4256 medio
1465 4203 1794 4273 populorum.
1826 4202 1883 4257 In
1911 4216 2166 4256 consum-

569 4288 807 4343 matione
839 4291 1061 4356 mundi,
1094 4292 1488 4361 praeteritarum
1511 4293 1829 4350 deliciarum
1860 4293 2168 4349 recordatio

568 4380 675 4434 crit
703 4383 925 4436 materia
956 4384 1315 4440 cruciatuum.
1344 4383 1500 4441 Unde
1529 4395 1585 4441 et
1608 4385 1763 4441 dives
1785 4386 1875 4441 ille
1904 4386 1955 4440 in
1980 4386 2170 4442 convi-

567 4470 656 4525 vio
684 4485 1012 4543 purpuratus
1034 4517 1050 4543 ,
1077 4478 1168 4547 qui
1198 4488 1475 4547 receperat
1511 4478 1648 4533 bona
1688 4492 1782 4533 sua
1822 4480 1873 4533 in
1906 4479 2013 4535 vita
2044 4494 2165 4547 sua,

565 4563 786 4620 elevans
815 4567 1003 4622 oculos
1043 4584 1170 4624 suos
1198 4570 1266 4626 de
1298 4569 1509 4625 inferno
1537 4613 1553 4636 ,
1601 4572 1860 4627 Lazarum
1900 4574 2073 4629 cernit
2112 4574 2166 4629 in

566 4659 752 4728 requie
788 4658 936 4731 (Luc.
968 4658 1114 4732 ἀνι).
1158 4661 1225 4717 Et
1261 4662 1520 4719 Dominus
1558 4665 1847 4733 increpans
1889 4667 2083 4723 divites
2113 4678 2167 4724 et

566 4750 870 4809 luxuriosos
891 4764 1052 4826 atque
1077 4754 1335 4824 ridentes,
1361 4757 1598 4827 laquitur
1620 4758 1673 4813 in
1703 4758 2001 4832 Evangelia
2028 4780 2040 4815 :
2073 4761 2167 4817 γω

567 4845 705 4899 vobis
766 4847 1005 4903 divitibus
1038 4889 1055 4914 ,
1120 4850 1365 4920 quoniam
1437 4852 1696 4919 recepistis
1760 4853 2163 4911 consolationem

564 4947 800 4993 vestram.
856 4938 944 4995 Var
980 4941 1122 4995 vobis
1159 4943 1250 5011 qui
1286 4959 1421 4997 nunc
1462 4945 1683 4999 saturati
1728 4947 1884 5015 estis,
1924 4950 2165 5019 quoniam

564 5031 816 5087 esurictis.
866 5031 958 5089 νω
989 5034 1128 5088 vobis
1154 5036 1242 5105 qui
1277 5053 1412 5091 nunc
1434 5036 1615 5092 ridetis
1637 5080 1653 5106 ,
1692 5040 1818 5110 quia
1854 5038 2093 5114 lugebitis
2119 5052 2168 5098 et

563 5124 751 5193 ﬂebitis
778 5124 971 5207 (Ibid.,
992 5128 1083 5197 2t,
1113 5127 1231 5200 25).
1265 5131 1492 5199 Quando
1521 5134 1681 5204 igitur
1708 5132 1867 5189 fuerit
1894 5149 2166 5192 resurrec-

563 5221 641 5275 tio
669 5233 1038 5290 mortuorum,
1073 5235 1125 5279 et
1151 5225 1336 5294 judicii
1369 5226 1651 5283 advenerit
1675 5227 1821 5291 dies,
1854 5229 2015 5303 332
2038 5242 2168 5288 tunc

566 5314 767 5386 lugebit
792 5314 976 5371 viuum
1006 5327 1168 5386 atque
1190 5316 1479 5383 vindemia,
1511 5318 1581 5374 de
1610 5334 1714 5390 qua
1747 5319 1963 5391 Moyses
1993 5322 2168 5392 loqui-

564 5416 649 5463 tur
681 5426 694 5460 :
724 5408 801 5464 De
827 5410 974 5464 vinea
1000 5410 1344 5465 Sodomorum
1361 5413 1506 5466 vinea
1526 5427 1721 5478 eorum,
1742 5429 1971 5487 prapago
1990 5430 2167 5471 eorum

564 5499 629 5554 tle
658 5498 969 5557 Gomorrlta.
1004 5498 1115 5555 Uva
1146 5517 1323 5555 eorum
1351 5519 1448 5575 uva
1476 5501 1630 5579 fellis,
1662 5503 1835 5579 botrus
1859 5506 2168 5579 amaritudi-

563 5592 649 5650 nis
682 5609 880 5651 eorum.
927 5591 1104 5648 Furor
1152 5595 1435 5653 draconum
1475 5596 1653 5659 vinum
1685 5612 1888 5663 eorum,
1936 5607 1984 5661 et
2019 5603 2167 5671 {urar

565 5686 807 5759 aspidum
848 5689 1154 5745 insanabilis
1200 5687 1382 5762 (Deut.
1416 5706 1595 5758 χχιιι,
1628 5692 1744 5761 35).
1796 5694 1952 5755 Tunc
1992 5695 2170 5752 omnis

566 5784 740 5852 potio,
759 5782 875 5840 sive
898 5793 957 5840 ut
983 5784 1247 5842 llebraice
1268 5786 1485 5857 dicitur,
1509 5789 1695 5852 sirera,
1726 5788 1777 5843 id
1804 5798 1907 5856 est,
1930 5789 2167 5858 ebrietas,

568 5894 690 5959 qua:
721 5886 921 5935 statum
953 5880 1153 5937 mentis
1180 5882 1410 5950 evertit,
1453 5892 1508 5940 et
1543 5882 1792 5940 homines
1814 5883 2040 5958 vigilare
2064 5900 2171 5960 non

2268 553 2542 613 utentibus
2560 569 2623 611 se
2651 554 2815 621 mella
2845 554 3130 622 mentitur,
3152 565 3211 613 et
3236 556 3288 610 in
3314 560 3593 621 notissima
3615 568 3800 626 amarior

2267 642 2394 707 felle
2440 644 2769 716 reperietur.
2822 644 2975 705 Tunc
3016 648 3196 709 omnis
3231 647 3457 707 dulcedo
3484 654 3739 712 laetantium
3759 667 3801 714 et

2267 749 2644 812 tympanorum
2668 754 2732 797 ac
2761 738 2991 796 cithara:
3010 739 3221 797 sonitus
3246 741 3299 797 in
3331 742 3590 812 planctum
3610 758 3801 805 vertetur

2265 848 2328 891 ac
2358 833 2638 905 gemitum.
2678 831 2994 904 ingeramus
3031 833 3133 891 hoc
3173 836 3532 895 testimmtium
3570 838 3737 908 bisqui
3761 841 3802 901 in

2264 926 2533 983 canviviis
2562 943 2668 985 non
2697 929 2871 985 solum
2897 926 3024 999 gula
3050 935 3108 987 et
3130 927 3425 997 ebrietate,
3451 930 3542 989 sed
3567 940 3617 987 et
3632 932 3805 995 auribus

2267 1018 2569 1085 luxuriant,
2595 1030 2649 1074 ut
2675 1034 2774 1090 per
2794 1034 2987 1075 omnes
3018 1033 3214 1074 sensus
3240 1020 3431 1075 anima:
3458 1021 3688 1076 fortitudo
3705 1024 3808 1077 mol-

2266 1113 2454 1169 lescat.
2479 1112 2761 1168 Atteretur
2786 1114 2981 1168 civitas
3005 1115 3284 1177 vanitatis,
3313 1114 3424 1170 sive
3448 1116 3612 1171 omnis
3637 1117 3805 1183 civitas,

2266 1206 2353 1285 pel
2385 1205 2685 1293 spirituum
2724 1205 2988 1293 Babylon,
3022 1224 3143 1278 qua:
3170 1209 3324 1265 sedet
3352 1209 3403 1264 in
3431 1220 3625 1280 septem
3654 1211 3809 1267 monti-

2268 1300 2367 1355 bus
2399 1308 2713 1372 purpurata,
2738 1298 2893 1372 cujus
2920 1302 3182 1373 supplicia
3215 1302 3266 1357 in
3296 1303 3604 1376 Apocalypsi
3631 1304 3808 1360 Joannis

2266 1393 2493 1464 legimus
2535 1393 2721 1468 (Apoc.
2755 1392 2931 1465 xvttt).
2971 1394 3314 1467 Pulchreque
3340 1396 3474 1450 dixit
3502 1396 3671 1452 urbem
3694 1396 3810 1451 vani-

2268 1487 2410 1541 tatis.
2440 1485 2497 1542 Si
2525 1490 2669 1542 cniro
2697 1486 2765 1541 de
2794 1488 2940 1543 coelo
2975 1497 3031 1542 et
3061 1497 3205 1545 terra
3235 1530 3251 1555 ,
3284 1496 3342 1544 et
3380 1489 3443 1542 de
3466 1489 3694 1543 omnibus
3717 1504 3808 1558 qum

2268 1587 2485 1634 terrena
2504 1590 2631 1635 sunt
2653 1579 2853 1636 dicitur
2881 1597 2895 1634 :
2921 1578 3142 1636 Vanitas
3166 1581 3473 1649 vanitatum,
3501 1590 3547 1636 et
3572 1582 3724 1635 omnia
3742 1594 3809 1634 u-

2267 1673 2403 1727 nitas
2424 1670 2595 1747 (Eccl.
2629 1683 2668 1739 t,
2696 1670 2777 1744 2);
2807 1658 3225 1745 quanto'ntagis
3252 1672 3355 1729 hoc
3383 1674 3449 1730 de
3478 1688 3577 1727 uua
3610 1672 3724 1728 urbe
3746 1670 3808 1728 di-

2267 1763 2500 1821 cendum
2557 1774 2661 1830 est,
2693 1781 2815 1837 qua:
2874 1767 3044 1821 totius
3096 1766 3427 1841 orbispars
3483 1765 3678 1821 modica
3719 1764 3808 1820 est!

2206 1858 2247 1918 Β
2275 1857 2429 1914 Tunc
2452 1856 2649 1913 domus
2680 1872 2906 1928 quarum
2941 1872 3084 1913 nunc
3115 1868 3243 1914 sunt
3264 1870 3454 1913 aurata
3486 1858 3745 1930 laquearia,
3769 1865 3810 1911 et

2272 1951 2604 2024 pauperibus
2642 1951 2850 2021 absque
2877 1961 3022 2008 tecto
3043 1961 3096 2008 et
3121 1952 3340 2024 tugurio
3365 1951 3559 2023 frigore
3584 1949 3812 2007 morienti-

2271 2043 2392 2112 bus,
2428 2044 2665 2115 parietes
2710 2057 2897 2100 carum
2924 2044 3237 2101 vestiuntur
3264 2059 3588 2100 marmorum
3630 2042 3809 2107 crustis,

2271 2149 2322 2193 et
2349 2138 2481 2194 secti
2514 2137 2697 2195 eboris
2727 2137 2908 2194 nitore
2929 2138 3308 2209 resplendent,
3369 2137 3704 2195 remanebunt
3742 2150 3811 2189 vs-

2270 2247 2406 2289 cunc.
2438 2231 2656 2289 Clamor
2680 2232 2786 2289 erit
2808 2233 2861 2288 in
2890 2233 3090 2301 plateis
3126 2247 3295 2305 super
3323 2234 3473 2299 vino,
3497 2248 3597 2289 non
3624 2232 3671 2288 in
3702 2238 3813 2285 arcta

2272 2336 2327 2383 et
2353 2339 2579 2397 angusta
2612 2329 2693 2383 via
2726 2344 2847 2400 qua:
2878 2326 3028 2384 ducit
3067 2327 3135 2383 ad
3168 2329 3338 2384 vitam
3370 2347 3384 2384 :
3417 2327 3511 2384 sed
3559 2328 3610 2384 in
3656 2326 3743 2382 lata
3776 2331 3817 2380 et

2271 2423 2538 2492 spatiosa,
2563 2439 2685 2495 quas
2715 2425 2864 2479 ducit
2900 2423 2967 2479 ad
3010 2432 3241 2480 mortero
3291 2423 3508 2498 (Matth.
3531 2420 3642 2494 vn).
3683 2421 3816 2486 Super

2272 2515 2397 2570 vino
2451 2525 2508 2571 et
2556 2516 2824 2572 ebrietate
2877 2518 3082 2573 erroris
3123 2531 3350 2583 eorum,
3405 2517 3493 2587 qui
3538 2513 3817 2569 dormierunt

2272 2620 2524 2663 somnum
2548 2623 2734 2678 suum,
2759 2616 2816 2664 et
2854 2609 2986 2664 nihil
3019 2610 3355 2665 invenerunt
3386 2624 3577 2667 omnes
3603 2608 3689 2663 viri
3713 2603 3817 2661 divi-

2274 2702 2465 2758 tiarum
2489 2702 2544 2758 in
2562 2704 2807 2777 manibus
2835 2705 2948 2760 suis
2973 2702 3094 2775 (Ps.
3136 2704 3328 2777 Lxxv).
3390 2704 3719 2761 Translalutn
3755 2706 3818 2755 est

2271 2794 2469 2865 quippe
2498 2795 2549 2848 in
2581 2796 2753 2851 caelos
2773 2795 3031 2867 gaudium
3072 2805 3254 2863 teme,
3290 2808 3346 2854 et
3377 2799 3565 2854 relicta
3587 2806 3662 2853 est
3687 2797 3730 2849 in
3751 2807 3817 2848 ur-

2272 2889 2338 2944 be.
2359 2888 2632 2959 quondam
2659 2890 3020 2947 celeberrima
3074 2891 3341 2958 solitudo,
3368 2900 3425 2948 et
3462 2899 3633 2962 portas
3653 2889 3815 2944 viarum

2270 2981 2632 3053 frequentium
2663 2999 2759 3053 per
2786 2999 2921 3057 quas
2944 2985 3268 3055 populorum
3314 2983 3813 3052 inﬂuebantagmins,

2270 3079 2544 3149 opprimet
2594 3077 2960 3135 habitatorum
3006 3081 3317 3136 calamitas.
3370 3080 3434 3135 Et
3507 3087 3561 3134 ut
3604 3077 3817 3133 sciremus

2272 3170 2563 3241 perspicue
2615 3170 2684 3226 de
2715 3173 2884 3226 totius
2916 3171 3067 3227 orbis
3110 3171 3341 3228 interitu
3383 3171 3630 3237 nuntiari,
3660 3166 3815 3231 intulit.

2196 3253 2242 3316 C
2280 3262 2403 3318 Haec
2433 3272 2584 3320 erunt
2607 3264 2663 3319 in
2692 3264 2861 3319 medio
2893 3272 3043 3320 terra:
3064 3282 3083 3321 :
3110 3265 3165 3321 in
3190 3265 3370 3321 medio
3390 3265 3610 3340 gentium
3634 3263 3818 3331 sivepo-

2267 3356 2533 3430 palorum.
3396 3344 3401 3349 ’

2340 3450 2521 3523 (Vers.
2546 3452 2761 3523 1545.)
2810 3453 3081 3521 Quomodo
3124 3456 3172 3508 sl
3218 3468 3406 3526 pauere
3454 3452 3615 3515 oliva,
3644 3457 3822 3521 quare-

2266 3554 2587 3608 manserunt,
2630 3547 2958 3599 excutiantur
2985 3559 3049 3599 ex
3095 3543 3230 3613 olea,
3276 3554 3328 3599 et
3356 3544 3547 3600 racemi
3572 3558 3675 3597 eum
3701 3535 3822 3611 [sui

2268 3639 2418 3709 ﬁnita
2444 3640 2717 3695 vindemia.
2758 3640 2830 3694 Hi
2858 3642 3100 3698 levabant
3132 3659 3305 3697 vocem
3355 3660 3503 3699 suam
3558 3650 3698 3712 atque
3732 3636 3820 3692 latt-

2267 3732 2485 3797 dabunt,
2528 3749 2645 3787 cum
2671 3734 3005 3804 gloriﬁcatus
3033 3736 3192 3805 fuerit
3220 3733 3516 3802 Dominus,
3544 3732 3752 3789 hinnient
3773 3725 3823 3780 de

2268 3826 2401 3880 mari
2431 3842 2451 3881 :
2476 3834 2684 3899 prapter
2701 3825 2799 3881 ltoc
2844 3828 2898 3882 in
2923 3830 3171 3883 doctrinis
3221 3830 3520 3903 gloriﬁcate
3550 3825 3822 3883 Dominum:

2269 3918 2322 3972 in
2345 3918 2526 3973 insulis
2564 3921 2726 3975 maris
2772 3936 2958 3975 nomen
2991 3921 3200 3976 Domini
3228 3920 3333 3977 Dei
3383 3922 3568 3979 Israel.
3601 3922 3819 3986 Quantum

2266 4010 2341 4064 ab
2375 4010 2638 4067 Hebraica
2682 4015 2912 4083 veritate
2940 4015 2991 4068 in
3025 4014 3126 4070 hoc
3154 4014 3320 4089 333
3368 4017 3489 4071 loco
3529 4010 3665 4070 LXX
3699 4009 3825 4064 distet

2270 4105 2589 4173 translatio,
2650 4108 2932 4177 sequentia
2990 4108 3154 4165 verba
3207 4109 3613 4165 monstrabunt.
3655 4098 3822 4160 LXX:

2273 4195 2544 4265 Quomodo
2567 4198 2615 4252 si
2637 4199 2751 4270 quis
2771 4200 2998 4254 excutiat
3037 4198 3249 4264 olivam,
3279 4202 3360 4256 sic
3376 4201 3631 4257 excutient
3656 4211 3731 4251 eos
3756 4194 3823 4247 :tl

2269 4291 2315 4345 si
2335 4292 2566 4362 quiescat
2602 4293 2890 4360 vindemia,
2924 4295 3011 4350 istt
3042 4297 3269 4351 clamore
3298 4294 3723 4366 vociferabantur.
3747 4284 3825 4354 Qui

2270 4395 2439 4439 autem
2470 4384 2640 4441 relicti
2686 4388 2879 4457 fuerint
2904 4402 3059 4461 super
3104 4398 3316 4456 terram,
3351 4388 3665 4445 laetabuntur
3703 4375 3823 4437 siml

2272 4496 2389 4533 eum
2416 4478 2586 4550 gloria
2634 4478 2871 4545 Domini,
2922 4481 3308 4536 conturbabitur
3338 4499 3481 4555 aqua
3505 4479 3679 4544 maris,
3701 4487 3827 4548 pror
3930 4514 3931 4555 χ

2271 4582 2410 4627 terea
2454 4570 2624 4644 gloria
2696 4572 2906 4628 Domini
2945 4575 3000 4629 in
3055 4575 3242 4631 insulis
3297 4578 3401 4631 erit
3448 4576 3627 4644 maris,
3679 4580 3827 4625 nomen

2193 4644 2249 4705 Ῑ)
2275 4665 2484 4720 Domini
2512 4667 2797 4739 gloriosum
2846 4669 2965 4732 erit,
2999 4669 3205 4725 Domini
3256 4669 3356 4725 Dei
3404 4669 3593 4725 Israel.
3635 4661 3819 4720 llelictis

2270 4761 2582 4817 hominibus
2609 4764 2823 4832 paucis,
2849 4763 3066 4832 quando
3087 4765 3402 4820 maledictio
3430 4760 3699 4821 voraverit
3739 4766 3826 4811 ter-

2267 4870 2407 4922 ram,
2434 4865 2487 4909 et
2510 4856 2562 4909 in
2594 4855 2730 4911 urbe
2760 4853 2924 4910 fuerit
2953 4856 3212 4921 solitudo,
3237 4866 3291 4912 et
3315 4857 3438 4913 lure
3454 4857 3700 4913 universa
3724 4863 3828 4905 εστι·
3928 4853 3929 4922 ξ

2264 4950 2482 5020 tigerint
2508 4950 2561 5004 in
2585 4949 2970 5020 medioterr;r-,
3006 4950 3059 5005 in
3089 4952 3266 5007 medio
3295 4953 3627 5027 populorum
3654 4957 3703 5005 et
3722 4956 3825 5014 gen-

2266 5044 2426 5110 tium,
2454 5052 2598 5098 tanta
2630 5045 2735 5098 erit
2777 5054 3095 5101 sanctorum
3128 5047 3406 5115 paucitas,
3452 5047 3522 5101 de
3548 5043 3725 5116 quibus
3748 5036 3829 5091 Βο-

2272 5137 2452 5191 minus
2483 5135 2726 5207 loquitor
2754 5138 2805 5192 in
2839 5136 3140 5208 Evangelio
3170 5155 3184 5191 :
3216 5136 3377 5193 Multi
3423 5139 3613 5201 vocati,
3639 5144 3682 5191 et
3708 5125 3830 5206 ptatt‘i

2270 5230 2417 5283 electi
2436 5227 2595 5301 (Mat.
2620 5246 2710 5291 xx.
2745 5229 2835 5301 16)
2865 5245 2881 5289 :
2910 5240 2965 5285 et
2990 5241 3096 5286 tam
3124 5230 3431 5287 vehemens
3478 5241 3720 5301 pressura
3739 5224 3829 5294 jus.

2272 5332 2469 5389 torum,
2502 5331 2561 5377 ut
2588 5330 2888 5388 tententur,
2916 5324 2964 5379 si
2994 5324 3106 5379 fieri
3132 5332 3333 5394 potest,
3362 5326 3532 5381 etiam
3554 5320 3702 5378 electi
3726 5313 3826 5373 Dei:

2271 5425 2328 5472 et
2371 5417 2611 5487 paucitas
2632 5433 2821 5474 eorum
2852 5418 3037 5474 baccis
3075 5419 3347 5475 olivarum
3396 5417 3686 5484 rarissimis
3707 5424 3828 5468 τοίη·

2273 5519 2516 5591 paretur,
2549 5526 2670 5583 quae
2698 5526 2821 5566 cum
2862 5527 3108 5568 excussa:
3144 5511 3345 5569 literiut
3390 5524 3558 5591 atque
3584 5510 3825 5566 deuitasse).
3926 5558 3927 5591 ξ

2272 5603 2361 5658 vis
2390 5619 2571 5674 pauca:
2597 5614 2881 5673 remanent
2910 5606 2962 5663 in
2993 5621 3268 5678 ramorum
3311 5609 3635 5671 cacumine;
3660 5614 3705 5663 et
3724 5612 3830 5671 quos

2272 5697 2437 5751 modo
2484 5712 2608 5753 cum
2642 5698 2803 5753 fuerit
2849 5698 3000 5753 ﬁnita
3032 5698 3328 5765 vindemia,
3362 5702 3554 5757 solans
3580 5701 3831 5769 pauperat

2272 5799 2515 5862 egestate
2554 5799 2807 5861 cogente,
2854 5805 3053 5847 vacuas
3098 5774 3334 5848 circuire
3374 5793 3545 5859 vites,
3596 5798 3651 5848 et
3693 5793 3830 5858 palm

2275 5898 2500 5942 uvarum
2537 5898 2702 5961 grana
2732 5885 3011 5960 colligere.
3048 5884 3113 5961 Hi
3152 5885 3318 5963 igitur
3343 5886 3441 5963 qui
3471 5879 3833 5963 remanserinh,
