4014 6492
260 389 379 452 9-ἰὸ

793 384 1452 448 (ΞΟΜΜΕΝΤΑΒΙΟΒῈΜ
1491 384 1554 447 IN
1596 380 1826 450 ΙΒΑΙΑΜ

1963 379 2288 449 optinuit
2317 383 2451 442 LIB.
2494 385 2632 445 Vttt.
2672 384 2827 445 CAP.
2870 385 3064 450 XXIV.

3454 389 3581 447 286‘

260 519 316 564 et
361 517 489 580 post
541 505 870 568 vindemiam
916 506 1105 567 mundi
1148 516 1311 577 atque
1355 519 1706 585 pressurant.
1751 518 1866 559 ma-
1893 504 1937 575 ᾼ
1971 515 2202 573 persona
2230 502 2326 567 Dei
2354 503 2559 569 debere
2613 507 2875 579 intelligi,
2929 524 3111 581 rerum
3157 508 3405 579 ordinem
3455 524 3566 567 non

263 616 376 658 nus
444 601 727 677 quiverint
786 601 1109 677 Antichristi
1176 599 1557 672 persequentis
1599 596 1859 669 eﬂugere.

260 696 389 753 sive
452 712 626 768 pmntc
684 693 1022 753 imminentis
1075 693 1302 755 ardores
1332 735 1348 761 ,
1400 692 1659 755 levabunt
1701 704 1866 753 voces

258 804 397 845 suas
454 790 508 847 in
565 789 852 863 sublime,
911 789 1190 860 Deumque
1249 786 1568 847 laudabunt.
1633 783 1868 856 Quando

258 881 480 943 venerit
506 882 770 941 Dominus
825 883 878 941 in
922 882 1102 953 gloria
1146 881 1322 943 Patris
1364 882 1472 951 sui,
1513 896 1635 941 cum
1684 879 1869 950 Ange-

259 974 332 1031 lis
362 975 591 1041 sanctis,
620 984 677 1035 et
707 992 832 1033 eum
861 974 968 1050 [AL
1016 975 1185 1050 cum]'
1205 975 1444 1034 viderint
1484 975 1537 1033 in
1578 974 1867 1046 majestate

259 1079 612 1143 regnantem,
664 1078 799 1128 tunc
836 1070 1084 1128 binnient
1131 1071 1187 1127 in
1237 1085 1506 1142 equorum
1553 1067 1866 1126 similitudi-

263 1181 424 1229 nem,
449 1165 658 1221 lautitia:
684 1166 1057 1228 magnitudine
1082 1166 1396 1237 gestientes,
1426 1177 1480 1222 et
1515 1163 1769 1221 Itinnient
1797 1161 1868 1221 de

260 1260 405 1315 mari
434 1258 596 1329 ltujus
624 1242 829 1315 saeculi.
856 1258 1149 1328 Propterea
1179 1259 1268 1330 qui
1298 1272 1444 1314 nunc
1484 1259 1536 1314 in
1567 1255 1865 1329 Scripturiq

260 1354 475 1410 sanctis
501 1351 697 1411 eruditi
722 1354 877 1422 estis,
910 1361 968 1409 et
1004 1353 1155 1410 scitis
1182 1352 1334 1409 vobis
1361 1361 1570 1407 tantum
1605 1349 1862 1422 gaudium

263 1455 530 1518 tantaque
555 1446 772 1517 praemia
818 1447 1111 1514 reservari,
1156 1447 1211 1502 in
1254 1445 1519 1503 doctrinis
1563 1444 1866 1516 gloriﬁcate

261 1541 586 1607 Dominum,
613 1541 902 1599 audientes
943 1540 1076 1598 illud
1121 1538 1266 1612 quod
1294 1539 1553 1610 scriptum
1596 1545 1681 1595 est
1712 1554 1726 1593 :
1760 1535 1863 1605 Qui

208 1674 223 1684 .
256 1632 543 1707 gloriatur,
571 1633 625 1687 in
656 1631 882 1688 Domino
906 1632 1158 1707 glorietur
1204 1632 1266 1705 (ll
1313 1632 1436 1689 Cor.
1486 1647 1544 1698 ι,
1594 1628 1705 1702 17).
1751 1630 1862 1689 Ne-

256 1738 539 1797 quaquam
570 1724 625 1780 in
653 1731 798 1781 terra
827 1722 1053 1789 Judaeae,
1098 1721 1196 1780 sed
1223 1721 1277 1781 in
1308 1722 1525 1789 insulis,
1577 1720 1630 1778 id
1672 1730 1779 1787 est,
1810 1720 1862 1789 in

259 1817 527 1873 Eeclesiis
555 1817 719 1887 hujus
750 1816 918 1872 maris
943 1824 999 1873 et
1026 1815 1235 1883 seaculi,
1269 1818 1323 1873 in
1346 1815 1544 1887 quibus
1580 1815 1863 1887 benedici-

1966 606 2283 667 sequentes.
2313 598 2591 670 Mirm-que
2610 618 2719 673 quo
2750 617 2913 661 sensu
2958 617 3058 673 pro
3081 604 3324 675 psalmis,
3356 612 3412 660 et
3450 603 3568 659 lau-

1968 690 2149 759 dibus,
2193 692 2337 762 quod
2379 692 2432 749 in
2469 692 2744 754 Hebraico
2788 696 3030 767 legiturb
3061 710 3314 754 uuao‘rn
3353 695 3563 769 (πυτ),

1965 782 2111 847 LXX
2158 794 2395 854 portenta
2448 786 2787 859 interpretati
2834 798 2978 857 sont,
3013 789 3117 847 nisi
3164 788 3309 845 forte
3349 792 3563 860 signum

1966 888 2049 937 est
2079 888 2243 950 atque
2267 889 2601 952 portentum,
2633 890 2693 938 ut
2718 883 2943 942 excluso
2971 884 3178 956 populo
3219 883 3562 950 Iudaeorum,

1966 972 2241 1037 incredula
2272 973 2423 1045 prius
2452 977 2693 1045 gentium
2718 978 2875 1035 turba
2905 979 3167 1035 salvetur.

2038 1065 2220 1139 (Vers.
2256 1068 2344 1135 Π,
2386 1067 2499 1139 18.)
2537 1068 2948 1129 Prtevaricantes
2975 1072 3308 1142 pravaricati
3345 1080 3487 1138 sunt,-
3515 1078 3565 1129 et

1967 1162 2388 1232 pm'varicatione
2415 1171 2856 1235 transgressorum
2889 1163 3211 1234 prmaricati
3251 1172 3388 1221 sunt.
3420 1160 3563 1218 For-

1965 1255 2106 1317 mido
2133 1266 2183 1317 et
2211 1257 2360 1326 fouea
2397 1266 2447 1319 et
2472 1255 2688 1327 laqueus
2717 1274 2874 1329 super
2901 1268 2979 1320 te,
3008 1258 3170 1332 335
3192 1259 3281 1327 qui
3307 1256 3566 1313 habitator

1966 1361 2019 1407 ea
2056 1357 2240 1415 terrae;
2265 1356 2314 1405 et
2342 1348 2463 1421 erit,
2484 1349 2571 1419 qui
2602 1350 2792 1423 fugerit
2811 1366 2844 1404 a
2871 1366 2993 1409 uoce
3021 1350 3318 1421 formidinis
3339 1349 3488 1405 cadet
3509 1351 3563 1407 in

1967 1445 2187 1519 foueam,
2217 1451 2269 1499 et
2294 1444 2388 1513 qui
2428 1460 2483 1501 se
2516 1444 2825 1517 explicuerit
2849 1445 2913 1501 de
2935 1446 3102 1515 fouea,
3132 1444 3388 1501 tenebitur
3416 1462 3448 1497 a
3479 1443 3573 1498 ια.

1965 1554 2115 1611 queo.
2158 1538 2303 1597 LXX
2335 1557 2347 1594 :
2385 1539 2476 1596 Va:
2518 1540 3003 1613 prmaricatoribus
3033 1542 3121 1610 qui
3149 1543 3565 1613 prmaricantur

1968 1631 2150 1702 legent.
2183 1630 2358 1689 Timor
2386 1643 2435 1691 et
2465 1634 2612 1702 [occa
2640 1643 2685 1689 et
2707 1634 2923 1704 laqueus
2952 1651 3110 1706 super
3133 1650 3224 1689 vos
3250 1634 3341 1703 qui
3360 1632 3567 1689 habita-

1968 1734 2032 1788 tis
2063 1742 2273 1787 terram.
2306 1731 2376 1788 Et
2401 1734 2521 1798 erit,
2565 1734 2658 1805 qui
2695 1734 2883 1805 fugerit
2911 1735 3171 1796 timorem.
3206 1733 3354 1789 cadet
3390 1733 3445 1787 in
3486 1734 3568 1803 fo-

1966 1841 2130 1892 veant,
2153 1836 2199 1881 et
2219 1827 2309 1898 qui
2326 1826 2510 1882 exierit
2545 1827 2612 1880 de
2633 1827 2800 1895 fovea.
2825 1827 3063 1897 capietur
3085 1827 3291 1897 laqueo.
3332 1825 3460 1881 Haec
3479 1831 3569 1880 est

262 1917 356 1965 tur
398 1919 561 1981 atque
587 1909 839 1967 laudatur
864 1923 1064 1979 nomen
1092 1908 1305 1967 Domini
1338 1908 1436 1966 Dei
1467 1907 1742 1980 quondam
1789 1906 1867 1966 ls-
1892 1901 1942 1971 Β
1970 1934 2131 1975 causa
2155 1918 2334 1974 luctus
2363 1929 2417 1974 et
2443 1920 2679 1991 gemitus
2720 1921 2851 1985 mei,
2884 1929 3104 1991 propter
3133 1935 3295 1989 quam
3325 1917 3567 1979 secundo

258 2003 407 2070 rae],
436 2003 572 2070 sive,
600 2002 825 2061 hominis
846 2002 1070 2060 videntis
1087 2001 1276 2061 Deum.
1302 2000 1463 2061 Juxta
1489 2000 1657 2065 LXX,
1682 2004 1863 2061 omnia

256 2112 391 2167 quae
422 2097 491 2154 de
522 2097 733 2155 sanctis
759 2098 1163 2164 intelleximus,
1194 2096 1385 2155 referri
1419 2105 1643 2166 possunt
1672 2094 1741 2155 ad
1764 2095 1866 2155 im-

256 2189 410 2258 pios,
440 2190 587 2261 quod
613 2202 738 2249 eum
769 2188 931 2247 fuerit
959 2188 1106 2249 [inita
1141 2187 1449 2254 vindemia,
1480 2198 1606 2247 tunc
1637 2185 1717 2247 illi
1743 2188 1863 2247 cla-

258 2292 421 2339 ment
435 2281 488 2341 in
503 2283 790 2355 suppliciis
809 2282 1230 2353 constituti.Qui
1258 2293 1438 2341 autem
1458 2282 1738 2343 evaserint
1763 2282 1865 2337 im-

258 2375 483 2448 piorum
522 2393 807 2447 numerum
832 2378 1085 2437 ltetentur
1109 2379 1160 2434 in
1191 2378 1365 2450 gloria
1385 2377 1623 2444 Domini,
1654 2387 1710 2435 et
1730 2392 1864 2434 con-

261 2472 556 2541 turbentur
592 2488 751 2544 aquae
781 2473 1105 2544 populorum
1141 2473 1298 2545 hujus
1326 2471 1436 2546 [Αι.
1469 2471 1612 2546 ejus]
1651 2472 1859 2530 saeculi.

333 2565 502 2640 ³34
527 2566 710 2641 (Vera.
737 2566 853 2637 i6.)
880 2566 919 2623 Δ
943 2566 1138 2638 ﬁnibus
1165 2576 1317 2622 terra
1339 2566 1519 2623 laudes
1540 2565 1860 2633 audivimus,

253 2660 485 2734 gloriam
503 2660 670 2727 Iusti,
694 2669 743 2715 et
764 2660 912 2716 dimi:
937 2659 1209 2715 Secretum
1237 2675 1406 2714 meum
1426 2657 1579 2727 mihi,
1610 2668 1863 2719 secretum

259 2770 435 2810 meum
480 2754 608 2809 mihi
630 2770 651 2809 :
681 2753 711 2806 l‘
741 2771 817 2825 me
857 2755 1003 2811 mihi.
1036 2753 1182 2812 LXX
1213 2773 1227 2809 :
1258 2755 1332 2810 Ab
1378 2754 1497 2811 aliis
1546 2763 1702 2810 terra
1738 2770 1865 2826 por-
1910 2778 1933 2785 ί

256 2906 408 2987 tenta
448 2897 741 2985 audivimus
770 2917 788 2954 :
818 2914 937 2989 spes
970 2900 1140 2975 justo,
1172 2908 1218 2952 et
1258 2897 1430 2953 dicent

256 3051 449 3106 (crium
466 3068 629 3107 meum
648 3051 775 3105 mihi
876 3050 990 3106 lloe
1014 3049 1159 3122 quod
1174 3049 1369 3105 dicitur
1384 3050 1680 3119 mysterium
1692 3066 1862 3105 meum

254 3145 422 3213 mihi,
474 3145 527 3199 in
578 3140 723 3200 LXX
764 3160 873 3199 non
914 3130 1181 3209 'habetur,
1233 3143 1328 3198 sed
1372 3142 1439 3198 de
1467 3138 1863 3199 Theodotiouis

257 3242 625 3297 translatione
673 3240 727 3296 in
767 3239 960 3298 Grmco
989 3239 1229 3295 additum
1259 3248 1363 3294 est.
1395 3236 1633 3293 Rursum
1664 3252 1764 3308 pro
1795 3251 1863 3292 eo

254 3334 408 3405 quod
428 3335 510 3392 illi
540 3344 838 3406 posuerunt
870 3351 966 3399 om,
997 3343 1057 3390 ut
1082 3334 1333 3406 sequenti
1364 3331 1637 3388 versiculo
1667 3331 1863 3401 junge-

254 3402 440 3497 rctur,
471 3426 524 3485 in
541 3402 824 3485 ilebraico
846 3412 1117 3483 dicitur'm
1141 3402 1191 3482 ut
1215 3402 1287 3499 (νδ)
1312 3430 1447 3497 ius),
1472 3424 1615 3494 quod
1642 3422 1864 3494 proprie

251 3504 448 3588 sonat,
477 3538 553 3577 me
573 3521 721 3577 mihi.
752 3520 860 3577 Pro
887 3508 1084 3576 liuibus
1106 3534 1323 3592 quoque
1342 3518 1487 3590 quod
1516 3532 1615 3574 nos
1643 3526 1863 3589 propter

252 3615 709 3685 caplnnationem
755 3627 951 3669 sensus
996 3613 1238 3682 apertius
1281 3611 1599 3683 poeuimus,
1650 3600 1706 3664 in
1758 3607 1862 3664 He-

254 3710 449 3765 braico
497 3708 725 3764 habetur
750 3708 1105 3789 necessarius
1136 3705 1355 3789 (FPM),
1383 3703 1527 3776 quod
1559 3704 1719 3766 alam,
1752 3716 1861 3757 non

253 3804 441 3873 ﬁnem,
475 3812 654 3858 sonat.
681 3800 746 3856 lli
779 3815 932 3873 ergo,
978 3799 1046 3856 de
1083 3790 1284 3870 quibus
1312 3813 1474 3869 supra
1507 3798 1707 3853 dictum
1733 3803 1859 3852 est:

251 3880 723 3951 Latebant-uocent
753 3876 898 3948 suain
924 3876 1079 3964 utque
1124 3890 1429 3956 laudabunt,
1474 3905 1597 3944 cum
1644 3888 1861 3944 hinnie-

247 3988 369 4044 rint
416 3987 486 4043 de
514 3972 687 4052 mari,
729 3995 784 4042 et
825 3984 881 4040 in
904 3973 1168 4041 doctrinis
1204 3983 1627 4056 gloriﬁcaverint
1669 3980 1856 4036 Domi-

250 4097 415 4146 num,
463 4089 521 4135 et
567 4078 804 4136 viderint
851 4079 906 4134 in
951 4062 1145 4134 insulis
1186 4078 1353 4133 maris
1397 4075 1607 4132 laudari
1658 4088 1856 4129 nomen

255 4176 481 4233 Domini
515 4175 611 4231 Dei
632 4175 823 4242 Israel,
865 4184 991 4229 tunc
1018 4188 1258 4230 consona
1289 4186 1423 4228 voce
1449 4168 1769 4233 cantabunt,
1802 4176 1859 4223 et

247 4267 442 4323 dicent
479 4283 493 4320 :
528 4265 602 4321 Ab
643 4266 764 4321 aliis
814 4275 985 4331 terror,
1035 4264 1140 4321 hoc
1185 4274 1290 4330 cst,
1323 4279 1350 4317 a
1391 4262 1672 4334 prophetis
1721 4269 1777 4317 et
1824 4276 1858 4318 a

249 4359 470 4416 stnctis
521 4357 765 4426 Domini,
813 4358 907 4430 qui
952 4357 1253 4427 assumptis
1302 4357 1405 4411 alis
1454 4355 1743 4421 columbte,
1784 4353 1856 4411 ad

247 4452 524 4509 caelorum
570 4467 735 4525 regna
789 4451 1081 4518 festinant,
1129 4449 1323 4507 laudes
1372 4449 1495 4520 ejus
1540 4448 1855 4504 audivimus

248 4530 586 4622 praedicari:
627 4560 682 4605 et
727 4547 874 4627 quod
921 4547 1097 4620 gloria
1142 4548 1229 4604 vel
1270 4534 1396 4616 spes
1436 4545 1576 4602 Justi
1634 4560 1744 4600 non
1783 4544 1855 4600 sit

243 4630 431 4741 irrita,
469 4646 566 4703 sed
632 4646 803 4737 rebus
849 4646 1029 4723 omnia
1076 4645 1478 4719 compleantur.
1537 4642 1852 4700 Dicentibus

244 4726 440 4814 itaque
455 4743 569 4798 haec
598 4726 823 4821 sanctis,
845 4751 901 4798 et
921 4734 1302 4819 hinnientibus
1323 4739 1390 4796 de
1408 4739 1567 4807 mari,
1587 4750 1643 4795 et
1671 4740 1855 4794 levan-

246 4838 400 4895 tihus
430 4828 623 4901 vocem
649 4852 803 4893 suam
855 4848 1018 4909 atque
1048 4836 1420 4904 laudantibus,
1450 4833 1727 4905 Propheta
1773 4834 1853 4911 si:

241 4910 532 4999 bim‘etipsi
575 4928 818 5001 loquitur
844 4946 858 4983 :
885 4916 1049 5009 cum,
1079 4926 1277 5001 inquit.
1308 4927 1428 4984 haec
1454 4925 1755 4994 audissem,
1797 4910 1853 4981 et

242 5024 303 5081 in
363 5012 782 5082 subversionem
862 5024 1013 5081 orbis
1042 5012 1376 5107 'vatieiqium
1447 5022 1850 5107 Prophetarum

238 5117 579 5215 explendum
605 5133 728 5175 esse
754 5106 1153 5215 pet-Spicerem,
1180 5088 1390 5174 iodutus
1421 5100 1559 5173 sum
1593 5114 1729 5172 mibi
1762 5088 1853 5171 in:

242 5202 408 5267 terno
459 5209 641 5266 cordis
672 5196 867 5267 aﬂectu
901 5198 1066 5289 :‘No‘n
1120 5196 1345 5287 possunt
1373 5221 1572 5289 cuncta
1619 5224 1849 5266 narrare

237 5302 369 5376 quae
449 5318 643 5375 cerno.
712 5303 896 5359 [iteret
945 5284 1143 5376 lingua-
1188 5284 1439 5359 faucibus
1506 5308 1673 5369 meis,
1741 5318 1844 5367 vox

236 5396 443 5454 dolore
493 5394 860 5481 concluditur.
913 5392 1009 5452 νω
1032 5390 1223 5464 “mihi,
1255 5390 1493 5468 quantus
1544 5396 1681 5452 ordo
1733 5384 1850 5481 pte;

237 5507 440 5548 narum
473 5474 601 5547 ante
625 5491 813 5548 oculos
838 5505 1088 5549 versatur
1112 5493 1302 5550 meos!
1347 5507 1515 5548 cerno
1555 5474 1848 5563 praesentia

235 5600 366 5657 quae
396 5568 748 5641 futura'sunt.
784 5582 981 5642 Errant
1025 5570 1208 5642 autem
1250 5586 1345 5677 qui
1401 5583 1505 5642 hoc
1556 5595 1744 5656 putant
1780 5600 1844 5641 ex

320 5730 346 5758 ι
376 5720 433 5776 ln
460 5717 634 5775 Vatic.
664 5728 714 5792 et
742 5717 917 5775 dicent
944 5736 964 5775 :
991 5719 1078 5776 Vae
1105 5720 1587 5792 prwuaricatoribus
1614 5729 1670 5774 et
1712 5718 1843 5775 reli-

235 5808 383 5941 ‘ttia
399 5791 740 5949 utaris;
769 5792 1624 5990 iratissimum

236 5866 496 5991 nronglus
522 5933 797 5991 videatur.
824 5867 929 5991 αξξ
947 5942 1034 5991 est
1073 5868 1187 5991 buot‘i
1210 5957 1324 5991 τοις
1359 5960 1393 5991 α
1426 5958 1624 5991 ετουσιν

522 5922 797 6003 “deditur:
936 5922 1324 5998 ’ὲέίνῗύαΐτθοῗς
1359 5922 1664 6015 ᾇβετοῦᾳςιη
1692 5922 1847 5993 ille?

1965 2014 2103 2079 dixi,
2148 2021 2422 2071 secretum
2469 2029 2651 2068 meum
2681 2013 2835 2079 mihi,
2866 2022 3138 2069 secretum
3176 2027 3355 2069 meum
3385 2010 3515 2066 mihi
3548 2027 3563 2065 :

1967 2108 2091 2179 quia
2119 2122 2313 2163 omnes
2355 2106 2695 2178 prtevaricati
2745 2117 2869 2163 sunt
2910 2107 3086 2177 legem
3116 2105 3237 2169 Dei,
3269 2114 3321 2159 et
3352 2117 3563 2173 nequa-

1964 2216 2123 2272 quam
2155 2198 2371 2259 Domini
2401 2214 2560 2269 pmna
2591 2197 2863 2266 dill‘ertur,
2889 2213 2991 2253 nec
3013 2197 3191 2252 futura
3219 2194 3560 2263 praedicitur,

1963 2293 2059 2350 sed
2116 2294 2389 2357 imminet,
2444 2301 2501 2348 et
2557 2291 2897 2348 habitatores
2944 2300 3103 2346 terrai
3153 2300 3341 2358 captos
3392 2297 3563 2346 tenet.

1963 2386 2210 2460 Cumque
2254 2402 2315 2444 se
2368 2387 2683 2457 putaverint
2729 2384 2956 2456 fugisse,
3002 2399 3070 2439 ex
3099 2382 3208 2438 alio
3240 2380 3478 2438 incident
3508 2379 3563 2436 in

1963 2482 2134 2546 aliud,
2183 2490 2239 2538 et
2288 2495 2635 2552 quocumque
2686 2495 2749 2536 se
2797 2478 3097 2542 verterint,
3157 2476 3565 2549 impendentem

1962 2578 2097 2634 iram
2132 2577 2343 2633 Domini
2374 2592 2483 2631 non
2513 2574 2769 2632 evadent.

2037 2691 2217 2763 (Vers.
2243 2691 2332 2759 19,
2355 2688 2474 2760 20.)
2519 2689 2655 2755 Quia
2696 2698 2978 2743 cataracta:
3016 2687 3080 2742 de
3120 2684 3335 2741 excelsis
3372 2694 3567 2755 aperta:

1962 2795 2104 2850 sunt,
2144 2794 2191 2839 et
2231 2782 2593 2837 concutientur
2634 2780 2971 2852 fundamenta
3009 2787 3177 2833 ιιι-τω.
3202 2776 3569 2846 Confractioue

1963 2875 2317 2948 confringetur
2336 2882 2497 2938 terra,
2522 2872 2831 2927 contritione
2850 2878 3141 2925 conteretur
3157 2852 3325 2935 terra,
3340 2881 3570 2922 commo-

1962 2971 2101 3025 tione
2136 2967 2530 3024 commovebitur
2571 2976 2726 3020 terra.
2769 2964 3065 3037 Agitatione
3103 2963 3385 3034 agitabitur
3425 2972 3567 3015 terra

1961 3064 2093 3119 sicut
2115 3062 2307 3128 ebrius,
2331 3072 2377 3116 et
2401 3060 2672 3130 auferetur
2690 3060 2835 3129 quasi
2861 3054 3249 3112 tabernaculum
3270 3056 3423 3109 unius
3445 3070 3570 3109 noc-

1963 3157 2048 3221 tis,
2075 3164 2122 3210 et
2142 3154 2373 3229 gravabit
2394 3169 2508 3207 eam
2530 3152 2778 3224 iniquitas
2802 3167 2917 3217 sua,
2945 3160 2992 3204 et
3019 3159 3248 3211 corruet,
3272 3158 3319 3202 et
3343 3164 3447 3201 non
3468 3145 3565 3201 atl-

1958 3249 2105 3320 jiciet
2141 3247 2250 3322 [ΑΙ.
2274 3243 2570 3319 adﬁcietur}
2611 3255 2668 3299 ut
2707 3252 2965 3314 resurgat.
2993 3242 3294 3317 PrOplerea
3326 3237 3570 3294 formidi-

1912 3338 1935 3363 ‘
1970 3358 2116 3408 nent,
2147 3348 2203 3396 et
2242 3336 2492 3411 laqueum
2537 3340 2830 3393 et'foveam
2873 3336 3086 3391 Domini
3126 3335 3306 3389 nullus
3349 3333 3565 3401 evadet,

1966 3436 2090 3509 quia
2120 3444 2407 3492 cataracta:
2437 3434 2504 3491 de
2525 3434 2782 3498 excelsis,
2818 3433 2936 3487 sive
2965 3443 3021 3485 ιιι
3052 3430 3197 3486 LXX
3222 3428 3568 3485 manifestius

1968 3530 2383 3594 transtulerunt,
2415 3532 2655 3602 fenestris
2682 3526 2796 3582 caeli
2837 3534 3032 3596 aperta:
3051 3536 3191 3587 sunt,
3228 3533 3288 3580 ut
3313 3524 3565 3595 despice-

1966 3631 2050 3676 ret
2074 3614 2338 3676 Dominus
2360 3619 2637 3675 hominum
2672 3619 2922 3673 universa
2958 3629 3205 3688 peccata,
3235 3631 3355 3685 quin
3389 3617 3560 3688 prius,

1963 3714 2093 3784 quia
2119 3728 2224 3767 non
2252 3713 2537 3783 puniebat,
2567 3710 2858 3766 videbatur
2886 3711 3265 3780 peccatoribus
3291 3709 3563 3781 ignorare.

1961 3806 2255 3877 Postquam
2282 3816 2461 3861 autem
2495 3790 2711 3876 apertis
2734 3805 2988 3860 fenestris
3008 3804 3143 3859 vidit
3171 3815 3366 3857 cuncta
3397 3816 3563 3868 opera

1964 3899 2297 3964 mortalium,
2333 3913 2601 3955 concussa
2649 3906 2776 3952 sunt
2803 3896 3151 3952 fundamenta
3185 3904 3366 3959 terrm,
3408 3894 3563 3965 juxta

1962 3990 2095 4046 illud
2127 3991 2271 4064 quod
2307 3992 2360 4048 in
2408 3992 2515 4045 alio
2545 3993 2665 4047 loco
2697 3991 2763 4047 de
2793 3990 2885 4044 Dei
2916 3989 3111 4044 intuitu
3145 3990 3408 4057 scriptum
3444 3996 3562 4043 est:

1964 4089 2067 4158 Qui
2087 4086 2293 4161 respicit
2314 4096 2523 4152 terram,
2539 4098 2587 4141 et
2606 4086 2761 4156 faciet
2782 4100 2897 4139 eam
2919 4094 3134 4139 tremere
3154 4081 3272 4157 (Ps.
3288 4097 3404 4148 cut,
3421 4080 3519 4153 59.)
3542 4096 3558 4148 ;

1961 4192 2087 4239 tunc
2128 4180 2501 4252 confringatur
2536 4188 2591 4234 et
2636 4188 2979 4248 conteretur,
3027 4190 3079 4235 et
3123 4178 3561 4233 commovebitur

1961 4289 2121 4349 atque
2168 4258 2651 4349 agitabituruterra
2684 4273 2736 4329 in
2766 4273 3186 4330 similitudinem
3225 4270 3365 4327 ebrii
3399 4290 3413 4325 :
3445 4286 3555 4326 non

1958 4372 2100 4439 quod
2128 4373 2244 4455 ipsa
2278 4379 2421 4424 terra
2454 4366 2735 4439 redigatur
2766 4367 2816 4422 in
2854 4367 3162 4435 pulverem,
3199 4374 3254 4441 et
3286 4364 3338 4418 in
3368 4362 3558 4455 nihilii

1958 4467 2053 4522 sed
2082 4448 2225 4538 quod
2256 4465 2504 4517 universa
2536 4471 2751 4517 terrena
2784 4466 3184 4530 pertranseant,
3217 4465 3276 4513 et
3302 4448 3563 4529 succedat

1957 4540 2061 4615 alia
2110 4538 2476 4613 conversatio.
2535 4554 2599 4609 Et
2643 4553 2923 4627 quomodo
2969 4553 3153 4607 ebrius
3197 4552 3368 4607 nescit
3422 4549 3554 4622 quid

1958 4658 2102 4723 agat,
2156 4647 2250 4704 sed
2302 4646 2726 4703 hebescentibus
2777 4644 3048 4700 ebrietate
3076 4644 3282 4713 nervis,
3317 4657 3418 4698 nec
3462 4655 3557 4713 pes

1959 4758 2060 4801 nec
2099 4757 2255 4799 mens
2282 4751 2386 4796 stat
2415 4740 2469 4795 in
2492 4755 2592 4794 suo
2616 4738 2799 4793 ofﬁcio
2824 4755 2837 4792 :
2868 4739 2945 4794 sic
2972 4739 3151 4793 omnis
3173 4748 3339 4805 terra,
3375 4738 3427 4792 id
3452 4722 3559 4806 est,

1956 4824 2149 4894 omnes
2199 4819 2449 4889 itomines
2492 4833 2581 4904 qui
2632 4839 2923 4887 versantur
2967 4830 3021 4885 in
3071 4838 3239 4897 terra,
3286 4824 3559 4886 malorum

1958 4928 2335 5003 magnitudine
2375 4935 2537 4997 atque
2579 4939 2864 4996 pinnarum
2898 4924 3033 4979 ebrii
3063 4933 3244 4989 erunt,
3282 4932 3335 4979 et
3374 4935 3559 4995 stupe-

1954 5002 2091 5080 bunt
2126 5002 2193 5077 ad
2242 5030 2433 5091 cuncta
2472 5034 2593 5091 quae
2640 5028 2889 5074 cernent.
2928 5019 2993 5072 lit
3021 5019 3158 5073 sicut
3190 5020 3348 5073 unius
3380 5018 3557 5089 noctis

1954 5098 2363 5171 tabernaculum
2395 5090 2559 5182 atque
2606 5109 2899 5165 tentorium
2949 5110 3281 5166 transfertur
3325 5110 3393 5165 de
3436 5110 3557 5165 loco

1954 5210 2019 5264 ad
2052 5210 2253 5273 locum,
2283 5214 2338 5260 et
2366 5205 2518 5260 locus
2548 5204 2764 5259 teutorii
2794 5202 3008 5275 pristini
3038 5218 3077 5258 a-
3094 5206 3307 5259 viatore
3336 5204 3549 5259 deseris

1952 5312 2060 5366 tur,
2115 5303 2190 5356 ita
2233 5310 2293 5356 ut
2325 5298 2536 5353 nullum
2584 5297 2871 5367 vestigium
2926 5310 3208 5355 remaneat
3263 5298 3556 5367 praeteritae

1952 5395 2251 5452 mansionis
2283 5413 2295 5448 :
2327 5394 2405 5449 sic
2427 5392 2679 5473 transibit
2723 5391 2890 5463 figura
2921 5392 3082 5462 hujus
3123 5391 3332 5454 mundi,
3361 5403 3415 5448 et
3443 5393 3552 5449 erit

1953 5498 2099 5545 terra
2135 5487 2352 5559 deserta
2400 5485 2565 5558 336
2589 5498 2709 5555 quae
2754 5495 2979 5556 gravata
3010 5495 3092 5541 est
3126 5485 3409 5555 iniquitate
3430 5500 3555 5553 sua,

1952 5578 2107 5652 cujus
2135 5580 2344 5653 pondus
2370 5568 2828 5651 et‘g‘ravissitnum
2862 5594 2999 5633 onus
3030 5579 3084 5632 in
3115 5577 3383 5649 Zacltaria
3412 5574 3557 5633 scri-'

1955 5733 2076 5773 rtun
2101 5714 2496 5773 Theodotionis
2531 5714 2902 5778 translationi,
2932 5729 2963 5770 e
2992 5730 3095 5786 qua
3136 5728 3414 5787 sumptum
3448 5728 3552 5784 est,

1951 5799 2241 5879 consonat.
2267 5788 2494 5873 Leviora
2523 5786 2769 5865 quantum
2808 5799 2975 5863 supra.
2999 5800 3162 5865 atque
3208 5786 3349 5857 infra
3387 5792 3553 5861 casti-

1630 5800 1838 5859 1.0.0.9le

1630 5807 1683 5856 tu
1731 5807 1838 5859 tur,
1951 5807 2238 5857 consonat.

1625 5807 1848 5935 sd'ileu’.
1949 5852 2241 5935 suntid-7

2010 5928 2051 5970 ’δ
2083 5926 2285 6003 Vatia,
2313 5944 2599 6007 att-tuom.
