4014 6452
460 329 568 388 287

1719 331 1778 388 S.
1820 329 2093 390 EUSEBII
2130 329 2513 390 IIIERONYMI

3651 336 3757 394 288

461 448 640 506 bitur:
668 447 799 520 Quae
817 450 1023 506 sedebat
1043 466 1200 524 super
1219 452 1468 507 talentum
1491 450 1687 521 plumbi
1705 449 2059 524 (Zac.v,'52).
2091 448 2223 514 Ain
2272 450 2500 508 Daniele
2557 451 2821 523 scriptum
2864 460 2987 508 est:
3035 449 3182 508 Exiit
3209 451 3264 506 in
3309 467 3583 506 occursum
3631 452 3759 507 mihi

465 542 534 599 Et
565 553 812 611 corruet,
849 545 1048 616 inquit,
1089 555 1144 602 et
1171 560 1276 600 non
1300 545 1526 614 adjiciet
1549 556 1607 602 ut
1634 555 1902 616 resurgat.
1947 544 2063 602 Non

465 637 611 708 quod
639 637 972 693 resurrectio
1014 649 1242 710 negetur
1281 638 1586 707 hominum,
1627 651 1682 695 et
1709 641 1949 695 omnium
1974 639 2064 710 qtti

462 729 825 785 versabantur
848 729 901 784 in
927 739 1095 794 terra,
1113 730 1208 786 sed
1225 746 1561 803 nequaquam
1585 732 1691 788 erit
1704 742 1922 788 terrena
1935 747 2066 787 eon-

465 821 797 886 versatio,et
819 823 1062 893 pristinae
1083 825 1208 880 vitae
1239 835 1435 892 statos,
1465 841 1586 881 cum
1609 825 1677 882 ad
1707 826 1810 882 hoc
1829 826 2062 881 humana

461 927 753 986 resurgant
779 932 1035 988 corpora,
1080 928 1140 974 ut
1167 920 1366 976 animm
1388 920 1614 987 eisdem,
1643 937 1766 992 quae
1797 923 1950 992 prius
1973 922 2066 978 de-

463 1021 784 1083 posui-rant,
831 1014 1159 1084 corporibus
1216 1015 1554 1088 vestiantur,
1601 1026 1657 1071 et
1712 1016 1982 1086 recipiant
2034 1030 2064 1070 a

469 1103 580 1159 Deo
603 1104 724 1160 sive
750 1105 920 1173 bona,
937 1107 1052 1161 sive
1076 1107 1242 1172 mala,
1266 1123 1384 1176 qua:
1406 1117 1638 1179 egerunt
1661 1119 2063 1178 superterram.

540 1195 720 1268 (Vers.
747 1197 812 1254 2|
842 1199 1022 1270 seqq.)
1058 1198 1125 1254 Et
1148 1201 1243 1254 erit
1271 1202 1324 1255 in
1357 1202 1442 1256 die
1467 1203 1595 1267 illa,
1629 1204 1852 1258 visitabit
1877 1201 2065 1258 Domi-

467 1307 565 1345 nus
584 1308 741 1361 super
761 1291 999 1348 militiam
1022 1295 1133 1349 caeli
1160 1295 1216 1349 in
1245 1298 1464 1360 excelso,
1495 1308 1546 1353 et
1571 1314 1726 1368 super
1743 1315 1888 1370 reges
1917 1310 2069 1355 terra:

468 1384 558 1455 qui
577 1394 696 1438 sunt
722 1401 882 1456 super
903 1395 1112 1440 terram.
1147 1385 1214 1440 Et
1242 1392 1695 1461 congregabantur
1715 1391 1767 1444 in
1789 1408 2071 1464 congrega-

475 1474 668 1530 tionem
681 1477 835 1531 unius
852 1478 1009 1548 fascis
1022 1479 1076 1532 in
1089 1478 1283 1546 lacum,
1301 1490 1350 1534 et
1363 1481 1672 1537 claudentur
1684 1483 1756 1537 ibi
1769 1484 1822 1536 in
1838 1499 2066 1550 carcere,

472 1578 521 1623 et
552 1580 666 1636 post
695 1570 886 1626 multos
923 1571 1034 1627 dies
1073 1573 1434 1630 uisitabantur.
1460 1575 1529 1630 Et
1570 1577 1828 1636 erubescet
1852 1577 2000 1647 luna,
2023 1587 2070 1634 et

470 1662 820 1732 confundetur
849 1662 950 1729 sol,
987 1681 1106 1718 cum
1151 1668 1440 1736 regnaverit
1471 1667 1724 1723 Dominus
1755 1671 2071 1725 exercituum

471 1757 527 1812 in
556 1768 730 1812 monte
762 1757 890 1815 Sion
918 1769 967 1813 et
991 1761 1046 1814 in
1070 1758 1382 1826 Jerusalem,
1413 1772 1460 1816 et
1491 1763 1546 1817 in
1585 1774 1858 1835 conspectu
1887 1782 2068 1819 senum

2165 546 2406 618 princeps
2427 548 2576 618 regni
2604 545 2906 616 Persarum,
2937 555 2984 600 et
3014 548 3254 619 princeps
3289 546 3436 617 regni
3468 544 3758 611 Medorum,

2168 647 2215 693 et
2245 640 2484 710 princeps
2527 641 2676 714 regni
2725 637 3028 695 ercorum
3080 642 3097 707 (
3129 637 3273 693 Dan.
3305 654 3336 692 x
3363 641 3405 707 ).
3438 637 3548 692 llos
3603 639 3762 708 igitur

2167 734 2466 805 principes,
2496 734 2588 804 qui
2621 749 2778 788 suum
2808 749 2916 788 non
2945 743 3308 788 servaverunt
3348 731 3599 803 gradum,
3629 747 3763 786 con-

2170 829 2435 900 gregabit’
2469 827 2732 884 Dominus
2763 827 2816 882 in
2863 826 2954 882 die
2977 825 3191 897 juditii,
3222 826 3375 894 quasi
3406 827 3456 879 in
3478 840 3586 879 uno
3615 823 3764 881 fasce

2169 923 2372 992 pariter
2386 920 2696 992 colligatos,
2720 930 2772 976 et
2798 920 2973 975 mittet
2998 919 3049 972 in
3077 920 3253 971 lacum
3283 917 3502 982 inferni,
3521 915 3646 972 utin
3664 916 3766 973 illis

2167 1029 2384 1084 quoque
2443 1013 2733 1082 impleatur
2777 1011 2920 1084 quod
2970 1010 3038 1067 de
3092 1011 3274 1081 impiis
3320 1010 3584 1079 scriptum
3631 1018 3760 1064 est:

2167 1105 2364 1159 Lucum
2409 1107 2633 1176 aperuit,
2684 1115 2731 1160 et
2779 1103 2962 1172 e/Todit
3005 1120 3144 1170 eum,
3178 1111 3224 1156 et
3258 1101 3442 1156 incidit
3486 1102 3540 1156 in
3567 1101 3765 1170 {aream

2166 1213 2320 1268 quam
2349 1199 2468 1268 fecit
2509 1196 2626 1269 (Ps.
2661 1211 2758 1261 vtt,
2807 1195 2919 1267 16).
2955 1195 3021 1249 Εῑ
3063 1194 3417 1250 includuntur
3445 1193 3496 1248 in
3521 1207 3764 1259 carcere,

2165 1288 2317 1358 juxta
2370 1288 2502 1344 illud
2553 1287 2696 1359 quod
2735 1288 2812 1342 ait
2853 1287 3154 1342 Dominus:
3187 1283 3268 1340 Ite
3303 1287 3359 1340 in
3406 1286 3575 1359 ignem
3621 1298 3770 1340 teter-

2169 1401 2330 1448 nunt,
2380 1384 2469 1456 qui
2524 1392 2851 1456 prceparatus
2902 1391 2978 1436 est
3031 1380 3244 1435 diabolo
3292 1390 3342 1435 et
3395 1379 3606 1450 Angelis
3658 1380 3769 1450 ejus

2171 1478 2387 1551 (Matth.
2413 1495 2546 1540 xxv,
2573 1478 2689 1551 41).
2715 1477 2872 1547 Quod
2896 1487 3076 1532 autem
3101 1476 3388 1546 sequitur:
3415 1473 3481 1528 Et
3501 1484 3614 1547 post
3638 1475 3770 1528 mul-

2170 1582 2248 1627 los
2274 1574 2384 1628 dies
2405 1573 2772 1639 uisitabantur,
2801 1571 3020 1627 videtur
3039 1570 3371 1641 applaudere
3395 1569 3587 1624 amicis
3609 1569 3765 1636 meis,

2169 1665 2262 1736 qtti
2303 1664 2525 1720 diabolo
2565 1675 2620 1721 et
2659 1665 3000 1720 daemonibus
3029 1664 3159 1719 dant
3197 1662 3595 1734 ptPnitenliam,
3618 1662 3765 1744 quod

2175 1758 2340 1812 multa
2361 1769 2485 1829 post
2514 1765 2760 1828 tempora
2783 1774 2810 1812 a
2838 1756 3074 1812 Domino
3107 1757 3417 1814 visitentur.
3440 1754 3549 1811 Sed
3589 1755 3768 1810 consi-

470 1866 685 1905 suorum
707 1853 865 1922 luerit
885 1853 1230 1925 gloriﬁcatus.
1260 1854 1367 1910 Pro
1401 1871 1468 1911 eo
1492 1855 1638 1928 quod
1670 1872 1770 1911 nos
1801 1858 2071 1929 interpre-
2100 1849 2148 1909 B
2173 1849 2369 1905 dereut
2418 1850 2560 1921 quod
2605 1865 2710 1905 non
2753 1850 2955 1905 dixerit
2994 1858 3186 1921 aperte
3227 1850 3506 1920 Scriptura
3544 1849 3767 1905 divina:

471 1943 571 1998 tati
622 1959 835 2010 sumus,
876 1955 925 2000 et
980 1946 1242 2001 erubescet
1288 1947 1436 2013 luna,
1482 1957 1531 2004 et
1577 1949 1921 2020 confundetur
1964 1951 2067 2018 sol,

475 2035 826 2107 Septuaginta
863 2041 1282 2109 transtulerunt,
1323 2041 1576 2114 liquefieri
1615 2044 1845 2110 laterem,
1892 2054 1940 2099 et
1983 2061 2070 2100 ca-

471 2127 594 2183 dere
617 2146 822 2185 maram
849 2151 867 2186 .-
894 2147 1012 2200 qme
1039 2146 1220 2188 autem
1252 2135 1460 2190 erroris
1481 2150 1643 2189 causa
1674 2136 1764 2202 sit,
1787 2136 2070 2208 sequentia

473 2223 641 2278 verba
671 2224 1076 2280 monstrabunt.
1105 2225 1198 2282 Sol
1229 2226 1403 2296 lingua
1426 2226 1690 2284 Hebraica
1717 2229 1887 2284 tribus
1909 2246 2072 2300 gene-

470 2313 622 2368 ribus
645 2315 951 2386 appellatur
975 2336 987 2370 :
1011 2333 1178 2375 SEIES
1193 2319 1417 2391 (me),
1437 2332 1486 2377 et
1505 2337 1690 2379 mutu
1711 2323 1905 2394 (nm),
1925 2325 2069 2396 quod

469 2406 869 2478 interpretatur
911 2411 1074 2478 calor,
1107 2424 1161 2468 et
1191 2427 1361 2468 uenas
1402 2416 1580 2485 (Οτι),
1610 2415 1754 2486 qurd
1795 2413 2070 2493 ὄστρακον,

470 2498 526 2554 id
556 2511 661 2562 est.
691 2512 874 2557 testam
928 2503 1018 2559 vel
1047 2505 1349 2561 ariditatem
1383 2519 1561 2562 sonat.
1595 2524 1740 2565 non
1769 2512 1939 2582 (Μ)
1978 2528 2075 2567 au-

472 2601 604 2662 tem,
657 2596 802 2664 quod
830 2597 1022 2654 Grmce
1075 2605 1310 2678 φωστὴρ.
1343 2600 1538 2657 Latine
1559 2602 1762 2659 dicitur
1792 2605 2071 2675 luminare,

475 2686 577 2742 soli
628 2687 878 2757 lunasque
919 2704 1214 2747 commune
1253 2705 1359 2748 ρει.
1395 2693 1629 2752 Rursum
1678 2695 1801 2752 luna
1852 2709 2076 2754 voeatur

473 2793 640 2834 sanes
674 2780 828 2850 (ml),
860 2797 980 2849 qua:
1020 2782 1214 2839 Griece
1251 2784 1456 2839 dicitur
1495 2791 1624 2858 μήνη
1647 2828 1661 2851 ,
1698 2802 1763 2841 eo
1794 2788 1937 2858 quod
1977 2789 2075 2843 tri-

474 2871 621 2946 ginta
675 2871 887 2928 dierum
933 2876 1165 2932 circuitu
1206 2893 1452 2935 mensem
1495 2880 1719 2946 efﬁciat,
1767 2891 1823 2939 et
1867 2898 2075 2940 unus

475 2941 677 3035 (.1335),
713 2966 763 3020 id
807 2978 912 3036 est,
941 2969 1062 3025 alba
1097 2972 1182 3026 Vel
1215 2973 1466 3029 candida.
1506 2974 1564 3029 In
1607 2941 1865 3045 przeseuti
1912 2977 2076 3050 igitur

474 3055 597 3112 loco
623 3073 719 3123 pro
734 3073 961 3128 unus,
985 3061 1037 3116 id
1057 3071 1160 3127 est,
1179 3063 1325 3133 luna,
1350 3066 1710 3138 Septuaginta
1732 3070 2075 3141 interpretati

475 3159 603 3204 sunt
631 3150 867 3217 laterem,
901 3152 994 3224 qui
1025 3154 1291 3212 llebraice
1317 3160 1627 3229 appellatur
1673 3177 1896 3227 LEBENA,
1922 3165 2076 3220 verbi

2183 1944 2540 2000 Visitabuntur
2561 1963 2594 2000 a
2626 1945 2875 2011 Domino,
2904 1945 2990 2001 vel
3022 1944 3386 1999 visitabunlur
3414 1945 3483 2000 ab
3525 1944 3767 2015 Angelis,

2172 2039 2266 2094 sed
2289 2039 2539 2095 absolute
2557 2081 2571 2106 ,
2597 2040 2964 2095 visitabuntur.
2994 2039 3075 2094 Ex
3096 2053 3200 2110 qua
3232 2037 3593 2109 ambiguitate
3620 2037 3771 2094 verbi

2171 2141 2226 2188 et
2251 2131 2546 2189 remedium
2569 2143 2749 2205 potest
2771 2133 3020 2204 intelligi,
3043 2142 3097 2188 et
3126 2132 3426 2200 correptio,
3456 2131 3600 2202 quod
3626 2140 3772 2202 post-

2171 2225 2472 2295 quamjusti
2508 2226 2726 2296 pra-mia
2756 2227 3088 2297 receperint,
3114 2225 3191 2280 illi
3217 2226 3268 2280 in
3295 2224 3469 2296 ptenis
3494 2226 3772 2294 perpetuis

2174 2317 2488 2374 visitentur.
2519 2319 2617 2374 Est
2650 2331 2828 2374 tamen
2859 2317 3166 2383 sciendum,
3195 2318 3338 2387 quod
3363 2316 3630 2389 judicium
3678 2317 3773 2374 Dei

2175 2413 2410 2468 humana
2436 2429 2542 2468 non
2569 2413 2738 2480 possit
2761 2413 2906 2468 scire
2937 2413 3228 2482 fragilitas,
3256 2426 3357 2466 nec
3387 2410 3456 2466 de
3490 2424 3773 2482 pte-tarum

2178 2507 2549 2576 magnitudine
2581 2519 2746 2578 atque
2789 2520 3040 2561 mensura
3084 2504 3226 2559 ferre
3266 2508 3625 2572 sententiam,
3655 2519 3774 2575 qua‘

2181 2601 2394 2657 Domini
2421 2601 2648 2656 arbitrio
2671 2601 2931 2656 derelicta
2955 2608 3058 2655 est.
3092 2599 3249 2656 Tunc
3275 2598 3534 2654 erubescet
3558 2601 3710 2662 luna.
3732 2608 3775 2653 et

2177 2694 2522 2762 confundetur
2552 2695 2652 2758 sol,
2682 2693 2834 2765 juxta
2860 2691 2997 2748 illud
3022 2691 3166 2761 quod
3192 2691 3490 2762 Apostolus
3510 2690 3625 2746 ait:
3661 2691 3776 2746 Ete-

2177 2787 2285 2840 nim
2304 2796 2540 2840 creatura
2559 2787 2674 2856 ipsa
2697 2786 3024 2858 congetniscit
3041 2797 3084 2840 et
3103 2785 3322 2857 parturit
3337 2783 3512 2855 (Rom.
3529 2783 3774 2850 Vttt,9.2),

2177 2897 2406 2937 cernens
2455 2881 2706 2936 homines
2746 2880 2836 2950 qui
2883 2895 2982 2935 suo
3032 2879 3352 2934 fruebantur
3385 2878 3611 2943 lumine,
3643 2877 3778 2933 nihil

2178 2974 2398 3045 dignum
2441 2974 2536 3030 Dei
2587 2974 2830 3029 bonitate
2878 2973 3096 3036 fecisse,
3129 2973 3217 3041 qui
3251 2973 3424 3028 solem
3456 2987 3615 3026 suum
3645 2971 3776 3026 oriri

2178 3066 2308 3123 facit
2326 3083 2493 3138 super
2517 3068 2696 3137 justus
2719 3078 2774 3122 et
2797 3067 3029 3137 injustos
3051 3065 3270 3135 (Matth.
3295 3067 3373 3134 v).
3407 3063 3700 3134 Quomodo
3731 3063 3777 3120 si

2179 3161 2524 3232 dispensator
2568 3170 2622 3214 et
2667 3158 2913 3224 villicus,
2953 3160 3211 3215 veniente
3261 3158 3532 3224 Domino,
3592 3165 3779 3213 cernat

474 3242 827 3313 ambiguitate
868 3244 1101 3316 decepti.
1128 3248 1363 3304 Rursum
1389 3267 1484 3321 pro
1511 3268 1720 3321 unum,
1753 3254 1806 3309 id
1847 3265 1953 3324 est,
1987 3273 2074 3311 ca-
2103 3263 2148 3327 ρ
2182 3251 2439 3308 familiam
2482 3252 2649 3307 variis
2696 3250 2890 3320 subjici
2932 3249 3288 3316 cruciatibus,
3335 3259 3391 3304 et
3439 3263 3776 3320 nequaquam

474 3333 605 3401 lore,
655 3352 750 3407 per
776 3354 936 3410 quem
981 3340 1322 3412 intelligitur,
1369 3345 1471 3405 sol.
1518 3358 1816 3415 posuerunt
1847 3366 2073 3417 murum,

474 3428 565 3497 qui
609 3427 877 3486 llebraice
921 3431 1121 3489 dicitur
1160 3450 1302 3492 non
1351 3437 1569 3511 (min).
1622 3441 1718 3496 Est
1758 3454 1941 3498 autem
1991 3445 2079 3500 ltic

477 3534 672 3576 sensus
699 3525 866 3580 totius
896 3527 1118 3597 capituli
1150 3546 1163 3583 :
1195 3529 1462 3588 Fenestrw
1491 3537 1603 3590 creti
1629 3547 1828 3607 aperta:
1851 3548 1991 3604 sunt,
2017 3548 2078 3594 ut

475 3615 844 3684 prospiciente
885 3619 1114 3678 Domino
1158 3633 1370 3681 terrena
1402 3639 1646 3698 peccata.
1681 3630 1860 3687 omnis
1903 3631 2076 3703 figura

475 3716 820 3764 terrenarum
851 3727 1080 3780 operum
1118 3720 1438 3787 pratteriret,
1469 3732 1524 3778 et
1568 3736 1875 3792 corrueret,
1900 3737 1955 3783 et
1981 3743 2079 3784 ne-

475 3817 746 3872 quaquam
780 3805 918 3861 ttltra
961 3808 1014 3864 in
1064 3811 1351 3882 pristinum
1396 3826 1594 3873 statum
1637 3831 1969 3891 resurgeret.
2015 3823 2072 3878 In

476 3892 566 3949 die
589 3895 699 3960 illa,
733 3895 835 3953 hoe
858 3908 964 3966 est,
1001 3901 1053 3956 in
1087 3903 1384 3974 diejudicii
1417 3909 1655 3965 visitabit
1689 3911 1950 3968 Dominus
1988 3929 2078 3968 su-

476 4001 574 4058 per
600 3990 872 4058 militiam,
903 3995 1019 4051 sive
1046 4010 1210 4068 super
1237 4012 1486 4056 oruatum
1508 4004 1630 4059 εαξΙί
1660 4006 1712 4060 in
1735 4007 1992 4073 excelsis,
2016 4018 2077 4063 ut

477 4097 583 4138 non
611 4085 784 4142 solum
814 4096 1056 4154 terrena.
1102 4092 1196 4146 sed
1226 4103 1281 4148 et
1307 4097 1552 4153 etelestia
1577 4097 1804 4168 judicet.
1838 4103 1970 4170 Quis
2008 4103 2078 4158 sit

475 4189 658 4234 autem
708 4193 939 4239 ornatus
973 4186 1098 4240 caeli
1139 4187 1256 4243 sive
1295 4189 1508 4258 militia,
1546 4192 1731 4266 Moyse
1776 4196 2074 4261 scribente,

479 4271 756 4327 discamus
778 4294 789 4326 :
811 4273 943 4330 Cave
957 4293 1021 4331 ne
1043 4280 1330 4351 suspiciens
1345 4283 1548 4348 etclam,
1576 4295 1624 4338 et
1643 4286 1818 4340 videns
1831 4290 2014 4352 solent,
2034 4299 2082 4342 et

478 4365 678 4430 lunam,
701 4367 860 4441 337
890 4371 1068 4425 stellas
1098 4381 1146 4426 et
1172 4389 1372 4428 onmem
1399 4385 1642 4431 ornatum
1684 4378 1820 4443 caeli,
1855 4381 2079 4453 decipia-

477 4459 574 4520 ris.
605 4470 653 4514 et
676 4466 861 4516 adores
887 4480 950 4518 ea
987 4461 1167 4537 (Deut.
1204 4481 1279 4529 tv,
1316 4466 1426 4537 l9).
1452 4468 1715 4526 Visitabit
1757 4485 1939 4528 autem
1976 4474 2081 4529 Do-

478 4549 680 4617 minus,
711 4554 1010 4612 secundum
1041 4557 1237 4612 idioma
1265 4559 1701 4630 Scripturarum,
1725 4565 1881 4634 quasi
1904 4582 2079 4636 :rgro-

2177 3363 2273 3402 sua
2325 3347 2580 3416 implesse
2631 3355 2921 3416 prtccepta.
2964 3345 3131 3418 338
3173 3343 3246 3398 De
3275 3342 3377 3398 ltoc
3418 3342 3614 3398 eodem
3661 3342 3778 3397 loco

2181 3441 2392 3512 plenius
2418 3441 2669 3496 Salvator
2700 3441 2755 3495 in
2790 3440 3090 3509 Evangelia
3113 3439 3280 3494 docet
3305 3457 3316 3491 :
3352 3437 3448 3494 Sol
3475 3437 3774 3492 obseurabi-

2178 3542 2283 3599 tur,
2307 3543 2353 3587 et
2378 3533 2499 3587 luna
2521 3550 2624 3588 non
2654 3533 2794 3588 dabit
2826 3533 2997 3588 lumen
3021 3549 3197 3598 suum,
3227 3541 3276 3586 et
3301 3530 3467 3587 stella:
3494 3531 3684 3587 cadent
3712 3531 3770 3586 de

2177 3625 2327 3688 caelo,
2358 3634 2406 3680 et
2439 3626 2648 3679 virtutes
2689 3623 2937 3680 ctelorum
2982 3624 3344 3690 movebuntur,
3374 3624 3587 3695 quando
3618 3640 3777 3694 appa-

2177 3724 2338 3773 ruerit
2377 3719 2585 3786 signum
2630 3717 2760 3772 Filii
2799 3716 3023 3772 hominis
3062 3719 3113 3772 in
3145 3717 3293 3782 caelo,
3329 3728 3374 3772 et
3400 3718 3704 3791 planxerint
3733 3733 3780 3770 se

2180 3827 2353 3865 omnes
2378 3811 2541 3864 tribus
2570 3820 2739 3876 terrae,
2769 3821 2816 3865 et
2844 3811 3063 3866 uiderint
3097 3810 3296 3866 Filium
3321 3810 3551 3866 hominis
3581 3812 3782 3867 venien-

2179 3915 2281 3960 tem
2331 3922 2449 3959 cum
2495 3905 2718 3960 nubibus
2767 3903 2918 3971 caeli,
2969 3905 3021 3959 in
3062 3906 3246 3960 virtute
3300 3914 3346 3958 et
3404 3905 3575 3977 gloria
3623 3902 3781 3959 multa

2181 3997 2398 4070 (Matth.
2435 4013 2585 4064 xxtv,
2615 3998 2706 4061 9.9,
2739 3997 2852 4067 50).
2885 3995 3182 4054 Didicimus
3219 3998 3646 4054 subversionem
3681 4010 3782 4054 ter-

2179 4107 2277 4156 ra),
2326 4092 2692 4146 visitationem
2750 4090 2957 4146 militia:
3005 4092 3150 4157 εαξη,
3191 4091 3676 4162 congregationem
3707 4105 3783 4145 re‘

2179 4200 2304 4256 gum
2331 4195 2383 4238 et
2414 4184 2722 4254 principum
2772 4188 2825 4239 in
2858 4199 3022 4238 unum
3059 4183 3289 4251 fascem,
3315 4194 3372 4240 et
3411 4183 3782 4239 detrusionem

2180 4276 2237 4332 in
2270 4279 2467 4340 lacum,
2499 4287 2555 4331 et
2583 4275 2886 4332 CUledialll
2920 4259 3190 4341 carceris,
3221 4286 3276 4330 et
3306 4275 3624 4332 clausorum
3669 4283 3782 4345 post

2182 4371 2405 4444 longum
2437 4382 2649 4441 tempus
2676 4370 3068 4438 visitationem,
3101 4370 3357 4426 ruborem
3385 4371 3526 4425 lunze
3566 4379 3625 4426 et
3661 4384 3784 4425 con-

2183 4464 2449 4522 l’usionum
2507 4466 2660 4520 solis.
2693 4464 2824 4520 Post
2856 4466 2973 4520 btec
3001 4465 3184 4519 omnia
3233 4464 3485 4535 regnabit
3517 4463 3782 4520 Dominus

2183 4559 2520 4617 exercituum
2551 4559 2603 4613 in
2635 4568 2824 4612 monte
2877 4556 3010 4613 Sion
3037 4566 3092 4612 et
3134 4558 3187 4612 in
3215 4555 3520 4621 Jerusalem
3550 4557 3783 4625 ctelesti,

480 4653 685 4702 tantem
719 4648 990 4713 militiam,
1015 4661 1065 4706 et
1090 4653 1392 4708 exercitum
1422 4655 1567 4722 caeli,
1611 4666 1668 4712 et
1688 4657 1833 4715 ferro
1862 4670 1917 4716 et
1942 4676 2074 4716 cau-
2106 4671 2158 4732 ι)
2183 4654 2250 4709 de
2290 4669 2393 4724 qua
2435 4661 2489 4708 et
2521 4651 2574 4707 in
2623 4651 2872 4720 Epistola
2906 4651 3167 4706 scribitur
3192 4651 3258 4706 ad
3291 4652 3555 4706 llebra~os
3591 4671 3606 4706 :
3637 4650 3704 4706 Et
3732 4653 3783 4707 ia

483 4741 637 4795 teriis
697 4741 1064 4812 indigentem,
1119 4748 1417 4804 Secundum
1483 4749 1614 4805 illud
1659 4769 1674 4806 :
1739 4751 1968 4810 Visitabo
2024 4757 2080 4811 in

479 4832 627 4904 virga
655 4844 864 4906 peccata
896 4851 1094 4903 eorum,
1125 4848 1170 4892 et
1204 4839 1259 4893 in
1288 4839 1514 4912 ﬂagellis
1551 4842 1846 4914 iniquitates
1900 4861 2076 4901 eorum

482 4922 601 4997 (Ps.
645 4941 910 4991 Lxxxvm,
951 4928 1030 4997 5).
1067 4929 1197 4984 Nam
1231 4940 1286 4986 et
1314 4934 1365 4988 in
1405 4935 1760 5004 sequentibus
1808 4937 2078 5008 legimus:

482 5013 780 5073 Inebriatus
811 5030 886 5074 est
913 5020 1120 5090 gladius
1139 5039 1283 5077 meus
1321 5024 1374 5079 in
1413 5028 1538 5081 caelo
1567 5027 1742 5100 (Infra
1769 5045 1955 5096 xxxiv,
1987 5031 2076 5100 5);

395 5105 401 5111 ’
481 5110 548 5165 Et
581 5110 631 5166 itt
662 5109 804 5166 Job:
838 5111 993 5167 Astra
1033 5131 1134 5169 non
1159 5126 1279 5170 sunt
1319 5119 1514 5173 munda
1541 5120 1595 5174 in
1624 5133 1903 5193 conspectu
1941 5127 2076 5196 ejus.

483 5206 549 5261 Et
586 5223 599 5261 :
644 5207 928 5262 Adversum
954 5207 1177 5279 Angelos
1223 5227 1344 5265 suos
1389 5229 1684 5284 peruersum
1729 5217 1853 5285 quid
1892 5218 2078 5287 reperit

480 5296 650 5369 (Job.
707 5316 809 5356 xxv
838 5343 852 5368 ,
902 5299 1001 5371 5).
1049 5301 1303 5358 Visitabit
1349 5320 1566 5376 quoque
1621 5321 1787 5376 super
1829 5323 1986 5378 reges
2025 5318 2078 5364 et

480 5391 754 5462 principes
800 5403 994 5460 terrae,
1063 5403 1313 5451 rectores
1382 5397 1736 5452 tenebrat-nm
1808 5400 2074 5466 istarum,

484 5493 540 5538 et
593 5485 894 5554 Spiritualia
952 5488 1211 5558 nequitia:
1262 5489 1314 5544 in
1371 5489 1720 5546 etelestihus.
1775 5491 1851 5546 De
1879 5493 2078 5563 quibus

479 5577 821 5650 principibus
869 5579 1102 5637 diversis
1167 5581 1468 5653 provinciis
1540 5581 1966 5652 praesidentibus
2023 5593 2080 5642 et

551 5765 578 5795 ἰ
607 5758 854 5817 Martian.
888 5762 1018 5832 legit
1043 5764 1264 5820 inverso
1294 5764 1487 5820 ordine
1513 5806 1526 5827 .
1556 5766 1646 5831 qui
1688 5765 1959 5822 imitantur
1990 5783 2074 5823 ve-

476 5839 670 5958 Ftstum
725 5832 958 5914 dierum:
1010 5837 1126 5890 cani
1155 5837 1290 5891 enim
1350 5835 1576 5892 hominis
1631 5839 1883 5906 sapientia
1935 5843 2070 5912 ejus.

499 5909 812 5958 .on’cmnms
859 5906 1052 5958 multo.
1082 5922 1245 5958 (mem
1276 5908 1673 5958 describimus;
1707 5907 1880 5958 Vatin-
1914 5909 2067 5958 liher.

499 5906 812 5960 lon’cinnius
859 5906 1052 5975 multo,
1082 5922 1246 5978 quem
1276 5908 1674 5979 describimus,
1707 5907 1880 5968 Vatia.
1913 5906 2067 5968 liber.

2184 4753 2458 4814 conspectu
2486 4760 2665 4798 senum
2693 4758 2905 4796 suorum
2927 4743 3236 4814 gloriabitur
3269 4740 3460 4814 (Hebr.
3492 4743 3622 4812 xu).
3648 4747 3783 4810 Qua-

2184 4837 2255 4892 lis
2284 4852 2465 4892 senex.
2483 4835 2585 4891 fuit
2609 4835 3013 4905 Abraltam,qui
3040 4844 3288 4890 mortuus
3309 4846 3387 4890 est
3417 4837 3471 4890 in
3503 4844 3784 4891 senectute

2190 4929 2356 4996 bona,
2388 4941 2444 4984 et
2487 4930 2772 5000 appositus
2816 4938 2900 4984 est
2941 4927 3008 4983 ad
3042 4938 3226 4999 patres
3270 4941 3401 4982 suos
3441 4925 3605 4990 (Cen.
3633 4927 3780 4998 xxv).

2189 5019 2389 5089 Quales
2412 5020 2639 5085 jubetur
2665 5030 2718 5075 et
2749 5019 2964 5092 Moyses
3010 5019 3362 5090 presbyteros
3396 5019 3623 5090 eligere,
3650 5034 3780 5088 quos

2186 5118 2290 5172 scit
2316 5131 2437 5170 esse
2465 5115 2816 5186 presbyteros
2843 5113 3034 5183 (Nunt.
3059 5118 3136 5184 xt)
3162 5131 3173 5167 :
3206 5122 3231 5150 ο
3256 5115 3373 5168 cani
3403 5115 3540 5168 enim
3562 5113 3782 5168 hominis

2187 5211 2442 5282 sapientia
2493 5213 2606 5285 ejus
2649 5209 2807 5282 (Sap.
2859 5224 2936 5273 tv,
2970 5209 3048 5279 8),
3085 5209 3173 5279 qui
3205 5209 3489 5263 imitantur
3509 5219 3779 5264 vetusmm

2187 5304 2426 5371 dierum,
2455 5305 2612 5374 cujus
2634 5304 2890 5358 caesaries
2918 5301 3250 5357 describitur
3277 5301 3533 5366 candida,
3567 5310 3630 5355 ut
3658 5308 3781 5354 a-lao

2190 5399 2257 5453 tis
2284 5399 2568 5468 longitudo
2602 5404 2936 5452 monstretur
2960 5393 3130 5468 (Dan.
3161 5410 3254 5461 vtt,
3278 5394 3354 5465 9).
3385 5395 3574 5449 Potest
3606 5392 3707 5447 hoc
3731 5401 3782 5446 et

2187 5490 2255 5546 de
2301 5488 2674 5546 ecclesiastico
2717 5487 2892 5558 gradu
2947 5487 3199 5557 intelligi,
3236 5485 3282 5540 si
3311 5496 3492 5540 tamen
3533 5499 3644 5540 non
3685 5483 3778 5540 de-

2187 5591 2401 5639 struant
2424 5581 2684 5654 operibus
2709 5579 3053 5652 dignitatem.

2179 5767 2369 5836 Neque
2394 5766 2537 5821 enim
2568 5765 2726 5820 verba
2749 5765 2853 5833 Qui
2872 5765 3165 5836 imitantur,
3200 5772 3308 5836 etc.
3338 5763 3527 5820 Italico
3552 5763 3773 5836 cbarac:

2183 5833 2299 5895 tere
2328 5836 2708 5907 distinguenda
2731 5846 2908 5903 erant,
2937 5837 3096 5907 quasi
3122 5834 3424 5908 Scriptu‘rte
3445 5841 3673 5906 textum,
3705 5833 3776 5890 uti

2185 5911 2532 5966 Martiantelts
2557 5909 2703 5967 fecit.
