4084 6330
223 272 320 331 289

719 267 722 271 λ
754 265 1406 328 COMMENTARIORUM
1449 264 1516 324 IN
1558 262 1798 326 ISAIAM
1833 260 1839 321 1

1944 262 2260 323 )ΡΗΕΤΑΜ
2298 264 2431 322 LIB.
2463 263 2604 324 Vill.
2645 263 2801 324 CAP.
2841 265 3015 325 XXV.

3414 265 3528 324 290

282 372 876 458 (Cap.XXV.—Vers.
902 387 926 441 l
951 384 1132 456 seqq.)
1159 382 1400 450 Domine,
1428 381 1568 436 Deus
1590 396 1734 434 meus
1757 395 1810 434 es
1839 384 1888 444 Α
1916 380 2339 438 claudicaverunt
2381 383 2436 437 in
2465 383 2660 438 semitis
2687 385 2794 438 suis
2817 383 2938 457 (Ps.
2971 398 3103 451 xvrt,
3135 379 3254 453 46).
3293 381 3421 439 Ila'c
3449 381 3527 436 ci-

219 492 298 536 tu:
319 479 560 536 exaltabo
582 489 651 546 te,
697 479 976 546 confitebor
997 473 1322 543 nominituo,
1368 477 1616 547 quoniam
1640 473 1810 543 fecisti

1917 477 2063 532 vitas
2090 493 2214 531 cum
2237 477 2516 535 destrueta
2546 479 2710 535 fuerit
2732 521 2747 546 ,
2772 481 2825 535 in
2851 491 3122 536 internum
3149 496 3256 535 non
3289 478 3526 534 a-difica-

221 573 466 628 mirabilia
491 612 508 639 ,
555 572 896 645 cogitationes
942 573 1180 642 antiquas
1221 568 1438 641 ﬁdeles:
1476 584 1648 622 amen.
1676 565 1815 634 Quia
1915 565 2085 634 bitur,
2112 578 2170 622 ut
2197 569 2344 624 mille
2373 584 2641 626 annorum
2669 587 2900 642 regnum
2926 580 2984 626 et
3009 586 3192 627 aurea:
3215 571 3520 627 Jerusalem

220 668 417 740 posuisti
439 667 698 720 civitatem
719 667 774 722 in
795 665 1070 735 tumulum,
1093 664 1268 719 urbem
1301 668 1488 736 fortem
1507 663 1562 716 in
1581 661 1811 725 ruinam,

221 761 415 816 domum
433 758 731 814 alienorum
753 778 773 815 :
812 770 867 815 ut
885 777 986 815 non
1008 760 1074 814 sit
1095 759 1294 825 civitas,
1316 769 1364 814 et
1381 759 1436 812 in
1447 758 1817 826 sempiternum

223 873 314 911 non
352 855 664 926 testificetur.
714 853 888 927 Super
924 852 1020 908 hoc
1049 852 1280 907 laudabit
1320 862 1369 907 te
1395 847 1621 925 populus
1643 848 1815 918 fortis,

222 950 389 1004 civitas
414 948 652 1019 gentium
679 946 1014 1001 robustorum
1061 945 1260 1000 timebit
1285 955 1354 1000 te.
1393 944 1530 1012 Quia
1566 943 1738 1012 factus
1766 955 1820 995 es

223 1043 462 1117 fortitudo
485 1041 747 1110 pauperi,
783 1039 1039 1110 fortitudo
1069 1054 1226 1112 egeno
1255 1039 1311 1094 in
1338 1035 1674 1092 tribulatione
1700 1053 1817 1103 sua,

221 1151 325 1206 spes
347 1151 379 1188 a
399 1133 628 1196 turbine,
654 1131 1022 1186 umbraculum
1043 1131 1105 1184 ab
1133 1139 1262 1185 aestu
1281 1145 1300 1184 :
1328 1130 1542 1202 spiritus
1572 1130 1710 1184 enim
1735 1145 1822 1184 ro-

223 1227 475 1282 bustorum
502 1225 659 1299 quasi
705 1224 856 1278 turbo
891 1221 1161 1294 impellens
1194 1223 1468 1287 parietem.
1499 1222 1648 1278 Sicut
1666 1231 1822 1276 testas

223 1322 272 1377 in
293 1321 397 1382 siti,
426 1321 710 1374 tumultum
732 1318 1024 1373 alienorum
1046 1315 1344 1371 ltumitiabis
1371 1334 1384 1369 :
1413 1325 1460 1368 et
1479 1315 1629 1388 quasi
1653 1315 1824 1370 calore

224 1413 305 1468 sub
335 1411 462 1466 nube
482 1422 736 1475 torrente,
771 1411 1110 1483 propaginem
1153 1409 1367 1478 fortium
1391 1425 1709 1463 marcescere
1741 1412 1824 1470 fa-

225 1508 338 1562 cies.
361 1505 540 1562 LXX:
569 1503 796 1558 Domine
820 1502 958 1558 Deus
980 1518 1141 1568 mens,
1163 1500 1466 1573 glorificabo
1493 1512 1542 1556 te
1557 1518 1576 1556 :
1600 1501 1824 1556 laudabo

225 1619 396 1658 nomen
411 1613 586 1667 tuum,
608 1601 859 1672 quoniam
881 1599 1049 1671 fecisti
1071 1597 1402 1652 admirabiles
1426 1614 1526 1658 res,
1549 1595 1826 1652 consilium

225 1697 478 1766 antiquum
529 1710 747 1759 verum,
798 1693 911 1763 fiat.
945 1691 1080 1758 Quia
1129 1690 1352 1752 posuisti
1399 1689 1711 1744 civitatesin
1748 1697 1825 1742 tu-

1917 668 2082 728 atque
2109 670 2397 729 gemmata;
2425 661 2634 717 somnia
2671 662 3088 734 conquiescant.
3119 664 3406 719 Destructa
3429 678 3527 716 au-

1920 757 2028 807 tem
2050 749 2357 808 Jerusalem
2383 768 2484 822 pro
2510 752 2790 825 impietate
2811 769 2929 816 sua.
2964 753 3128 828 350
3153 754 3391 810 laudabit
3421 754 3526 809 Do-

1920 845 2130 899 minum
2203 847 2437 916 populus
2496 846 2673 901 fortis.
2737 848 2870 916 Quis
2924 849 2996 903 sit
3041 859 3220 904 autem
3291 846 3524 917 papulas

1921 938 2120 1006 fortis,
2168 955 2405 1011 sequens
2467 955 2658 996 versus
2705 939 2987 998 ostendit:
3051 940 3246 996 Civitas
3295 940 3527 1012 gentium

1921 1034 2252 1090 robustarum
2304 1035 2502 1091 timebit
2541 1045 2608 1090 te.
2641 1035 2752 1090 Illis
2801 1035 3345 1104 blasphemantihus,
3394 1051 3532 1106 gen-

1925 1127 2056 1183 tium
2107 1129 2340 1199 p0pttlus
2383 1137 2438 1184 te
2489 1129 2721 1184 timebit.
2766 1126 3100 1201 Principium
3150 1129 3286 1183 enim
3321 1129 3530 1199 sapien-

1923 1223 2010 1278 tia:
2073 1224 2226 1278 timor
2285 1222 2497 1278 Domini
2547 1222 2730 1296 (Prov.
2784 1222 3010 1296 tx,10).
3057 1222 3432 1295 Laudattitque
3478 1232 3533 1280 te

1924 1317 2160 1388 populus
2212 1316 2396 1384 fortis,
2452 1329 2506 1373 et
2538 1319 2731 1373 civitas
2781 1318 3026 1389 gentium
3072 1319 3422 1373 robustarum
3464 1317 3537 1372 ti-

1925 1409 2097 1465 mebit
2128 1420 2180 1465 te
2204 1455 2218 1477 ,
2268 1409 2373 1465 hoc
2403 1419 2487 1466 est
2520 1410 2772 1466 Ecclesia
2795 1413 2866 1465 de
2887 1411 3148 1482 gentibus
3185 1419 3532 1482 ctmgrrgata.

1927 1503 2062 1570 Quia
2125 1503 2297 1558 factus
2328 1519 2387 1558 es
2434 1503 2696 1559 fortitudo
2724 1503 2996 1575 paupeti,
3047 1503 3268 1560 Christo
3298 1511 3416 1569 tuo,
3468 1503 3539 1560 de

1926 1611 2035 1668 quo
2060 1605 2114 1652 et
2143 1597 2198 1652 in
2242 1596 2474 1652 Psalmis
2506 1599 2776 1667 legimus:
2825 1596 3018 1653 Beatus
3045 1599 3134 1668 qui
3172 1599 3416 1672 intelligit
3451 1615 3541 1653 su-

1926 1704 2017 1761 per
2048 1704 2265 1762 egenum
2293 1698 2341 1743 et
2381 1705 2670 1759 pauperem
2706 1687 2830 1759 (Ps.
2866 1705 2959 1756 xt.,
2993 1691 3070 1759 1).
3118 1690 3186 1746 Et
3232 1692 3286 1745 in
3334 1690 3539 1746 Zacha-

227 1792 448 1844 ntulum:
496 1789 736 1844 civitates
765 1789 928 1857 fortes
952 1827 968 1852 ,
1014 1794 1068 1838 ut
1098 1785 1340 1838 caderent
1374 1783 1710 1852 fundamenta
1739 1798 1824 1836 ea-
1857 1780 1903 1842 Β
1932 1783 2009 1838 ria
2038 1782 2342 1838 secundum
2367 1781 2691 1838 Hebraicam
2716 1781 3030 1849 veritatem,
3062 1797 3290 1854 pauper.
3320 1782 3426 1838 hoc
3455 1792 3547 1841 est

226 1901 348 1941 rum.
373 1883 399 1937 1
409 1883 676 1955 mpiorunt
698 1881 926 1935 civitates
947 1879 1001 1932 in
1024 1887 1272 1933 aeternum
1290 1893 1393 1932 non
1406 1875 1820 1941 wdi/icabuntur.

230 1976 504 2046 Propterea
561 1973 830 2029 benedicet
857 1971 947 2026 tibi
979 1971 1204 2042 populus
1235 1985 1546 2040 pauperum,
1567 1978 1613 2022 et
1651 1969 1827 2024 civita-

229 2079 293 2124 tes
319 2068 592 2122 hominum
622 2066 949 2133 iniquitatem
973 2062 1339 2118 sustinentium
1383 2060 1680 2116 benedicent
1710 2059 1823 2114 tibi.

228 2163 378 2236 339
433 2160 614 2216 Fuisti
634 2159 776 2214 enim
823 2159 966 2212 omni
990 2158 1183 2213 civitati
1227 2155 1413 2210 humili
1453 2155 1754 2223 auxiliator,
1781 2165 1830 2210 et

230 2255 447 2311 tristibus
475 2264 699 2325 propter
719 2251 947 2323 inopiam
971 2251 1216 2319 protectio
1230 2265 1250 2304 :
1271 2252 1334 2303 ab
1354 2249 1650 2304 hominibus
1674 2247 1832 2321 pessi-

229 2350 316 2403 mis
348 2346 594 2402 liberabis
622 2361 712 2400 eos
735 2361 756 2399 :
795 2342 1156 2398 umbraculum
1183 2341 1466 2397 sitientium
1486 2382 1502 2408 ,
1545 2351 1593 2396 et
1618 2342 1831 2412 spiritus

234 2439 485 2495 hominum
517 2439 855 2510 iniquitatem
884 2435 1253 2490 sustinentium
1303 2433 1453 2504 quasi
1480 2431 1712 2488 homines
1738 2449 1835 2502 pu-

231 2533 502 2587 sillanimes
529 2530 764 2586 sitientes
782 2528 837 2582 in
863 2527 996 2583 Sion
1023 2526 1087 2580 ab
1112 2525 1404 2581 hominibus
1432 2527 1626 2599 impiis,
1649 2525 1834 2590 quibus

237 2643 319 2682 nos
339 2623 625 2680 tradidisti.
653 2621 867 2690 Duplex
903 2620 1063 2689 hujus
1088 2620 1191 2676 loci
1223 2619 1497 2690 expositio
1525 2627 1627 2674 est.
1663 2616 1835 2673 Judtei

235 2726 418 2789 putant
445 2731 642 2772 vocem
668 2724 980 2770 sanctorum
1013 2728 1160 2779 esse,
1198 2711 1492 2782 potiulique
1517 2708 1795 2766 credentis
1821 2725 1835 2763 :

237 2826 347 2866 cum
372 2809 522 2865 Deus
551 2806 856 2862 adversum
890 2819 1112 2860 omnem
1145 2803 1340 2859 orbem
1362 2819 1482 2873 quae
1503 2816 1666 2871 supra
1697 2799 1840 2856 dicta

235 2915 352 2960 sunt
393 2903 628 2966 fecerit,
661 2911 719 2956 et
750 2900 992 2954 omnium
1021 2885 1419 2969 prOphetarum
1459 2895 1663 2952 fuerint
1684 2911 1838 2951 com-

237 2998 368 3068 pleta
423 2993 732 3057 vaticinia;
766 2991 1157 3060 civitatemque
1213 2988 1558 3053 subversam,
1614 2987 1841 3041 llomam

238 3089 708 3161 interpretantur,
741 3101 864 3154 qua:
894 3082 1127 3140 delenda
1160 3081 1231 3136 sit
1263 3080 1476 3151 penitus
1503 3121 1519 3146 ,
1552 3079 1840 3149 populum-

1931 1889 2085 1930 EBION
2109 1874 2322 1964 (pinu),
2349 1889 2513 1945 super
2544 1874 2751 1944 pullum
2777 1880 2949 1930 asina!
2984 1873 3181 1930 sedere
3209 1875 3540 1933 describitur

1930 1965 2124 2040 (Zach.
2155 1969 2258 2036 ix).
2291 1965 2580 2022 Fortitudo
2606 1982 2802 2038 egeno,
2831 1966 2883 2022 in
2929 1967 3287 2024 tribulatione
3327 1970 3544 2038 passio-

1930 2061 2014 2115 nis
2041 2076 2174 2126 suae,
2203 2075 2330 2130 Spes
2357 2075 2385 2115 a
2412 2061 2628 2117 turbine
2659 2061 2920 2132 patibuli,
2966 2068 3024 2116 et
3059 2061 3436 2117 umbrticulum
3468 2063 3541 2120 ab

1931 2163 2091 2220 aestu,
2123 2154 2342 2226 quando
2370 2155 2590 2210 loculus
2615 2165 2733 2210 est:
2764 2154 2950 2220 Pater,
2972 2155 3028 2210 in
3054 2172 3238 2211 manus
3262 2166 3375 2212 tuas
3400 2174 3544 2212 com-

1932 2247 2119 2302 mendo
2162 2249 2404 2319 spiritum
2449 2264 2620 2304 meum
2669 2247 2825 2319 (Luc.
2881 2263 3036 2319 xxiii,
3088 2249 3210 2320 46).
3256 2250 3545 2318 Quomodo

1935 2341 2081 2395 enim
2110 2339 2160 2394 si
2187 2350 2384 2396 ventus
2406 2341 2739 2412 impingatur
2760 2341 2954 2411 parieti
2977 2349 3142 2409 atque
3161 2353 3544 2413 pertranseat:

1935 2434 2016 2491 sic
2075 2435 2233 2492 turbo
2277 2435 2772 2506 blasphemantium
2839 2435 3152 2491 Jttdaiorttm
3203 2437 3284 2492 illi
3341 2453 3543 2494 nocere

1938 2543 2045 2582 non
2069 2531 2264 2598 potuit.
2295 2527 2365 2584 Et
2395 2537 2454 2584 ιιι
2483 2528 2585 2584 alia
2619 2537 2740 2583 utar
2766 2529 3151 2593 similitudine,
3178 2529 3320 2584 sicut
3343 2545 3541 2600 propa-

1937 2634 2006 2690 go
2031 2620 2353 2691 gravissimo
2378 2629 2620 2675 torretur
2645 2628 2805 2685 testu,
2833 2631 2996 2690 atque
3022 2619 3330 2688 flaccescit,
3363 2621 3436 2677 ita
3459 2631 3546 2678 tu-

1940 2713 2168 2767 multum
2219 2723 2275 2768 et
2305 2714 2604 2769 clamorem
2636 2713 2961 2776 alienorum,
3005 2711 3112 2769 hoc
3141 2721 3261 2782 est,
3310 2715 3402 2786 qui
3431 2730 3460 2769 a
3489 2723 3545 2771 te

1942 2804 2106 2860 alieni
2131 2805 2257 2860 facti
2281 2817 2430 2872 sunt,
2475 2820 2828 2862 marcescere
2868 2804 3040 2861 facies
3060 2815 3115 2861 et
3136 2808 3339 2878 perire.
3379 2805 3545 2865 Juxta

1943 2897 2089 2954 LXX
2120 2900 2476 2970 interpretes,
2512 2914 2621 2953 non
2660 2897 2785 2954 dico
2823 2913 3085 2966 sensum,
3127 2897 3224 2954 sed
3249 2899 3541 2956 verborum

1943 2993 2192 3048 ordinem
2217 3001 2270 3047 et
2292 2992 2747 3062 consequentiam
2768 3032 2782 3055 ,
2809 2991 2863 3046 itt
2892 2992 2998 3047 hoc
3021 2993 3140 3047 loco
3161 2991 3410 3064 reperire
3434 3007 3546 3050 non

1946 3085 2119 3157 potui.
2141 3085 2207 3141 Et
2233 3101 2331 3156 pro
2344 3103 2410 3142 eo
2433 3086 2578 3153 loco,
2595 3085 2684 3141 ubi
2712 3101 2813 3141 nos
2846 3087 3192 3157 interpretati
3215 3088 3549 3152 suntus,sic-

238 3198 337 3253 que
366 3183 602 3246 fortem.
644 3178 741 3249 qui
770 3175 954 3232 laudet
1004 3175 1292 3230 υοῐῐιίηιιῐη
1313 3213 1330 3239 ο
1363 3180 1420 3229 ει
1457 3171 1542 3228 ουῖ
1567 3171 1741 3226 laetus
1771 3169 1842 3225 Sil
1867 3181 1912 3246 C
1945 3191 2002 3236 ut
2041 3189 2226 3236 testam
2263 3181 2320 3236 in
2354 3181 2482 3248 siti,
2534 3196 2634 3251 pro
2665 3196 2774 3252 quo
2805 3182 2857 3236 in
2891 3182 3122 3238 llebrteo
3171 3184 3436 3252 scriptum
3466 3190 3554 3239 est

239 3275 499 3332 Dominus
532 3269 806 3328 fortitudo
849 3273 901 3324 in
951 3267 1310 3324 tribulatione
1339 3281 1438 3320 sua
1485 3275 1540 3321 et
1567 3265 1840 3336 angustia,

239 3370 482 3428 referunt
537 3367 607 3424 ad
661 3365 866 3432 Israel,
918 3365 1010 3436 qui
1057 3363 1126 3419 de
1177 3361 1557 3434 persecutione
1601 3359 1844 3432 gentium

236 3463 386 3535 quasi
417 3464 472 3519 in
525 3472 667 3518 testu
711 3458 1099 3515 ardentissimo
1145 3466 1200 3512 et
1235 3457 1289 3513 in
1323 3456 1417 3512 siti
1455 3456 1718 3511 liberatus
1749 3454 1839 3508 sit.

239 3558 340 3614 Alii
372 3573 506 3613 vero
532 3567 590 3613 et
630 3553 828 3610 melius
859 3561 914 3608 et
944 3551 1148 3608 rectius
1187 3567 1254 3606 ex
1285 3563 1523 3620 persona
1565 3547 1847 3620 prophetae

240 3649 342 3707 dici
365 3650 723 3721 intelligunt,
757 3662 856 3718 pro
881 3645 1137 3716 passione
1167 3643 1384 3700 Domini
1408 3643 1708 3700 Salvatoris
1727 3655 1851 3713 gra-~

243 3745 343 3800 tias
374 3744 524 3801 Patri
553 3741 855 3797 referentis
877 3781 893 3806 ,
946 3738 1092 3810 quod
1122 3737 1315 3794 fecerit
1349 3736 1639 3804 mirabilia,
1673 3745 1728 3791 et
1758 3748 1851 3789 co-

241 3838 534 3910 gitationes
587 3833 849 3906 antiquas
894 3831 1125 3887 veritate
1180 3829 1576 3902 compleverit,
1634 3827 1850 3900 quando

241 3939 450 3986 stantes
477 3929 546 3984 ad
569 3929 856 3984 dexteram
879 3925 1131 3981 audient:
1163 3925 1368 3992 Venite,
1397 3923 1646 3980 benedicti
1673 3920 1850 3976 Patris

243 4027 374 4092 mei,
427 4025 692 4098 possidete
720 4030 1074 4094 praeparatum
1104 4020 1246 4076 vobis
1271 4037 1484 4094 regnum
1523 4035 1556 4072 a
1593 4015 1850 4072 constitu-

242 4118 382 4173 tione
408 4117 589 4172 niundi
620 4113 841 4188 (Matth.
867 4129 992 4181 xxv,
1018 4112 1131 4186 54).
1157 4113 1311 4181 Quod
1341 4123 1394 4168 et
1422 4111 1623 4167 Paulus
1652 4108 1854 4164 intelli-

243 4225 377 4282 gens
400 4209 772 4280 loquebatur:
807 4205 956 4263 Sicut
983 4204 1134 4280 elegit
1169 4223 1262 4261 nos
1285 4207 1336 4260 in
1366 4205 1478 4278 ipso
1507 4213 1631 4259 ante
1663 4201 1855 4257 consti-

246 4307 501 4360 tutionem
553 4304 738 4358 mundi
763 4299 784 4366 ,'
846 4317 953 4356 esse
995 4319 1090 4356 nos
1153 4310 1355 4356 sanctos
1393 4311 1440 4355 et
1491 4295 1853 4354 immaculatos

248 4398 472 4473 (Epltes.
502 4415 540 4464 t,
579 4398 681 4466 4);
731 4395 1164 4467 desideransth
1196 4395 1312 4451 fieri
1341 4394 1486 4465 quod
1520 4391 1814 4463 prOphetat
1837 4435 1854 4459 ,

245 4492 499 4563 adjungit
518 4491 750 4546 verbum
777 4487 1103 4544 llebraicum
1121 4504 1268 4544 Atreu
1290 4486 1449 4578 (pan)
1469 4501 1569 4558 pro
1589 4500 1697 4556 quo
1711 4483 1856 4578 CXX

1943 3288 2164 3328 ΜελιοΝ
2188 3274 2378 3363 (τῆς),
2401 3272 2546 3344 quod
2575 3272 2718 3340 apud
2759 3287 2856 3329 eos
2883 3273 3102 3340 invium,
3124 3275 3211 3330 vel
3235 3275 3382 3338 sitis,
3411 3274 3550 3330 dici-

1949 3372 2068 3430 tur;
2093 3381 2261 3436 quare
2281 3365 2358 3420 illi
2383 3374 2409 3403 α
2436 3382 2532 3435 pro
2552 3367 2691 3422 invio
2713 3377 2765 3422 et
2787 3367 2844 3421 in
2871 3367 2960 3422 siti
2992 3369 3278 3435 verterint,
3300 3369 3353 3422 in
3376 3369 3506 3424 Sion
3533 3386 3554 3435 ,-

1947 3473 2104 3515 error
2125 3460 2444 3530 perspicuus
2472 3468 2579 3525 est,
2605 3459 2676 3515 ob
2695 3461 3113 3518 similitudinem
3137 3463 3292 3519 verbi
3323 3477 3476 3519 SAION
3497 3472 3553 3520 et

1947 3569 2065 3610 smn
2092 3555 2274 3624 (Ambo
2292 3554 2444 3628 ινιτ),
2477 3555 2620 3626 quod
2643 3556 2852 3613 eisdem
2893 3557 3141 3626 signatur
3163 3557 3477 3614 clementis.

2022 3648 2436 3723 (Vers.6-—8.)
2463 3647 2530 3702 Et
2552 3647 2707 3717 faciet
2747 3648 3006 3704 Dominus
3035 3651 3352 3704 exercituum
3389 3649 3560 3705 omni.

1951 3740 2043 3794 bus
2063 3742 2272 3814 p0pulis
2288 3742 2342 3796 in
2367 3740 2643 3794 montehoc
2661 3741 2945 3795 convivium
2969 3743 3253 3811 pinguium,
3271 3744 3559 3798 convivium

1951 3833 2255 3888 vindemice:
2285 3833 2553 3906 pinguium
2581 3831 3010 3901 medullatorum,
3037 3833 3308 3889 vindemia:
3327 3835 3556 3899 defcca-

1951 3936 2038 3982 tte.
2066 3925 2134 3981 Et
2158 3925 2500 3997 prwcipitabit
2523 3924 2578 3977 in
2598 3934 2768 3979 monte
2789 3924 2888 3978 isto
2909 3925 3095 3995 faciem
3113 3924 3304 3980 vinculi
3324 3925 3562 4002 colligati

1952 4037 2107 4094 super
2137 4035 2312 4076 omnes
2336 4016 2556 4092 populos
2584 4058 2599 4083 ,
2643 4029 2690 4073 et
2719 4016 2875 4072 telam
2894 4035 3050 4090 quam
3070 4020 3273 4076 orditas
3301 4032 3375 4077 est
3404 4039 3562 4094 super

1954 4132 2130 4171 omnes
2151 4115 2407 4170 nationes.
2421 4112 2493 4169 Et
2515 4112 2857 4187 praecipitabit
2869 4097 3082 4168 mortem
3102 4115 3154 4170 in
3169 4117 3558 4189 sempiternum,
3579 4137 3589 4144 ·

1955 4218 2003 4262 et
2019 4209 2217 4275 auferet
2245 4207 2502 4263 Dominus
2527 4205 2667 4262 Deus
2689 4204 2970 4278 lacrgmam
2987 4207 3050 4262 ob
3064 4208 3205 4262 omni
3227 4209 3383 4278 facie,
3399 4225 3446 4264 et
3473 4226 3567 4284 ap-

1955 4303 2219 4376 probrium
2243 4301 2424 4376 populi
2451 4302 2532 4356 sui
2552 4301 2755 4370 auferet
2776 4303 2838 4356 de
2849 4303 3086 4358 universa
3108 4312 3245 4357 terra
3261 4319 3280 4358 :
3301 4305 3425 4376 quia
3451 4302 3558 4359 Do-

1959 4400 2132 4454 minus
2151 4399 2356 4454 locutus
2370 4406 2468 4452 est.
2485 4395 2626 4452 LXX
2643 4414 2657 4450 :
2681 4396 2750 4451 Et
2769 4398 2923 4467 faciet
2943 4395 3198 4452 Dominus
3218 4397 3446 4453 Sabaoth
3457 4415 3568 4454 ont-

1961 4495 2108 4550 nibus
2125 4493 2362 4568 gentibus
2388 4509 2547 4562 super
2563 4503 2786 4548 montem
2811 4493 2988 4560 istum,
3012 4493 3181 4548 bibent
3207 4493 3466 4563 lwtitiam,
3493 4495 3572 4550 bi-

249 4582 647 4643 transt‘ulerunt
669 4583 784 4654 fiat.
812 4580 880 4637 Et
905 4581 1170 4636 Dominus
1194 4583 1246 4636 in
1269 4577 1560 4652 Evangelio
1587 4593 1730 4647 saepe
1754 4577 1856 4633 hoc
1881 4579 1938 4642 D
1962 4587 2076 4643 (mu
2107 4589 2303 4642 uinum.
2352 4585 2626 4658 Ungentur
2666 4593 2928 4656 unguento
2973 4586 3028 4639 in
3059 4594 3227 4642 monte
3253 4587 3370 4642 isto.
3397 4586 3571 4642 Trade

247 4680 419 4736 verbo
448 4677 620 4733 utitur
646 4691 661 4729 :
695 4674 878 4738 Amen,
903 4690 1075 4742 amen,
1106 4673 1160 4728 id
1190 4684 1294 4738 est,
1320 4689 1456 4740 vere,
1479 4687 1594 4726 vere
1623 4670 1738 4724 dico
1769 4686 1854 4723 vo-

253 4772 328 4826 bis
357 4767 538 4843 (Joan.
571 4783 655 4834 γι,
684 4765 800 4835 54).
824 4766 1006 4834 Quare
1025 4775 1208 4821 autem
1240 4763 1425 4820 laudet
1449 4772 1506 4820 et
1529 4762 1856 4834 conﬁteatur

252 4863 460 4920 namini
484 4861 726 4924 Domini,
756 4867 814 4915 et
833 4874 956 4930 qua:
993 4858 1106 4914 sint
1131 4859 1234 4914 ista
1260 4857 1529 4913 mirabilia
1562 4900 1578 4924 ,
1611 4864 1668 4912 et
1704 4855 1855 4924 cogi-

254 4955 490 5011 taliones
519 4953 764 5022 antiquae
789 4992 805 5015 ,
856 4966 991 5023 quas
1037 4966 1196 5008 veras
1238 4965 1403 5022 opere
1439 4949 1854 5014 demonSIravit,

255 5047 537 5118 sequitur:
593 5044 732 5112 Quia
757 5045 976 5117 posuisti
997 5044 1253 5099 civitatem
1293 5045 1347 5097 in
1377 5044 1650 5105 tumulum,
1683 5042 1861 5097 urbem

257 5145 446 5212 fortem
473 5141 529 5195 in
555 5140 764 5194 ruinam
788 5180 804 5205 ,
835 5139 1050 5192 domum
1073 5137 1366 5194 alienorum
1391 5181 1407 5207 ,
1440 5148 1495 5191 ut
1523 5155 1625 5191 non
1646 5139 1711 5192 sit
1733 5137 1863 5191 ciri-

259 5243 358 5298 tas,
383 5243 431 5288 et
476 5233 531 5287 in
560 5243 815 5288 internum
851 5248 956 5285 non
985 5231 1292 5304 adiﬁtetur.
1344 5229 1553 5286 Civitas
1589 5229 1862 5302 quondam

259 5328 415 5386 fortis
443 5328 760 5386 Jerusalem
812 5309 1190 5398 intelligitur,
1221 5342 1340 5398 quae
1374 5326 1512 5380 facta
1554 5335 1638 5380 est
1677 5325 1867 5380 domus

261 5424 566 5481 alienorum
595 5439 612 5490 ;
644 5422 714 5478 de
742 5422 940 5489 quibus
965 5423 1217 5480 Salvator
1247 5423 1381 5478 dicit
1410 5422 1466 5476 in
1495 5421 1703 5494 psalmo
1729 5437 1743 5476 :
1777 5420 1872 5476 Fi-

265 5518 319 5574 lii
340 5519 502 5576 alieni
524 5515 732 5574 mentiti
761 5526 883 5570 sunt
907 5517 1055 5584 ntilti,
1077 5515 1179 5588 filii
1201 5515 1363 5572 alieni
1391 5517 1798 5572 inveteraverunt
1824 5525 1872 5570 et

1963 4680 2136 4734 omnia
2163 4679 2272 4734 haec
2312 4677 2555 4751 gentibus
2579 4719 2594 4740 ,
2635 4675 2908 4732 consilium
2933 4678 3068 4732 enim
3094 4677 3191 4732 hoc
3231 4695 3384 4748 super
3403 4695 3576 4734 omnis

1961 4784 2132 4849 gentes
2155 4791 2174 4828 :
2202 4773 2466 4828 devoravit
2499 4770 2661 4844 351
2685 4787 2826 4826 mors
2853 4771 3161 4845 praevalens.
3217 4771 3284 4828 Et
3309 4788 3525 4829 rursum
3555 4789 3569 4827 :

1963 4865 2189 4922 Abstulit
2220 4865 2481 4921 Dominus
2512 4864 2652 4920 Deus
2683 4881 2884 4919 ontnem
2919 4864 3205 4938 lacrymam
3236 4865 3300 4920 ab
3325 4868 3463 4920 omni
3495 4870 3578 4938 fa-

1965 4963 2064 5029 cie,
2093 4971 2144 5016 et
2181 4961 2518 5032 opprobrium
2559 4958 2746 5033 populi
2785 4960 2868 5015 sui
2907 4961 3122 5017 abstulit
3142 4961 3204 5015 ab
3231 4963 3370 5016 omni
3409 4969 3570 5015 terra.

1970 5055 2041 5112 Os
2064 5057 2200 5111 enim
2234 5055 2445 5110 Domini
2472 5056 2700 5111 locutum
2729 5065 2823 5111 est.
2857 5056 2962 5114 Pro
2991 5072 3059 5114 eo
3094 5057 3236 5126 qttod
3270 5071 3370 5112 nos
3408 5053 3577 5110 verti-

1965 5166 2109 5212 mus,
2157 5149 2344 5220 faciem
2375 5149 2568 5203 vinculi
2608 5147 2848 5222 colligati
2902 5167 3059 5223 super
3103 5165 3277 5205 omnes
3322 5146 3568 5221 papulas,

1969 5240 2165 5314 Aquila
2187 5242 2584 5312 interpretatus
2606 5251 2713 5307 est,
2733 5242 2920 5312 faciem
2943 5242 3265 5299 tenebrarum
3287 5256 3444 5309 super
3463 5255 3576 5294 om-

1967 5352 2058 5390 nes
2113 5338 2354 5406 populos.
2403 5334 2648 5407 Cumque
2692 5336 2890 5405 Aquila
2936 5337 3020 5393 bis
3049 5335 3302 5390 tenebras
3347 5333 3570 5398 dixerit,

1970 5427 2276 5485 Theodotio
2303 5428 2474 5485 semel
2515 5428 2772 5485 tenebras
2803 5427 3123 5492 nominavit,
3146 5435 3344 5482 ett-tera
3377 5423 3576 5482 simili-

1974 5530 2076 5576 ter.
2103 5521 2208 5576 Pro
2234 5536 2342 5593 quo
2358 5520 2722 5593 Symmachus
2747 5521 3048 5585 transtulit,
3069 5517 3256 5590 faciem
3267 5516 3577 5576 Dominato-

331 5669 357 5699 ι
390 5658 570 5714 Vatic.
616 5657 927 5727 huiusmodi
972 5658 1378 5716 annotationem
1426 5658 1518 5715 hic
1562 5657 1869 5713 interserit:
1910 5654 2352 5719 Praznotandum.
2380 5675 2538 5729 quam
2572 5657 2841 5714 commoda
2871 5659 2946 5729 sit
2991 5655 3230 5729 doctrina
3270 5657 3576 5729 Hieronymi

249 5729 516 5789 Ecclesiae
536 5729 826 5787 Catholica:
858 5745 1038 5804 contra
1058 5730 1378 5789 oblocutores
1397 5735 1536 5802 eius,
1555 5731 1739 5802 quibus
1763 5730 1901 5786 dicta
1939 5731 2103 5803 ipsius
2133 5730 2258 5786 vilia
2294 5727 2550 5788 videntur.
2583 5730 2756 5786 Porro
2781 5727 2918 5786 levia
2944 5727 3192 5802 quaedam
3220 5731 3290 5790 ad
3330 5727 3574 5804 ejusdem

265 5820 366 5864 ms.
396 5806 566 5862 tidem
602 5817 732 5860 ntox
759 5803 1134 5861 emendamus.
