4014 6436
534 300 645 357 995

1782 306 1842 366 S.
1885 305 2159 370 EUSEBII
2187 307 2567 370 HIEBONYMI

3733 325 3822 386 296

540 429 662 469 mus
689 431 704 468 :
731 412 798 470 In
843 411 1070 470 Domino
1093 413 1200 470 Deo
1241 413 1364 488 forti
1397 417 1451 472 in
1475 424 1799 492 perpetuum,
1823 430 1878 476 et
1906 421 2135 493 reliqua.
2167 427 2220 488 Α
2247 433 2354 489 tur,
2385 433 2441 480 et
2466 433 2756 496 propterea
2783 441 2908 485 eam
2949 444 3052 486 suo
3077 433 3310 491 calcavit
3332 444 3386 491 et
3417 435 3567 493 trivit
3603 438 3752 510 pede,
3777 454 3826 499 ut

539 503 647 561 Pro
668 507 897 562 Dotnitto
919 507 1032 563 Deo
1055 507 1203 577 forti,
1229 511 1280 565 in
1307 511 1572 567 Ilebraico
1591 512 1690 567 tria
1711 513 1873 567 habet
1897 518 2138 584 nomina,

537 608 592 654 ιλ
625 604 784 671 (HTD)
804 611 856 654 et
879 616 1072 656 ADONM
1100 607 1199 674 (τιν)
1219 615 1272 658 et
1295 619 1396 659 sua
1415 604 1581 676 (Ἶνῖ),
1611 605 1754 675 quod
1783 607 1932 665 aliud
1963 610 2146 664 invisi-

539 691 714 758 bilem,
737 695 883 749 aliud
908 693 1242 765 ineffabilem,
1259 698 1406 776 aliud
1430 700 1695 756 robustum
1716 715 1894 772 sonat,
1909 719 2138 776 quorum

535 787 772 857 primum
798 792 848 844 in
878 806 1147 848 summa
1194 793 1274 866 (ην
1299 770 1448 868 Ὶδιΐι)
1471 805 1718 853 extrema
1750 770 1956 872 syllaba
1984 805 2140 872 poni-

538 886 646 934 tur.
681 879 750 936 Et
781 881 881 936 hoc
908 882 1146 952 diligens
1178 885 1353 943 lector
1378 890 1657 960 observet,
1691 893 1835 964 quod
1865 893 2139 951 interdum

535 979 742 1030 textum
773 974 825 1030 in
857 977 1233 1047 prepositione
1281 981 1581 1038 testimonii
1613 985 1923 1042 dividamus
1961 1005 1974 1041 :
2008 1004 2141 1056 quo-

535 1066 682 1122 niam
707 1066 871 1121 alium
896 1067 1042 1124 LXX
1067 1069 1256 1138 editio,
1282 1083 1335 1127 et
1363 1073 1530 1129 alium
1559 1090 1628 1132 ex
1665 1076 1896 1133 Hebraeo
1916 1079 1983 1134 ad
2012 1097 2140 1136 ver-

534 1159 664 1218 bum
696 1178 960 1234 expressa
992 1166 1276 1222 translatio
1329 1168 1499 1225 efﬁcit
1545 1185 1788 1227 sensum.
1841 1175 1984 1230 Dicit
2011 1192 2141 1248 ergo

537 1252 810 1322 Proiuheta
846 1273 859 1310 :
886 1255 1105 1330 Sperate
1133 1259 1190 1312 in
1219 1256 1444 1314 Domino
1474 1262 1527 1315 in
1559 1265 1766 1319 stcculis
1818 1268 2021 1321 azternis
2046 1283 2066 1322 :
2088 1269 2141 1322 in

539 1347 764 1402 Domino
792 1347 905 1404 Deo
928 1351 1055 1421 forti
1084 1351 1136 1404 in
1163 1362 1484 1425 perpetuum,
1510 1357 1672 1426 cujus
1693 1358 1960 1414 auxilium
1997 1375 2142 1416 sem-

535 1439 808 1512 piternum
835 1439 946 1499 est.
974 1444 1096 1514 Ipse
1117 1446 1264 1499 enim
1292 1446 1605 1502 incurvabtt
1631 1448 1939 1506 habitantes
1973 1451 2024 1506 in
2047 1467 2141 1508 ex-

535 1538 706 1602 celso,
737 1539 860 1609 quia
907 1539 1088 1594 omnis
1135 1537 1228 1610 qui
1267 1555 1326 1595 se
1375 1541 1580 1597 exaltat
1609 1543 2019 1611 humili-bitur;
2048 1546 2139 1614 qui

533 1640 746 1703 patrem
771 1632 1046 1688 Abraham
1073 1647 1132 1688 se
1157 1633 1362 1691 habere
1388 1635 1695 1706 jactabaut,
1720 1649 1777 1693 et
1807 1641 1859 1694 in
1879 1643 2140 1711 suggilla-

535 1724 741 1780 tionem
771 1724 983 1780 Domini
1019 1727 1418 1797 loquebantur:
1451 1727 1562 1784 Nos
1579 1731 1644 1785 de
1664 1731 2009 1801 fornicatione
2030 1734 2140 1787 uati

2245 518 2572 588 quicumque
2595 534 2694 589 per
2721 535 2842 577 eam
2875 523 3113 579 voluerit
3137 527 3442 596 ambulare,
3464 544 3631 586 cursu
3661 533 3825 588 ambu-

2245 607 2321 664 let
2344 610 2629 667 inoll‘enso.
2650 613 2708 668 In
2734 613 2836 670 hac
2856 615 3050 672 semita
3075 617 3406 688 judiciorum
3432 623 3670 690 Domini,
3687 628 3827 683 susti-

2245 714 2482 760 ttueruut
2513 721 2638 762 eum
2666 711 2864 777 sancti,
2894 721 2950 766 et
2970 725 3332 782 sperat-erunt
3362 716 3415 772 in
3447 732 3538 785 eo,
3569 719 3696 789 quia
3723 735 3826 791 spes

2245 811 2352 852 non
2375 798 2679 855 confundit.
2712 802 2778 858 Et
2799 819 3000 860 nomen
3033 805 3180 862 illius
3209 818 3266 863 et
3297 810 3624 867 memoriale
3654 812 3830 869 habue-

2243 901 2372 946 runt
2391 891 2445 946 in
2476 892 2753 949 desiderio
2779 897 2998 964 animae,
3027 897 3272 955 dicentes
3302 918 3318 957 :
3344 899 3656 972 Concupivit
3683 906 3830 962 animo

2245 999 2358 1038 mea
2376 983 2673 1041 desiderare
2685 986 2895 1060 judicia
2915 999 3007 1043 tua
3031 993 3082 1043 in
3113 993 3252 1046 omni
3278 1001 3507 1064 tempore
3527 993 3651 1065 (Ps.
3669 1009 3828 1063 cxvnt,

2243 1073 2360 1146 20);
2390 1084 2448 1132 et
2477 1079 2672 1133 iterum
2697 1095 2711 1134 :
2735 1079 3013 1136 Desiderat
3035 1083 3213 1139 anima
3237 1101 3368 1154 mea,
3398 1094 3443 1141 et
3471 1085 3666 1156 defecit
3692 1089 3740 1143 in
3763 1105 3830 1143 sa-

2243 1166 2406 1222 lutari
2428 1177 2517 1223 tuo
2541 1167 2708 1241 (Ibid.
2743 1173 2854 1244 sl).
2877 1174 2980 1242 Qui
3013 1185 3193 1230 autem
3219 1193 3422 1234 nomen
3452 1178 3666 1236 Domini
3697 1181 3832 1238 habet

2243 1258 2298 1314 in
2329 1260 2628 1328 desiderio,
2656 1264 2805 1320 aliud
2836 1279 2941 1321 non
2969 1265 3268 1324 desiderat.
3297 1269 3366 1327 Et
3394 1270 3498 1327 hoc
3528 1273 3829 1340 notandum,

2243 1351 2390 1423 quod
2419 1354 2750 1410 desiderium
2778 1357 2989 1414 Domini
3023 1376 3130 1416 non
3162 1360 3217 1416 in
3245 1377 3413 1421 carne
3433 1364 3525 1431 sit,
3539 1365 3640 1421 sed
3664 1367 3717 1420 in
3737 1368 3831 1422 ani-

2245 1461 2328 1500 ma
2340 1488 2354 1512 ,
2359 1447 2510 1516 juxta
2526 1447 2654 1502 illud
2669 1449 2814 1519 quod
2831 1451 2883 1505 in
2901 1452 3012 1508 alio
3027 1455 3234 1524 psalmo
3258 1456 3492 1527 legimus
3507 1475 3522 1513 :
3537 1458 3719 1513 Silivit
3737 1463 3831 1514 ani-

2245 1553 2329 1591 ma
2349 1555 2459 1592 mea
2477 1538 2547 1591 ad
2574 1539 2760 1607 Deum,
2785 1543 2994 1612 fortem,
3021 1544 3321 1620 eivum(Ps.
3338 1564 3410 1615 LI,
3426 1547 3507 1621 "2).
3527 1547 3675 1606 Caro
3707 1552 3829 1609 enim

2243 1631 2585 1701 concupiscit
2615 1635 2880 1691 adversus
2907 1637 3185 1707 spiritum,
3229 1651 3285 1695 et
3316 1643 3544 1711 spiritus
3583 1645 3829 1702 adversus

2244 1738 2463 1779 carnem
2480 1723 2767 1799 (δαισιν).
2779 1729 2902 1786 lltee
2915 1733 3062 1786 enim
3077 1733 3180 1788 sibi
3197 1734 3438 1791 invicem
3461 1737 3828 1807 adversantur,

534 1833 640 1872 ηοη
665 1834 842 1872 sumus
887 1817 1069 1889 (Joan.
1098 1835 1215 1881 vm.
1243 1819 1360 1891 41).
1394 1822 1516 1892 Ipse
1542 1826 1823 1879 civitatem
1848 1826 2137 1881 sublimem
2170 1833 2216 1894 Β
2246 1833 2314 1874 ne
2341 1834 2460 1890 qua:
2491 1821 2766 1888 volumus,
2801 1824 2892 1879 illa
2923 1824 3204 1884 faciamus.
3255 1829 3526 1900 Quodque
3554 1837 3828 1906 sequitur:

530 1909 862 1975 hutniliabit,
892 1923 952 1967 ut
969 1911 1142 1968 Judaei
1168 1923 1376 1983 putant,
1400 1917 1626 1972 Romam
1645 1915 1752 1990 [ΑΙ.
1785 1919 2125 1992 Romanam]:

533 2014 594 2059 ut
625 2020 722 2059 nos
754 2003 960 2060 rectius
985 2019 1107 2060 esse
1129 2005 2016 2082 convincimus,Jerusaletn,quae
2044 2027 2136 2067 oc-

534 2099 1002 2169 ciditProphetas,
1025 2110 1080 2156 et
1101 2100 1364 2169 lapidavit
1385 2117 1484 2157 eos
1500 2105 1591 2175 qui
1615 2104 1680 2158 ad
1705 2120 1767 2161 se
1785 2105 1933 2160 missi
1958 2116 2134 2172 erant,

531 2201 588 2248 et
617 2193 686 2247 ad
723 2201 1029 2248 extremum
1081 2192 1494 2264 patrisfamilias
1542 2177 1817 2254 interfecit
1863 2199 2050 2265 lilium,
2080 2211 2140 2256 ut

531 2284 752 2342 hterede
777 2287 1049 2358 jugulato,
1087 2288 1296 2358 periret
1345 2290 1638 2347 hat-reditas
1669 2292 1822 2360 (Luc.
1855 2294 1998 2365 xm).
2029 2294 2139 2352 Nec

531 2391 760 2436 vocatur
803 2380 1022 2448 civitas,
1055 2399 1178 2451 quia
1225 2383 1334 2457 [Αἰ.
1372 2384 1487 2458 qui]
1531 2385 1798 2443 Hebraice
1837 2389 2039 2444 dicitur
2084 2405 2139 2445 ut

531 2474 691 2545 (τω),
725 2474 822 2530 sed
861 2490 1021 2532 casu
1053 2477 1219 2550 (mn;
1251 2493 1415 2548 quam
1444 2480 1638 2550 Aquila
1687 2482 1940 2554 πολίχνην
1967 2483 2139 2539 inter-

529 2577 776 2638 pretatus
805 2579 911 2628 est.
944 2583 1106 2638 quant
1140 2583 1260 2635 nos,
1285 2570 1373 2625 vel
1403 2571 1746 2640 civitatulam,
1780 2579 1861 2628 vel
1889 2574 2134 2643 viculum,

529 2659 616 2715 vel
645 2658 957 2730 Oppidulum
1003 2676 1296 2732 poswmus
1350 2662 1557 2731 dicere,
1613 2672 1672 2721 et
1718 2665 2034 2735 frequenter
2083 2672 2135 2724 in

531 2754 833 2823 Scripturis
867 2756 968 2810 hoc
999 2757 1224 2812 nomine
1260 2758 1574 2828 appellatur
1623 2758 1952 2817 Jerusalem.
2012 2762 2140 2818 Pul-

529 2845 773 2914 chreqne
823 2845 1102 2916 duplicem
1147 2848 1508 2904 humilitatem
1547 2855 1766 2922 posuit:
1803 2851 2133 2923 Humiliabit,

529 2937 822 2994 humiliabit
859 2955 997 3004 eam,
1020 2942 1255 3010 primum
1280 2944 1384 2997 sub
1407 2942 1740 3016 Babyloniis,
1767 2947 1981 3012 quando
2001 2956 2136 3004 tem-

529 3036 676 3106 plum
697 3033 1035 3090 destructum
1057 3048 1165 3103 est,
1180 3037 1424 3093 secundo
1449 3041 1552 3094 sub
1572 3037 1696 3093 Tito
1711 3052 1766 3096 et
1782 3039 2130 3111 Vespasiano,

529 3126 686 3198 cujus
708 3126 864 3182 ruina
887 3143 1057 3199 usque
1079 3129 1132 3184 itt
1157 3129 1318 3186 ﬁnem
1345 3141 1648 3202 permanet.
1665 3130 1999 3188 Conculcabit
2021 3151 2135 3189 eam

2237 1908 2306 1964 In
2338 1919 2506 1980 nocte,
2524 1913 2679 1983 juxta
2708 1915 2873 1982 LXX,
2891 1924 3136 1989 sequenti
3157 1921 3400 1992 capitulo
3415 1923 3684 1997 jungitur,
3704 1927 3831 1994 iuxta

2239 2002 2567 2060 Hebraicnm
2613 2009 2802 2077 priori.
2837 2009 2936 2066 llle
2961 2022 3144 2068 autem
3180 2023 3362 2085 potest
3389 2016 3572 2074 dicere
3622 2019 3831 2075 :Aninta

2242 2113 2355 2152 mea
2385 2098 2697 2155 desideravit
2720 2112 2768 2157 te
2791 2103 2846 2157 in
2888 2116 3056 2171 nocte,
3087 2109 3178 2178 qui
3203 2125 3326 2164 cum
3350 2109 3642 2168 Psalmista
3672 2115 3830 2187 loqui-

2233 2197 2331 2256 tur
2367 2191 2973 2252 conlideuter:Lavabo
3021 2215 3113 2270 per
3160 2201 3396 2275 singulas
3446 2215 3622 2260 noctes
3662 2209 3830 2262 lectum

2242 2299 2430 2353 meum,
2458 2286 2514 2340 in
2555 2288 2798 2360 lacrymis
2836 2301 3059 2346 stratum
3099 2311 3267 2349 meum
3299 2297 3478 2370 rigabo
3513 2298 3633 2373 (Ps.
3659 2317 3733 2369 vt,
3763 2304 3827 2374 7).

2241 2378 2425 2437 Patest
2447 2398 2550 2438 nox
2575 2393 2630 2440 et
2663 2386 2924 2451 tenebrzr,
2954 2404 3054 2458 pro
3097 2392 3448 2450 tribulatione
3489 2405 3546 2452 et
3583 2398 3829 2469 angustiis

2239 2475 2434 2542 accipi.
2471 2475 2624 2533 Unde
2644 2489 2700 2534 et
2725 2479 2778 2534 in
2818 2481 2926 2537 alio
2954 2484 3163 2552 psalmo
3191 2501 3358 2555 super
3375 2489 3509 2558 justi
3545 2493 3829 2549 securitate

2238 2564 2407 2638 3&8
2436 2568 2712 2640 Propheta
2757 2572 3013 2629 decantat
3045 2592 3058 2630 :
3092 2575 3198 2631 Per
3222 2577 3364 2633 diem
3390 2581 3470 2635 sol
3499 2599 3605 2638 non
3637 2597 3747 2639 uret
3767 2593 3826 2651 te,

2239 2676 2404 2731 neque
2429 2662 2558 2716 luna
2606 2680 2698 2733 per
2743 2677 2945 2722 noctem
2990 2666 3112 2739 (Ps.
3143 2686 3270 2740 cxx,
3303 2674 3386 2742 6),
3417 2673 3472 2730 id
3499 2685 3602 2742 est,
3648 2693 3745 2734 nec
3783 2679 3826 2733 in

2240 2754 2542 2823 prOSpetis,
2568 2771 2668 2812 nec
2697 2755 2752 2814 in
2775 2758 3026 2817 adversis
3058 2779 3295 2836 unquam
3327 2765 3398 2823 de
3430 2778 3521 2823 tuo
3543 2771 3828 2829 morehetls

2238 2848 2433 2918 gradu.

2311 2939 2419 2995 Sed
2447 2949 2492 2994 et
2516 2942 2704 3013 spiritu
2741 2959 2852 2999 meo
2889 2946 2943 3001 in
2959 2949 3264 3019 prwcordiis
3287 2953 3435 3020 meis,
3457 2955 3522 3010 de
3545 2971 3698 3012 mane
3713 2958 3826 3031 rigi-

2237 3032 2354 3088 labo
2377 3035 2445 3089 ad
2472 3043 2541 3091 te.
2570 3035 2712 3092 LXX
2737 3056 2750 3094 :
2781 3036 2862 3093 De
2896 3051 3044 3096 nocte
3069 3045 3332 3117 consurgit
3367 3048 3586 3119 spiritus
3613 3067 3750 3106 meus
3770 3051 3829 3106 ad

2235 3136 2305 3193 te,
2328 3125 2472 3184 Deus
2495 3145 2514 3183 :
2536 3131 2658 3199 quia
2678 3130 2772 3186 tua:
2800 3133 3008 3203 judicia
3036 3143 3128 3190 tua
3165 3153 3322 3210 super
3342 3147 3554 3197 terram.
3592 3144 3828 3200 Volumus

531 3237 640 3290 pes,
674 3221 985 3292 repetitiue
1023 3234 1077 3278 et
1108 3224 1326 3294 copulat
1367 3225 1521 3295 pedes
1560 3228 1826 3297 pauperis,
1861 3225 2000 3282 haud
2032 3227 2128 3282 du-
2160 3228 2206 3293 C
2238 3221 2641 3280 etHebraicum
2671 3228 2847 3297 sequi,
2870 3239 2926 3283 et
2956 3229 3246 3301 Vulgatam
3274 3233 3573 3293 editionem
3618 3256 3719 3295 non
3749 3257 3828 3310 pec

527 3316 676 3372 bium
716 3315 848 3387 quin
877 3313 1104 3371 Chrisu.
1135 3317 1207 3372 De
1233 3331 1344 3387 quo
1372 3328 1432 3373 et
1450 3334 1613 3388 supra
1642 3317 1882 3373 diximus
1905 3335 1921 3374 :
1941 3317 2136 3374 Factus

529 3421 606 3467 est
635 3411 887 3484 fortitudo
918 3410 1173 3482 pauperi;
1203 3410 1456 3482 fortitudo
1521 3428 1680 3482 egeno
1715 3412 1771 3466 itt
1802 3411 2137 3467 tribulatione

529 3523 644 3562 sua.
698 3506 933 3563 Gressus
984 3520 1308 3575 egenorum,
1332 3504 1722 3576 Aposwlorum
1776 3505 2004 3572 scilicet,
2042 3507 2136 3578 qui

528 3599 806 3656 imitantes
855 3598 1074 3653 Domini
1126 3608 1529 3668 paupertatem,
1579 3600 1742 3654 etiam
1772 3597 1987 3654 virtutis
2017 3601 2135 3669 ejus

526 3693 873 3764 privilegium
900 3691 1184 3747 consecuti
1212 3702 1368 3757 sunt;
1401 3691 1490 3760 qui
1524 3707 1633 3746 non
1687 3693 1914 3762 recepti,
1941 3707 2135 3748 excus-

527 3795 718 3842 serunt
749 3799 915 3856 super
943 3799 1063 3839 eam
1094 3783 1374 3854 pulverem
1406 3781 1604 3854 pedum
1635 3798 1880 3838 suorum.
1913 3783 1982 3839 Et
2005 3785 2131 3855 quia

527 3876 691 3952 347
711 3876 1018 3934 Salvatoris
1047 3877 1247 3932 dicitur
1273 3877 1477 3942 verbis,
1504 3875 1687 3932 Omnis
1715 3879 1804 3950 qui
1839 3894 1893 3932 se
1915 3877 2126 3944 exultat,

528 3972 886 4027 Itumitiabitur
913 3986 933 4026 :
960 3978 1007 4024 et
1027 3971 1120 4040 qui
1145 3986 1200 4026 se
1225 3969 1984 4042 humiliat,exaltabitur(Luc.
2014 3987 2128 4039 xtv,

529 4065 644 4137 il),
679 4079 786 4120 non
817 4065 998 4120 solum
1047 4067 1151 4120 hoc
1190 4065 1258 4120 ad
1305 4066 1578 4132 homines,
1607 4065 1703 4121 sed
1732 4065 1799 4120 ad
1827 4066 2130 4122 contrarias

525 4170 744 4228 quoque
788 4155 1136 4211 fortitudines
1182 4157 1391 4212 referre
1420 4170 1734 4226 possumus.
1769 4154 1928 4212 Juxta
1960 4155 2126 4222 LXX,

527 4246 719 4302 laudes
741 4247 856 4302 Deo
876 4247 1150 4317 Propheta
1174 4247 1452 4313 decantat,
1475 4248 1620 4318 quod
1639 4263 1832 4304 omnes
1863 4252 2129 4320 superbos

527 4340 798 4406 humiliet,
830 4350 887 4396 et
918 4341 1305 4396 universarum
1332 4342 1552 4398 urbium
1591 4344 1924 4398 munimenta
1955 4359 2128 4415 usque

528 4435 596 4490 ad
621 4435 798 4491 solum
820 4433 1026 4501 diruat,
1058 4446 1116 4490 et
1151 4445 1463 4491 sanctorum
1494 4450 1557 4492 ea
1587 4436 1909 4507 miliumque
1940 4445 1995 4492 et
2021 4435 2121 4490 ltu-

530 4527 738 4584 milium
765 4527 982 4583 calcent
1001 4525 1186 4598 pedes.

2239 3318 2388 3373 nitus
2427 3321 2734 3388 praeterire,
2768 3332 2824 3377 et
2855 3324 2956 3378 hac
2983 3341 3163 3381 rerum
3203 3331 3535 3388 necessitate
3559 3335 3825 3404 compelli~

2238 3425 2363 3464 mur
2384 3409 2605 3467 diverso
2624 3412 2844 3481 ordine,
2875 3426 3043 3486 atque
3071 3434 3327 3476 sermone
3370 3422 3619 3480 diversas
3645 3426 3825 3482 intelli-

2234 3505 2452 3575 gentias
2481 3521 2751 3575 quaerere.
2783 3508 2951 3580 Igitur
2976 3513 3119 3580 quod
3141 3513 3363 3581 dicitur,
3397 3515 3463 3571 de
3489 3529 3662 3585 nocte,
3685 3521 3823 3589 juxta

2237 3595 2900 3671 LXX,hujnscapituli,ut
2923 3603 3181 3671 diximus,
3197 3608 3529 3680 principium
3552 3621 3638 3668 est
3657 3613 3823 3684 :juxta

2238 3691 2588 3761 llebraicum,
2624 3695 2746 3750 ﬁnis
2767 3697 3105 3768 superioris;
3135 3700 3264 3757 licet
3295 3703 3471 3772 possit
3499 3707 3665 3762 etiam
3689 3707 3821 3778 juxta

2235 3785 2380 3842 LXX
2407 3787 2460 3843 itt
2492 3789 2598 3845 line
2636 3791 2813 3862 accipi
2843 3793 3148 3863 superioris
3179 3797 3502 3868 testimonii,
3545 3811 3605 3856 ut
3628 3803 3822 3857 sitseno

2233 3895 2328 3937 sus
2359 3899 2374 3935 :
2405 3881 2690 3939 Desiderat
2710 3883 2888 3939 anima
2923 3902 3040 3943 mea
3062 3887 3130 3943 ad
3161 3898 3212 3946 te
3242 3903 3434 3958 nocte;
3465 3904 3523 3950 et
3546 3907 3724 3966 postea
3751 3897 3821 3950 in-

2232 3975 2419 4046 cipiat.
2457 3991 2619 4033 mane
2661 3979 2948 4050 consurgit
2985 3981 3212 4050 ερίτίιιιε
3259 4000 3414 4041 meus
3442 3987 3510 4042 ad
3567 3997 3637 4054 te,
3673 3988 3814 4044 Deus.

2233 4067 2364 4124 ldco
2391 4080 2572 4125 autem
2602 4087 2761 4128 mane
2805 4076 3111 4144 consurgit,
3141 4077 3264 4146 quia
3299 4079 3392 4134 lux
3447 4092 3714 4152 praecepta
3743 4093 3817 4136 tua

2232 4175 2399 4234 super
2421 4171 2642 4218 terram.
2675 4165 2914 4222 Servaus
2935 4168 3082 4223 enim
3117 4170 3370 4226 mandata
3403 4183 3516 4242 tua,
3549 4183 3606 4230 et
3639 4174 3818 4230 illumi-

2232 4264 2394 4311 natus
2425 4271 2616 4312 eorum
2643 4257 2870 4328 lumine,
2899 4260 2969 4316 de
2997 4261 3198 4332 quibus
3239 4261 3479 4322 dicitur:
3511 4264 3815 4340 Prccepttuu

2233 4348 2443 4404 Domini
2473 4349 2730 4420 Incidunt,
2753 4353 3056 4408 illuminans
3078 4357 3253 4410 oculos
3276 4355 3400 4427 (Ps.
3429 4374 3585 4426 xvm,
3607 4357 3683 4430 9),
3707 4360 3814 4415 dor-

2231 4443 2370 4499 mire
2414 4458 2652 4514 nequeo,
2683 4445 2779 4501 sed
2811 4446 2960 4502 omni
2993 4455 3241 4525 tempore
3265 4459 3318 4504 te
3346 4449 3684 4515 desiderans,
3712 4466 3813 4506 tneo

2229 4535 2298 4590 ad
2330 4545 2383 4591 te
2407 4550 2684 4610 consurgo
2707 4539 2926 4609 spiritu.
2953 4539 3020 4595 Et
3041 4539 3144 4597 hoc
3168 4541 3596 4612 observandum,
3618 4545 3750 4616 quod
3769 4543 3812 4599 in

597 4620 781 4693 (Vers.
815 4619 961 4692 7-9.)
995 4620 1193 4676 Semita
1217 4622 1352 4694 justi
1382 4633 1522 4677 recta
1549 4631 1656 4688 est,
1680 4630 1848 4678 rectus
1868 4621 2016 4678 callis
2031 4624 2124 4695 ju-
2152 4626 2202 4686 D
2231 4639 2387 4686 nocte
2433 4630 2614 4687 adhuc
2661 4633 2846 4703 positi,
2872 4634 3060 4690 animo
3088 4635 3473 4694 desideremus
3519 4639 3810 4697 Dominum.

526 4715 595 4772 sti
631 4713 701 4769 ad
730 4713 1103 4770 ambulandum
1133 4731 1152 4768 :
1180 4723 1227 4769 et
1256 4715 1310 4770 in
1339 4717 1518 4770 semita
1544 4714 1867 4786 judiciorum
1896 4726 2124 4782 tuorum,

526 4808 770 4878 Domine,
815 4810 1158 4865 sustinuimus
1203 4817 1270 4876 te,
1303 4825 1486 4864 nomen
1537 4820 1684 4864 tuum
1733 4819 1782 4864 et
1829 4810 2126 4866 memoriale

523 4913 670 4960 tuum
689 4906 742 4960 in
766 4902 1023 4960 desiderio
1051 4907 1240 4958 anima:
1266 4917 1286 4957 :
1307 4904 1479 4958 anima
1507 4920 1622 4958 mea
1661 4902 1972 4960 desideravit
1999 4914 2047 4960 te
2070 4905 2124 4960 in

523 5009 690 5056 nocte.
725 4997 866 5054 LXX
899 5015 912 5052 :
953 4996 1054 5052 Via
1089 4999 1356 5068 justorum
1383 5010 1544 5063 recta,
1567 5009 1705 5054 recta
1753 5001 1895 5072 facta
1939 5009 2014 5056 est
2042 5001 2122 5057 via

510 5094 797 5165 justorum,
828 5100 875 5144 et
922 5099 1239 5163 prtrparata.
1281 5088 1377 5144 Via
1406 5091 1542 5144 enim
1581 5090 1790 5146 Domini
1822 5165 1825 5167 _
1830 5091 2115 5165 judicium,

517 5184 834 5257 speravimus
854 5184 909 5237 in
932 5185 1139 5239 nomine
1159 5194 1249 5238 tuo
1275 5200 1294 5237 :
1314 5185 1430 5238 etin
1460 5185 1707 5238 memoria
1728 5201 1882 5250 quam
1909 5186 2115 5241 deside-

514 5292 598 5339 rat
624 5283 800 5338 anima
821 5291 1020 5338 nostra.
1038 5280 1229 5336 Adhuc
1243 5280 1515 5352 Propheta
1537 5281 1604 5335 de
1615 5279 1836 5337 Christo
1855 5281 2114 5353 loquitur,

513 5375 586 5432 de
615 5391 724 5445 quo
772 5390 936 5446 supra
990 5371 1248 5429 dixerat:
1281 5369 1613 5426 Conculcabit
1650 5389 1764 5426 eam
1811 5389 1916 5440 pes.
1962 5373 2116 5444 pedes

512 5470 782 5541 pauperis.
813 5467 987 5535 llnjus
1023 5479 1156 5535 ergo
1180 5463 1315 5533 justi
1343 5464 1536 5518 semita
1580 5479 1728 5520 reeta
1757 5477 1861 5532 est,
1893 5466 2027 5532 sive,
2057 5473 2118 5521 ut

511 5564 738 5632 verbum
773 5576 972 5616 novum
1018 5558 1240 5629 ﬁngam,
1268 5556 1622 5623 rectitudines,
1646 5573 1783 5629 quas
1811 5558 1984 5614 Graeci
2013 5574 2112 5614 vo-

512 5666 640 5714 cant
667 5659 967 5720 ιύθύτητας.
996 5665 1052 5712 et
1100 5669 1201 5710 nos
1248 5653 1518 5724 tenuitates
1545 5653 1792 5709 Latinius
1825 5669 2115 5724 possumus
2156 5709 2158 5712 ,

511 5751 814 5822 appellare,
843 5751 1208 5821 dicunturque
1238 5748 1504 5806 Hebraice
1540 5763 1806 5805 MESSARII
1843 5751 2113 5822 (Dawn).

507 5839 572 5903 In
603 5857 707 5900 una
737 5842 904 5914 igitur
923 5840 1121 5898 Citriin
1153 5842 1353 5898 semita
1373 5856 1564 5899 omnes
1585 5840 1813 5914 justitiae
1833 5844 2113 5914 reperiun-

2229 4721 2524 4794 Postquam
2549 4732 2732 4781 autem
2752 4729 2976 4797 spiritus
3004 4741 3193 4787 noster
3209 4731 3262 4786 in
3287 4733 3612 4803 praecordiis
3634 4733 3813 4790 nostris

2227 4824 2338 4872 tota
2370 4832 2432 4874 se
2455 4818 2520 4873 ad
2546 4819 2715 4876 Deum
2741 4833 2925 4879 mente
2953 4827 3339 4892 commoverit.
3363 4843 3524 4884 mane
3552 4829 3814 4900 vigilemus

2224 4912 2291 4968 ad
2323 4928 2469 4978 eum,
2496 4925 2661 4985 atque
2699 4925 2757 4972 ut
2787 4917 3129 4986 manifestius
3159 4919 3362 4984 dicam,
3389 4922 3616 4990 animae,
3645 4939 3745 4980 nos
3771 4927 3818 4977 ct

2223 5005 2582 5074 desiderium,
2607 5009 2832 5081 spiritui
2859 5023 3042 5068 autem
3074 5029 3237 5070 mane
3260 5015 3512 5088 jungitur
3535 5031 3593 5074 et
3615 5018 3816 5090 vigiliae.

2223 5099 2395 5157 Porro
2414 5103 2610 5172 Spiritu
2636 5105 2687 5159 in
2714 5097 3034 5176 praecordiis
3059 5109 3175 5163 suis
3199 5109 3420 5180 evigilat
3441 5111 3508 5166 ad
3535 5111 3818 5182 Deum,qni

2221 5201 2400 5263 potest
2449 5193 2635 5252 dicere
2667 5213 2681 5252 :
2715 5195 2798 5253 De
2824 5200 3101 5271 profundis
3135 5201 3355 5258 clamavi
3398 5205 3468 5258 ad
3513 5214 3584 5273 te,
3614 5205 3820 5260 Domine

2220 5283 2344 5355 (Ps.
2377 5301 2566 5354 cxxnx,
2595 5288 2675 5362 l).

2289 5379 2470 5449 (Vers.
2502 5381 2756 5456 10.)Cum
2778 5385 2962 5453 feceris
2970 5387 3176 5461 judicia
3197 5401 3289 5446 tua
3311 5391 3366 5447 in
3390 5401 3553 5456 terra.
3567 5394 3819 5469 justitiam

2216 5470 2414 5527 discent
2439 5473 2751 5532 habitatores
2773 5479 2932 5534 orbis.
2967 5479 3310 5539 Misereamur
3327 5483 3511 5557 impio,
3532 5497 3705 5542 etnon
3719 5486 3818 5540 dis-

2219 5576 2297 5621 cet
2309 5569 2594 5638 justitiam,
2625 5571 2680 5625 in
2707 5581 2847 5629 terra
2872 5586 3171 5630 sanctorum
3193 5577 3372 5648 inique
3397 5580 3525 5651 egit,
3542 5591 3594 5636 et
3623 5597 3720 5635 non
3749 5579 3817 5632 si-

2218 5657 2357 5712 debit
2395 5659 2617 5731 gloriam
2657 5660 2894 5718 Domini.
2950 5664 3095 5721 LXX
3127 5686 3140 5722 :
3173 5667 3440 5724 Justitiam
3485 5671 3684 5736 discite,
3734 5667 3816 5739 qui

2217 5750 2464 5809 habitatis
2494 5771 2652 5824 super
2695 5766 2906 5814 terram.
2949 5755 3177 5815 Cessavit
3203 5763 3338 5817 enim
3380 5763 3594 5830 impius,
3630 5774 3678 5819 et
3719 5777 3816 5816 non

2217 5847 2378 5904 discet
2401 5848 2652 5915 iustitiam
2679 5867 2840 5922 super
2871 5861 3085 5922 terram,
3117 5856 3378 5913 veritatem
3406 5873 3509 5912 non
3533 5857 3702 5928 faciet,
3725 5869 3813 5907 au-
