4014 6436
198 288 293 347 297

198 498 412 568 primum
430 502 579 569 juxta
608 504 959 582 Hrbraicnm,
984 498 1039 572 et
1065 520 1110 574 si
1130 535 1349 580 sensum
1373 527 1661 600 Propheta:
1686 550 1783 592 vo-

194 587 436 646 luerimus
453 597 790 668 exprimere,
820 613 948 663 tunc
976 610 1043 664 ad
1071 612 1213 670 LXX
1236 616 1571 690 Interpretes
1600 636 1774 685 trans-

194 696 383 739 eamus.
416 686 687 753 Quamdiu
725 711 832 751 non
862 714 1090 759 exerces
1117 705 1322 776 judicia
1358 722 1445 769 tua
1476 730 1643 787 super
1673 731 1782 777 ter-

191 788 315 840 ram,
344 786 398 833 et
437 796 535 837 nec
580 785 739 843 bonis
783 790 947 862 bona,
975 812 1075 853 nec
1106 801 1264 857 ntalis
1309 808 1567 865 retribuis
1611 816 1777 883 mala,

185 871 370 941 justitia
401 883 513 944 tua,
538 894 572 934 ο
600 880 827 942 Domine
859 890 1022 959 Deus,
1055 895 1339 965 ignoratur
1370 902 1423 958 in
1449 914 1612 963 terra.
1642 907 1775 966 Cum

187 973 350 1022 autem
376 967 429 1023 in
452 971 648 1039 judicii
671 976 759 1032 die
786 996 882 1049 pro
908 987 1172 1056 qualitate
1202 1008 1433 1063 operum
1484 1003 1779 1074 unicuique

187 1056 469 1118 reddideris
500 1068 649 1131 quod
675 1086 938 1145 meretur,
963 1087 1091 1136 tunc
1112 1081 1330 1151 justitia
1360 1101 1452 1146 tua
1480 1107 1778 1166 cognosce-

187 1159 259 1205 tur
278 1153 327 1207 in
349 1156 481 1213 orbe
514 1168 807 1235 terrarum,
834 1185 956 1241 qua
985 1173 1150 1249 349
1171 1180 1324 1248 prius
1347 1185 1490 1255 apud
1523 1153 1775 1247 incredu-

184 1242 253 1298 los
281 1245 565 1307 videbatur
590 1253 819 1326 injusta,
852 1262 925 1318 ita
957 1242 1026 1320 ut
1046 1242 1185 1325 in};
1218 1242 1531 1334 sanctorum
1560 1298 1778 1356 quoque

185 1337 371 1397 diceret
406 1360 419 1396 :
455 1345 564 1401 Mei
593 1362 767 1408 autem
796 1372 925 1426 pene
954 1363 1080 1416 moti
1106 1375 1226 1419 sunt
1255 1370 1432 1440 pedes,
1466 1391 1595 1447 pene
1621 1378 1776 1446 e/fusi

181 1443 286 1485 sunt
313 1451 517 1505 gressus
546 1443 647 1497 mei
669 1460 689 1499 .·
724 1452 969 1516 quoniam
995 1456 1199 1514 zelatus
1226 1478 1341 1517 sunt
1371 1482 1527 1538 super
1556 1471 1772 1544 iniquis,

182 1542 338 1596 pacem
367 1544 703 1615 peccatorum
726 1541 906 1599 videns
935 1546 1055 1619 (Ps.
1091 1566 1269 1623 Lxxtt,
1293 1556 1375 1627 2).
1402 1560 1484 1614 Ad
1513 1541 1656 1633 quod
1682 1582 1771 1622 re-

182 1623 378 1689 Spondit
409 1625 679 1689 Dominus
711 1651 724 1689 :
757 1635 1319 1720 Misereamurimpio;
1351 1656 1496 1725 quod
1530 1661 1773 1731 exceptis

183 1711 533 1790 Septuaginta,
576 1739 770 1786 omnes
824 1734 1083 1795 similiter
1112 1711 1529 1808 transtulerunt.
1578 1753 1647 1809 Et
1690 1764 1775 1811 est

576 1819 620 1874 is
672 1822 871 1895 impius
918 1832 1349 1895 misericordiam
1382 1860 1771 1919 consequatur,

180 1912 225 1959 et
248 1904 780 1976 discatclementiam
804 1939 1015 1987 meam:
1043 1938 1069 1968 ⁸
1095 1931 1223 1988 dum
1252 1938 1421 1993 etiam
1453 1940 1568 2012 ipse
1600 1945 1776 2001 salva-

183 2002 273 2054 tur.
304 1999 657 2079 Rursumque
683 2012 924 2089 loquenti
949 2021 1203 2093 Domino,
1228 2044 1293 2083 ex
1326 2046 1560 2099 persona
1586 2036 1775 2095 huma-

179 2104 250 2144 na:
290 2092 647 2164 itnpatientite
695 2104 965 2176 Projiheta
1010 2121 1292 2188 respondit
1370 2122 1439 2178 Et
1472 2144 1573 2183 non
1615 2129 1774 2186 discet

171 2184 431 2253 justitiam.
463 2190 671 2265 Estque
708 2214 945 2259 sensus:
986 2217 1042 2262 et
1079 2184 1355 2280 quomodo
1384 2221 1581 2287 poterit
1628 2232 1771 2279 tuam

178 2289 320 2332 nosse
341 2279 640 2353 justitiam,
683 2291 727 2344 si
760 2303 969 2351 tantum
1002 2301 1351 2361 clementiam
1384 2313 1542 2367 luerit
1578 2330 1775 2385 exper-

180 2370 289 2423 tus?
314 2372 621 2450 ltedditque
640 2397 855 2454 causas,
875 2405 1044 2461 quare
1074 2410 1198 2452 eum
1231 2402 1360 2458 velit
1397 2405 1486 2462 Dei
1504 2370 1770 2478 justitiam

177 2460 364 2524 discere
408 2475 579 2544 :quia
618 2477 671 2532 in
723 2490 867 2537 terra
900 2498 1215 2548 sanctorum
1265 2495 1451 2569 inique
1498 2506 1691 2575 gessit,
1716 2518 1772 2565 et

177 2571 343 2617 contra
380 2579 608 2625 sanctos
650 2581 774 2631 tuos
799 2577 1005 2649 jugiter
1022 2582 1327 2659 dimicavit,
1360 2571 1523 2651 debet
1564 2571 1771 2657 sentire

179 2660 453 2714 tarmenta.
487 2660 839 2742 Rursumque
867 2674 1132 2735 Dominus
1181 2689 1509 2743 sententiam
1565 2702 1771 2764 tempe-

177 2761 303 2817 rans,
338 2750 410 2808 Et
456 2772 562 2811 non
590 2761 781 2833 videat,
817 2767 1015 2839 inquit,
1046 2777 1163 2831 sive
1192 2793 1294 2832 non
1332 2782 1524 2839 videbit
1547 2789 1770 2860 gloriam

185 2836 309 2860 ,L,
352 2845 362 2855 .
422 2845 461 2860 ..

895 2836 905 2839 -
1003 2836 1009 2837 κ
1428 2836 1431 2837 ν
1507 2836 1769 2860 *σγ-μνη

176 2836 382 2900 Domini.
419 2845 628 2918 ESIque
657 2868 852 2914 sensus
886 2878 901 2914 :
935 2864 1136 2922 sufficit
1164 2869 1214 2925 ei
1242 2886 1342 2941 pro
1371 2878 1622 2933 universa
1655 2896 1769 2946 pm-

176 2945 251 3000 na,
279 2939 419 3005 quod
469 2956 559 2998 me
595 2962 719 3003 cum
759 2954 967 3011 sanetis
998 2961 1134 3015 meis
1168 2974 1274 3018 non
1303 2966 1511 3024 videbit
1550 2971 1604 3027 in
1647 2990 1767 3032 mea

174 3031 442 3096 majestate
468 3051 818 3108 regnantem.
849 3046 1079 3116 Quidam
1102 3053 1351 3127 impium,
1386 3060 1489 3119 hoc
1514 3076 1767 3131 est,ttt:ss

176 3118 340 3191 (πη),
378 3126 664 3187 diabolum
715 3134 947 3211 intelligi
991 3118 1212 3213 voluot',
1245 3149 1314 3205 de
1340 3118 1466 3222 'qno
1512 3118 1768 3214 inﬁt-tono

174 3218 360 3282 psalmo
385 3221 657 3280 sirribitur
681 3245 695 3282 :
721 3226 1019 3303 Increpasti
1042 3248 1241 3309 gentes,

173 3325 332 3367 nomen
363 3333 542 3375 eorum
572 3325 756 3381 delesti
782 3329 836 3383 in
867 3347 1117 3390 aeternum
1149 3346 1196 3391 et
1218 3340 1271 3394 in
1295 3346 1537 3399 steculum
1561 3349 1760 3407 seaculi.

170 3399 359 3464 Inimici
378 3415 681 3484 defecerunt
708 3423 922 3493 framea:
951 3429 1004 3481 in
1050 3430 1227 3499 ﬁnem,
1261 3446 1309 3489 et
1336 3437 1564 3495 civitates
1585 3459 1763 3498 eorum

169 3485 445 3561 destruxiin
475 3508 654 3580 (Psal.
685 3485 760 3581 ts,
794 3518 873 3588 6).
906 3519 1018 3577 Nos
1050 3485 1239 3582 autem
1286 3534 1620 3600 generaliter
1662 3537 1764 3592 itii-

168 3593 295 3662 pinm
322 3601 402 3656 vel
443 3618 546 3675 pro
587 3619 898 3681 peccatore,
928 3619 1013 3671 vel
1043 3634 1140 3688 pro
1169 3637 1238 3676 eo
1279 3625 1372 3694 qui
1426 3626 1521 3683 Det
1553 3632 1761 3689 cultum

167 3699 257 3742 non
305 3694 489 3760 habet,
522 3702 881 3773 accipiamus.
912 3708 1074 3766 Juxta
1103 3714 1457 3789 Septuaginta
1500 3722 1762 3792 jubeutur

167 3778 481 3847 habitatores
515 3804 676 3853 terra:
717 3800 983 3869 justitiam
1016 3808 1253 3865 discere.
1285 3816 1475 3872 Omnis
1506 3820 1648 3875 enim
1679 3822 1761 3877 vir

165 3877 480 3941 videturStbi
508 3888 725 3962 jllSllis;
754 3897 896 3955 Deus
914 3912 1095 3957 autem
1121 3907 1285 3961 corda
1310 3912 1554 3967 omnium
1586 3918 1757 3985 novit,

163 3974 242 4040 qui
261 3980 449 4037 reddet
467 3987 766 4060 unicuique
790 3996 1089 4052 secundum
1117 4017 1282 4071 Opera
1302 4018 1396 4057 sua
1415 4003 1597 4076 (Prov.
1618 4010 1756 4081 xxi).

162 4064 215 4119 Et
234 4067 282 4123 in
309 4073 417 4127 alio
448 4076 572 4131 loco
599 4082 844 4147 ejusdem
872 4088 1163 4147 Volumiuis
1193 4098 1393 4152 dicitur
1424 4116 1437 4150 :
1487 4101 1624 4155 Sunt
1662 4104 1759 4157 vite

162 4155 260 4223 viri,
277 4179 389 4231 qua:
413 4168 655 4225 videntur
677 4185 859 4242 rectw;
883 4182 1160 4238 novissima
1186 4198 1357 4243 autem
1384 4208 1558 4246 earum
1588 4196 1756 4265 respi-

159 4249 281 4306 ciunt
304 4257 353 4311 in
378 4264 705 4333 profundum
740 4272 932 4343 inferni
956 4274 1139 4347 (Prov.
1177 4297 1290 4346 xw,
1326 4284 1439 4355 1'2).
1476 4285 1630 4345 Unde
1658 4249 1753 4345 de-

159 4340 328 4404 bemus
372 4356 647 4422 justitiatn
701 4362 939 4436 discere,
976 4386 1078 4427 nec
1109 4376 1391 4434 conlidere
1436 4379 1489 4434 in
1532 4385 1755 4455 proprio

152 4436 357 4503 judicio.
400 4449 505 4505 Est
548 4454 694 4513 enim
729 4459 913 4528 justus
952 4466 1046 4537 qui
1079 4482 1267 4537 pereat
1305 4474 1357 4528 in
1393 4476 1607 4543 juSIitia
1655 4497 1753 4538 sna

158 4530 360 4602 (Eccles.
387 4544 523 4616 vn);
555 4564 665 4605 non
696 4568 805 4623 quo
844 4530 1023 4625 justus
1050 4530 1141 4629 sit,
1176 4565 1270 4620 sed
1299 4530 1412 4639 qud
1446 4530 1549 4626 sibi
1571 4530 1755 4642 justus

154 4644 260 4687 esse
286 4639 558 4696 videatur.
602 4644 697 4701 Sin
736 4660 922 4709 autem
942 4652 1194 4713 Christus
1217 4660 1392 4717 lactus
1416 4675 1501 4720 est
1534 4668 1689 4723 nobis
1715 4686 1744 4722 a
1773 4654 1827 4715 Ῑ)

156 4722 252 4781 Deo
273 4735 569 4804 sapientia,
597 4750 652 4796 et
674 4742 907 4813 justitia,
938 4752 1300 4809 sanctiﬁcatio
1340 4766 1397 4813 et
1442 4759 1748 4833 redemptio

154 4817 191 4886 (Ι
212 4820 325 4879 Cor.
356 4831 420 4897 ι),
450 4831 649 4900 quibus
682 4841 999 4911 praecipitur
1021 4854 1079 4899 ut
1105 4853 1745 4927 cognoscantjustitiam,

151 4908 239 4969 hoc
263 4918 490 4986 jobetur
517 4938 571 4979 ιιι
602 4908 877 4988 Christum
924 4937 1139 4994 discant
1179 4954 1343 5013 atque
1392 4962 1745 5019 cognoscant.

150 5002 433 5078 Prul’lel‘ea
463 5030 645 5076 autem
677 5027 960 5098 prteeipio,
982 5033 1080 5099 ait,
1108 5036 1266 5090 vobis
1295 5048 1352 5092 ut
1379 5038 1607 5096 disCatis
1631 5044 1747 5113 jus-

150 5095 331 5167 titiam,
357 5110 484 5179 quia
519 5114 732 5173 ablatus
770 5095 1110 5195 est—impius;
1147 5140 1200 5184 et
1234 5147 1459 5202 regnum
1492 5135 1633 5192 illius
1653 5140 1751 5194 de-

150 5192 365 5254 tractum
400 5215 505 5269 est,
536 5210 629 5278 qui
658 5216 916 5281 quamdiu
948 5222 1213 5291 regnabat
1259 5227 1424 5301 350
1470 5229 1523 5285 in
1578 5242 1744 5297 terra,

141 5284 391 5353 juStitiatn
417 5300 561 5357 scire
583 5319 689 5360 nan
724 5319 959 5378 poterat,
990 5332 1089 5372 nec
1110 5316 1296 5377 facere
1320 5324 1629 5383 veritatem.
1664 5327 1740 5385 De

143 5392 237 5448 qua
257 5386 385 5443 alibi
420 5396 861 5473 scribitur,quod
892 5409 1065 5477 gratia
1100 5423 1159 5468 et
1191 5414 1392 5472 veritas
1424 5435 1521 5489 per
1559 5420 1743 5478 Jesum

143 5475 410 5537 Christum
441 5490 577 5546 facta
613 5495 682 5549 sit
704 5475 1071 5578 (Jaandxvn).
1098 5508 1168 5563 Et
1195 5512 1318 5580 quia
1353 5513 1404 5569 in
1424 5475 1572 5571 ierra
1608 5520 1747 5575 vrri-

142 5574 293 5627 tatem
320 5594 433 5633 non
461 5582 596 5640 facit
624 5587 841 5662 impius,
860 5596 1139 5658 auferetur
1163 5621 1177 5658 :
1198 5621 1304 5662 non
1331 5609 1476 5664 enim
1499 5622 1744 5669 meretur

140 5654 427 5725 Dominum
455 5674 647 5735 videre
675 5698 1019 5755 regnantem.

158 5880 236 5925 alii

135 5880 236 5937 jam
282 5880 494 5944 pridem
532 5884 802 5946 Victorius
840 5910 906 5948 ex
951 5880 1150 5969 quinqu

578 5984 853 6049 ΡΛτιιοι.
910 5991 1150 6056 XXIV.

679 299 1335 376 COMMENTARIORUM
1375 318 1445 378 ΙΝ
1484 315 1724 385 lSAlAM
1764 326 2193 400 PROPHETAM
2231 343 2361 403 LIB.
2407 346 2542 409 Vill.
2583 353 2737 414 CAP.
2780 357 2972 422 XXVI.

198 410 383 477 feratur
400 407 605 479 impius,
634 423 691 469 ut
712 434 814 473 non
838 421 1009 479 videat
1027 427 1248 499 gloriam
1274 432 1505 493 Domini.
1533 438 1782 499 Dicamus
1809 450 1857 508 Α

3372 378 3479 436 298

1962 452 2145 519 (Vers.
2172 458 2277 529 Η).
2318 462 2538 522 Domine
2559 511 2574 532 ,
2609 473 2869 531 exaltetur
2896 496 3081 539 manus
3125 491 3219 542 tua
3241 531 3255 556 ,
3300 502 3349 547 et
3377 510 3484 549 non

1886 544 2090 602 videant
2109 566 2128 604 ,ο
2157 552 2381 624 videant,
2413 569 2459 613 et
2483 568 2838 635 confundatur
2864 574 3006 629 zelus
3034 580 3239 650 papuli,
3271 594 3321 639 et
3349 587 3480 657 ignis

1891 635 1945 657 L,
1985 648 1998 657 ι
2086 651 2097 657 -
2244 646 2255 657 -
2478 653 2497 657 —
2522 655 2561 657 —-
2581 656 2613 657 π

1883 635 2052 696 hostes
2078 651 2189 699 tuos
2220 646 2443 706 devoret.
2476 653 2653 711 LXX:
2684 658 2903 719 Domine
2927 707 2943 731 ,
2976 635 3236 727 excelsum
3258 685 3331 730 est
3360 635 3485 732 lira-

1883 732 2055 789 chittm
2087 746 2230 794 tuum
2253 786 2266 807 ,
2301 752 2348 797 et
2374 748 2685 820 nesciebant,
2713 757 2929 813 scientes
2958 775 3131 818 autem
3158 772 3489 840 confunden-

1884 834 2005 882 tur:
2032 829 2176 885 zelus
2214 836 2570 907 apprehendet
2598 848 2849 914 papulunt
2879 852 3197 911 ineruditum
3225 901 3240 923 ,
3260 829 3321 915 ἐι
3349 880 3485 919 nunc

1880 916 2015 991 ignis
2042 925 2368 983 adversarios
2400 937 2651 989 comedet.
2688 939 2800 996 Hoc
2838 945 2983 1012 quod
3028 963 3192 1020 supra
3224 953 3485 1011 dixerat:

1881 1020 2059 1069 etnon
2099 1017 2287 1074 videbit
2311 1021 2535 1092 gloriam
2578 1026 2795 1087 Domini
2822 1076 2838 1101 ,
2886 1047 3065 1106 potest
3098 1017 3188 1098 isic
3220 1045 3443 1119 intelligi
3473 1067 3485 1103 :

1882 1101 2152 1173 Postulas,
2186 1127 2218 1164 (ι
2251 1112 2523 1185 Propheta
2550 1161 2565 1186 ,
2598 1130 2655 1175 ut
2688 1139 2793 1180 non
2824 1126 3093 1187 miserear
3119 1135 3307 1204 impio,
3340 1155 3410 1194 ne
3436 1142 3481 1196 si

1880 1200 2138 1257 miSertus
2168 1205 2287 1274 ejus
2316 1207 2467 1265 fuero
2494 1253 2509 1276 ,
2542 1212 2767 1286 incipiat
2797 1224 3009 1277 nescire
3043 1226 3311 1295 justitiam
3341 1272 3353 1293 .
3388 1235 3480 1298 qui

1880 1292 1933 1346 in
1966 1300 2112 1349 terra
2140 1308 2449 1358 sanctorum
2471 1303 2657 1377 inique
2677 1312 2877 1380 gessit;
2898 1330 2997 1385 ego
3025 1318 3116 1373 tibi
3148 1325 3473 1394 respondeo,

1879 1400 2081 1458 ergone
2109 1392 2339 1461 gloriam
2370 1397 2584 1457 Domini
2614 1419 2721 1459 non
2756 1407 3005 1464 videbit?
3033 1428 3164 1485 ergo
3204 1392 3311 1472 non
3340 1417 3359 1492 [
3391 1392 3479 1475 At.

1879 1484 2103 1558 ergone]
2135 1498 2323 1543 cernet
2350 1491 2655 1563 triumphos
2687 1513 2866 1567 meos,
2891 1504 2981 1573 qui
3012 1508 3183 1577 magis
3215 1525 3300 1564 me
3321 1511 3486 1570 debet

1878 1572 2064 1631 Videre
2092 1591 2415 1650 regnantem
2442 1626 2457 1650 ,
2494 1596 2552 1640 ut
2582 1590 2720 1645 sciat
2763 1605 2968 1663 quanto
2999 1596 3144 1653 bono
3173 1604 3403 1658 careat?
3432 1616 3489 1663 et

1879 1664 1982 1720 hoc
2015 1670 2255 1736 pressius
2288 1680 2425 1731 vece
2469 1678 2860 1753 interrogantis
2907 1687 3198 1758 legendum
3250 1706 3353 1750 est.
3398 1697 3484 1756 Ad

1877 1761 2021 1832 quod
2051 1764 2322 1835 Propheta
2356 1775 2640 1843 respondit
2667 1794 2679 1829 :
2719 1778 2969 1850 Domine,
2993 1787 3264 1843 exaltetur
3290 1806 3485 1848 manus

1884 1866 1974 1913 tua
2001 1901 2016 1926 ,
2046 1869 2105 1915 et
2125 1865 2459 1921 extendatur
2488 1869 2555 1924 ad
2600 1876 3015 1941 percutiendum
3040 1920 3057 1945 ,
3086 1893 3146 1936 ut
3176 1894 3227 1939 te
3258 1900 3365 1941 non
3399 1887 3482 1942 vi-

1880 1950 2043 2007 deant
2076 1952 2227 2025 impii
2254 1998 2270 2023 ,
2302 1966 2357 2013 et
2380 1967 2484 2017 tua:
2513 1961 2724 2031 gloriae,
2763 1983 2831 2023 ne
2857 1970 2924 2024 ad
2959 1975 3335 2041 paenitendum
3361 1981 3484 2050 qui-

1878 2042 2002 2098 dem
2031 2086 2046 2109 ,
2080 2045 2285 2105 lumine
2318 2055 2691 2119 perfruantur.
2722 2058 2823 2115 Cui
2858 2066 3143 2132 reSpondit
3176 2068 3477 2129 Dominus:

1879 2133 2113 2193 Videant
2135 2142 2310 2211 magis
2336 2155 2389 2200 et
2412 2146 2846 2221 confundantur,
2877 2156 2964 2210 vel
2990 2157 3141 2216 zelus
3162 2166 3374 2234 populi,
3397 2167 3483 2223 vel

1877 2230 2121 2288 zelantes
2154 2238 2375 2305 populi,
2409 2248 2467 2295 et
2496 2241 2637 2312 ignis
2684 2245 3032 2306 adversarios
3075 2264 3198 2309 tuos
3228 2298 3241 2322 ,
3275 2257 3325 2312 id
3359 2270 3484 2329 est,

1876 2334 2189 2382 sanctorum
2245 2332 2470 2402 populi,
2521 2334 2750 2394 devoret
2795 2351 2957 2413 atque
2988 2359 3293 2404 c0nsumat.
3328 2350 3475 2419 Ignis

1874 2428 2056 2473 autem
2087 2424 2419 2488 paenitentim
2442 2465 2455 2488 ,
2488 2428 2576 2497 qui
2600 2444 2789 2486 eorum
2812 2437 2976 2489 corda
3005 2444 3305 2511 excruciet,
3333 2447 3477 2515 quod

1874 2511 2036 2566 talem
2082 2512 2370 2571 Dtnninnm
2420 2521 2797 2588 perdiderunt.
2833 2524 3023 2584 Potest
3064 2530 3169 2588 hoc
3217 2545 3272 2590 et
3316 2555 3482 2608 super

1872 2602 2077 2660 ludatis
2104 2607 2332 2680 intelligi
2360 2649 2374 2673 ,
2410 2613 2498 2682 qui
2522 2613 2799 2671 Christum
2832 2619 3112 2679 brachium
3149 2627 3358 2684 Domini
3385 2648 3479 2689 ne-

1873 2702 2156 2768 scierunt,
2186 2720 2420 2773 eumque
2460 2709 2699 2766 viderint
2727 2730 2853 2768 eum
2885 2729 3053 2788 atque
3093 2728 3476 2797 cognoverint,

1871 2810 2032 2865 quem
2064 2798 2306 2867 patibulo
2337 2801 2629 2859 aflixerant
2655 2845 2669 2868 ,
2714 2807 3141 2868 confundentnr.
3176 2816 3330 2873 Tune
3386 2821 3473 2877 in-

1870 2888 2124 2944 eruditus
2153 2894 2385 2961 populus
2403 2904 2458 2949 et
2483 2897 2739 2954 nesciens
2759 2901 2931 2972 legem
2955 2905 3071 2973 Dei,
3106 2908 3208 2963 zeli
3233 2912 3471 2970 stimulis

1871 2983 2212 3052 incitabitur,
2242 2988 2462 3057 quando
2482 2990 2675 3046 viderit
2709 2997 2960 3051 nationes
2985 2999 3037 3053 in
3069 3016 3227 3057 suum
3256 3022 3477 3063 succes-

1868 3075 2012 3133 sisse
2044 3076 2249 3146 locum,
2273 3091 2329 3135 et
2359 3082 2483 3151 igne
2507 3084 2865 3153 paenitudinis
2886 3093 3107 3159 arserit,
3143 3096 3257 3152 sive
3284 3097 3474 3156 dolore

1868 3170 2118 3238 supplzcii
2151 3212 2165 3236 ,
2196 3175 2416 3239 quando
2444 3175 2682 3231 audierit
2714 3179 2848 3233 illud
2881 3184 3026 3253 quod
3052 3185 3317 3257 scriptum
3348 3203 3428 3245 est
3458 3209 3471 3245 :

1275 3253 1325 3297 et
1353 3247 1501 3313 periit
1525 3251 1714 3321 impius
1747 3266 1767 3307 .'
1794 3257 1838 3321 C
1872 3257 1956 3314 Ite
1987 3262 2041 3315 in
2063 3262 2231 3336 ignem
2261 3281 2508 3320 aeternum
2532 3308 2546 3332 ,
2580 3269 2668 3339 qui
2691 3286 3015 3343 pra’paratus
3034 3286 3111 3331 est
3140 3278 3353 3335 diabolo
3375 3326 3391 3349 ,
3424 3295 3473 3338 et

1866 3354 2064 3429 angelis
2091 3360 2202 3430 ejus
2222 3358 2439 3426 (Matth.
2479 3377 2607 3427 xxv,
2630 3363 2744 3434 41).

1936 3448 2121 3519 (Vers.
2146 3451 2261 3522 12.)
2295 3451 2534 3524 Domine,
2562 3456 2706 3511 dabis
2735 3475 2912 3527 parent
2934 3464 3114 3520 nobis:
3133 3468 3307 3522 omnia
3330 3472 3466 3525 enim

1864 3558 2019 3614 Opera
2042 3553 2220 3599 nostra
2264 3557 2505 3618 operatus
2547 3566 2600 3602 es
2638 3550 2803 3606 nobr's.
2854 3553 2991 3610 LXX
3017 3574 3035 3611 :
3069 3557 3289 3615 Damiue
3322 3562 3461 3619 Dens

1864 3645 2057 3697 noster.
2094 3655 2205 3708 pac.
2223 3656 2271 3691 nt
2303 3639 2372 3692 da
2400 3641 2543 3696 nobis
2563 3658 2583 3696 :
2610 3645 2785 3698 omnia
2807 3647 2942 3701 enim
2989 3649 3268 3707 reddidisti
3296 3657 3460 3713 nobis.

1862 3726 2170 3783 Notandum
2194 3724 2337 3798 quod
2365 3745 2650 3803 postquam
2681 3738 2838 3793 nobis
2868 3756 3039 3810 opera
3070 3757 3256 3799 nostra
3284 3749 3464 3804 reddt-

1862 3821 2037 3891 derit,
2073 3838 2260 3891 paci-m
2292 3826 2520 3881 daturus
2550 3832 2641 3895 sit,
2676 3841 2730 3884 et
2758 3834 3032 3901 quomodo
3063 3849 3307 3907 exponat
3335 3857 3462 3896 rau-

1861 3932 1990 3984 sas,
2028 3932 2124 3971 cur
2153 3918 2393 3987 postulet
2439 3938 2653 3991 pacem.
2702 3923 2863 3997 351
2908 3927 3012 3983 Pro
3059 3931 3270 3988 cunctis
3311 3940 3455 3992 enim

1860 4010 2124 4081 operilms
2145 4029 2270 4083 qua:
2297 4016 2510 4083 operati
2542 4025 2676 4072 sunt
2709 4035 2878 4087 super
2911 4031 3111 4077 terram
3140 4066 3155 4091 ,
3187 4024 3375 4083 dicunt
3402 4048 3464 4087 se

1859 4105 2189 4162 sustinuisse
2220 4115 2515 4175 tormenta,
2549 4118 2606 4164 et
2628 4110 2837 4180 justum
2870 4130 2992 4170 esse
3022 4128 3081 4172 ut
3108 4128 3230 4188 post
3256 4124 3461 4193 suppli-

1859 4199 1942 4254 cia
1986 4209 2146 4269 atque
2191 4202 2469 4256 cruciatus
2500 4243 2515 4269 ,
2558 4206 2992 4263 misericordiam
3024 4226 3456 4284 consequantur.

1859 4294 1987 4349 Sive
2004 4294 2197 4349 aliter:
2215 4293 2353 4363 Quia
2377 4297 2529 4350 venit
2556 4298 2743 4351 tnundt
2766 4304 3254 4372 consummatio,et
3280 4311 3462 4365 omnia

1858 4403 1979 4459 qum
2009 4403 2107 4459 per
2136 4388 2439 4458 Pt‘Ophelas
2470 4391 2681 4446 locutus
2704 4408 2763 4448 es
2788 4434 2805 4461 ,
2837 4396 3000 4451 rebus
3039 4400 3256 4469 espleta
3284 4414 3414 4460 sunt
3439 4447 3454 4472 ,

1858 4491 1916 4536 et
1941 4482 2231 4538 reddidisti
2266 4482 2522 4539 universa
2550 4501 2672 4557 quae
2706 4488 2984 4558 pollicitus
3012 4508 3095 4561 es,
3114 4497 3290 4553 tribue
3304 4501 3463 4556 nobis

1858 4592 2071 4647 pacem,
2102 4592 2222 4645 qua:
2247 4589 2539 4648 exsuperat
2560 4595 2779 4635 omnem
2805 4597 3051 4640 sensum.

1924 4670 2107 4741 (Vers.
2147 4670 2264 4743 15.)
2302 4670 2521 4727 Domine
2565 4671 2705 4728 Deus
2751 4688 2958 4744 uoster,
2995 4680 3331 4743 possederunt
3363 4704 3453 4743 nos

1852 4759 2065 4815 Domini
2096 4762 2290 4832 absque
2316 4772 2393 4817 te:
2422 4772 2622 4817 tantum
2668 4765 2721 4818 in
2769 4774 2816 4819 te
2862 4772 3192 4825 recordemur
3229 4778 3452 4833 nominis

1853 4856 1947 4908 tui.
1974 4854 2119 4909 LXX
2139 4871 2158 4909 .'
2182 4854 2434 4908 Dominus
2462 4853 2601 4910 Deus
2624 4868 2818 4925 noster,
2828 4861 3030 4924 posside
3054 4880 3148 4918 nos
3168 4882 3186 4919 .'
3212 4864 3453 4939 Domine;

1850 4957 1997 5000 castra
2027 4956 2074 5000 te
2101 4947 2263 4999 alium
2293 4948 2546 5001 nescimus
2572 4989 2587 5015 ,
2622 4966 2807 5004 nomen
2840 4960 2983 5006 tuum
3012 4956 3331 5015 invocamus.
3368 4961 3453 5017 ld-

1851 5041 2001 5093 circo
2033 5040 2465 5094 misericordiam
2501 5056 2815 5108 qttatsumus
2840 5055 2895 5099 et
2920 5062 3105 5112 pacem
3135 5091 3150 5116 ,
3175 5068 3295 5117 qua:
3327 5065 3453 5124 post

1851 5141 2046 5188 cuncta
2075 5133 2367 5188 tribuenda
2391 5143 2493 5194 est.
2512 5136 2637 5205 quia
2663 5138 2985 5210 nosahsque
3012 5153 3064 5196 te
3090 5142 3301 5200 domini
3329 5163 3453 5216 pos-

1852 5227 2118 5282 sederunt
2141 5267 2157 5294 ,
2194 5227 2336 5281 idola
2367 5228 2621 5301 videliret
2643 5273 2658 5298 ,
2707 5231 2792 5286 vel
2822 5234 3100 5291 ila-mones
3132 5238 3289 5294 idolis
3311 5243 3452 5295 ειδδὶ-

1851 5321 2043 5377 dentes
2084 5339 2097 5374 :
2132 5321 2379 5391 nihilque
2424 5322 2575 5377 aliud
2620 5324 2959 5393 posmlamus
2986 5368 3000 5391 ,
3048 5328 3152 5383 nisi
3201 5342 3259 5385 ut
3301 5332 3453 5403 digiti

1850 5418 2025 5471 simus
2058 5427 2177 5484 post
2204 5430 2426 5470 errores
2456 5418 2758 5487 plurimos,
2788 5419 2879 5488 qui
2905 5419 2980 5473 tui
3014 5422 3249 5477 nominis
3272 5440 3459 5483 rectir-

1852 5510 2065 5567 demur.
2088 5508 2249 5565 JuXIa
2280 5507 2444 5573 LXX,
2469 5512 2561 5577 qui
2595 5510 2883 5565 dixerunt:
2917 5509 3138 5567 Domine
3166 5512 3319 5580 Deus,
3342 5536 3454 5591 pos-

1852 5606 1963 5660 side
1990 5621 2104 5670 nos,
2136 5604 2239 5659 hoc
2263 5615 2577 5674 prerantur,
2604 5618 2657 5659 ut
2687 5618 2807 5675 post
2834 5617 3020 5673 pacem
3049 5604 3155 5661 sibi
3182 5608 3449 5669 redditam

1852 5701 1947 5756 Dei
1981 5700 2254 5773 possessio
2294 5699 2447 5754 liant.
2498 5699 2655 5766 Quod
2700 5697 2921 5768 quidem
2966 5708 3022 5753 et
3064 5700 3133 5756 de
3174 5702 3452 5774 Sapientia

204 5805 228 5833 ³
258 5800 438 5859 Amm
468 5822 589 5866 θτειι
616 5854 632 5877 9
661 5832 773 5871 sum
796 5821 929 5875 enim
953 5825 1061 5897 ipse
1090 5826 1351 5887 Salvator.
1380 5833 1734 5894 Restituimus
1761 5860 1765 5889 ι

205 5885 236 5925 ﬂ
282 5875 494 5937 Pl'idelll
532 5884 802 5937 Viclmins
840 5910 903 5937 px
951 5913 1187 5937 ηιιηιηιω
1234 5906 1352 5937 oms
1400 5923 1509 5937 νη-..
1570 5909 1757 5937 0.....-“

1872 5838 2034 5895 Vatic.
2068 5853 2171 5893 ms.
2190 5877 2205 5897 .
2236 5836 2359 5889 dum
2379 5836 2536 5889 etiam
2564 5850 2671 5905 ipse
2691 5834 2941 5901 soluatur,
2965 5851 3127 5909 quam
3161 5838 3452 5903 lectionem

1944 5927 1973 5937 η
2010 5922 2214 5937 Inui-ann.
2251 5911 2505 5937 ..ιιι-ιιιη-ηι

956 5875 962 5877 .
1010 5875 1056 5881 ,ν
1090 5875 1351 5887 υ...,.-.ν,ι
1380 5875 1734 5894 ιιισιιιιιιιυυδ
1761 5875 1829 5895 ιι
1872 5875 2034 5895 11111ιο
2069 5875 2205 5897 ενοι.
2236 5875 2359 5889 “¹“¹’¹’
2379 5875 2530 5889 ν⁸¹υ¹¹¹¹

282 5875 494 5944 pridem
532 5875 802 5946 Victmins
840 5910 906 5948 ex
951 5875 1187 5969 ᾦιιιιιιιιθ
1232 5906 1354 5963 abis
1400 5923 1530 5965 mss.
1566 5909 1892 5969 Florentinis
1922 5927 1975 5967 tn
2010 5922 2215 5967 teXtum
2249 5911 2530 5964 retulerat.

2926 6006 3001 6068 10
