4014 6452
592 279 702 345 299

1852 289 1915 348 S.
1952 284 2234 349 EUSEBII
2269 287 2652 351 HIEBONYSH

3757 293 3832 362 $00

588 401 827 474 legimus
851 443 866 468 ,
897 413 1020 471 qua:
1044 400 1207 467 juxta
1234 398 1565 456 Hebraicnm
1592 400 1836 472 loquitur
1872 403 1928 460 in
1960 403 2191 459 Prover—
2221 415 2277 477 Α
2299 407 2516 460 mortuis
2548 404 2735 475 (Hebr.
2762 420 2838 472 vi,
2873 404 2951 477 l).
2978 403 3076 462 Sin
3098 414 3281 463 autem
3308 414 3537 476 peccata
3556 403 3835 479 appellandi

588 490 739 550 hiis:
775 491 912 548 Deus
943 493 1171 564 possedit
1197 509 1276 547 me
1301 493 1507 548 initium
1536 494 1738 549 viarum
1764 511 1979 550 suarum
2005 495 2191 569 (Prov.

592 598 687 641 Vm
712 627 728 652 ,
754 585 867 653 εἰ),
898 585 1031 641 licet
1060 584 1308 655 quaedam
1336 584 1674 658 exemplaria
1707 596 1734 624 ⁸
1769 589 1916 644 male
1940 604 2042 657 pro
2068 603 2199 659 pos-

602 678 831 734 sessione
880 678 1120 734 habeant
1170 691 1480 736 creaturam.
1520 677 1553 719 δ
1604 681 1847 753 Denique
1895 683 2145 754 sequitur
2181 701 2194 737 :

592 773 726 827 Ante
752 789 929 829 omnes
956 781 1125 830 autem
1148 776 1305 831 colles
1328 777 1593 852 generauit
1617 793 1719 834 me.
1743 777 2027 847 Quomodo
2048 780 2195 835 enim

590 878 863 923 creatura:
895 869 1184 940 generatio
1205 872 1414 941 poterit
1441 873 1715 944 coaptari,
1740 888 1860 942 qua:
1884 873 2056 945 magis
2076 890 2197 946 pos-

596 962 833 1017 sessioni
876 963 1165 1034 congruit?
1208 964 1482 1035 Scriptum
1527 965 1699 1021 estin
1731 964 2193 1022 Deuteronomio:

596 1052 787 1109 Nonne
813 1056 911 1111 iste
940 1066 1089 1127 pater
1117 1064 1240 1111 tuus
1266 1059 1491 1131 possedit
1517 1068 1599 1123 te,
1633 1066 1679 1111 et
1703 1059 1821 1129 fecit
1842 1066 1912 1125 te,
1943 1067 1990 1112 et
2010 1060 2197 1114 creavit

590 1157 639 1204 te
669 1146 853 1220 (Deut.
897 1166 1045 1207 xxxii
1069 1192 1084 1216 ,
1116 1151 1222 1223 6)?
1252 1152 1320 1206 Et
1350 1151 1455 1208 hoc
1492 1150 1957 1208 considerandum
1989 1193 2005 1218 ,
2051 1151 2197 1223 quod

589 1257 698 1298 non
730 1240 956 1308 dixerit,
990 1240 1248 1301 Dominus
1274 1288 1288 1311 ,
1323 1245 1439 1301 sive
1464 1242 1625 1313 Deus,
1660 1246 1884 1318 possedit
1911 1255 1980 1312 te,
2009 1256 2055 1302 et
2076 1247 2196 1317 fecit

582 1343 661 1404 te,
688 1344 736 1391 et
760 1336 950 1392 creavit
975 1345 1059 1405 te;
1087 1339 1182 1394 sed
1212 1347 1380 1410 pater,
1414 1349 1472 1394 ut
1502 1338 1801 1395 clementia
1832 1338 2071 1395 nominis
2096 1355 2195 1394 au-

592 1431 901 1486 steritatem
944 1432 1205 1501 potentia:
1237 1431 1536 1503 mitigaret.
1589 1430 1862 1503 Quodque
1906 1433 2193 1503 sequitur:

589 1516 817 1577 Domine
843 1565 858 1590 ,
890 1525 1085 1597 absque
1116 1534 1164 1579 te
1189 1524 1353 1581 alium
1380 1543 1484 1582 non
1514 1528 1747 1582 novimus
1773 1569 1788 1595 ,
1820 1542 1926 1582 non
1956 1528 2202 1583 excludit

602 1613 824 1681 Filium,
855 1616 952 1672 sed
994 1616 1171 1690 jungit
1192 1617 1364 1689 Patri,
1396 1636 1570 1692 neque
1616 1620 1761 1676 enim
1793 1620 1929 1675 dixit
1963 1640 1983 1674 ι
2016 1622 2198 1677 Alium

585 1718 698 1762 non
719 1708 989 1770 novimus.
1023 1727 1042 1762 ι
1067 1710 1161 1764 sed
1191 1728 1211 1762 ι
1246 1711 1412 1766 Extra
1450 1725 1502 1768 te
1531 1714 1696 1769 alium
1723 1728 1831 1770 non
1862 1715 2133 1771 novimus.
2173 1734 2192 1768 ι

2300 509 2468 563 opera
2486 507 2703 551 mortua
2724 515 2737 552 :
2756 511 2932 568 quare
2956 514 3063 553 non
3086 514 3118 554 e
3138 504 3423 556 contrario
3448 501 3679 558 virtutes
3705 510 3834 575 appel-

2299 587 2483 644 lentur
2523 605 2688 659 opera
2733 592 2889 645 viva?
2916 591 3182 663 Quodque
3218 595 3478 664 sequitur
3504 637 3520 661 ,
3572 594 3684 651 Nec
3710 599 3837 653 medici

2298 683 2646 751 suscitubunt,
2672 699 2872 740 sensus
2900 688 3221 755 perspicuus
3238 698 3352 754 est,
3376 689 3838 747 condemtrariiabu-

2301 775 2384 833 las
2418 787 2704 849 poetarum
2730 819 2746 844 ,
2790 778 2885 849 qui
2912 779 2983 835 ab
3008 778 3335 853 JEseulapio
3352 781 3568 853 iactant
3596 794 3620 823 ε
3655 783 3838 841 Virbium

2298 871 2652 926 suscitatam.
2682 870 2804 927 Non
2832 873 3014 928 solum
3048 882 3229 929 autem
3258 876 3365 933 hoc
3402 875 3474 932 dc
3496 877 3838 943 monuis,sed

2300 960 2369 1016 de
2393 962 2543 1017 omni
2566 963 2890 1019 inﬁrmitate
2913 964 3210 1022 dicendum
3241 977 3324 1022 est
3344 1009 3364 1034 ,
3395 968 3541 1039 quod
3568 970 3760 1041 absqu
3778 972 3840 1027 [lci

2301 1055 2684 1112 misericordia
2730 1058 2865 1113 nihil
2908 1060 3164 1115 medendi
3212 1076 3303 1117 ars
3352 1062 3553 1117 valeat.
3598 1064 3709 1120 Sed
3747 1080 3839 1136 quo.

2302 1147 2505 1204 modo?
2538 1148 2659 1205 Nisi
2690 1149 2950 1208 Dominus
2973 1153 3316 1223 aediﬁcaverit
3355 1155 3598 1224 domum,
3630 1158 3683 1212 in
3712 1174 3842 1213 vatim

2301 1241 2659 1297 laboraverunt
2694 1246 2788 1315 qui
2824 1244 3090 1315 mitiﬁcant
3116 1262 3263 1301 eam:
3294 1246 3415 1303 Nisi
3454 1248 3705 1304 Dor-bras
3728 1261 3844 1305 curto-

2302 1335 2453 1389 dierit
2479 1337 2756 1404 civitatem,
2788 1342 2988 1403 [rustra
3017 1341 3245 1415 uigilauit
3271 1344 3361 1414 qui
3389 1344 3615 1399 custodit
3635 1363 3741 1400 earn
3762 1346 3843 1420 (Pi.

2302 1441 2498 1495 cura,
2535 1430 2560 1484 1
2592 1473 2611 1497 ,
2648 1431 2727 1503 9).
2774 1431 2869 1490 Sic
2890 1433 2997 1488 nisi
3030 1435 3293 1492 Dominus
3320 1424 3638 1510 languorem
3678 1456 3846 1498 curave-

2304 1522 2417 1589 rit,
2450 1524 2504 1578 in
2556 1539 2753 1580 vanum
2796 1526 3050 1585 laborant
3076 1530 3278 1587 medici
3312 1533 3406 1601 qui
3446 1533 3673 1604 cupiunt
3704 1550 3845 1590 sanare

2304 1613 2650 1688 languentes.
2679 1618 2794 1674 Nisi
2828 1620 3096 1679 Dominus
3126 1625 3453 1682 custodierit
3476 1608 3789 1698 sanitatem,
3811 1630 3846 1685 in

2304 1721 2502 1763 vanum
2532 1712 2879 1782 custodiunt,
2906 1717 3001 1786 qui
3030 1718 3194 1774 etiam
3226 1731 3502 1792 praerepta
3526 1723 3847 1779 custodienda:

583 1798 719 1857 Cum
743 1811 925 1859 autem
968 1803 1107 1859 dicat
1136 1803 1303 1859 Filius
1326 1822 1339 1859 :
1361 1804 1475 1882 Ego
1497 1810 1549 1863 in
1578 1806 1736 1863 Patre
1758 1822 1801 1863 et
1831 1808 1990 1864 Pater
2009 1811 2062 1864 in
2095 1827 2195 1877 me,
2226 1816 2277 1877 Β
2305 1803 2499 1858 saluus
2530 1806 2763 1876 Propriis
2789 1809 2958 1864 Edunt
2981 1811 3142 1869 libris
3167 1831 3182 1868 :
3226 1830 3561 1887 semperque
3580 1818 3847 1876 discendum

586 1902 744 1949 extra
780 1888 1002 1950 Patrem
1046 1912 1151 1950 non
1183 1897 1440 1953 novimus
1480 1897 1679 1956 Filiqu
1702 1899 1888 1973 (Joan.
1922 1917 2032 1969 xtv,
2076 1901 2187 1974 10),

573 1986 706 2057 quia
748 1987 802 2043 in
838 1984 1005 2044 Patre
1030 1993 1416 2062 cognoscimus
1441 2008 1593 2049 eum.
1632 1996 1877 2067 Denique
1906 2003 1962 2051 et
1991 2012 2192 2053 nomen

584 2079 736 2137 illius
789 2083 1134 2139 nominamus
1184 2084 1436 2141 dicentes
1467 2087 1521 2141 in
1550 2086 1815 2142 Oratione
1860 2088 2190 2145 Dontiniea:

585 2170 750 2230 Pater
776 2185 952 2232 noster
978 2179 1070 2249 qui
1097 2194 1151 2233 es
1181 2179 1235 2232 in
1264 2178 1405 2234 caelis
1436 2179 1653 2241 (Matth.
1688 2198 1762 2245 vl,
1795 2181 1874 2253 9).

654 2267 816 2344 352
845 2269 1031 2343 (Vers.
1080 2271 1196 2341 M).
1231 2271 1514 2329 Morientes
1561 2291 1664 2329 non
1708 2276 1925 2330 vivant:
1957 2276 2191 2349 gigantes

578 2378 685 2418 non
712 2372 1004 2437 resurgant.
1044 2362 1331 2436 PrOpterea
1362 2368 1580 2423 visitasti
1609 2379 1658 2423 et
1687 2369 1973 2423 contrivisti
2001 2385 2108 2435 eos,
2141 2378 2191 2422 et

576 2457 854 2527 perdidisti
901 2473 1101 2512 omnem
1151 2460 1452 2514 memoriam
1499 2475 1703 2518 eorum.
1758 2459 1946 2515 LXX:
1992 2458 2192 2514 Μονιαί

574 2551 717 2605 enim
762 2551 917 2605 vitam
958 2567 1062 2605 non
1093 2552 1375 2607 videbunt:
1407 2569 1569 2624 neque
1614 2553 1799 2607 medici
1841 2551 2185 2607 suscitabunt.

575 2641 786 2700 Idcirco
814 2645 1070 2700 induisti
1093 2690 1108 2714 ,
1142 2657 1186 2700 et
1214 2647 1508 2719 perdidisti,
1540 2655 1589 2702 et
1618 2646 1784 2701 tulisti
1808 2661 1956 2700 omne
1982 2661 2189 2699 mascu-

572 2740 680 2794 lum
728 2739 839 2814 [AL
890 2757 1094 2796 omnem
1143 2738 1514 2815 masculinum]
1564 2757 1763 2795 eorum.
1815 2738 2186 2810 Symmachus

573 2845 728 2887 more
769 2848 872 2887 suo
919 2833 1304 2889 manifestius:
1339 2832 1539 2887 Mortui
1568 2850 1670 2887 non
1702 2829 2073 2902 viviﬁcabunt:
2102 2830 2182 2900 gi-

576 2935 755 2998 gantes
784 2942 888 2979 non
920 2925 1262 2981 suscitnbunt.
1295 2925 1581 2999 Propterea
1610 2925 1830 2979 visitain
1856 2963 1873 2989 ,
1904 2932 1953 2977 et
1983 2923 2183 2976 contri—

572 3018 694 3073 visti
724 3034 808 3072 eos
834 3058 850 3085 ,
896 3027 942 3073 et
992 3018 1348 3091 disperdirtistt
1392 3035 1593 3073 omnem
1635 3017 1932 3073 memoriam
1979 3032 2182 3073 eorum.

565 3110 831 3167 Dicamus
859 3112 1097 3184 primum
1138 3112 1296 3180 juxta
1330 3110 1476 3167 LXX
1501 3129 1513 3165 :
1549 3110 1794 3179 Quaestio
1820 3108 2036 3166 videtur
2060 3124 2185 3165 esse

577 3204 825 3261 difﬁcilis
850 3246 868 3272 ,
900 3202 1181 3275 quomodo
1203 3203 1407 3259 mortui
1434 3203 1602 3259 vitam
1628 3219 1735 3257 non
1767 3202 2026 3258 videant?
2052 3202 2185 3271 Qua:

2300 1903 2386 1950 est
2413 1912 2520 1950 non
2546 1900 2723 1953 solum
2748 1900 2801 1955 in
2826 1906 3096 1974 corporis,
3127 1908 3221 1963 sed
3251 1907 3416 1963 etiam
3448 1911 3504 1964 in
3528 1911 3724 1966 anima
3750 1917 3848 1967 sani-

2297 1994 2442 2043 tate:
2474 1988 2698 2045 Benedic
2720 2036 2736 2061 ,
2766 1995 2942 2049 anima
2970 2011 3084 2051 mea
3103 2038 3117 2061 ,
3145 1995 3395 2065 Destino,
3427 2005 3517 2072 qui
3543 2013 3694 2058 sanat
3721 2020 3848 2058 omnes

2292 2079 2571 2155 languores
2584 2093 2699 2139 tuos
2716 2084 2834 2157 (Ps.
2848 2103 2943 2155 cu,
2966 2091 2987 2143 l
3004 2130 3017 2149 .
3031 2089 3114 2161 5).
3136 2089 3309 2147 Porro
3320 2094 3419 2165 qui
3444 2112 3610 2165 pecua
3620 2107 3674 2151 to
3694 2095 3848 2151 niortai

2292 2189 2692 2247 perseverant,
2723 2181 2888 2255 353
2916 2196 2971 2239 et
2997 2187 3139 2241 nulla
3180 2198 3301 2244 arte
3346 2193 3637 2248 medicinae
3664 2205 3850 2265 possunt

2292 2269 2539 2340 recipere
2569 2273 2767 2330 animae
2790 2278 3119 2347 sanitatem,
3153 2281 3243 2337 isti
3272 2282 3667 2354 disperdcntur
3694 2297 3746 2342 et
3774 2288 3846 2343 tol-

2292 2361 2477 2419 lentur
2503 2380 2533 2420 a
2566 2366 2831 2437 Domino,
2866 2383 2919 2428 et
2944 2374 3211 2445 quidquid
3252 2379 3539 2434 robustam
3584 2392 3670 2437 est
3692 2382 3744 2435 in
3780 2384 3848 2444 eis,

2291 2455 2435 2524 quod
2462 2458 2822 2515 masculinum
2850 2476 3078 2519 vocatur
3100 2504 3117 2529 ,
3148 2468 3364 2535 penitus
3402 2469 3705 2526 auferam.
3738 2469 3850 2527 Unde

2288 2555 2347 2601 et
2377 2546 2589 2602 Pharao
2620 2566 2728 2605 non
2751 2553 2869 2607 vult
2896 2555 3211 2614 interﬁcere
3240 2575 3433 2615 sexum
3467 2560 3849 2633 femineum,qui

2291 2655 2391 2710 per
2415 2655 2474 2696 se
2501 2641 2709 2715 fragilis
2733 2655 2821 2702 est
2846 2661 2902 2704 et
2924 2651 3083 2707 facile
3101 2653 3335 2710 interire
3368 2665 3571 2726 potest,
3602 2659 3698 2715 sed
3725 2672 3850 2713 omne

2291 2736 2653 2793 masculinum
2682 2781 2696 2803 .
2725 2744 2872 2813 quod
2915 2745 2961 2800 si
2990 2748 3233 2803 adultum
3268 2751 3429 2806 fuerit
3450 2793 3469 2818 ,
3490 2761 3555 2808 et
3582 2752 3639 2807 in
3676 2754 3849 2809 virilem

2288 2836 2504 2884 :ctatem
2560 2838 2875 2902 pervenerit
2903 2880 2921 2907 ,
2970 2840 3268 2899 difﬁculter
3300 2846 3575 2902 occiditur
3603 2846 3853 2919 (Erodd).

2287 2925 2446 2983 Juxta
2475 2926 2859 3000 Symmachum
2885 2973 2901 2999 ,
2943 2935 3146 2990 mortui
3186 2953 3297 2991 non
3341 2939 3695 2996 vivificabunt
3716 2984 3732 3010 ,
3760 2943 3851 3013 quia

2286 3032 2515 3093 peccato
2554 3024 2799 3090 mortui,
2838 3024 2981 3082 alios
3025 3027 3302 3086 viviﬁcare
3340 3047 3449 3087 non
3486 3045 3754 3103 possunt,
3781 3047 3853 3089 nec

2289 3117 2519 3186 pulchra
2546 3128 2632 3173 est
2666 3119 2907 3174 laudatio
2928 3122 3104 3179 inore
3144 3129 3477 3194 peccatoris.
3510 3129 3579 3184 Et
3601 3131 3853 3203 gigantes,

2288 3210 2339 3266 id
2366 3218 2489 3276 est,
2521 3227 2753 3268 uenatu
2786 3215 3049 3291 (τωρωι).
3076 3235 3189 3275 mu
3218 3222 3572 3279 suscitath
3595 3228 3729 3280 alios
3752 3268 3764 3290 ,
3787 3226 3853 3296 qui

576 3301 660 3356 sic
682 3299 951 3355 solvitur:
980 3299 1186 3354 tamdiu
1217 3313 1313 3354 eos
1344 3300 1509 3353 vitam
1536 3314 1643 3353 non
1679 3296 1892 3364 videre,
1920 3298 2180 3368 quamdiu
2208 3288 2254 3353 C
2287 3300 2390 3371 ipsi
2431 3300 2591 3373 juxta
2642 3305 2924 3363 Geneseos
2968 3288 3170 3367 librum
3214 3317 3569 3383 appetuntur
3626 3288 3851 3373 cadentes.

576 3393 779 3449 mortui
812 3401 960 3448 sunt.
991 3391 1278 3460 Quomodo
1305 3391 1350 3446 si
1379 3390 1661 3458 dicamus,
1690 3404 1868 3446 caecus
1896 3406 2004 3445 non
2036 3389 2183 3445 videt

577 3483 765 3542 lumen
784 3484 1045 3555 quamdiu
1062 3498 1241 3539 caecus
1270 3493 1391 3552 est;
1418 3486 1501 3538 sin
1530 3493 1711 3539 autem
1746 3482 2014 3555 receperit
2038 3484 2179 3538 sani-

571 3585 767 3643 tatem,
794 3579 980 3634 lumen
1007 3577 1239 3647 aspiciet
1265 3594 1279 3632 :
1313 3577 1395 3633 sic
1416 3586 1470 3633 et
1498 3578 1587 3649 qui
1619 3577 1907 3649 iniquitate
1930 3588 2182 3633 mortuus

574 3680 842 3745 estatque
867 3674 1429 3744 peccatis,antequam
1455 3671 1760 3727 vivificetur
1776 3672 1991 3743 justitia
2014 3683 2179 3743 atque

574 3766 873 3824 virtutibus
897 3811 913 3831 ,
947 3783 1043 3838 per
1069 3782 1193 3822 eum
1225 3766 1319 3838 qni
1360 3766 1515 3827 dicit.
1551 3765 1663 3838 Ego
1692 3783 1807 3820 sum
1845 3768 1948 3820 vita
1995 3763 2177 3839 (Joan.

577 3859 689 3930 xrv)
715 3901 732 3930 ,
763 3858 953 3916 vivere
980 3875 1088 3914 non
1119 3862 1344 3929 poterit.
1378 3857 1536 3915 Unde
1564 3867 1622 3915 et
1650 3859 1791 3915 Deus
1817 3860 2064 3915 vivorum
2096 3860 2182 3916 di-

574 3954 758 4019 citur,
807 3967 915 4009 n0n
952 3959 1299 4007 mortuorum
1351 3950 1568 4027 (Matth.
1616 3953 1775 4024 χχιι).
1823 3954 2013 4008 Anima
2040 3954 2182 4008 enim

572 4062 689 4119 quae
715 4045 1020 4120 peccaverit,
1050 4046 1165 4115 ipsa
1184 4045 1436 4098 morietur
1466 4043 1679 4115 (Ezech.
1712 4060 1873 4114 avni,
1905 4046 1983 4117 4).
2015 4045 2179 4118 Legi-

576 4157 697 4197 mus
728 4142 781 4195 in
815 4140 1059 4212 Epistola
1084 4155 1207 4210 qua:
1241 4137 1307 4194 ad
1339 4137 1599 4195 llebrteos
1629 4139 1925 4195 scribitur:
1959 4140 2042 4195 Ne
2061 4159 2181 4196 ναν.

569 4251 689 4291 sum
735 4234 1129 4307 fundamentum
1166 4233 1429 4304 jaciamus
1474 4234 1787 4303 paenitentia:
1830 4234 1894 4290 ab
1939 4238 2176 4308 aperibus

648 4539 674 4567 ει
699 4530 849 4586 lianc
874 4528 1002 4585 alibi
1026 4542 1171 4598 saepe
1194 4525 1509 4583 Latinorum
1541 4527 1899 4598 quorumdam
1921 4529 2173 4586 codicum

572 4602 864 4659 lectionem
899 4611 1060 4656 vexat
1103 4597 1167 4655 ex
1214 4599 1508 4654 llebraico.
1556 4597 1618 4654 ln
1663 4597 2090 4657 Commentariis
2119 4604 2172 4658 in

576 4675 858 4733 Michmam
886 4687 1009 4743 cap.
1044 4688 1095 4727 iv
1121 4712 1136 4738 ,
1168 4684 1217 4726 et
1244 4675 1296 4726 in
1324 4671 1499 4739 Epist.
1527 4670 1597 4725 ad
1629 4670 1832 4738 Ephes.
1862 4687 1987 4744 cap.
2018 4690 2130 4730 xx"
2157 4717 2172 4741 ,

576 4747 855 4817 pra-cipue
876 4760 1010 4800 vero
1042 4744 1266 4817 epistol.
1302 4744 1353 4796 in
1377 4750 1576 4817 instra
1608 4744 1928 4817 recensiine
1956 4744 2079 4802 140.
2103 4748 2175 4802 ad

575 4814 1096 4892 Cypriautt_m,_num.
1117 4816 1173 4880 6,
1191 4831 1349 4892 quem
1376 4814 1552 4869 locum
1574 4815 1793 4870 videsis.
1818 4819 1897 4870 Ad
1921 4818 2173 4892 emndetn

574 4888 797 4948 modum
847 4888 1163 4944 llehrairam
1208 4888 1487 4941 veritatem
1520 4898 1736 4957 urgent
1764 4899 1952 4942 contra
1989 4890 2170 4946 Euno—

568 4963 747 5018 mium
777 4963 835 5017 S.
871 4959 1145 5031 Basilius,
1174 4958 1266 5012 liti.
1298 4973 1336 5013 ιι
1362 4999 1375 5021 ,
1406 4966 1462 5013 et
1498 4956 1802 5028 Gregorius
1851 4960 2125 5031 Nyssenus
2152 5005 2167 5028 ,

571 5037 671 5092 lib.
714 5050 753 5089 ι.
796 5031 978 5101 Quare
1021 5032 1075 5085 in
1107 5030 1371 5085 Vaticano
1402 5046 1504 5084 ms.
1538 5030 1998 5101 quemadmodum
2029 5045 2085 5087 et
2116 5035 2168 5089 in

570 5103 918 5164 Cluniacensi
950 5102 1182 5172 quodam
1208 5101 1550 5157 Martiameus
1572 5104 1811 5172 reperit,
1840 5103 2010 5159 hocce
2044 5106 2174 5161 llie-

575 5176 790 5253 ronyini
824 5174 1179 5253 praecoiiiuur
1210 5174 1323 5253 hoc
1356 5175 1475 5253 luci»
1503 5175 1757 5253 additur:
1804 5174 1982 5253 Vicisti
2008 5177 2172 5253 perﬁ-

569 5243 713 5306 diam
743 5249 1076 5304 Arianorum.
1092 5246 1179 5317 qui
1203 5250 1217 5291 ί
1228 5243 1522 5299 “αιΙιοιὶοαιιι
1544 5246 1805 5299 veritatem
1827 5247 1921 5300 hoc
1949 5243 2169 5302 se‘testi-

565 5324 742 5377 monia
802 5333 1101 5392 expugnare
1164 5318 1437 5386 putabant.
1484 5319 1620 5392 an
1668 5317 1831 5392 verba
1890 5318 2172 5392 studiosus

569 5408 847 5451 nonnemo
866 5388 934 5445 ad
954 5388 1076 5443 libri
1099 5404 1248 5443 oram
1280 5390 1653 5455 annomverit,
1674 5390 1857 5444 scriba
1886 5389 2171 5460 imperitus

568 5465 624 5521 in
650 5475 856 5521 textum
884 5461 1133 5516 intrusit.

637 5535 668 5575 δ
711 5534 944 5605 Denique
997 5531 1250 5605 sequitur.
1306 5528 1494 5605 Locus
1542 5530 1905 5605 interpolatus
1951 5533 2002 5588 in
2049 5534 2168 5605 qui-

569 5608 797 5663 busdam
819 5601 950 5660 mss.
975 5607 1112 5659 COdit
1130 5602 1254 5658 ibus
1280 5603 1369 5657 :in
1392 5601 1580 5657 codice
1596 5604 1815 5672 quidem
1849 5601 2162 5663 Monasterii

566 5680 743 5734 nostri
778 5676 944 5733 Silvas
982 5674 1239 5743 majoris,
1284 5677 1356 5728 ita
1402 5673 1608 5741 degitur
1649 5690 1662 5726 :
1723 5673 1871 5731 Licet
1918 5678 2159 5746 quadam

566 5749 883 5820 exemplaria
917 5747 1054 5801 male
1075 5763 1168 5817 pro
1198 5747 1549 5817 possessione
1568 5745 1792 5820 habeant
1817 5756 2155 5806 creaturam:

566 5832 622 5877 tu
652 5818 915 5878 Deurinus
942 5820 1147 5876 creavit
1184 5833 1296 5887 me,
1331 5834 1427 5887 pro
1456 5818 1701 5889 [mssedit
1744 5835 1832 5876 me
1865 5838 1880 5876 :
1924 5821 2160 5895 Denique

2290 3392 2596 3467 Visitatque
2623 3414 2719 3455 eos
2762 3400 3023 3458 Dominus
3048 3446 3065 3473 ,
3096 3417 3154 3460 ut
3176 3414 3594 3466 etmortuorarn
3620 3421 3678 3467 et
3698 3412 3853 3485 gigan-

2291 3488 2424 3542 tium
2459 3491 2640 3546 omnis
2662 3491 2912 3550 deleatur
2934 3500 3231 3555 memoria.
3281 3502 3441 3557 Solus
3482 3506 3633 3560 alia
3672 3518 3749 3562 est
3785 3505 3857 3576 qui

2288 3582 2522 3636 suscitat
2545 3595 2789 3639 mortuos
2815 3586 2884 3641 de
2905 3603 3018 3658 quo
3047 3589 3282 3648 dicitur:
3313 3595 3462 3650 Sicut
3489 3595 3651 3654 Pater
3672 3601 3857 3654 maritat

2287 3685 2517 3730 mortuos
2565 3684 2615 3730 et
2655 3678 2873 3747 vivi/icat
2898 3722 2913 3745 ,
2943 3682 3017 3735 sic
3062 3694 3111 3738 et
3153 3684 3325 3744 Filius
3360 3692 3590 3762 visiﬁrat
3614 3710 3741 3765 quos
3776 3691 3860 3747 ruit

2288 3766 2470 3841 (Joan.
2501 3786 2552 3837 v,
2570 3769 2689 3843 Si).
2713 3771 3010 3830 Possumus
3038 3788 3283 3836 mortuos
3300 3784 3593 3842 simulacra
3615 3788 3861 3859 appellare

2290 3859 2571 3918 hominum
2624 3875 3002 3937 mortuorum,
3046 3880 3103 3926 et
3140 3876 3391 3945 gigantes
3436 3878 3753 3947 damoncs,
3787 3880 3861 3948 qui

2288 3953 2598 4011 simulacris
2626 3973 2817 4015 eorum
2850 3963 3119 4021 assident.
3150 3967 3266 4024 Nec
3302 3980 3522 4030 terrere
3553 3991 3654 4032 nos
3682 3975 3858 4039 debet,

2286 4065 2456 4122 quare
2475 4052 2618 4108 LXX
2642 4058 2948 4125 masculum,
2963 4070 3020 4114 ct
3036 4063 3220 4119 caeteri
3238 4064 3576 4138 luterpretes
3593 4071 3862 4125 manoriant

2288 4148 2712 4217 transtulerunt,
2738 4166 2862 4207 cum
2890 4154 3098 4212 eisdem
3130 4158 3306 4214 tribus
3330 4159 3532 4218 litteris
3558 4161 3587 4201 ιι
3612 4180 3697 4220 zu
3717 4164 3798 4236 (τ),
3818 4170 3860 4217 et

2283 4254 2459 4297 cum
2488 4239 2566 4316 (ὓ)
2592 4284 2605 4307 .
2637 4254 2692 4302 et
2730 4261 2828 4304 nas
2857 4245 2941 4320 (Ἴ)
2976 4259 3269 4325 utrumque
3306 4257 3582 4315 scribatur
3602 4259 3746 4332 aiant
3774 4256 3861 4313 ile—

2278 4537 2537 4607 sequitur,
2558 4548 2666 4594 etc.
2693 4539 2748 4595 ln
2770 4542 2964 4599 codice
2990 4559 3123 4600 vero
3148 4544 3529 4605 Cluniaciensi
3558 4551 3675 4608 hac
3701 4551 3861 4607 addita

2284 4611 2465 4690 reperi
2490 4609 2671 4690 :_Licet
2690 4615 2929 4690 quietiam
2978 4616 3159 4672 vicisti
3198 4622 3479 4690 pcrtidiam
3520 4621 3858 4686 Arianorum.

2283 4684 2374 4748 qui
2402 4680 2741 4765 Catholicam
2776 4687 3065 4765 veritatem
3098 4680 3214 4765 linc'
3250 4706 3309 4765 se
3357 4694 3676 4753 testimonio
3710 4680 3862 4765 capti;

2278 4764 2453 4837 gnaro
2473 4758 2806 4837 reputabant
2850 4760 3172 4829 exemplaria
3196 4764 3444 4837 male‘pro
3474 4758 3860 4837 possessionem

2281 4819 2504 4878 habeant
2539 4819 2870 4885 creaturam.

2355 4906 2390 4976 ᾖ
2419 4895 2679 4976 Meudose
2706 4900 2962 4976 Martiau.
2995 4900 3215 4959 Urbium
3240 4906 3468 4976 legerat.
3496 4910 3664 4967 Virbii
3697 4921 3859 4966 autem

2280 4967 2565 5024 notissima
2596 4980 2680 5026 est
2709 4972 2885 5027 fabula
2916 4990 2980 5028 ex
3008 4976 3201 5032 Ovidio
3228 4967 3593 5052 hlétamorph.
3626 5000 3727 5039 xv:

2804 5114 2999 5179 Quique
3016 5116 3153 5170 fuisti

2431 5190 2740 5258 Hippolytus,
2760 5196 2907 5263 dixit,
2930 5212 3062 5252 nunc
3082 5202 3214 5255 idem
3233 5204 3429 5257 Virbius
3453 5215 3581 5260 esto.

2280 5320 2500 5409 Videas.
2524 5323 2699 5409 Patris
2724 5327 3101 5409 Commetitar.
3131 5334 3182 5409 in
3210 5334 3385 5404 Epist.
3409 5336 3475 5393 ad
3518 5336 3786 5409 Ephesios
3811 5352 3856 5391 c.

2269 5409 2342 5480 ιν.
2376 5396 2468 5480 id:
2498 5408 2554 5450 et
2575 5400 2665 5467 qui
2695 5417 2818 5454 eum
2834 5403 3021 5480 iocum
3053 5396 3854 5480 acrher'suggi’ilat,'Rutiuum,

2270 5465 2528 5521 Invectiv.
2564 5465 2608 5534 ιζ
2638 5486 2784 5525 unm.
2820 5472 2910 5528 4:2.

2294 5609 2305 5620 .
2340 5536 2368 5574 τί
2401 5537 2620 5622 Vulgati
2679 5540 2813 5599 Zain
2866 5548 3049 5616 legunt
3093 5566 3168 5622 (ex
3210 5553 3500 5609 recentiori
3555 5554 3859 5622 pronuntia:

2479 5610 2687 5696 Contra
2713 5631 2892 5696 _niss_.,
2920 5610 3047 5673 'tum
3090 5619 3178 5676 hic
3218 5639 3340 5678 cum
3384 5626 3441 5696 in,
3475 5610 3633 5696 epist.
3680 5628 3768 5690 50.
3798 5621 3857 5675 ad

2268 5680 2511 5767 Paulam,
2549 5680 2997 5767 de_r\|phalteto,
3042 5702 3359 5767 constanter
3399 5680 3523 5751 Zai'
3550 5680 3851 5767 praeferunt.

2265 5753 2410 5841 quod
2439 5765 2491 5808 et
2525 5755 2682 5841 nobis
2715 5753 2773 5841 et
2805 5753 3002 5817 Drusio
3037 5765 3298 5833 probatur
3327 5783 3391 5823 ex
3421 5753 3647 5841 antiqua,
3681 5753 3849 5825 declaQ

2266 5828 2477 5881 ratioae
2504 5828 2623 5897 ejus
2646 5828 2861 5886 litterte.
