4014 6506
200 385 283 447 δοι
643 376 1330 443 'COMMENTARIORUM
1369 383 1438 448 ΙΝ
1477 384 1709 452 ΙδΑΙΔΜ
1747 384 1816 447 PE

1924 374 2172 447 ἨΕΤΑΜ
2211 387 2342 444 LIB.
2388 388 2522 446 Vlll.
2565 387 2722 450 CAP.
2764 389 2959 448 XXVI.
3377 398 3483 456 302

199 501 373 556 brxos.
404 496 512 555 Sed
537 499 756 571 quando
782 501 1082 558 memoriale
1107 501 1370 572 dicimus,
1406 502 1604 576 legitur
1632 511 1657 542 ι
1688 520 1782 560 ΖΛ·-
1803 503 1863 566 Α
1883 503 1954 563 uit
1993 519 2074 559 me
2111 504 2165 558 in
2197 503 2468 561 latitudine
2497 505 2618 581 (Ps.
2652 523 2818 578 cxvu,
2851 507 2926 584 5).
2979 509 3044 566 Et
3076 510 3128 569 in
3165 511 3272 568 alio
3309 513 3436 570 loco
3467 535 3482 570 :

197 607 349 658 cute;
371 591 589 664 quando
617 593 923 660 masculum,
953 609 1181 651 zocuon.
1211 595 1276 654 Et
1297 593 1400 652 hac
1421 595 1574 650 verbi
1596 595 1775 652 ambi-
1881 593 1963 654 .Ad
1994 592 2274 650 Dominum
2300 612 2417 652 cum
2457 597 2732 660 tribularer
2755 597 2994 668 clamavi,
3037 609 3083 656 et
3112 603 3372 658 exaudivit
3405 622 3484 661 me

198 687 381 761 guitate
407 686 698 757 deceptum
731 687 1070 746 arbitrantur
1090 690 1243 758 Saul,
1275 689 1494 762 quando
1523 691 1780 764 pugnavit
1883 683 2003 756 (Ps.
2025 701 2169 750 CXIX,
2205 686 2277 760 l).
2306 687 2462 744 Unde
2494 690 2786 761 Apostolus
2814 691 3093 765 louuilul‘:
3126 691 3480 764 Τνίὺαίαηηιν,

197 791 366 838 contra
431 781 694 838 Amalech
759 791 815 838 et
873 781 1151 840 interfecit
1200 800 1362 842 omne
1413 788 1776 842 ηιςιεουιίηιιιη
1881 777 1973 832 sed
1992 795 2093 833 non
2124 781 2951 856 angustiamur:persecutionem
2976 786 3220 856 patimur,
3245 791 3336 844 sed
3378 807 3484 846 non

198 889 372 932 eorum
406 873 450 950 (ῐ
485 875 614 948 Reg.
644 873 758 948 xv).
789 876 903 934 Deo
933 879 1081 934 enim
1115 879 1471 952 praecipiente
1497 927 1510 951 ,
1537 878 1568 920 ιι
1599 891 1656 937 ut
1684 880 1780 938 de-
1883 867 2288 946 “relinquimur
2336 872 2379 947 (ῐ
2418 873 2539 930 δον·
2583 891 2656 944 Wo
2699 875 2810 949 12)·
2845 875 2913 934 El
2935 879 2986 932 Ῐη
3027 879 3136 936 ³1ίο
3165 879 3325 941 ιοεοε
3360 881 3485 943 Νοιι

195 967 317 1024 leret
346 982 563 1025 omnem
597 971 901 1026 memoriam
930 971 1189 1028 Amalech
1212 972 1317 1030 sub
1341 972 1484 1036 ctelo
1511 1017 1526 1044 ,
1559 973 1656 1031 ille
1680 989 1779 1046 pro
1882 973 2003 1017 δυηι
2043 964 2314 1037 condigna?
2349 967 2616 1038 ραεεὶοηεε
2653 969 2810 1046 hujus
2841 973 3086 1043 temporis
3119 974 3188 1030 ad
3220 984 3489 1033 venturam

195 1063 444 1121 memoria
471 1107 487 1130 ’
531 1079 636 1121 non
678 1075 790 1121 [am
831 1082 1020 1123 errore
1046 1111 1060 1138 ,
1093 1083 1256 1144 quam
1287 1069 1488 1140 pragdm
1521 1070 1781 1127 seductus
1884 1055 2105 1132 gloriam
2135 1076 2250 1136 qua:
2291 1059 2599 1116 revelabitur
2634 1063 2689 1118 in
2729 1064 2874 1122 nobis
2901 1065 3078 1131 (Rom.
3119 1083 3241 1138 νιιι,
3429 1069 3486 1126 Si

195 1156 438 1229 cupidine
465 1199 482 1224 ,
514 1157 772 1214 musculos
803 1161 1194 1232 interpretatus
1219 1171 1338 1230 est,
1376 1163 1626 1220 nesciens
1647 1162 1780 1220 illud
1887 1161 2066 1208 amem
2104 1166 2270 1224 Parva
2303 1153 2584 1212 "ibulalio
2615 1155 2796 1229 ἀοοθῐ,
2821 1166 2875 1214 ει
2909 1159 3186 1230 emendat.
3232 1170 3290 1223 et
3319 1165 3492 1222 corri-

193 1250 463 1323 Apostoii:
494 1249 677 1310 Nolite
721 1269 898 1308 errare
919 1295 933 1320 ,
975 1253 1110 1311 Deus
1142 1271 1247 1309 non
1285 1254 1533 1314 irridetur
1578 1255 1778 1328 (Colat.
1887 1246 1986 1322 pit.
2018 1258 2220 1320 quanto
2250 1249 2422 1320 magis
2447 1265 2664 1324 magna,
2691 1267 2812 1308 cum
2842 1252 3201 1314 admonemur
3222 1257 3495 1324 conditio-

194 1359 258 1415 ",
279 1345 360 1416 γ),
1887 1343 1973 1398 nis
2002 1353 2227 1410 nostrae,
2256 1351 2313 1400 et
2340 1343 2438 1400 Dei
2467 1347 2727 1416 potentiae
2750 1349 3134 1414 recordamur!

258 1437 442 1510 (νει-8.
464 1439 582 1512 15.)
596 1439 878 1498 Indulsiin
897 1441 1056 1518 genti,
1074 1439 1317 1512 Domine,
1337 1443 1604 1504 indulsisti
1621 1448 1783 1519 genti.

1957 1435 2121 1516 355
2170 1436 2356 1510 (Vers.
2417 1440 2506 1506 17,
2567 1439 2695 1512 18.)
2731 1441 2879 1498 Sicut
2935 1459 3052 1518 qua:
3097 1447 3330 1518 concepit
3379 1465 3496 1505 cum

196 1532 460 1606 Numquid
479 1535 802 1611 gloriﬁcalus
823 1551 874 1590 es
897 1537 922 1590 Ρ
942 1535 1196 1612 elongasti
1221 1553 1396 1593 omnes
1421 1539 1664 1594 terminos
1685 1549 1785 1596 ter-
1888 1533 2462 1606 appropinquaveritad
2484 1545 2711 1606 parium,
2737 1537 2918 1600 dolens
2933 1538 3121 1596 clamat
3145 1541 3198 1597 in
3236 1541 3500 1606 doloribus

193 1645 277 1684 rte.
301 1626 453 1684 LXX
479 1645 492 1684 :
521 1627 668 1683 Adde
689 1629 763 1690 eis
783 1627 945 1698 mala,
973 1627 1214 1698 Domine,
1239 1631 1374 1686 adde
1393 1632 1532 1688 mala
1549 1630 1789 1704 gloriosis
1890 1628 1998 1683 suis
2023 1643 2040 1681 :
2067 1627 2142 1681 sic
2157 1627 2286 1700 facti
2301 1644 2478 1684 sumus
2493 1646 2528 1683 a
2539 1631 2678 1702 {acie
2699 1641 2810 1706 tua,
2831 1631 3070 1692 Domine.
3089 1630 3436 1702 Concem'mus
3451 1644 3499 1690 et

199 1728 340 1777 teme
371 1719 567 1793 :longe
591 1721 758 1794 fecisti
777 1738 950 1778 omnes
977 1724 1224 1782 terminos
1256 1733 1427 1781 terrae.
1474 1725 1622 1781 Mala
1668 1743 1788 1800 qua:
1892 1720 2040 1794 quasi
2075 1721 2466 1793 ρανιιινῐυὶηηιδ,
2508 1732 2557 1778 el
2591 1725 2888 1800 peperimus
2913 1727 3171 1800 spiritum.
3205 1727 3345 1792 LXX
3379 1748 3391 1783 :
3433 1729 3502 1794 Et

191 1813 324 1872 LXX
365 1815 616 1872 secundo
653 1829 979 1890 posuerunt,
1014 1819 1066 1874 in
1101 1817 1370 1877 Hebraico
1416 1837 1522 1876 non
1581 1821 1788 1882 haben.
1893 1811 2026 1868 sicut
2053 1813 2344 1886 parturiens
2363 1831 2480 1870 cum
2500 1818 2880 1892 appropinquat
2902 1820 2972 1873 ad
3003 1830 3214 1890 partum
3242 1825 3297 1880 in
3327 1821 3506 1881 dolore

197 1920 303 1979 tur;
337 1911 439 1968 sed
467 1911 591 1980 quia
619 1928 782 1990 supra
823 1911 1061 1982 dixerat,
1095 1913 1225 1970 Ideo
1251 1915 1503 1976 indtta‘isti
1533 1927 1580 1980 et
1611 1917 1786 1987 perdi-
1817 1898 1867 1966 Β
1895 1925 1988 1962 suo
2024 1906 2215 1963 clamat
2253 1924 2272 1962 :
2319 1910 2392 1964 sic
2433 1911 2566 1984 [acti
2595 1927 2772 1966 smnus
2809 1913 3068 1984 +dilecto
3104 1923 3193 1970 tuo
3223 1933 3246 1976 ε
3293 1925 3505 1990 propter

194 2007 326 2078 disti,
344 2015 399 2063 et
423 2007 586 2063 tulisti
609 2025 759 2064 omne
771 2007 1056 2064 masculum
1074 2007 1184 2082 [AL
1207 2009 1575 2086 masculinum]
1591 2027 1794 2077 eorum,

1924 2000 2132 2055 imorent
2162 2010 2326 2073 tuum,
2371 1999 2612 2074 Domine,
2658 2015 2680 2044 ε
2712 2005 2767 2058 in
2790 2015 2936 2060 utero
2967 2007 3278 2076 accepimus,
3311 2018 3358 2065 et
3385 2025 3510 2080 par-

195 2100 441 2158 eumdem
473 2115 697 2156 sensum
729 2103 926 2169 secuti,
967 2099 1298 2158 addiderunt
1338 2103 1406 2159 de
1449 2120 1572 2172 suo,
1605 2105 1745 2165 mala
1777 2122 1796 2160 :

1924 2093 2194 2160 uriuimus,
2224 2105 2272 2150 et
2313 2097 2606 2166 peperimus
2633 2099 2878 2169 spiritum
2914 2100 3106 2162 salutis
3133 2110 3258 2168 tuae,
3292 2117 3409 2171 quae
3427 2104 3510 2176 [e-

193 2194 364 2266 utqui
390 2193 616 2270 gloriosi
650 2194 702 2250 in
726 2203 868 2250 terra
898 2203 1050 2262 sunt,
1082 2196 1242 2252 malis
1272 2194 1584 2270 duplicibus
1615 2199 1799 2272 oppri-

195 2293 431 2340 mantur.
461 2283 637 2340 Porro
665 2285 815 2356 juxta
857 2285 1117 2344 ﬂebra-os
1154 2286 1325 2342 multo
1353 2289 1516 2346 aliter
1543 2299 1628 2346 est
1673 2305 1800 2350 sen-

193 2389 298 2443 sus,
327 2385 388 2432 et
424 2375 593 2447 priori
622 2375 975 2450 disputationi
1002 2377 1170 2456 355
1215 2395 1544 2452 caugruens.
1582 2382 1802 2442 Dixerat

195 2467 464 2525 Dominus
511 2486 525 2524 :
569 2467 916 2528 Misereamur
961 2473 1144 2546 impio.
1187 2474 1460 2545 Propheta
1503 2475 1804 2548 responde-

194 2569 314 2618 rat:
357 2561 445 2617 Et
486 2561 574 2617 ubi
616 2572 702 2618 est
729 2562 941 2635 iustitia
975 2565 1108 2621 tua?
1142 2567 1443 2634 prtesertim
1487 2584 1610 2625 cum
1653 2577 1801 2626 tanta

196 2655 328 2710 mala
362 2655 422 2710 in
471 2665 690 2711 sanctos
732 2663 858 2714 tuos
889 2670 1145 2728 oneratus
1167 2662 1260 2718 sit.
1294 2661 1374 2716 Ad
1421 2663 1566 2736 quod
1619 2663 1804 2720 Domi-

193 2763 291 2804 nus
314 2769 327 2805 :
363 2746 440 2804 Et
467 2767 569 2804 non
596 2750 808 2819 videbit,
837 2752 1036 2824 inquit,
1061 2754 1283 2827 gloriam
1304 2753 1536 2812 Domini.
1564 2756 1801 2814 Rursum

191 2839 469 2912 Prnﬂreta
494 2860 508 2896 :
542 2842 826 2898 Exaltetur
847 2859 1043 2901 manus
1075 2856 1161 2902 tua
1190 2847 1258 2902 ad
1283 2849 1723 2918 percutiendum,
1751 2857 1807 2908 et

193 2947 297 2990 non
324 2933 558 2990 videant
585 2933 814 3007 gloriam
847 2945 1018 3005 tuam,
1065 2953 1228 3009 quam
1259 2955 1368 2994 non
1411 2949 1689 2998 merentur
1719 2957 1808 2998 as-

195 3027 400 3098 picere.
439 3029 521 3086 Ad
545 3027 692 3100 quod
719 3027 981 3086 Dominus
1007 3047 1020 3084 :
1063 3029 1286 3086 Videant
1306 3033 1478 3104 magis
1507 3042 1554 3088 et
1583 3038 1808 3108 confarr-

195 3119 409 3178 dantur.
443 3118 684 3178 Rursum
729 3121 1002 3194 Propheta
1035 3141 1050 3178 :
1088 3123 1336 3191 Domine,
1381 3139 1569 3196 pacem
1611 3125 1676 3182 da
1711 3142 1811 3182 no-

196 3211 297 3283 bis,
340 3221 402 3271 et
453 3213 678 3284 posside
721 3228 840 3284 nos,
875 3216 967 3286 qui
1017 3217 1094 3272 tui
1143 3217 1380 3273 nominis
1427 3217 1804 3274 recordamur.

1901 2188 2065 2242 cintus
2093 2203 2251 2262 super
2285 2197 2500 2244 terram.
2540 2191 2696 2246 Sicut
2733 2191 2799 2246 ad
2823 2200 3038 2263 partum
3079 2195 3276 2257 mulier
3307 2211 3509 2274 appro-

1901 2281 2200 2355 pinquans,
2237 2282 2430 2339 dolore
2459 2285 2676 2358 cogitur
2705 2288 3020 2343 exclamare
3048 2305 3060 2341 :
3096 2287 3176 2342 sic
3206 2302 3304 2344 nos
3334 2289 3386 2344 in
3417 2303 3514 2344 au-

1899 2374 2083 2446 gustia
2160 2376 2494 2451 requirimus
2537 2384 2627 2445 te,
2679 2385 2794 2434 eta
2839 2379 2980 2434 facie
3049 2378 3359 2438 formidinis
3409 2388 3516 2435 tua:

1902 2461 1930 2502 ἀ
1956 2467 2310 2538 concepimus
2337 2509 2353 2536 ,
2393 2477 2447 2524 et.
2496 2469 2920 2540 parturivimus,
2948 2479 3004 2526 et
3037 2473 3374 2547 peperimus,
3403 2488 3512 2527 non

1903 2562 2088 2619 carnis
2140 2561 2367 2628 liberos,
2423 2561 2520 2618 sed
2565 2563 2836 2640 Spiritus:
2887 2572 2944 2618 ut
2976 2571 3084 2617 tota
3128 2565 3180 2618 in
3223 2575 3275 2619 te
3328 2574 3516 2623 incute

1905 2652 2218 2720 credamus,
2249 2663 2305 2708 ut
2333 2668 2494 2724 quem
2529 2669 2626 2724 per
2653 2654 2919 2712 beneﬁcia
2945 2671 3051 2709 non
3087 2657 3382 2724 sensimus,
3417 2672 3520 2730 per

1907 2757 2177 2804 tormenta
2207 2748 2504 2810 discamus.
2535 2749 2652 2805 Hoc
2691 2750 2838 2822 quod
2869 2748 3014 2805 LXX
3043 2751 3410 2820 addiderunt,
3443 2753 3519 2807 sic

1908 2844 2032 2914 facti
2073 2860 2249 2898 sumus
2283 2843 2474 2900 dilecto
2524 2853 2648 2912 tuo;
2695 2859 2798 2916 pro
2843 2860 2952 2916 quo
2985 2845 3174 2901 ett-teri
3225 2846 3518 2902 transtule-

1908 2946 2058 3009 runt,
2084 2938 2158 2992 sic
2183 2938 2310 3010 {acti
2337 2955 2518 2993 sumus
2545 2955 2576 2992 α
2606 2937 2740 3010 [acie
2772 2949 2886 3005 tua,
2917 2938 3160 3006 Domine,
3185 2939 3347 2994 obelo
3378 2956 3520 3010 pra:-

1909 3030 2210 3088 notandutn
2259 3041 2366 3088 est.
2418 3029 2720 3088 Possumus
2767 3040 2946 3086 autem
2989 3031 3253 3089 dilectum
3303 3031 3520 3087 Domini

1909 3121 2190 3178 Christum
2217 3124 2489 3196 accipere,
2537 3134 2761 3198 propter
2789 3123 2947 3199 cujus
2979 3125 3233 3182 timorem
3275 3125 3521 3196 concipi-

1913 3231 2060 3283 mus,
2086 3225 2140 3272 et
2171 3216 2532 3288 parturitnus,
2572 3229 2627 3272 et
2651 3217 2919 3288 parimus,
2950 3226 3006 3272 et
3033 3217 3285 3290 spiritum
3326 3220 3519 3274 salutis

193 3306 347 3382 lmpii
394 3319 583 3366 autem
613 3318 670 3366 et
698 3310 919 3382 superbi
955 3327 1062 3366 non
1093 3311 1296 3376 vivant,
1320 3325 1422 3368 nec
1442 3323 1726 3384 resurgant
1755 3313 1809 3369 in
1835 3299 1882 3363 C
1915 3311 2146 3370 iacimus
2173 3327 2340 3382 super
2369 3320 2594 3369 terram.
2629 3313 2814 3369 Potest
2845 3315 2944 3376 hoc
2985 3325 3038 3371 et
3067 3313 3419 3386 Apostolicus
3441 3317 3524 3370 vir

195 3403 393 3476 gloria,
426 3403 528 3460 sed
560 3412 786 3460 contere
825 3419 1044 3466 omnem
1085 3406 1408 3461 memoriam
1431 3421 1640 3462 eorum.
1669 3405 1814 3462 Cau-

190 3511 393 3572 sssque
441 3499 648 3568 reddit,
708 3515 808 3556 cur
847 3513 944 3558 eos
991 3502 1176 3574 cupiat
1231 3499 1482 3557 interire.
1527 3499 1814 3558 Indulsisti

191 3595 355 3668 genti,
411 3593 657 3653 Domine.
702 3594 968 3651 indulsisti
1005 3595 1168 3668 genti,
1202 3594 1454 3666 numquid
1492 3585 1814 3668 gloriﬁcaius

192 3690 290 3742 es?
311 3688 379 3744 Et
403 3696 704 3744 estsensus
728 3706 741 3742 :
761 3687 920 3760 Saepe
947 3687 1205 3744 misertus
1234 3703 1293 3742 es
1321 3685 1594 3758 gentibus,
1621 3686 1672 3742 id
1705 3693 1812 3754 est,

193 3779 442 3839 humano
499 3782 708 3853 generi,
748 3793 802 3838 et
855 3780 1146 3839 exercuisti
1189 3781 1252 3838 in
1291 3797 1388 3838 eas
1437 3781 1813 3838 incredibilem

192 3873 575 3944 clementiam,
610 3873 874 3945 numquid
899 3883 950 3930 te
975 3875 1392 3946 cognoverunt?
1416 3875 1675 3946 numquid
1699 3874 1818 3948 glo-

195 3969 561 4028 ﬁlicaverunt
607 3985 810 4028 nomen
844 3969 1044 4026 tuum?
1093 3968 1284 4026 Nonne
1327 3984 1358 4026 e
1387 3970 1668 4026 contrario
1700 3985 1730 4025 a
1763 3979 1816 4026 te

193 4063 362 4137 longe
405 4065 524 4142 [AL
581 4063 828 4138 longius]
878 4065 1270 4123 recesserunt?
1319 4065 1600 4122 Securitas
1666 4065 1814 4122 enim

196 4162 623 4236 negligentiam,
654 4162 985 4234 negligentia
1015 4169 1395 4228 contemptum
1430 4159 1596 4230 parit.

269 4254 464 4329 (Vers.
498 4253 614 4330 16.)
650 4251 890 4318 Domine,
921 4254 977 4310 in
1005 4253 1246 4328 angustia
1272 4253 1618 4326 requisierunt
1647 4261 1717 4318 te,
1759 4252 1820 4309 in

197 4349 550 4406 tribulatione
575 4348 854 4403 murmuris
873 4345 1111 4402 doctrina
1133 4354 1222 4402 tua
1241 4347 1334 4401 eis.
1359 4345 1502 4404 LXX
1531 4364 1544 4400 :
1576 4344 1817 4412 Domine,

191 4444 248 4500 in
303 4442 652 4501 tribulatione
687 4441 986 4497 recordatus
1040 4456 1156 4495 sum
1193 4440 1288 4508 tui,
1348 4440 1401 4494 in
1487 4436 1822 4494 tribulatione

194 4556 367 4614 parua
411 4537 654 4594 doctrina
685 4547 775 4592 tua
819 4535 986 4591 nobis.
1016 4535 1149 4606 Quia
1183 4535 1473 4608 indulgens
1501 4550 1646 4608 saepe
1692 4551 1824 4590 con-

195 4642 452 4706 temptus
482 4647 568 4697 es,
598 4647 698 4686 nec
717 4630 1086 4703 glorilicatus;
1124 4627 1220 4684 sed
1262 4644 1292 4684 e
1319 4627 1595 4684 contrario
1626 4642 1820 4684 omnes

1913 3405 2125 3472 dicere,
2158 3404 2384 3478 quando
2427 3405 2658 3476 populos
2701 3405 2883 3461 erudit
2920 3416 2976 3461 et
3013 3405 3257 3464 imitatur
3304 3417 3526 3482 aposto-

1913 3497 2025 3552 lum
2053 3498 2279 3553 Paulum
2316 3515 2329 3550 :
2357 3496 2540 3554 Filioli
2562 3497 2680 3562 mei,
2709 3514 2835 3570 quos
2863 3499 3048 3554 iterum
3072 3499 3330 3572 parturio,
3359 3500 3524 3555 donec

1916 3588 2157 3646 Christus
2173 3595 2424 3662 formetur
2449 3594 2503 3645 in
2533 3592 2674 3648 uobis
2705 3589 2906 3658 (Colat.
2932 3607 3012 3662 tv,
3032 3591 3144 3664 19).
3168 3593 3252 3648 Au
3271 3593 3526 3649 dubitan-

1919 3684 2046 3739 dum
2074 3684 2323 3756 estquod
2350 3685 2548 3742 Paulus
2569 3685 2848 3760 apostolus
2871 3685 3126 3756 Spiritum
3156 3687 3349 3744 salutis
3377 3688 3523 3746 fece-

1917 3779 1990 3834 rit
2016 3792 2185 3848 super
2216 3788 2443 3845 terram,
2477 3779 2569 3850 qui
2599 3779 2668 3836 de
2708 3778 3013 3835 Jerusalem
3052 3795 3222 3856 usque
3253 3781 3320 3835 ad
3348 3780 3526 3852 lilyri-

1917 3886 2040 3930 cum
2073 3873 2428 3944 Evangelium
2461 3873 2781 3946 praedicavit
2806 3871 2983 3946 (Rom.
3013 3873 3126 3948 xv),
3165 3884 3220 3930 et
3253 3877 3406 3948 quasi
3436 3891 3524 3931 sa-

1920 3965 2075 4038 piens
2114 3967 2448 4023 arcbitectus
2488 3965 2902 4024 fundamentum
2933 3969 3142 4042 posuit,
3183 3979 3338 4026 extra
3381 3971 3525 4040 quod

1919 4063 2103 4118 nullus
2149 4062 2288 4118 alius
2331 4072 2512 4135 putest
2559 4079 2786 4138 ponere,
2821 4065 2910 4137 qui
2947 4075 3034 4121 est
3073 4063 3325 4122 (‘Jiristus
3362 4064 3524 4121 Jesus

1921 4156 1966 4230 (l
1997 4156 2118 4212 Cor.
2154 4155 2278 4228 ut)?
2316 4156 2444 4214 Sive
2475 4157 2638 4229 igitur
2669 4159 2998 4228 legerimus,
3035 4169 3250 4232 promer
3285 4161 3525 4215 timorem

1921 4260 2086 4318 tuum,
2123 4248 2360 4318 Domine,
2391 4250 2444 4304 in
2463 4261 2607 4305 utero
2635 4253 3093 4326 accepimus:sive
3115 4251 3266 4324 juxta
3297 4253 3529 4308 Hebrai~

1921 4358 2068 4408 cum,
2099 4360 2132 4397 a
2161 4343 2294 4416 [acie
2323 4353 2436 4410 tua,
2463 4341 2710 4411 Domine,
2743 4345 3094 4418 concepimus,
3119 4346 3236 4401 etin
3265 4355 3408 4402 utero
3437 4365 3527 4402 ac-

1922 4437 2170 4510 cepimus,
2211 4446 2501 4507 utrumque
2541 4435 2608 4491 ad
2650 4435 2704 4492 id
2741 4439 3005 4512 pertinet,
3037 4448 3097 4493 ut
3134 4454 3200 4494 ex
3233 4439 3428 4494 timore
3470 4449 3526 4493 et

1923 4529 2307 4587 recordatione
2346 4530 2565 4586 Domini
2611 4547 2924 4588 sermonem
2979 4533 3356 4606 concipiamus
3401 4533 3523 4602 Dei,

1923 4633 1982 4684 et
2007 4627 2343 4682 illtnniuetur
2369 4641 2467 4682 cor
2494 4635 2737 4682 nostrum
2766 4627 3064 4684 dicentium
3092 4645 3106 4682 :
3137 4627 3418 4701 Signatum
3451 4639 3526 4684 est

191 4743 225 4784 a
253 4690 354 4786 tua
388 4725 630 4784 scientia
652 4690 1037 4790 recesserunt;
1071 4730 1378 4793 ρτοριετεθρ
1401 4721 1662 4790 nomine,
1695 4735 1820 4790 De"
1847 4690 1899 4753 Β
1925 4736 2082 4792 “Per
2107 4737 2200 4776 ’¹⁰³
2241 4721 2410 4776 (“men
2451 4720 2625 4776 vum”
2663 4721 2758 4788 ταδ’
2802 4720 3023 4776 nomine
3069 4722 3187 4796 (Ps'
3219 4739 3294 4786 ’ν’
3325 4723 3404 4794 η’
3441 4723 3530 4792 ω’

193 4827 326 4878 cute
358 4833 488 4885 eos,
520 4825 582 4872 ut
608 4817 667 4874 in
697 4815 944 4886 angustia
973 4824 1029 4870 te
1059 4816 1360 4886 requirant,
1391 4823 1450 4870 et
1478 4813 1531 4869 in
1591 4813 1820 4869 tribula-

192 4915 358 4972 tione
393 4910 702 4970 murmuris
752 4909 1000 4967 doctrina
1031 4916 1126 4966 tua
1168 4909 1239 4964 sit
1277 4909 1358 4964 eis
1394 4927 1408 4964 :
1440 4905 1658 4980 quando
1703 4919 1824 4962 tan-

193 5014 315 5064 tum
347 5006 445 5063 eis
480 5003 750 5062 malorum
795 5001 1010 5074 pondus
1039 5000 1343 5064 incumbet,
1385 5010 1439 5055 ut
1488 5015 1556 5056 ne
1585 4999 1824 5056 clamare

189 5101 437 5174 quidem
475 5097 717 5156 audeant
743 5096 1104 5162 conﬁdenter,
1147 5095 1240 5152 sed
1286 5095 1532 5151 dolorem
1563 5110 1717 5150 suum
1751 5095 1827 5150 si-

187 5193 378 5252 lentio
432 5189 728 5248 devorent.
774 5188 942 5247 Juxta
981 5187 1147 5251 LXX,
1191 5189 1244 5243 in
1293 5187 1646 5244 tribulatione
1691 5186 1827 5244 Pro-

188 5285 369 5358 pheta
409 5283 630 5340 Domini
661 5281 1009 5347 recordatur,
1021 5281 1186 5354 juxta
1209 5281 1340 5338 illud
1370 5281 1514 5356 quod
1543 5282 1594 5337 in
1617 5281 1828 5352 psalmo

187 5377 423 5437 dicitur
450 5393 464 5432 :
489 5374 570 5434 De
598 5375 929 5433 tribulatione
951 5376 1182 5432 inuocaui
1207 5374 1508 5445 Dominum,
1531 5383 1580 5432 et
1603 5373 1826 5432 exaudi-

259 5641 301 5675 ιι
344 5627 594 5685 Densius
637 5625 877 5682 rescribi
919 5623 1039 5682 ltuit
1092 5619 1316 5687 laeter,
1363 5623 1508 5694 quod
1559 5621 1829 5694 exemplis

181 5700 422 5767 ξύει,
466 5697 686 5766 Phares.
709 5697 860 5767 Mes,
879 5695 1195 5768 atquealiis
1210 5694 1528 5756 conﬁrmat.
1555 5694 1664 5752 Sed
1694 5711 1828 5754 tuas.

175 5792 313 5841 nan
349 5769 761 5844 suﬁraguttltlr.

253 5849 299 5889 δ
335 5839 567 5908 Valle;
585 5851 643 5897 ut
668 5841 926 5896 deleretur
957 5841 1123 5896 omnis
1150 5839 1419 5906 memoria,
1443 5847 1550 5896 etc.

273 5931 302 5960 ε
341 5918 476 5973 Pro
503 5914 554 5968 in
583 5923 730 5969 utero
757 5914 1070 5982 accepimus,
1106 5915 1157 5968 in
1194 5912 1366 5969 Vatic.
1399 5920 1484 5968 est
1514 5926 1622 5969 uno
1671 5910 1838 5968 verbo

185 5987 586 6061 concepimus,
623 5985 814 6044 Graeco
853 5985 1144 6053 renitente,
1172 5982 1276 6056 qui
1301 5997 1563 6055 expresse
1583 5983 1754 6041 habet
1789 5985 1840 6040 ἓν

1930 4812 2139 4869 ostende
2163 4814 2346 4886 [aciem
2369 4824 2536 4881 tuam,
2565 4821 2614 4868 et
2635 4815 2768 4869 δαιτί
2793 4815 2981 4871 erimus
3001 4813 3126 4892 (Ps.
3160 4833 3342 4884 uxrx,
3373 4815 3454 4889 4).

2005 4907 2214 4963 Salutes
2253 4923 2354 4961 non
2383 4908 2598 4979 fecimus
2629 4907 2684 4962 in
2727 4917 2864 4962 terra
2892 4923 2911 4963 :
2939 4908 3054 4964 ideo
3095 4926 3198 4965 non
3239 4911 3535 4967 ceciderunt

1931 4999 2242 5054 habitatores
2267 4999 2430 5054 orbis.
2468 4998 2612 5058 LXX
2641 5017 2652 5053 :
2684 4997 2810 5054 Non
2836 5001 3098 5068 eademne,
3120 5003 3214 5058 sed
3241 5003 3536 5060 cadentha-

1932 5093 2175 5150 bitatores
2217 5103 2384 5148 terrm.
2434 5093 2657 5150 Diversa
2688 5095 3071 5174 interpretatio
3112 5113 3341 5155 necesse
3371 5109 3536 5156 estut

1934 5187 2216 5245 diversum
2255 5187 2451 5244 haheat
2483 5197 2538 5245 et
2577 5204 2820 5246 sensum.
2869 5189 3032 5247 Juxta
3067 5191 3390 5249 l‘lebraicum
3433 5193 3536 5248 hoc

1935 5279 2134 5338 dicitur
2164 5298 2190 5340 ι
2211 5280 2345 5348 Quia
2390 5279 2529 5337 nihil
2556 5281 2779 5354 dignum
2829 5293 2918 5339 tua
2951 5283 3184 5342 fecimus
3222 5286 3540 5342 misericor-

1937 5376 2050 5442 dia,
2099 5383 2398 5450 propterea
2449 5373 2603 5447 impii
2649 5391 2758 5433 non
2812 5387 3164 5443 corruerunt,
3220 5377 3316 5434 sed
3370 5394 3544 5454 usque

1931 5625 2131 5712 amo
2153 5619 2581 5712 ἐλάβομεν-,θεας
2613 5630 2800 5712 "nec
2832 5640 2956 5712 rue
2989 5622 3248 5712 relative
3284 5628 3550 5712 arﬁcul-

1933 5695 2097 5772 ίμιά
2138 5695 2577 5772 Aleundripem
2627 5695 2915 5765 exemplar
2954 5696 3128 5772 abest.
3191 5697 3554 5772 Prosequitur

1985 5769 2219 5841 interius
2233 5778 2288 5824 et
2313 5765 2575 5841 doluimus
2605 5783 2704 5838 pro
2721 5776 2776 5824 et
2796 5769 3200 5840 ,parturinimus,
3223 5765 3558 5841 jtixtzi'Graz-

1945 5855 2068 5911 cum
2097 5839 2340 5896 codicem
2379 5839 2726 5911 ὠδυνήσαμεν.

2019 5910 2044 5948 ἀ
2075 5911 2246 5966 V’atic.
2284 5911 2336 5964 in
2391 5910 2624 5966 instanti
2647 5911 2988 5986 concipimus,
3019 5917 3348 5986 parturimus
3387 5928 3440 5976 ct
3472 5933 3562 5986 pa-

1949 5999 2136 6040 mnus.
