4014 6470
599 375 707 433 505

1869 373 1930 432 S.
1974 370 2246 434 EUSEBII
2285 372 2536 433 HIERON
2548 375 2663 434 YMI
3737 382 3815 447 ὅθι

600 515 766 589 356
821 511 982 569 hodie
1030 511 1332 583 prmvalent
1370 520 1426 569 et
1465 510 1754 582 possident
1794 519 2017 568 terram.
2057 511 2203 568 LXX
2231 494 2281 554 Α
2307 530 2413 568 non
2440 513 2703 579 videbunt,
2735 520 2796 568 ut
2832 510 3171 570 manifesﬁus
3195 513 3572 576 demonstraret
3619 537 3706 579 non
3739 525 3820 584 dicl

595 621 779 664 autem
812 609 913 662 hoc
957 614 1234 673 asserunt,
1262 605 1407 677 quod
1447 604 1774 661 facientibus
1796 606 2001 661 sanctis
2045 606 2207 676 spiri-

599 709 717 756 tum
752 700 949 754 salutis
967 713 1134 770 super
1163 708 1390 765 terram,
1409 697 1504 770 qui
1527 708 1686 755 terrm
1711 698 2045 754 habitatores
2075 708 2205 755 sunt

606 803 893 858 corruant,
944 792 1074 849 licet
1114 791 1258 848 inter
1309 793 1503 857 orbem,
1547 791 1639 862 qui
1680 791 1948 848 llebraice
1991 808 2205 849 rusum.

597 869 774 958 txm),
808 893 865 940 et
905 884 1095 941 ϐηιξεθ
1123 885 1323 941 dicitur
1351 887 1640 958 οἰκουμένη,
1685 899 1749 940 ac
1779 893 1990 950 terram,
2032 886 2202 940 multa

592 978 891 1034 diversitas
920 977 1011 1033 sit.
1061 977 1272 1034 Cadent
1318 993 1451 1049 ergo
1481 977 1810 1049 quicumque
1864 975 2204 1040 _ltaltitationi

593 1082 757 1127 terra:
786 1086 846 1126 se
870 1070 1166 1138 dederunt,
1209 1079 1266 1127 et
1301 1071 1355 1126 in
1405 1073 1642 1126 terrenis
1684 1071 1942 1141 operibus
1975 1071 2079 1126 lixa
2111 1085 2202 1126 ra-

593 1164 715 1222 dice
743 1166 951 1221 lundati
987 1175 1150 1231 sunt;
1183 1175 1238 1223 et
1269 1181 1376 1221 non
1407 1165 1607 1222 cadent
1647 1167 1738 1238 qui
1770 1166 1965 1222 sedent
1993 1167 2046 1220 in
2069 1165 2204 1221 orbe

592 1267 862 1315 terrarum
895 1269 949 1314 et
974 1259 1326 1329 requiescunt
1355 1259 1410 1313 in
1447 1257 1718 1326 Ecclesia,
1751 1274 1874 1330 qua:
1918 1258 2204 1314 habitacu-

589 1355 701 1410 lum
737 1356 936 1418 Patris.
967 1365 1024 1411 et
1055 1355 1203 1419 Filii,
1236 1363 1292 1410 et
1316 1354 1554 1424 Spiritus
1583 1354 1770 1410 Sancti
1807 1363 1911 1408 est.

665 1449 849 1521 (Vers.
877 1449 994 1521 19.)
1035 1449 1219 1502 Vivont
1261 1449 1452 1503 mortui
1482 1449 1580 1514 tui,
1605 1449 1861 1521 interfecti
1891 1450 1990 1504 mei
2029 1465 2202 1505 resur-

590 1551 716 1616 gant
745 1557 764 1596 :
793 1541 1213 1610 expergiscimini
1236 1550 1283 1594 et
1327 1538 1562 1609 laudate,
1589 1541 1676 1610 qui
1702 1539 1950 1595 habitatis
1995 1543 2048 1596 in
2080 1543 2200 1614 pul-

590 1652 727 1695 vere.
759 1637 884 1706 quia
911 1652 997 1689 ros
1044 1635 1300 1690 luminum
1329 1651 1415 1690 ros
1443 1644 1581 1699 tuus,
1610 1644 1658 1689 et
1697 1645 1883 1689 terram
1908 1636 2200 1708 gigantium

589 1729 831 1784 detraltes
855 1732 906 1783 in
925 1730 1156 1782 ruinant.
1182 1728 1324 1783 LXX
1351 1747 1364 1782 :
1396 1727 1683 1803 Resurgent
1708 1731 1918 1798 mortui,
1950 1739 1997 1783 et
2025 1746 2199 1784 resur-

577 1833 698 1895 gent
741 1824 806 1877 de
849 1823 1120 1888 sepulcris,
1157 1832 1204 1876 et
1257 1823 1570 1877 laztabuntur
1611 1824 1702 1895 qui
1744 1833 1865 1877 sunt
1919 1824 1971 1876 in
2034 1833 2192 1878 terra.

2309 606 2382 662 ibi
2418 606 2486 660 de
2527 607 2760 661 mortuis
2810 606 2933 677 lege
2959 618 3192 675 natnrm,
3225 621 3278 665 et
3309 613 3626 680 separatione
3673 619 3821 676 anima:

2307 713 2370 753 ac
2409 697 2691 765 corporis;
2725 699 2822 755 sed
2863 699 2931 755 de
2981 701 3065 756 his
3098 702 3190 773 qui
3230 713 3446 772 peccato
3486 707 3659 761 mortui
3695 720 3819 765 sunt:

2308 808 2452 848 nunc
2480 809 2512 849 e
2541 795 2818 850 contrario
2848 794 2981 851 dicit
3009 795 3078 851 ad
3109 797 3276 852 Deum
3305 815 3318 850 :
3347 795 3530 854 Vivent
3555 804 3724 857 mortui
3748 805 3822 873 tui,

2305 888 2396 954 qui
2422 886 2692 941 interfecti
2718 897 2848 943 sunt
2873 899 3102 960 propter
3131 902 3204 958 te,
3232 890 3322 956 qui
3357 905 3456 947 non
3482 893 3702 950 absolute
3718 912 3824 952 utor-

2307 979 2406 1040 tui.
2457 989 2514 1034 ut
2559 978 2702 1035 LXX
2755 984 3185 1047 transmlerunt;
3227 984 3322 1039 sed
3366 983 3513 1052 juxta
3563 985 3824 1045 Hebraicum

2305 1073 2400 1130 ubi
2447 1075 2647 1130 dicitur
2696 1092 2814 1133 mu
2863 1093 3114 1134 uernam
3147 1080 3327 1167 (pm
3348 1083 3532 1152 vro);
3577 1083 3747 1139 mortui
3771 1085 3824 1139 tui

2306 1167 2674 1239 appellantur.

2383 1261 2560 1323 Vade.
2595 1263 2822 1335 populus
2851 1281 3015 1333 meus,
3059 1266 3198 1322 intra
3227 1267 3282 1322 in
3311 1267 3540 1323 cubicula
3566 1278 3664 1333 tua.
3691 1268 3828 1326 claude

2304 1357 2440 1412 ostia
2469 1366 2558 1410 tua
2586 1374 2742 1430 super
2773 1368 2821 1412 te
2853 1375 2872 1412 :
2901 1359 3214 1414 abscondere
3259 1361 3511 1416 modicum
3553 1363 3615 1416 ad
3654 1380 3831 1418 momen-

2303 1457 2430 1514 tum,
2465 1447 2626 1503 donec
2658 1459 2983 1517 pertranseat
3019 1451 3333 1526 indignatio.
3386 1454 3515 1509 Ecce
3551 1456 3673 1510 enim
3696 1453 3831 1511 Domi-

2304 1558 2402 1596 nus
2431 1541 2720 1611 egredietur
2748 1543 2811 1597 de
2841 1544 2954 1598 loco
2982 1561 3097 1613 suo,
3128 1555 3186 1599 ut
3215 1546 3380 1601 visitet
3408 1547 3701 1616 iniquitatem
3719 1547 3831 1600 habi-

2303 1633 2484 1689 tatoris
2515 1645 2667 1690 terra!
2695 1647 2878 1692 contra
2907 1655 3048 1705 eum,
3081 1649 3128 1692 et
3157 1639 3398 1695 reuelabit
3434 1650 3566 1696 terra
3590 1643 3832 1712 sanguinem

2301 1745 2474 1794 suum,
2497 1739 2545 1783 et
2573 1747 2678 1784 non
2710 1732 2903 1804 operiet
2931 1733 3070 1786 ultra
3090 1733 3389 1804 interfectos
3417 1752 3552 1790 suos.
3576 1734 3701 1791 LXX
3722 1753 3734 1788 :
3757 1734 3835 1789 Va-

2302 1823 2388 1886 de,
2403 1822 2629 1892 populus
2651 1841 2815 1891 meus,
2837 1825 3106 1896 ingredere
3126 1826 3362 1882 cubicula
3382 1839 3491 1887 tua.
3513 1828 3679 1882 claude
3695 1829 3833 1882 ostium

583 1919 693 1974 Ras
740 1919 1012 1973 enimtnus
1043 1917 1242 1972 sanitas
1280 1934 1457 1971 eorum
1481 1959 1496 1981 ,
1531 1927 1668 1971 terra
1705 1926 1876 1970 autem
1919 1916 2196 1987 impiorum
2225 1899 2273 1961 Β
2300 1925 2446 1970 tuum
2477 1932 2496 1970 :
2525 1916 2840 1970 abscondere
2867 1918 3134 1990 paululum
3163 1919 3688 1991 quantulumcumque,
3715 1920 3836 1976 donec

583 2013 752 2065 cadet.
809 2010 1025 2066 Sanctis
1063 2009 1502 2080 parturientibus
1549 2019 1604 2066 et
1652 2010 1990 2081 parientibus
2035 2011 2194 2082 spiri-

583 2114 724 2171 tum,
758 2113 814 2160 et
854 2089 1261 2158 habitatoribus
1290 2112 1454 2159 terrae
1485 2104 1894 2170 corruentibus,
1937 2103 2060 2174 quia
2107 2119 2194 2159 sa-

576 2200 723 2256 lutes
753 2215 861 2254 non
895 2198 1143 2255 fecerunt
1169 2201 1222 2254 in
1257 2213 1428 2265 terra,
1462 2199 1514 2253 lti
1543 2214 1684 2270 quOs
1714 2200 1768 2253 in
1800 2198 2028 2255 Christo
2051 2216 2196 2256 mor-

579 2305 706 2352 tuos
737 2295 1033 2366 Apostolus
1054 2305 1239 2364 vorat,
1270 2305 1326 2349 et
1364 2303 1589 2367 propter
1619 2311 1817 2350 nomen
1859 2295 2077 2351 Domini
2107 2295 2194 2350 in-

574 2392 793 2448 terfecti
836 2400 986 2458 sunt,
1033 2397 1326 2462 resnrgent
1368 2390 1422 2444 in
1468 2389 1644 2461 gloria
1691 2389 1734 2461 (Ι
1770 2387 1950 2444 Thess.
1980 2388 2093 2460 tv).
2129 2389 2195 2445 Et

576 2487 702 2558 quia
748 2479 911 2541 mors'
948 2500 1139 2540 eorum
1196 2499 1423 2540 somnus
1477 2494 1584 2550 est,
1639 2499 1985 2553 nequaquam
2039 2483 2192 2552 juxta

573 2579 720 2636 LXX
753 2594 1064 2650 resurgere,
1109 2579 1206 2635 sed
1249 2578 1559 2649 expergisci
1592 2587 1648 2634 et
1683 2578 1950 2649 evigilare
2002 2573 2196 2632 dicitn-

574 2683 684 2731 tur.
710 2673 864 2731 Unde
884 2685 939 2729 et
961 2673 1201 2728 Lazarus
1223 2673 1315 2741 qui
1333 2672 1675 2742 evigilaudus
1697 2680 1838 2739 erat,
1866 2681 1892 2709 ιι
1910 2687 1938 2726 a
1961 2671 2193 2726 Domino

574 2767 859 2824 dormiens
885 2766 1199 2837 appellatur
1221 2763 1440 2838 (Joann.
1480 2767 1580 2836 ιι).
1611 2762 1816 2820 Omnes
1844 2764 2009 2835 igitur
2047 2779 2194 2818 mar-

574 2873 730 2935 tyres
759 2872 814 2917 et
859 2861 1034 2916 sancti
1080 2860 1204 2924 viri,
1239 2861 1330 2931 qui
1365 2875 1464 2930 pro
1503 2858 1728 2916 Christo
1765 2859 2025 2915 fuderunt
2066 2875 2193 2933 san-

573 2957 822 3029 guinem,
852 2963 908 3009 et
938 2969 1170 3024 quorum
1203 2953 1305 3008 fuit
1348 2961 1459 3008 tota
1489 2953 1596 3008 vita
1627 2954 1970 3026 martyrium,
2013 2969 2192 3009 resur-

573 3058 704 3122 gent
730 3059 785 3105 et
830 3046 1188 3118 evigilabunt,
1217 3054 1383 3117 atque
1414 3046 1716 3101 laudabunt
1745 3046 1914 3102 Deum
1962 3045 2192 3103 Creato-

571 3157 690 3198 rem
724 3156 904 3204 suum,
946 3138 1041 3210 qui
1073 3155 1216 3194 nunc
1247 3138 1498 3194 habitant
1532 3141 1586 3194 in
1614 3141 1864 3209 pulvere.
1891 3140 1960 3196 de
1987 3141 2186 3210 quibus

573 3237 628 3294 in
662 3236 885 3293 Daniele
913 3234 1174 3304 scriptum
1214 3243 1299 3289 est
1329 3250 1343 3286 :
1382 3232 1537 3289 Multi
1559 3233 1927 3288 dormientium
1961 3235 2188 3289 interra:
2213 3270 2258 3334 ϐ

576 3331 785 3398 puluere
813 3337 1101 3398 resurgent,
1123 3324 1179 3378 hi
1206 3326 1258 3378 in
1280 3325 1436 3378 vitam
1459 3336 1727 3389 (sternam,
1754 3333 1801 3378 et
1828 3325 1881 3378 hi
1916 3325 1970 3378 in
1998 3341 2188 3396 appro-

577 3424 767 3489 brium,
800 3431 853 3477 et
894 3419 1251 3491 confusionem
1280 3419 1645 3487 sempiternam
1679 3417 1845 3487 (Dan.
1876 3433 1977 3485 stt,
2012 3419 2090 3489 1).
2123 3418 2190 3474 Et

572 3519 628 3574 in
652 3518 864 3574 Joanne
890 3516 1240 3586 Evangelista
1269 3513 1500 3585 legimus
1525 3531 1537 3566 :
1565 3512 1764 3568 Veniet
1785 3511 1944 3578 liora,
1968 3522 2021 3567 et
2047 3529 2190 3570 nunc

574 3623 684 3680 est,
731 3611 953 3684 quando
1003 3610 1098 3682 qui
1146 3610 1200 3665 in
1254 3608 1529 3679 sepulcris
1559 3615 1687 3662 sunt
1733 3607 1961 3662 audient
1997 3623 2185 3663 vocem

577 3705 701 3760 Filii
733 3704 852 3768 Dei,
892 3711 949 3760 et
975 3703 1067 3772 qui
1095 3701 1374 3758 audierint
1402 3701 1607 3768 vivent,
1637 3709 1692 3756 et
1720 3699 2071 3771 egredieutur
2095 3699 2188 3772 qui

576 3797 718 3854 bona
763 3797 1017 3854 fecerunt
1045 3797 1101 3851 in
1129 3795 1596 3851 resurrectionem
1621 3793 1766 3860 vitae,
1798 3805 1854 3850 et
1898 3796 1988 3864 qui
2022 3795 2186 3861 mala,

576 3895 631 3948 in
675 3892 1141 3949 resurrectionem
1181 3891 1372 3962 judieii
1421 3889 1642 3961 (Joann.
1685 3905 1738 3956 v,
1780 3890 1872 3956 28,
1917 3890 2036 3957 29).
2079 3891 2189 3946 Ros

577 3985 724 4043 enim
773 3985 1017 4050 Domini,
1046 3983 1197 4052 juxta
1233 3982 1447 4038 fabulas
1479 3983 1770 4038 Poetarum
1803 3982 2026 4038 vincens
2071 3997 2191 4038 om-

581 4094 681 4137 nes
723 4077 976 4134 herbasb
1026 4077 1300 4142 PlEOlliaS,
1333 4075 1634 4131 viviﬁcabit
1675 4089 1902 4144 corpora
1949 4085 2190 4130 mortuo-

577 4188 722 4229 rum.
757 4171 825 4226 Et
877 4169 1153 4238 quomodo
1177 4169 1338 4240 jactis
1376 4169 1429 4223 in
1483 4177 1686 4223 terram
1735 4167 2058 4231 seminibus.
2098 4181 2192 4224 ros

588 4266 852 4337 paulatim
876 4280 1133 4322 crescere
1157 4264 1290 4320 facit
1317 4263 1598 4328 berbas,et
1624 4261 1690 4317 ad
1713 4261 1897 4334 fruges
1917 4263 2000 4318 sui
2024 4277 2191 4334 gene-

581 4365 662 4419 ris
695 4359 988 4434 pervenire
1017 4377 1030 4415 :
1065 4360 1144 4415 sic
1180 4359 1390 4415 Domini
1433 4373 1526 4413 ros
1546 4360 1638 4430 qui
1681 4373 1780 4428 pro
1813 4357 2192 4415 misericordia

589 4458 829 4527 ponitur,
867 4467 959 4509 ros
997 4453 1100 4509 erit
1143 4452 1407 4507 luminum
1456 4452 1841 4522 plurimorum,
1891 4450 2034 4522 quod
2083 4452 2191 4508 lle-

587 4549 772 4608 braice
801 4547 965 4621 357
1006 4545 1204 4603 dicitur
1233 4558 1414 4602 OROTH
1444 4545 1682 4615 (m‘ﬂts).
1724 4543 1950 4600 Terram
1985 4555 2190 4614 autem,

2299 2018 2617 2079 pertranseat
2647 2010 2728 2063 ira
2763 2007 2993 2064 Domini.
3029 2010 3164 2066 Ecce
3192 2013 3329 2088 enim
3351 2011 3597 2068 Dominus
3623 2015 3678 2067 de
3699 2025 3835 2068 sancto

2296 2103 2504 2158 inducet
2536 2105 2666 2157 iram
2697 2121 2854 2175 super
2884 2105 3197 2162 habitatores
3224 2117 3398 2176 terrae,
3420 2118 3466 2163 et
3494 2108 3710 2164 reuelabit
3735 2119 3836 2163 terra

2298 2198 2604 2271 sanguinem
2632 2215 2817 2266 suum,
2864 2208 2914 2254 et
2963 2216 3066 2254 non
3113 2201 3396 2257 abscondet
3422 2203 3556 2258 ultra
3584 2204 3835 2273 interfectos.

2299 2287 2474 2354 Supra
2519 2289 2588 2344 de
2629 2289 2847 2346 Sanctis
2878 2291 3110 2360 dixerat,
3145 2292 3450 2365 Resurgent
3484 2295 3684 2362 mortui,
3711 2304 3755 2351 et
3778 2309 3840 2349 te-

2296 2391 2522 2452 surgent
2545 2382 2635 2452 qui
2667 2382 2723 2437 itt
2766 2383 3032 2452 sepulcris
3061 2394 3185 2441 sunt
3222 2402 3238 2452 ;
3270 2403 3354 2442 ros
3387 2388 3521 2442 enim
3549 2405 3578 2440 a
3612 2397 3654 2443 te
3686 2387 3837 2442 sanitas

2299 2493 2476 2531 eorum
2496 2488 2610 2533 est:
2639 2486 2694 2532 et
2718 2493 2749 2534 e
2767 2484 3044 2534 contrario
3071 2479 3141 2535 de
3175 2481 3356 2549 impiis
3384 2525 3400 2544 .
3434 2491 3568 2537 terra
3595 2493 3744 2536 autem
3765 2481 3836 2535 iat-

2298 2571 2502 2640 piorum
2549 2571 2734 2636 cadet;
2766 2587 2910 2627 nunc
2947 2571 3012 2627 ad
3042 2583 3261 2629 sanctos
3291 2575 3532 2644 loquitur
3555 2619 3569 2643 ,
3599 2575 3707 2645 quia
3726 2573 3839 2628 vobis

2298 2668 2631 2722 reSorrectio
2660 2666 2986 2738 repromissa
3031 2677 3117 2724 est
3140 2711 3156 2734 ,
3193 2669 3373 2726 donec
3414 2671 3466 2726 in
3504 2678 3777 2742 peccatores
3803 2674 3843 2722 ct

2295 2759 2492 2832 impios
2540 2761 2616 2815 ira
2673 2761 2763 2816 Dei
2795 2761 3053 2818 destnviat
3101 2762 3496 2835 :ingredimini
3550 2765 3599 2817 in
3645 2760 3839 2833 sepulcra

2297 2864 2501 2917 vestra,
2537 2864 2591 2909 et
2639 2853 2961 2912 abscondite
3007 2871 3142 2922 vos,
3191 2857 3360 2914 breve
3407 2859 3551 2914 enim
3578 2865 3764 2925 tempus
3783 2861 3844 2909 esi

2292 2947 2467 3003 donec
2501 2949 2595 3004 Dei
2631 2959 2970 3018 pertranseat
2996 2950 3317 3022 indignatio.
3366 2952 3636 3024 Siquidem
3671 2946 3840 3019 egredi-

2294 3049 2382 3096 tur
2409 3041 2675 3098 Dominus
2701 3044 2770 3099 de
2801 3044 2921 3098 loco
2951 3059 3075 3110 suo,
3105 3046 3229 3114 quia
3263 3045 3578 3102 misericors
3601 3052 3653 3100 et
3667 3042 3844 3098 misera-

2293 3143 2379 3189 tor
2412 3135 2674 3192 Dominus
2697 3177 2712 3204 ,
2764 3146 2819 3192 et
2859 3137 3320 3194 clementissimus
3350 3149 3510 3209 pater
3555 3138 3683 3193 tilios
3707 3133 3842 3204 negli-

2293 3239 2484 3298 gentes
2512 3227 2677 3284 l'erire
2707 3229 3062 3298 compellitur
3086 3271 3100 3292 .
3153 3243 3204 3287 et
3249 3230 3650 3303 quodammodo
3683 3229 3741 3284 de
3775 3241 3848 3283 sua

2293 3322 2560 3376 sententia
2591 3323 2938 3390 commutari,
2967 3335 3023 3378 ut
3051 3323 3239 3380 visitet
3260 3335 3315 3380 et
3344 3325 3562 3382 inducat
3593 3327 3712 3380 iram
3733 3335 3847 3378 suam

2291 3428 2456 3484 super
2487 3412 2826 3470 habitatores
2875 3427 3058 3482 terrm,
3100 3417 3268 3491 358
3295 3419 3367 3474 de
3395 3420 3591 3490 quibus
3621 3417 3790 3474 dicitur
3809 3412 3849 3468 in

2289 3507 2431 3564 Osee
2458 3527 2470 3562 :
2505 3506 2811 3564 Haledictio
2831 3520 2879 3564 ct
2901 3511 3254 3578 mendacium,
3281 3523 3330 3567 et
3347 3513 3684 3578 adulterium,
3709 3519 3753 3566 et
3767 3511 3851 3580 [κν-
3948 3521 3949 3580 (

2289 3611 2400 3657 tant
2429 3600 2596 3669 effusa
2626 3613 2743 3658 sunt
2771 3620 2931 3672 super
2961 3603 3277 3662 habitatores
3307 3617 3464 3664 terra:
3494 3607 3666 3677 (Osee.
3689 3621 3752 3666 tv.
3773 3599 3850 3672 2).

2291 3693 2359 3748 Et
2389 3694 2441 3748 in
2470 3694 2793 3766 Apocalypsi
2827 3695 2989 3752 tertio
3023 3697 3269 3769 legimus,
3303 3697 3398 3755 Va:
3417 3717 3573 3770 super
3596 3697 3854 3753 habitatores

2293 3796 2444 3844 terra:
2471 3788 2654 3862 (Apoc.
2689 3806 2804 3856 νιιι,
2837 3792 2952 3865 15).
3005 3791 3176 3848 Porro
3216 3794 3377 3865 justi,
3424 3796 3553 3853 licet
3575 3793 3795 3850 videntur
3814 3788 3853 3844 in

2293 3891 2436 3938 terra
2468 3926 2483 3949 ,
2519 3892 2701 3938 tamen
2747 3885 3091 3942 conversatio
3134 3902 3322 3944 eorum
3367 3889 3425 3944 in
3471 3890 3624 3948 caelis
3658 3881 3853 3953 cst,qui
3948 3889 3949 3953 ξ

2294 3985 2521 4046 possunt
2541 3976 2724 4033 dicere
2750 3996 2762 4032 :
2788 3979 3000 4034 Advena
3017 3999 3109 4053 ego
3132 3999 3248 4037 sum
3264 3981 3317 4036 in
3342 3993 3512 4048 terra,
3539 3994 3585 4039 et
3606 3978 3854 4055 peregrinus
3948 3976 3949 4018 ῖ

2291 4068 2426 4124 sicut
2452 4085 2627 4124 omnes
2659 4081 2833 4140 patres
2861 4073 2959 4126 mei
2986 4072 3107 4146 (Ps.
3139 4091 3367 4141 xxxvttt,
3403 4074 3520 4148 13),
3553 4083 3607 4131 et
3655 4074 3858 4130 fruuntur
3948 4127 3949 4136 χ

2294 4159 2631 4216 habitatione
2655 4161 2921 4219 Altissimi
2951 4208 2966 4231 ,
2997 4165 3066 4220 de
3099 4166 3301 4234 quibus
3344 4179 3576 4224 sanctus
3619 4164 3852 4236 loquitur:

2297 4255 2398 4323 Qui
2438 4255 2637 4313 habitat
2667 4257 2721 4312 in
2747 4259 3012 4326 adiutorio
3043 4259 3300 4317 Altissimi
3326 4303 3340 4328 ,
3375 4263 3432 4318 in
3464 4261 3765 4336 protectione
3789 4251 3859 4309 Dei
3948 4335 3949 4338 η

2295 4351 2408 4406 caeli
2426 4351 2866 4426 commorabitur(
2892 4351 2986 4408 Ps.
3011 4369 3102 4422 xc,
3128 4354 3153 4410 1
3182 4353 3225 4427 ).
3275 4355 3432 4412 Tunc
3467 4355 3722 4414 revelahit
3747 4361 3859 4407 terra

2297 4447 2617 4518 sanguinem
2666 4463 2824 4504 suum
2853 4491 2869 4516 ,
2911 4447 2981 4504 de
3018 4465 3128 4520 quo
3157 4449 3303 4506 Deus
3342 4451 3591 4524 loquitur
3631 4449 3691 4506 ad
3717 4445 3858 4502 Cain:

2305 4537 2418 4594 Vox
2436 4541 2706 4612 sanguinis
2732 4541 2909 4612 fratris
2941 4541 3020 4595 tui
3049 4542 3240 4598 clamat
3278 4543 3350 4598 ad
3390 4561 3476 4599 me
3508 4543 3575 4601 de
3609 4554 3754 4607 terra,
3772 4548 3860 4609 qu

583 4644 636 4699 id
665 4651 771 4706 est,
801 4656 1032 4709 corpora
1066 4638 1352 4710 Rapltaim,
1381 4638 1680 4709 gigantium
1711 4636 1968 4693 videlicet
1997 4649 2051 4693 et
2092 4639 2190 4693 im-
2213 4675 2270 4736 Β
2295 4632 2499 4700 aperuit
2522 4649 2579 4686 os
2601 4649 2769 4699 suum.
2793 4641 2850 4687 ut
2871 4634 3150 4704 susciperet
3184 4637 3499 4707 sanguinem
3538 4635 3714 4705 fratris
3738 4631 3799 4685 tui
3817 4628 3864 4682 ἀι

582 4739 827 4809 piorum,
877 4734 1136 4790 Dominus
1177 4734 1231 4788 in
1270 4748 1459 4803 ptenas
1500 4730 1754 4787 detrahet
1801 4731 2184 4800 sempiternas.

584 4833 832 4898 Denique
855 4844 956 4900 pro
981 4841 1218 4886 BAPHAIII
1237 4826 1474 4902 (Dium)
1502 4825 1606 4882 soli
1637 4824 1778 4881 LXX
1797 4825 1981 4896 impios
2012 4837 2188 4882 trans-

574 4927 847 4984 tulerunt.
883 4925 949 4980 Et
972 4925 1100 4991 quia
1139 4940 1301 4994 supra
1340 4925 1569 4994 legimus
1601 4938 1614 4976 :
1652 4920 1848 4976 Mortui
1891 4924 2047 4976 vitam
2082 4938 2185 4976 non

577 5018 843 5082 ridebunt,
875 5032 966 5072 nec
1003 5017 1188 5072 medici
1237 5016 1579 5082 suscitabunt,
1617 5029 1716 5084 pro
1754 5030 1861 5086 qtto
1909 5015 2102 5086 Aqntla
2133 5024 2189 5071 et

581 5111 969 5187 Symmachus,
1004 5109 1264 5181 Raphaim
1290 5119 1335 5162 et
1364 5111 1598 5180 gigantes
1625 5107 1968 5176 interpretati
2011 5116 2137 5162 sunt
2166 5125 2182 5164 :

580 5207 876 5280 quaerimus
903 5221 1025 5275 qua:
1053 5204 1263 5260 erroris
1289 5217 1450 5258 causa
1477 5202 1568 5267 sit,
1599 5209 1658 5255 ut
1688 5216 1785 5269 pro
1814 5216 2051 5256 RAPRAIM
2077 5199 2185 5256 lle-

579 5300 789 5364 braico,
830 5296 920 5352 alii
951 5297 1207 5368 gigantes.
1236 5294 1327 5348 alii
1351 5294 1575 5348 medicos
1602 5294 1908 5363 posuerint.
1941 5292 2180 5349 Verbum

584 5391 916 5448 Heltraicum
948 5401 1183 5445 ιιΑΡιιΑιιί
1211 5386 1259 5441 si
1281 5398 1405 5458 post
1435 5403 1532 5443 nes
1564 5385 1790 5456 primam
1833 5388 2070 5441 litteram
2101 5402 2189 5442 se-

580 5498 840 5555 quentem
887 5483 1090 5539 haheat
1125 5499 1253 5542 vw.
1300 5482 1499 5552 legitur
1539 5497 1775 5537 norum:
1821 5480 1945 5554 [Αι.
1988 5481 2188 5556 nosm]

583 5576 835 5649 (D’NDV)
863 5587 919 5632 et
947 5575 1217 5648 signiﬁcat
1251 5574 1509 5640 medicos;
1539 5573 1624 5628 sin
1652 5585 1835 5628 autem
1862 5572 2187 5642 absqnevttu

581 5670 773 5725 littera
811 5669 1107 5735 scribatur,
1159 5668 1357 5740 legitur
1388 5682 1646 5734 saeuam,
1703 5674 1759 5722 et
1787 5666 2110 5722 transfertur
2133 5668 2188 5724 in

577 5745 830 5835 gigantes.
860 5761 1143 5834 Simulque
1163 5762 1288 5834 quia
1315 5776 1477 5834 supra
1514 5760 1768 5817 dixerat:
1795 5757 1994 5816 Mortni
2029 5766 2188 5818 vitam

643 5936 668 5966 δ
696 5927 896 5997 Vatic.,
925 5929 1013 5999 qui
1038 5929 1378 6002 suigilaturus
1407 5937 1537 5985 erat.

2292 4744 2450 4783 manu
2468 4737 2556 4781 tua
2579 4725 2792 4796 (Cenes.
2818 4743 2891 4794 Iv,
2918 4729 3009 4797 10,
3042 4729 3156 4800 11).
3206 4729 3395 4786 Potest
3432 4739 3492 4786 et
3532 4729 3638 4786 hoc
3663 4727 3726 4784 de
3750 4723 3861 4782 Mat-

2291 4822 2503 4893 tyribus
2535 4821 2762 4891 intelligi
2788 4863 2804 4889 ,
2853 4822 2941 4892 qui
2987 4837 3086 4893 pro
3112 4821 3334 4880 Christo
3383 4825 3653 4882 fuderunt
3684 4815 3864 4890 sangui-

2291 4936 2439 4986 nem,
2463 4930 2518 4977 et
2533 4919 2633 4975 sub
2661 4921 2818 4976 altari
2850 4921 2944 4975 Dei
2971 4920 3251 4976 clamitant
3277 4939 3292 4972 :
3327 4921 3638 4995 Usquequo,
3663 4914 3862 4975 Domine.

2293 5033 2395 5069 non
2425 5013 2684 5069 ulcisceris
2726 5014 3032 5085 sanguinem
3056 5025 3288 5070 nostrum
3321 5015 3385 5070 de
3421 5015 3512 5070 his
3538 5015 3628 5086 qui
3671 5009 3865 5066 habitat?!

2292 5122 2446 5177 super
2492 5115 2680 5184 terram:
2730 5105 2928 5177 (Apoc.
2954 5120 3031 5170 vr,
3064 5105 3130 5161 1υ
3157 5107 3218 5175 )ἳ
3268 5107 3342 5162 De
3367 5107 3578 5175 quibus
3607 5114 3664 5161 et
3691 5102 3864 5172 Moyses

2291 5201 2422 5258 dicit
2451 5202 2503 5257 itt
2527 5199 2752 5256 Cantica
2785 5217 2799 5254 :
2834 5199 3062 5272 Sanguis
3085 5199 3314 5268 ﬁliorum
3337 5204 3456 5274 ejus
3484 5199 3810 5257 vindicabitur
3829 5197 3868 5244 et

2292 5295 2583 5360 ulciscetur,
2600 5304 2647 5349 et
2669 5293 2910 5349 retribuet
2936 5293 3212 5348 vindictam
3252 5297 3482 5351 inimicis
3522 5294 3702 5372 (Deut.
3728 5299 3865 5349 xxxii.

2287 5386 2402 5458 45).
2440 5387 2590 5442 llunc
2619 5387 2937 5459 sanguinem
2974 5398 3120 5443 terra
3145 5404 3265 5459 quze
3310 5399 3667 5458 susceperat,
3696 5381 3868 5440 reri-la-

2288 5482 2387 5548 bit,
2430 5492 2484 5537 et
2515 5483 2833 5537 interiectos
2867 5481 3079 5537 Domini
3110 5498 3460 5552 nequaquam
3494 5481 3746 5551 aperiet;
3793 5468 3867 5528 sed

2290 5573 2551 5646 producet
2596 5575 2649 5630 itt
2701 5575 2972 5644 publicum
3032 5574 3099 5630 ad
3141 5575 3668 5632 condemnationem
3705 5580 3863 5625 eorum

2288 5670 2378 5740 qui
2415 5667 2681 5741 Martyres
2723 5669 3064 5724 occiderunt.
3116 5668 3230 5724 Hoc
3275 5668 3345 5724 de
3370 5667 3621 5740 simplici
3653 5671 3867 5722 resurre-

2289 5761 2473 5817 ctione
2500 5759 2836 5816 intellectum
2869 5761 2964 5819 sit.
2996 5760 3319 5834 Praecipitat
3347 5771 3541 5820 autem
3582 5762 3730 5834 juxta
3755 5754 3873 5812 Ana-

2319 5922 2348 5963 δ
2381 5922 2548 5981 Addit.
2575 5922 2780 5994 Vatic.,
2812 5931 2865 5980 et
2896 5926 3094 5996 fruges.
