4014 6444
187 369 293 428 505

669 363 1323 428 COMMENTARIORUM
1359 369 1426 428 IN
1466 373 1703 433 ISAIAM
1740 365 2165 427 PROPHETAM
2206 366 2338 425 LIB.
2381 367 2520 425 VIII.
2562 367 2720 424 CAP.
2765 367 2979 427 XXVII.

3369 373 3478 435 509

184 499 354 557 gogen
381 485 584 558 populo
618 484 737 551 Dei,
771 495 825 539 ιιι
869 483 1207 556 ingrediatur
1249 486 1495 543 cubicula
1537 505 1634 546 sua
1661 489 1776 546 sive
1801 489 1854 546 Α
1880 481 2065 558 (ΖαεΙιο
2099 483 2282 558 "1.1).
2312 484 2734 554 Appellaturque
2756 496 2808 540 et
2832 500 3023 543 BELIAL
3049 470 3349 558 (Syt'n),id
3371 502 3477 561 est,

182 581 437 645 cellaria.
472 588 499 616 ⁸
545 588 738 654 cauata
785 579 989 650 quippe
1029 589 1314 652 utrumque
1357 583 1626 654 signiﬁcat
1674 595 1780 640 :ut

181 674 394 731 claudat
418 675 571 745 juxta
604 673 989 746 Evangelicnm
1022 682 1356 746 praeceptum
1386 678 1584 732 ostium
1625 678 1778 734 cubi-

181 769 288 826 culi
315 769 395 826 ειιί
430 767 650 842 (Matth.
682 767 779 842 vt),
811 779 866 826 et
901 769 1047 825 dicat
1085 785 1207 825 cum
1241 770 1509 844 Propheta
1543 791 1556 828 :
1590 773 1735 829 Pone
1757 814 1774 842 ,

181 861 424 928 Domine,
445 863 732 918 custodiam
767 865 846 920 ori
868 882 1000 932 meo,
1026 875 1073 920 et
1107 867 1293 922 ostium
1333 872 1590 924 munitum
1627 869 1776 926 labiis

179 957 310 1012 meis
331 955 451 1027 (Ps.
484 971 609 1024 cst,
649 957 729 1029 ὅ).
762 956 828 1012 Ει
855 959 1223 1014 ειιιεεοιιίιιιιιιι⁸
1245 961 1516 1028 paululum
1545 974 1780 1034 quantu-

174 1048 546 1120 lumcumque,
578 1049 752 1106 donec
783 1060 1124 1121 pertranseat
1154 1053 1230 1108 ira
1259 1053 1470 1110 Domini
1496 1097 1511 1121 ,
1553 1065 1615 1112 ut
1644 1057 1775 1113 nihil

171 1141 367 1213 glori:e
393 1158 554 1198 causa
586 1142 788 1213 faciat;
837 1143 935 1199 sed
977 1144 1188 1201 fruatur
1216 1146 1358 1202 bono
1401 1148 1772 1220 conscientiae,

168 1234 429 1289 etsolum
457 1234 696 1306 judicem
725 1247 1013 1307 exspectet
1038 1238 1230 1294 Deum.
1279 1239 1416 1296 Sunt
1446 1254 1626 1298 autem
1674 1244 1777 1299 cel-

165 1325 304 1382 laria
336 1341 457 1399 qua:
485 1328 785 1385 claudenda
811 1339 938 1386 sunt
959 1340 1014 1386 et
1041 1332 1426 1390 abscondenda
1474 1335 1545 1390 ab
1573 1336 1656 1392 bis
1681 1337 1775 1409 qui

166 1422 374 1478 divites
415 1423 542 1480 lacti
601 1419 824 1481 sunt-in
880 1427 1134 1495 operibus
1187 1439 1351 1500 atque
1394 1431 1772 1499 sermonibus,

165 1518 481 1588 prudentia,
517 1521 893 1590 temperantia,
921 1520 1204 1592 fortitudo,
1225 1523 1453 1594 justitia,
1481 1534 1540 1582 ut
1567 1530 1774 1584 nesciat

163 1611 397 1668 sinisua
423 1613 552 1685 quid
579 1613 1004 1682 laeiatdextera,
1025 1627 1081 1671 ut
1100 1615 1259 1689 Legis
1277 1627 1332 1674 et
1352 1619 1770 1693 Pmpltetarum,

162 1713 215 1763 et
245 1704 533 1779 Evangelii
563 1709 760 1779 opibus
792 1711 1155 1779 perfruamur.
1188 1711 1343 1781 Quod
1375 1725 1550 1771 autem
1581 1732 1774 1774 omnes

159 1797 277 1854 dies
310 1803 438 1854 vine
461 1811 662 1857 nostrae
708 1801 902 1859 breves
944 1805 1056 1859 sint
1082 1813 1136 1860 et
1168 1807 1374 1875 parvuli
1417 1805 1526 1881 [ΑΙ.
1572 1809 1766 1884 parvi],

1879 586 2137 649 apostolo,
2159 577 2546 649 praevaricator,
2573 588 2623 632 et
2651 579 2836 649 absque
2855 583 3006 653 jugo.
3051 579 3208 639 Unde
3247 593 3302 638 et
3333 585 3482 653 Apo-

1877 674 2088 728 stolus:
2132 672 2280 738 Qum.
2316 673 2501 738 inquit,
2544 675 2938 728 communicatio
2979 673 3172 730 Christi
3206 677 3275 731 ad
3304 675 3479 734 Belial

1879 765 1943 838 (Il
1973 764 2092 820 Cor.
2120 782 2194 834 vt,
2227 767 2356 838 15)?
2382 776 2438 821 et
2458 767 2783 835 ubicumque
2810 765 2952 822 LXX
2983 779 3188 838 ponunt
3211 771 3346 834 ﬁlios
3387 789 3476 842 pe-

1877 858 2139 926 slilentiw,
2183 862 2234 913 in
2263 858 2532 914 llebraico
2556 860 2816 930 scriptum
2845 873 2948 922 est,
2979 859 3079 930 ﬁlii
3107 859 3297 917 Belial.
3324 862 3477 920 Unde

1878 951 2080 1009 etiliud
2111 952 2254 1023 quod
2285 952 2335 1006 in
2363 952 2569 1020 psalmo
2599 968 2695 1006 can
2721 961 2808 1007 tur
2832 952 2901 1008 de
2940 957 3201 1025 mysterio
3227 957 3474 1013 Salvato-

1877 1047 1954 1102 ris
2007 1064 2020 1100 :
2072 1043 2242 1100 Filius
2280 1046 2569 1118 iniquitatis
2612 1061 2715 1099 non
2756 1058 2983 1115 apponet
3019 1064 3202 1102 nocere
3244 1050 3294 1104 ei
3335 1049 3472 1122 (Ps.

1878 1156 2137 1209 Lxxxvttt,
2167 1141 2286 1212 25).
2326 1141 2380 1194 in
2422 1140 2689 1195 Hebraico
2714 1139 2935 1208 dicitur,
2959 1141 3102 1210 filius
3130 1141 3319 1198 Belial.
3365 1148 3478 1216 Ap-

1876 1236 2218 1309 pellaturque
2245 1235 2438 1290 etaliis
2467 1234 2796 1303 nominibus,
2826 1243 2884 1289 ut
2907 1235 2958 1289 in
2984 1235 3094 1290 alio
3118 1239 3327 1303 psalmo
3347 1239 3483 1293 scri-

1878 1341 2028 1402 ptum
2059 1339 2146 1385 est
2187 1348 2201 1385 :
2242 1329 2415 1400 Super
2436 1329 2667 1399 aspidem
2686 1342 2730 1382 et
2758 1328 3053 1382 basiliscum
3076 1329 3365 1385 ambulabis
3389 1372 3404 1396 ,
3432 1344 3482 1386 et

1877 1423 2199 1478 conculcabis
2215 1424 2411 1478 leonem
2430 1432 2476 1476 et
2491 1422 2766 1475 draconem
2788 1419 2956 1494 (Psal.
2981 1436 3066 1489 xc,
3094 1421 3204 1493 l3).
3221 1423 3320 1488 Qui
3343 1423 3472 1478 dra-

1875 1533 1940 1574 Cn
1965 1517 2184 1589 proprie
2209 1517 2261 1573 in
2282 1515 2546 1572 Hebraictt
2571 1531 2824 1573 sermone
2848 1518 3150 1587 appellatur
3167 1533 3472 1573 LEVIA'I'IIAN

1877 1596 2085 1704 (πανὺ).
2115 1611 2234 1682 Ipse
2255 1621 2341 1666 est
2372 1626 2601 1679 magnus
2627 1622 2801 1677 cetus,
2828 1611 2897 1667 de
2925 1628 3056 1682 quo,
3089 1613 3232 1682 quod
3259 1631 3288 1668 ει
3315 1615 3473 1669 Cnri-

1873 1719 1962 1766 sto
1990 1708 2289 1780 capiendus
2310 1706 2584 1780 sit,360
2610 1709 2839 1779 mystico
2862 1707 2916 1761 in
2948 1707 3050 1762 Job
3069 1723 3324 1764 sermone
3353 1725 3478 1764 nar-

1875 1814 2028 1861 ratur
2059 1823 2072 1860 :
2109 1805 2210 1872 Qui
2226 1821 2467 1875 magnum
2489 1817 2652 1858 cetum
2669 1813 2915 1875 capturus
2939 1816 3016 1858 est
3041 1804 3185 1877 (Job.
3215 1821 3306 1873 xt.,
3337 1805 3432 1878 20)
3460 1824 3476 1874 ;

156 1891 336 1948 J..-cob
359 1894 630 1950 ext-edens
677 1912 850 1952 annos
879 1909 1094 1954 centum
1124 1900 1366 1970 loquitur
1405 1919 1417 1955 :
1448 1901 1608 1958 Parvi
1649 1917 1768 1961 sum
1800 1891 1849 1952 B
1875 1915 1998 1955 nam
2031 1908 2086 1954 et
2114 1898 2188 1954 ibi
2226 1915 2322 1967 pro
2352 1908 2460 1953 ceto
2487 1941 2500 1964 ,
2551 1897 2834 1953 Leviavhnn
2873 1899 3128 1969 ponitur;
3159 1909 3214 1956 et
3237 1902 3474 1956 iterum:

157 1999 204 2044 et
241 1989 455 2059 pessimi
487 1990 598 2046 dies
626 1992 728 2048 mei
761 1990 971 2062 (Cenes.
999 2009 1161 2060 van,
1192 1996 1270 2066 9).
1318 1996 1396 2050 Ira
1437 2009 1618 2054 autem
1659 1999 1768 2055 Do-

156 2085 290 2140 mini
328 2087 619 2141 transitura
658 2086 748 2142 illa
779 2095 905 2153 est,
939 2105 1100 2159 quam
1122 2089 1489 2146 thesaurizant
1518 2093 1645 2160 sibi,
1675 2095 1768 2165 qui

155 2178 356 2234 noluut
381 2195 544 2250 agere
575 2181 980 2250 paenitentiam;
1008 2199 1129 2254 qua:
1159 2195 1440 2256 postquam
1469 2189 1766 2256 transierit,

159 2288 511 2346 nequaquam
533 2276 752 2331 cellaria
779 2277 916 2331 ultra
944 2278 1287 2345 claudentur,
1334 2279 1428 2336 sed
1460 2281 1772 2353 implebitur

155 2368 302 2439 quod
347 2371 612 2440 scriptum
646 2379 730 2424 est
769 2387 782 2424 :
817 2368 969 2425 liii/tit
1003 2370 1259 2426 occultum
1284 2373 1450 2448 359
1487 2376 1625 2446 quod
1665 2395 1768 2432 non

155 2459 490 2531 revelabitur,
515 2472 564 2517 et
585 2462 944 2518 absconditum
964 2465 1102 2535 quod
1129 2483 1231 2520 non
1254 2469 1766 2543 munifestetur(Luc.

155 2568 273 2616 vttt.
310 2556 424 2626 I7).
457 2555 720 2626 Quodque
747 2559 992 2628 sequitur
1022 2577 1037 2615 :
1083 2557 1220 2614 Ecce
1257 2562 1391 2616 enim
1432 2562 1684 2619 Dominus
1707 2567 1771 2621 de

157 2651 562 2706 sanctoiuducst
583 2651 715 2706 iram
731 2669 878 2707 suam
900 2670 920 2708 :
943 2653 1070 2708 illud
1095 2654 1386 2726 significat,
1419 2657 1562 2726 quod
1586 2675 1613 2711 a
1644 2674 1770 2714 san-

162 2746 264 2799 ctis
293 2744 391 2800 Dei
423 2744 500 2800 ira
530 2746 788 2816 incipiat,
827 2748 906 2800 vel
935 2748 1114 2802 omnis
1151 2749 1296 2802 illius
1321 2749 1616 2820 ultiojusta
1647 2767 1770 2807 san-

157 2850 359 2908 ctaque
385 2835 478 2903 sit,
509 2853 614 2892 non
656 2838 726 2895 de
746 2840 944 2894 mentis
971 2841 1378 2910 perturbatione
1401 2843 1763 2908 descendens,

158 2942 214 2988 ut
244 2932 302 2988 iu
349 2929 663 2989 hominibus
689 2933 869 3000 solet;
923 2935 1022 2992 sed
1064 2936 1244 2992 studio
1268 2936 1597 3009 corrigendi.
1633 2939 1770 2996 Ter-

158 3039 274 3080 ram
311 3037 495 3082 autem
528 3027 892 3084 habitatorum
923 3030 1069 3085 illam
1103 3046 1246 3095 reor,
1284 3032 1350 3088 de
1377 3048 1483 3104 qua
1505 3036 1767 3105 scriptum

157 3130 241 3176 est
273 3137 287 3173 :
319 3120 514 3175 Audiat
550 3130 687 3176 terra
712 3139 971 3179 sermones
993 3127 1095 3179 oris
1124 3127 1225 3179 mei
1250 3127 1266 3197 (
1294 3125 1446 3182 Deut.
1475 3144 1643 3193 χχιιι.
1670 3130 1694 3184 I
1725 3129 1764 3200 ).

159 3211 227 3270 Et
270 3231 286 3268 :
319 3214 545 3270 Auribus
588 3216 814 3289 percipe.
851 3229 991 3274 terra
1013 3219 1030 3287 (
1052 3215 1184 3287 Isai,
1211 3235 1249 3286 ι,
1291 3219 1327 3274 2
1359 3222 1396 3290 ).
1429 3221 1494 3276 Ει
1524 3221 1721 3276 iterum
1749 3239 1765 3279 :

1874 1992 2110 2048 Adduces
2129 2002 2298 2046 autem
2320 1993 2596 2044 draconem
2640 1991 2693 2044 in
2729 1991 2883 2045 hamo
2910 2034 2925 2057 ,
2954 1992 3295 2047 circumdabis
3332 1993 3478 2064 capi-

1871 2097 2033 2142 strum
2067 2085 2279 2140 naribus
2319 2090 2474 2160 ejus;
2511 2085 2813 2156 Statimque
2844 2103 2857 2138 :
2894 2084 3006 2140 Hoc
3046 2096 3118 2140 est
3159 2087 3475 2160 priuripium

1872 2178 2137 2252 plasmatis
2160 2178 2368 2234 Domini
2389 2179 2523 2247 quod
2549 2179 2745 2250 factum
2765 2192 2862 2244 est,
2901 2189 2955 2233 ut
2987 2177 3240 2234 illudatur
3273 2179 3337 2234 ab
3371 2181 3480 2235 An-

1872 2273 2002 2344 gelis
2024 2274 2155 2344 ejus.
2179 2272 2244 2327 Et
2277 2273 2330 2326 in
2357 2274 2564 2342 psalmo
2594 2292 2605 2326 :
2645 2271 2698 2326 Η
2705 2289 2762 2326 oc
2782 2288 3189 2345 muremaguum
3213 2282 3259 2327 et
3279 2275 3480 2346 spatio-

1871 2383 1987 2421 sum
2023 2384 2042 2420 :
2079 2365 2149 2420 ibi
2184 2364 2393 2437 reptilia
2422 2383 2642 2436 quorum
2679 2382 2781 2420 non
2813 2376 2884 2420 est
2920 2383 3162 2420 numerus
3185 2382 3204 2420 :
3228 2366 3480 2420 animalia

1872 2477 2035 2530 parva
2073 2477 2190 2515 cum
2231 2461 2451 2530 magnis.
2491 2459 2664 2514 Draco
2691 2460 2788 2514 iste
2807 2476 2956 2524 quem
2981 2460 3218 2530 formasti
3257 2459 3326 2513 ad
3351 2460 3479 2514 illu-

1873 2555 2098 2609 deudum
2118 2555 2166 2608 ei
2187 2553 2302 2616 (Ps.
2325 2569 2436 2611 cnt.
2462 2553 2549 2617 25,
2572 2551 2688 2625 26).
2723 2554 2799 2608 De
2831 2555 2934 2610 hoc
2968 2564 3023 2608 et
3062 2554 3112 2607 in
3145 2553 3478 2625 Apocalypsi

1873 2648 2060 2704 scribit
2086 2647 2326 2703 Joannes
2359 2665 2372 2701 :
2398 2643 2566 2702 Facta
2592 2659 2666 2703 est
2696 2664 2871 2720 pugna
2899 2650 2951 2702 in
2981 2646 3147 2703 caelo:
3178 2645 3404 2702 Michael
3430 2659 3480 2702 et

1872 2742 2059 2815 Ληρειὶ
2084 2745 2195 2814 ejus
2217 2739 2480 2796 bellabant
2508 2757 2624 2795 cum
2664 2743 2912 2804 dracone,
2942 2752 2992 2797 et
3025 2741 3184 2796 draco
3214 2743 3480 2812 pugnabat

1871 2845 1918 2892 et
1946 2833 2133 2907 Angeli
2159 2836 2275 2905 ejus
2293 2877 2309 2903 ,
2340 2845 2386 2890 et
2415 2851 2514 2890 non
2549 2833 2930 2902 prtevalucrunt
2955 2880 2971 2903 ,
2994 2853 3086 2890 nec
3115 2835 3261 2891 locus
3299 2838 3478 2891 iuven-

1875 2939 1954 2982 tus
1980 2939 2052 2983 est
2081 2929 2152 2982 eis
2178 2929 2231 2982 in
2257 2927 2384 2983 casio
2413 2931 2598 3002 (Apoc.
2624 2945 2720 2997 ιιι,
2755 2930 2786 2984 7
2814 2940 2861 2984 et
2881 2930 3069 3002 seqq.).
3124 2930 3189 2984 Et
3224 2947 3237 2984 ε
3281 2928 3477 2985 Missus

1873 3035 1947 3076 est
1977 3022 2136 3076 draco
2167 3038 2382 3090 magnus
2407 3063 2421 3088 ,
2462 3021 2670 3076 coluber
2693 3023 2935 3093 antiquus
2958 3065 2972 3087 ,
3006 3024 3094 3094 qui
3121 3033 3332 3078 vocatur
3356 3023 3475 3078 dia-

1873 3113 2019 3169 bolus
2047 3126 2092 3168 et
2122 3115 2370 3183 Satanas,
2402 3116 2493 3187 qui
2535 3133 2707 3170 errare
2731 3119 2856 3187 facit
2879 3115 3051 3171 orbem
3071 3128 3329 3172 terrarum
3357 3119 3475 3172 tnti-

1875 3224 2074 3264 versum
2097 3224 2116 3274 ;
2143 3211 2428 3280 missusque
2455 3219 2529 3264 est
2563 3210 2615 3263 in
2647 3218 2865 3277 terram,
2914 3219 2962 3264 et
2991 3210 3177 3284 Augeli
3219 3215 3331 3285 ejus
3359 3228 3476 3266 cum

156 3305 531 3372 Teira.terra,
553 3309 678 3364 audi
701 3325 985 3364 sermonem
1009 3309 1222 3365 Domini
1258 3310 1455 3385 (Jercm
1500 3315 1764 3386 xxu,~27).
1797 3295 1843 3361 C
1874 3319 1932 3359 eo
1950 3321 1970 3370 ;
1999 3304 2181 3374 ibique
2209 3303 2444 3358 dicitur:
2491 3302 2688 3358 Missus
2725 3314 2799 3358 est
2829 3313 3101 3359 accusator
3131 3305 3348 3376 fratrum
3377 3323 3476 3362 uo-

158 3400 452 3471 Quomodo
471 3402 615 3458 enim
641 3405 729 3475 qui
753 3405 806 3461 in
831 3415 973 3461 terra
1005 3405 1273 3474 habitant,
1305 3411 1384 3464 sic
1408 3411 1497 3480 qui
1525 3412 1577 3466 in
1606 3425 1770 3467 carne

156 3506 287 3552 sunt
313 3537 332 3563 ,
369 3497 483 3552 Deo
516 3497 731 3565 placere
772 3515 880 3555 non
926 3512 1152 3568 possunt
1197 3499 1372 3574 (Rom.
1418 3501 1555 3576 vni).
1599 3503 1769 3561 Terra

158 3599 348 3644 autem
379 3591 431 3644 iu
462 3589 563 3647 hoc
593 3590 713 3646 loco
741 3591 1012 3663 signiﬁcat
1041 3594 1274 3649 animam
1318 3611 1438 3667 qua:
1480 3598 1610 3651 vivit
1649 3613 1769 3653 car-

159 3682 391 3738 naliter.
421 3683 488 3738 Et
523 3685 1131 3756 revelabitsanguinem
1155 3701 1332 3753 suum,
1377 3690 1420 3743 si
1453 3691 1766 3760 quempiam

157 3775 648 3842 scandalizaverit,
681 3787 736 3833 et
763 3795 885 3833 eum
925 3778 1057 3834 Cain
1106 3791 1346 3836 meretur
1371 3781 1601 3838 audire:
1657 3781 1770 3838 Vox

157 3870 441 3943 sanguinis
461 3870 639 3939 fratris
663 3871 738 3925 tui
758 3870 950 3926 clamat
969 3871 1040 3926 ad
1063 3890 1142 3929 me
1163 3875 1227 3928 de
1249 3883 1405 3942 terra,
1430 3892 1543 3942 qua!
1567 3877 1771 3945 aperuit

157 3982 216 4021 os
237 3981 418 4028 suum,
448 3973 504 4018 ut
542 3966 822 4038 susciperet
849 3968 1152 4037 sanguinem
1189 3968 1369 4038 fratris
1407 3970 1482 4023 tui
1515 3968 1671 4039 (Gen.
1693 3985 1768 4038 tv,

159 4056 252 4122 10,
289 4055 406 4128 Η).
440 4055 632 4113 Omnis
664 4059 824 4128 igitur
851 4057 1070 4128 Sanguis
1098 4057 1154 4113 in
1195 4058 1283 4114 die
1308 4059 1498 4128 judicii
1527 4061 1772 4130 require-

161 4160 272 4221 tur,
302 4167 407 4208 nec
429 4151 726 4209 abscondet
751 4163 891 4208 terra
921 4151 1238 4223 sanguinem
1270 4167 1426 4206 suum
1452 4169 1469 4218 ;
1519 4163 1573 4207 et
1603 4155 1772 4210 inter-

159 4245 339 4303 fectos
369 4263 510 4318 quos
536 4247 756 4316 occidit,
785 4247 872 4302 vel
895 4247 1104 4313 volens,
1125 4249 1208 4302 vel
1237 4262 1333 4318 per
1360 4247 1766 4319 negligentiam,

162 4342 441 4412 producet
469 4340 523 4396 in
548 4341 806 4398 medium.

236 4435 400 4506 (Cap.
433 4433 647 4490 XXVII.
676 4465 746 4476 ——
777 4434 932 4492 Vers.
961 4436 1040 4507 1.)
1081 4435 1148 4489 lu
1193 4435 1279 4490 die
1307 4435 1400 4490 illo
1419 4437 1645 4493 visitabit
1669 4438 1772 4494 Do-

159 4530 339 4583 minus
363 4529 415 4582 in
444 4529 620 4601 gladio
640 4545 736 4584 suo
761 4529 917 4598 duro,
943 4540 988 4584 et
1028 4531 1237 4603 grandi,
1284 4541 1332 4585 et
1359 4532 1483 4601 forti
1504 4547 1657 4602 super
1678 4529 1773 4586 Le-

158 4622 381 4675 ciatltan
417 4629 703 4688 serpentem
735 4631 952 4686 vectem,
981 4632 1029 4675 et
1059 4638 1211 4693 super
1241 4620 1524 4677 Leniat/tan
1563 4639 1774 4692 serpen-

160 4725 264 4770 tem
287 4723 601 4780 tortuosum,
633 4723 680 4768 et
709 4713 906 4770 occidet
925 4725 1088 4770 cetum
1107 4715 1197 4785 qui
1235 4726 1309 4770 est
1329 4698 1559 4770 inmori.
1582 4713 1728 4771 LXX
1754 4733 1767 4770 :
1795 4701 1849 4762 Ῑ)

158 4805 229 4861 In
279 4807 372 4861 die
412 4805 506 4860 illa
549 4807 758 4861 inducet
791 4806 930 4862 Deus
971 4807 1204 4878 gladium
1239 4816 1504 4874 sanctum,
1542 4819 1590 4864 et
1630 4826 1774 4883 mag-

160 4917 292 4953 num
320 4942 336 4962 ,
371 4911 419 4954 et
462 4903 686 4971 fortem,
733 4917 888 4973 super
939 4905 1216 4956 draconem
1261 4900 1529 4957 colubrum
1569 4905 1775 4976 fugien-

160 5003 267 5047 tem
295 5035 310 5057 ,
359 5009 515 5062 super
561 4993 840 5048 draconem
879 4993 1149 5050 colubrum
1185 5007 1472 5051 tortuosum
1495 5037 1510 5062 ,
1553 5007 1600 5052 et
1640 5000 1774 5053 occi-

159 5087 248 5142 det
269 5089 551 5143 draconem
573 5089 661 5158 qui
681 5098 756 5142 est
778 5089 831 5142 in
866 5090 1019 5143 mari.
1065 5088 1312 5146 Tradunt
1344 5090 1554 5146 Hebraei
1593 5090 1778 5147 diabo-

159 5181 305 5248 lum,
341 5179 397 5236 id
429 5191 551 5247 est,
600 5181 1006 5236 criminatorem
1038 5223 1054 5249 ,
1097 5182 1238 5252 quod
1285 5182 1533 5238 Graecum
1581 5199 1780 5240 nomen

161 5286 276 5343 est,
313 5276 584 5332 Ilebraice
615 5277 874 5347 appellari
902 5293 1074 5334 sum
1101 5280 1289 5368 (pm),
1325 5278 1427 5334 hoc
1449 5291 1566 5348 est,
1597 5282 1783 5337 adver-

161 5372 394 5429 sarium.
425 5369 581 5428 Unde
631 5381 684 5428 et
722 5372 775 5426 itt
814 5371 1076 5428 Zacharia
1108 5375 1306 5429 dicitur
1335 5392 1348 5429 :
1383 5376 1566 5431 Stabat
1591 5376 1780 5444 Satan,

163 5466 218 5522 id
260 5475 388 5532 est,
431 5465 778 5535 adversarius,
825 5483 856 5520 a
893 5467 1090 5522 dextris
1120 5470 1232 5542 ejus
1263 5476 1316 5523 ut
1356 5470 1715 5524 adversaretur
1739 5470 1789 5525 ei

244 5641 277 5670 ι
303 5639 517 5702 Tunisia
544 5630 755 5702 quippe,
775 5638 882 5684 etc.
914 5628 1240 5685 Hebraicam
1274 5629 1366 5684 hic
1393 5645 1586 5686 vocem
1617 5635 1790 5711 ἰν-ΠΗ

164 5723 513 5780 Ithadareclta
552 5723 710 5796 nobis
749 5722 1067 5796 obtrudunt_
1093 5731 1309 5796 veteres
1353 5724 1656 5791 editiopes,
1689 5740 1786 5796 pro

163 5797 376 5854 Graecis
423 5793 647 5850 nomine
688 5801 878 5868 ταμεῖα
898 5793 1364 5868 _quod_retinent
1408 5811 1601 5851 θιιιιιεε
1647 5793 1779 5854 mss.

170 5869 426 5940 codices;
462 5861 861 5940 leguntJen'nu.
897 5861 1158 5935 TAMEIA
1184 5874 1252 5940 Δει
1267 5865 1590 5940 ,ΤΑΜΙΕΙΑ
1623 5870 1782 5940 juxta

176 5929 542 6012 'exe'mpl'arii
567 5929 710 5996 LXX
746 5929 1149 6010 Interpretutn,‘
1183 5935 1236 5994 in
1267 5934 1516 5998 Romano
1547 5929 1781 6014 namque

1872 3409 2123 3462 atrorum,
2152 3397 2240 3470 qui
2285 3398 2557 3452 accusabat
2591 3415 2680 3453 eos
2713 3415 2888 3453 coram
2923 3399 3030 3453 Deo
3073 3410 3247 3455 nostra
3282 3399 3476 3474 (Ibid.,

1873 3508 1927 3561 v,
1961 3492 2072 3564 10).
2101 3491 2349 3564 llludquc
2376 3493 2669 3549 notandum
2699 3495 2843 3564 quod
2872 3495 2924 3549 in
2960 3495 3166 3565 psalmo
3193 3508 3249 3552 et
3275 3497 3327 3552 in
3350 3497 3481 3566 Job,

1872 3598 2165 3659 propterea
2197 3590 2368 3644 lactus
2389 3589 2602 3645 dicatur
2625 3589 2792 3646 draco
2813 3632 2826 3654 ,
2859 3588 2964 3646 hoc
2993 3602 3099 3656 est,
3137 3591 3436 3650 Leviatlian
3457 3640 3472 3664 ,

1873 3694 1931 3738 ut
1964 3683 2291 3738 illuderetur
2313 3681 2365 3737 ei
2385 3683 2454 3738 ab
2479 3683 2720 3750 Angelis.
2773 3683 2928 3740 Unde
2956 3693 3013 3741 et.
3040 3685 3288 3756 Apostoli
3329 3688 3478 3744 acci-

1874 3778 2028 3848 piunt
2052 3786 2398 3848 potestatem,
2431 3787 2490 3832 ut
2511 3779 2725 3834 calcent
2744 3793 2908 3849 super
2938 3791 3221 3850 serpentes
3249 3791 3307 3837 et
3325 3796 3478 3838 scor-

1874 3872 2085 3942 piones,
2141 3883 2197 3928 et
2227 3887 2392 3942 super
2417 3887 2634 3926 omnem
2666 3871 2922 3927 virtutem
2966 3871 3168 3928 inimici
3207 3871 3363 3932 (Luc.
3394 3874 3476 3945 x).

1873 3966 2007 4035 Quia
2037 3966 2200 4037 igitur
2229 3965 2298 4019 ab
2323 3980 2388 4021 eo
2412 3966 2534 4021 loco
2561 3963 2650 4020 ubi
2692 3965 2954 4035 scriptum
2979 3976 3064 4021 est
3088 3984 3102 4019 :
3131 3965 3267 4022 Ecce
3289 3966 3479 4023 Domi-

1875 4076 1970 4115 nus
1993 4058 2265 4129 dissipabit
2282 4071 2494 4124 terram,
2529 4057 2802 4113 etnudabit
2827 4058 3183 4132 eam(Supra,
3214 4077 3364 4128 xxiv,
3393 4062 3472 4136 l);

1873 4153 1988 4210 sive
2010 4151 2159 4221 juxta
2192 4151 2374 4206 LXX:
2422 4150 2558 4208 Ecce
2580 4152 2834 4210 Dominus
2864 4153 3125 4227 disperdat
3163 4156 3333 4212 orbem
3368 4168 3474 4214 ter-

1873 4263 2051 4302 rarum
2077 4286 2094 4312 ,
2127 4255 2176 4300 et
2203 4243 2454 4300 desolabit
2490 4263 2602 4302 eum
2629 4288 2644 4312 ,
2689 4263 2862 4319 usque
2891 4248 2959 4302 ad
2995 4264 3235 4318 praesens
3261 4252 3476 4320 capitu-

1874 4341 2010 4407 lum,
2038 4349 2230 4395 contra
2257 4338 2445 4394 orbem
2489 4340 2543 4395 in
2593 4343 3066 4399 consummatione
3103 4343 3289 4399 mundi
3332 4345 3480 4416 judi-

1873 4435 2016 4490 cium
2044 4431 2394 4504 prazdicatum
2416 4441 2523 4498 est,
2537 4441 2592 4488 et
2611 4434 2940 4492 novissimus
2961 4435 3212 4493 inimicus
3228 4438 3479 4495 destrue-

1879 4539 1966 4586 tur
1995 4544 2144 4585 mors
2179 4529 2232 4601 (l
2262 4525 2382 4584 Cor.
2427 4543 2496 4583 xv
2525 4529 2544 4600 >
2581 4545 2594 4581 :
2627 4541 2910 4600 pr0pterea
2954 4531 3243 4586 adversum
3287 4532 3483 4588 diabo-

1875 4624 1988 4680 lum
2028 4635 2273 4679 extrema
2305 4621 2573 4678 sententia
2605 4634 2722 4689 est,
2753 4637 2807 4678 ut
2838 4623 3130 4680 inducatur
3164 4640 3332 4695 super
3355 4642 3481 4683 eum

1875 4715 2088 4788 gladius
2116 4726 2359 4780 sanctus,
2393 4723 2447 4770 et
2478 4729 2725 4784 magnus,
2757 4724 2811 4770 et
2841 4714 3022 4782 fortis,
3051 4717 3166 4773 sive
3186 4719 3340 4786 juxta
3365 4720 3476 4776 lle-

1876 4809 2117 4864 braicum
2149 4815 2205 4862 et
2232 4807 2470 4876 reliquos
2500 4805 2863 4876 Interpreles,
2896 4808 3105 4880 gladius
3140 4810 3323 4867 durus.
3362 4811 3485 4870 Non

1877 4902 2023 4957 enim
2060 4909 2117 4954 ut
2143 4896 2288 4953 LXX
2316 4898 2565 4953 arbitrati
2595 4907 2724 4953 sunt.
2761 4914 2966 4956 cauet;
3000 4902 3211 4992 (rm-rp)
3257 4905 3486 4974 diem".

1877 4994 2023 5068 quod
2053 4994 2100 5049 si
2125 5003 2290 5057 esset,
2314 5002 2550 5047 sanctum
2575 5004 2828 5054 sonaret;
2850 4995 2944 5050 sed
2974 5011 3106 5052 casa
3123 5001 3486 5088 (rtwp).qnod

1878 5088 2102 5162 proprie
2127 5083 2453 5142 transfertur
2483 5087 2536 5139 in
2561 5086 2772 5142 durum.
2799 5086 2956 5144 Unde
2970 5103 3026 5145 et
3051 5089 3138 5144 Cis
3166 5083 3487 5160 paterSaul,

1880 5184 2044 5238 durus
2063 5181 2388 5253 appellatur.
2419 5179 2669 5236 Gladium
2698 5192 2878 5238 autem
2920 5191 3169 5238 sanctum
3191 5225 3209 5250 ,
3246 5184 3362 5241 sive
3387 5184 3490 5240 du-

1880 5293 2027 5347 rum,
2056 5276 2129 5333 ob
2153 5275 2273 5345 ejus
2298 5289 2518 5330 sensum
2546 5276 2637 5344 qui
2673 5276 2872 5346 patitur
2893 5317 2910 5344 ,
2930 5276 3148 5347 quidam
3178 5287 3489 5334 nostrorum

1883 5346 2196 5441 intdlligunt
2243 5367 2477 5423 Verbum
2523 5368 2647 5433 Dei,
2705 5369 2774 5425 de
2808 5385 2917 5440 quo
2953 5346 3092 5425 dicit
3136 5371 3429 5441 Apostolus
3471 5389 3487 5427 :

1892 5465 2082 5522 Vivens
2109 5473 2280 5520 autem
2303 5461 2400 5518 Dei
2427 5479 2596 5518 sermo
2633 5472 2681 5519 et
2701 5464 2898 5536 efﬁcax,
2918 5473 2966 5520 et
2986 5475 3168 5520 acutus
3196 5481 3354 5537 super
3381 5483 3492 5523 om-

1899 5625 2136 5698 Iegimns
2165 5627 2396 5698 ταμεία,
2431 5619 2485 5673 in
2505 5618 3091 5698 _A|_e_x:md_rino‘aul_em
3123 5631 3357 5695 ταμιεῖα.
3390 5623 3501 5682 No-

1900 5690 2024 5755 tnT-n
2086 5690 2305 5765 quoque
2372 5691 2516 5745 istud
2569 5690 2940 5746 diversimude
2998 5690 3203 5765 legunt
3247 5706 3504 5753 aratores

1899 5763 2339 5839 (ἷιτεείςήταμιεῖονΔ
2363 5777 2582 5839 nempe,
2617 5779 2714 5832 pro
2748 5771 3006 5839 ταμιεῖον.
3041 5763 3176 5839 Vide
3205 5765 3504 5827 llerodian,

1894 5843 1993 5902 lib.
2026 5854 2100 5898 vn
2132 5833 2256 5896 Ptin.
2311 5837 2380 5893 de
2404 5836 2517 5893 Deo
2546 5833 2836 5892 Socratis.‘
3106 5838 3379 5901 unum,
