4014 6444
527 356 633 418 501

1785 363 1843 421 ει.
1888 344 2161 423 cossim
2196 346 2581 422 mouemur

3711 366 3800 423 503

533 492 650 534 non
677 477 907 550 gladiola
928 478 993 533 ex
1012 481 1226 545 araque
1243 480 1389 548 parte
1413 480 1622 530 acutum
1652 436 1854 550 (Hebr.
1889 474 1973 540 tv,
2007 468 2076 532 l2
2092 478 2131 546 ).
2165 479 2213 538 Α
2241 484 2433 531 omnes
2453 478 2728 547 gentes,et
2756 474 2885 531 huic
2905 489 2963 531 se
2985 475 3256 546 Propheta
3286 474 3521 532 libenter
3549 472 3807 534 obtulisset

536 574 695 631 Unde
725 582 776 628 et
807 573 861 627 in
883 570 993 628 alio
1026 572 1145 628 loco
1173 571 1245 626 de
1275 582 1373 627 ore
1398 571 1701 627 Salvatoris
1729 568 1967 643 gladium
1998 569 2136 628 bi'cl:

534 672 703 740 pitem
732 668 884 724 exire
916 666 1146 738 legimus
1181 665 1367 740 (Apoc.
1399 667 1533 735 xu).
1566 663 1700 722 Cum
1732 674 1913 721 autem
1943 666 1994 720 in
2027 664 2136 721 line

535 763 722 820 mundi
757 761 1051 818 adversum
1085 761 1418 826 Leviatltan,
1449 762 1539 830 qui
1580 761 1633 815 in
1663 759 1929 831 principio
1959 759 2141 817 Gene-

533 869 658 913 seos
694 855 1004 925 appellatur
1037 870 1248 923 serpens
1283 853 1710 924 prudentissimus
1748 866 1911 923 super
1951 865 2143 907 omnes

530 951 733 1006 bestias
765 947 974 1021 (Cenes.
998 947 1172 1021 "1.1),
1189 962 1311 1019 qua:
1334 955 1493 1004 erant
1519 948 1763 1009 interra,
1786 945 1994 1017 gladius
2017 960 2145 999 san-

538 1052 661 1096 ctus
688 1040 802 1095 sive
826 1038 1026 1106 ditius,
1057 1049 1111 1093 et
1140 1050 1369 1111 magnus
1389 1082 1402 1103 ,
1434 1039 1664 1112 361m
1696 1038 1851 1095 fortis
1875 1039 2035 1094 fuerit
2066 1038 2147 1092 itt-

537 1138 756 1201 tloctus,
782 1135 948 1206 fugiet
976 1134 1068 1207 qui
1098 1146 1391 1205 numquam
1425 1135 1612 1205 lugere
1638 1144 2019 1199 consuererat,
2051 1148 2146 1188 ne-

536 1230 714 1284 sciens
746 1227 877 1283 illud
907 1228 1167 1298 scriptam
1203 1245 1215 1281 :
1251 1226 1368 1296 Quo
1398 1228 1581 1283 vortam
1613 1244 1646 1282 a
1674 1229 1866 1298 spiritu
1900 1238 1990 1282 tuo
2013 1269 2027 1294 ,
2056 1232 2147 1282 unt

538 1340 569 1376 a
599 1322 734 1393 facie
772 1330 863 1376 tua
906 1337 1009 1391 quo
1040 1321 1239 1394 fugiam
1273 1318 1413 1393 (Ps.
1446 1334 1722 1387 cxxxvnt,
1758 1323 1789 1375 7
1824 1322 1877 1392 )?
1913 1318 2149 1377 Pulchre

539 1414 758 1485 quidam
789 1424 949 1485 poeta
984 1416 1036 1469 in
1064 1412 1510 1485 Gigantomachia
1540 1413 1611 1469 de
1636 1411 1916 1470 Encelado
1944 1414 2107 1469 lusit:

638 1529 745 1589 Quo
760 1530 913 1594 iugis,
935 1528 1219 1581 Encelade?
1243 1542 1581 1593 quascumque
1599 1529 1872 1580 accesseris
1892 1540 2023 1587 oras,

637 1594 744 1644 Sub
762 1596 789 1624 ⁸
814 1593 924 1644 Deo
942 1607 1143 1657 semper
1161 1595 1280 1643 eris.

2244 569 2431 625 ofﬁcio
2454 613 2468 636 ,
2499 571 2732 640 primum
2763 570 3043 627 inebriare
3068 568 3290 641 iubetur
3321 568 3647 627 Ierusalem.
3674 568 3811 627 Unde

2242 662 2410 719 dicit:
2444 662 2707 733 Deeepisti
2739 680 2838 732 me,
2871 660 3114 731 Domine,
3142 674 3192 719 et
3215 662 3458 736 deceptus
3479 678 3589 718 sum
3618 660 3809 735 (lerant.

2245 776 2334 825 xx,
2370 756 2449 833 7).
2478 759 2638 815 Bibet
2670 760 2835 831 igitur
2860 757 3187 824 Jerusalem.
3217 770 3273 815 et
3303 754 3623 830 propinatol-
3642 758 3686 814 ei
3710 774 3810 816 me-

2244 866 2370 908 raca
2404 854 2556 922 potio
2581 895 2594 919 ,
2629 862 2684 907 ut
2718 852 2993 922 planctum
3038 851 3215 907 discat
3243 860 3296 907 et
3340 848 3549 906 dctum.
3596 849 3813 923 Dicitque

2247 962 2308 1002 se
2334 946 2592 1002 Dominus
2625 946 2801 1001 multo
2828 960 2949 1002 eam
2980 952 3229 1016 ternpore
3251 945 3643 1011 custodisse,et
3661 943 3814 1001 locum

2248 1041 2473 1098 dedisse
2503 1042 2863 1114 penitentiam,
2893 1049 2950 1096 et
2970 1041 3096 1112 quia
3122 1038 3372 1096 converti
3400 1038 3823 1107 noluerit,subito

2249 1138 2651 1195 inebriandam.
2678 1136 2790 1195 Hoc
2810 1138 2956 1192 cutim
2984 1136 3117 1191 dicit
3141 1136 3335 1192 diebus
3360 1136 3543 1205 egiSSe
3569 1132 3650 1188 vel
3673 1134 3822 1189 nocti-

2252 1232 2355 1287 bus
2380 1273 2395 1298 ,
2428 1240 2489 1287 ut
2514 1231 2686 1301 ipsius
2712 1244 2932 1301 semper
2960 1229 3163 1284 auxilio
3194 1228 3540 1284 servaretur.
3571 1222 3707 1282 LXX
3741 1239 3822 1280 au-

2252 1335 2360 1382 tem
2384 1322 2631 1381 eamdem
2664 1323 2946 1395 pulchram
2976 1308 3251 1393 appellant
3275 1320 3514 1382 vineam,
3547 1319 3601 1376 io
3628 1331 3722 1390 qua
3735 1316 3824 1375 luit

2252 1419 2362 1476 Lex
2394 1428 2448 1474 et
2482 1416 2771 1488 Propheta:
2798 1459 2815 1482 ,
2845 1410 3214 1471 sacerdotium
3244 1457 3259 1480 ,
3300 1422 3357 1470 et
3384 1411 3720 1484 pontiﬁcium
3742 1456 3755 1478 ,
3781 1418 3827 1468 et

2254 1510 2349 1568 Dei
2377 1511 2590 1578 notitia,
2612 1511 2829 1566 dicente
2854 1510 3167 1581 Scriptura:
3206 1506 3378 1563 Notas
3400 1507 3455 1562 in
3480 1502 3670 1562 Iudico
3691 1502 3826 1573 Deus,

2254 1608 2309 1662 in
2336 1605 2504 1665 Israel
2525 1621 2774 1679 magnum
2795 1621 2982 1659 nomen
3005 1605 3118 1675 ejus
3140 1601 3259 1677 (Ps.
3289 1614 3450 1666 ωηεν,
3479 1598 3553 1674 t).
3586 1596 3734 1668 Quod
3754 1598 3829 1654 alii

536 1699 647 1755 Iste
678 1708 858 1755 autem
891 1697 1187 1754 Leviathau
1219 1697 1441 1755 coluber
1465 1688 1680 1769 fugiens
1709 1740 1723 1763 ,
1766 1697 1822 1753 in
1872 1697 2154 1753 llebraico
2258 1708 2449 1772 putant
2474 1743 2489 1766 ,
2518 1702 2669 1771 juxta
2700 1698 2993 1756 editionem
3025 1713 3222 1753 eorum
3254 1696 3322 1752 ad
3363 1694 3660 1752 Ecclesiam
3689 1691 3832 1764 perti-

545 1797 748 1852 dicitur
776 1795 807 1835 δ
834 1810 959 1851 um
993 1797 1124 1867 (’13)
1153 1838 1166 1861 ,
1210 1794 1355 1866 quod
1390 1794 1583 1866 Aquila
1628 1795 2028 1865 interpretatus
2071 1798 2155 1849 est
2259 1810 2412 1863 nere,
2439 1811 2540 1864 qua
2567 1793 2701 1849 nihil
2724 1802 2808 1850 est
2839 1790 3147 1865 pulchrius.
3176 1791 3243 1847 Et
3270 1791 3337 1847 de
3364 1804 3470 1863 qua
3496 1788 3702 1844 dictum
3724 1796 3822 1844 est:

541 1902 730 1945 recten:
756 1933 769 1957 ,
803 1889 1169 1962 Symmachus
1198 1888 1587 1944 coneladentem
1610 1932 1624 1955 ,
1652 1887 1962 1944 Tlteodmio
1989 1887 2149 1942 robu-
2177 1884 2225 1946 B
2254 1888 2495 1944 Gloriosa
2513 1887 2654 1942 dicta
2672 1896 2791 1942 sunt
2820 1886 2887 1941 de
2907 1895 2955 1941 te
2979 1928 2993 1952 ,
3024 1886 3201 1940 civitas
3230 1883 3326 1940 Dei
3355 1883 3474 1956 (Ps.
3507 1894 3727 1946 LXXXVI,
3752 1879 3828 1950 3):

543 1993 698 2037 stum.
735 1984 954 2039 Vectem
982 1994 1166 2038 autem
1189 1983 1304 2038 sive
1329 1982 1674 2038 claudentem
1705 1990 1834 2050 puto
1860 1980 2144 2052 appellari,

548 2076 693 2145 quod
722 2076 922 2130 multas
955 2082 1058 2130 suo
1092 2090 1319 2132 carcere
1345 2076 1642 2140 clauserit,
1676 2084 1730 2130 et
1759 2075 1991 2145 propria:
2024 2073 2153 2129 sub-

2248 1998 2370 2056 qure
2410 1985 2664 2053 princeps
2692 1991 2779 2037 est
2810 1979 3097 2051 genitricis
3120 1992 3234 2035 sua:
3262 2021 3277 2046 ,
3313 1984 3370 2035 et
3396 1977 3531 2034 dicit
3556 1977 3615 2033 in
3635 1975 3833 2032 Cantico

2250 2078 2599 2135 Canticorum
2623 2095 2637 2131 :
2687 2074 2821 2131 Filii
2865 2076 3048 2131 matris
3076 2088 3205 2130 meo:
3228 2081 3594 2148 pugnaverunt
3619 2070 3834 2126 adversus

541 2171 743 2241 jecerit
786 2171 1043 2242 potestati
1074 2212 1088 2237 ,
1121 2170 1369 2240 nihilque
1419 2170 1475 2224 in
1521 2184 1581 2225 se
1625 2178 1836 2225 rectum
1874 2168 2064 2232 habet,
2099 2174 2155 2223 et
2252 2188 2335 2227 me
2361 2169 2537 2242 (Cant.
2568 2182 2611 2236 ι,
2641 2167 2718 2241 5).
2753 2170 2814 2225 Et
2840 2169 3110 2239 loquitur:
3144 2164 3259 2240 Ego
3281 2167 3464 2222 civitas
3488 2163 3836 2235 firnta,eiritas

551 2266 760 2318 idcirco
787 2263 986 2319 dicitur
1014 2270 1297 2319 tot-mosus
1320 2305 1334 2330 ,
1366 2279 1467 2319 nec
1495 2264 1695 2318 imitari
1731 2272 1912 2333 potest
1947 2262 2157 2334 virgam

554 2358 792 2424 Domini,
816 2359 884 2415 de
906 2372 1011 2431 qua
1036 2360 1299 2429 scriptum
1326 2368 1443 2413 est:
1483 2356 1637 2431 Virga
1666 2358 1984 2425 directionis,
2012 2359 2159 2430 virga

553 2454 700 2529 τειρηὶ
734 2455 809 2509 tui
838 2452 1013 2525 (Paul.
1045 2452 1216 2524 mv).
1246 2451 1419 2523 Quem
1452 2452 2156 2523 Dominosinterlicietspi-

555 2548 661 2601 ritu
684 2547 795 2602 oris
820 2549 902 2602 sui
925 2545 993 2620 (il
1024 2542 1203 2603 Thess.
1231 2546 1316 2619 tt),
1343 2546 1709 2603 habitatorem
1736 2544 2013 2619 quondam
2044 2564 2159 2602 ma—

554 2639 631 2694 ris
660 2681 677 2703 ,
723 2639 989 2693 falsorum
1038 2650 1093 2694 et
1138 2648 1449 2695 amararum
1498 2640 1779 2695 ﬂuctuum.
1826 2640 1929 2707 Qui
1972 2639 2161 2696 dicunt

557 2731 833 2787 diabolum
865 2742 1112 2789 acturum
1146 2734 1528 2805 paenitentiam
1562 2743 1615 2791 et
1653 2735 1865 2790 veniam
1896 2750 2164 2790 consectr-

561 2834 763 2890 turum,
789 2827 1221 2896 interpretentur
1245 2828 1401 2884 nobis
1431 2826 1711 2899 quomodo
1736 2829 1837 2884 hoc
1864 2829 2157 2897 accipiant,

563 2919 707 2986 quod
733 2919 997 2988 scriptum
1025 2926 1145 2976 est:
1177 2917 1243 2974 Et
1270 2921 1546 2991 interﬁciat
1572 2923 1849 2976 draconem
1885 2923 1975 2993 qui
2004 2930 2078 2976 est
2107 2922 2163 2975 in

564 3013 719 3075 mari,
744 3012 863 3066 sive
895 3023 1080 3066 cetum.
1110 3012 1362 3068 Secundo
1388 3016 1531 3070 enim
1554 3013 1680 3070 loco
1710 3015 2045 3084 inprmsenti
2077 3028 2168 3069 ca-

568 3103 739 3171 pitulo
763 3146 777 3169 ,
830 3105 884 3159 in
918 3106 1187 3161 llebraico
1214 3121 1321 3161 non
1350 3108 1658 3178 appellatur
1692 3107 1975 3162 Lrtn'atltan
2003 3148 2017 3173 ,
2074 3105 2168 3162 sed

571 3207 594 3235 ο
617 3208 850 3253 ἸἮᾹΝΜΝ

2253 2279 2369 2332 quos
2386 2272 2736 2338 oppugnatur.
2778 2253 3115 2332 Pulcltreque
3146 2271 3479 2332 oppugnatur
3508 2258 3649 2313 dixit
3679 2299 3693 2322 ,
3734 2270 3826 2311 non

2262 2370 2629 2430 extinguatur.
2653 2352 2959 2424 Statimque
2987 2354 3169 2427 jungit
3196 2354 3262 2410 de
3291 2354 3581 2426 Synagoga
3609 2395 3622 2417 ,
3651 2366 3759 2424 qua:
3783 2350 3838 2407 de

2260 2453 2436 2522 capite
2459 2464 2613 2507 versa
2631 2450 2786 2506 estin
2810 2450 3041 2505 caudam
3058 2468 3071 2502 :
3090 2447 3315 2503 Frustra
3335 2445 3387 2501 ei
3409 2454 3601 2516 potum
3625 2456 3837 2500 mearum

2264 2545 2444 2602 tribuo
2465 2544 2863 2606 doctrinarum,
2878 2544 3124 2613 capietur
3144 2541 3289 2596 enim
3314 2540 3367 2594 in
3394 2537 3643 2595 tenebris
3660 2535 3840 2593 erroris

2263 2643 2370 2696 sui.
2398 2641 2463 2696 Et
2490 2622 2615 2708 quia
2646 2646 2892 2709 apertam
2925 2639 3101 2693 lucem
3122 2648 3253 2691 -non
3297 2634 3507 2705 recepit
3533 2676 3547 2698 ,
3582 2647 3681 2704 per
3714 2630 3837 2688 diem

2264 2733 2472 2789 corruit
2498 2746 2688 2787 murus
2713 2731 2833 2799 ejus
2862 2772 2877 2799 ,
2910 2728 2962 2784 id
3003 2736 3085 2785 est
3106 2771 3122 2795 ,
3151 2740 3314 2782 omne
3341 2726 3484 2797 quod
3508 2725 3623 2781 sibi
3650 2723 3841 2795 putabat

2264 2827 2560 2895 auxilium,
2594 2826 2885 2896 nullusque
2911 2824 3015 2879 erit
3037 2823 3487 2878 adrersariorum
3523 2821 3617 2890 qui
3647 2835 3744 2875 non
3769 2832 3841 2873 ca—

2268 2920 2379 2991 piat
2408 2934 2528 2975 eam
2562 2961 2575 2984 ,
2607 2917 2751 2986 quod
2797 2916 2867 2973 de
2914 2916 3208 2971 contrariis
3251 2914 3518 2970 debemus
3570 2911 3845 2983 intelligere

2269 3014 2654 3087 potestatibus.

2341 3106 2521 3173 (Vers.
2558 3107 2634 3173 4,‘
2667 3104 2751 3177 5.)
2780 3104 3084 3177 Indignatio
3127 3119 3230 3158 non
3262 3111 3335 3157 est
3376 3102 3545 3156 mihi:
3574 3101 3687 3173 quis
3728 3096 3847 3153 dabit

885 3199 1084 3287 (pum.
1129 3200 1274 3266 quod
1319 3205 1538 3271 proprie
1582 3212 1751 3256 cetum
1778 3212 1962 3257 sonat.
2012 3198 2168 3257 Unde
2199 3272 2238 3287 ﬂ
2271 3215 2352 3256 me
2378 3203 2583 3274 spinam
2619 3210 2665 3254 et
2705 3212 2912 3271 veprem
2937 3200 2991 3251 in
3021 3194 3247 3287 pretio?
3283 3194 3513 3250 Gradior
3540 3196 3698 3268 super
3718 3202 3845 3287 eam:

572 3289 783 3345 Hebraei
812 3272 1098 3346 autumant
1127 3290 1411 3347 Leoiothan
1436 3290 1685 3348 habitare
1725 3292 1828 3347 sub
1859 3301 2004 3347 terra
2035 3292 2166 3347 etin
2195 3272 2241 3335 Ο
2274 3272 2582 3349 succendunt
2608 3307 2722 3347 eam
2759 3292 2975 3359 pariter.
3006 3286 3083 3344 An
3114 3291 3287 3362 potius
3309 3289 3487 3344 tenebo
3515 3284 3847 3361 fortitudinem

574 3384 808 3438 aethere:
840 3383 1119 3438 Tkanniim
1154 3390 1281 3440 vero
1302 3385 1356 3441 in
1384 3387 1523 3440 mari
1552 3427 1566 3451 ,
1591 3399 1711 3456 qua:
1736 3384 1955 3441 Judaico
1986 3384 2165 3440 fabula

582 3487 686 3529 est.
715 3476 977 3545 Quodque
1005 3477 1202 3532 dicunt
1243 3478 1296 3533 in
1340 3491 1591 3533 estremo
1616 3477 1780 3548 hujus
1809 3479 2032 3550 capituli
2057 3520 2071 3545 ,
2112 3480 2168 3534 in

570 3571 655 3623 die
694 3570 785 3623 illa
813 3612 826 3635 ,
877 3568 1148 3626 Eusebii”
1181 3573 1343 3641 priori
1380 3572 1559 3644 jungit
1585 3575 1749 3644 capiti
1775 3617 1789 3639 ,
1821 3591 1891 3630 ne
1933 3589 2171 3646 sequens

576 3662 861 3732 prophetia
900 3664 1027 3718 huic
1058 3669 1288 3734 tempori
1319 3677 1622 3736 conpletur.
1654 3667 1868 3723 Hebraei
1902 3674 2083 3722 autem
2115 3672 2172 3723 et

569 3756 753 3809 caueri
785 3755 1174 3825 explanatores
1201 3760 1471 3828 sequenti,
1494 3765 1638 3831 quod
1663 3774 1807 3815 nunc
1836 3760 2173 3832 {imposituri

575 3862 784 3901 smnus.

645 3939 827 4013 (Vera.
861 3939 918 4008 ἓ,
948 3941 1029 4013 3.)
1066 3941 1135 3997 In
1165 3945 1248 3999 die
1268 3943 1364 3999 illa
1392 3946 1541 4000 vinea
1570 3947 1697 4002 meri
1718 3947 1946 4001 cantabit
1974 3948 2043 4002 ei.
2063 3946 2174 4021 Ego

577 4034 831 4089 Dominus
875 4037 962 4106 qui
1006 4048 1155 4091 seruo
1194 4053 1309 4092 eam
1336 4078 1350 4106 ,
1396 4050 1605 4111 repente
1645 4039 1939 4112 prapinabo
1966 4039 2079 4095 illi:
2110 4054 2176 4095 ne

577 4130 711 4197 forte
746 4128 984 4181 visitetur
1024 4140 1207 4183 contra
1234 4146 1347 4186 eam
1374 4173 1387 4195 ,
1433 4144 1581 4187 nocte
1618 4142 1667 4188 et
1715 4133 1801 4188 die
1845 4149 1994 4188 servo
2038 4146 2174 4189 eam.

576 4218 750 4272 LXX:
779 4219 848 4273 In
874 4221 958 4275 die
981 4219 1074 4275 illo
1101 4223 1252 4277 uinea
1272 4223 1405 4277 bona
1431 4226 1746 4280 desiderium
1774 4227 1888 4297 ejus
1911 4266 1925 4291 ,
1958 4235 2015 4279 κε
2032 4227 2181 4298 prin-

576 4325 695 4380 ceps
718 4308 863 4364 illius
893 4311 981 4364 sit.
1011 4309 1129 4385 Ego
1152 4313 1333 4367 civitas
1364 4314 1533 4383 fortis,
1561 4318 1741 4370 civitas
1760 4328 1879 4387 qua
1903 4328 2179 4388 oppugna-

578 4412 701 4456 ttsr:
728 4403 924 4472 frustra
945 4413 1125 4475 potant
1146 4405 1281 4459 dabo
1298 4404 1401 4462 illi.
1427 4407 1713 4480 Cupientur
1746 4410 1883 4463 enim
1906 4418 2072 4475 nocte,
2096 4410 2182 4466 die

585 4503 761 4549 autem
788 4495 935 4550 cadet
965 4512 1165 4552 murus.
1198 4498 1427 4555 stultum
1461 4500 1791 4556 l'lehraicnm
1821 4501 1874 4555 in
1913 4498 2019 4555 hoc
2063 4502 2182 4557 loco

581 4606 608 4640 υ
642 4588 787 4644 LXX
817 4590 1065 4647 editione
1091 4592 1393 4659 discordat,
1425 4595 1632 4652 ideirco
1658 4597 1868 4668 singula
1895 4610 1956 4656 ut
1984 4612 2184 4671 propo-

2271 3388 2479 3443 meam?
2515 3387 2668 3459 faciet
2687 3398 2864 3456 pacem
2888 3383 3013 3438 mihi
3037 3424 3062 3445 ,.
3092 3394 3271 3455 pacem
3318 3381 3473 3450 faciet
3502 3378 3651 3434 mitti.
3681 3373 3835 3433 LXX:

2278 3481 2399 3537 Non
2437 3490 2513 3536 est
2555 3497 2673 3554 qua:
2715 3494 2823 3534 non
2856 3477 3258 3550 upprelrenderit
3281 3490 3415 3530 eam.
3449 3475 3583 3544 Quis
3611 3481 3753 3547 ponet
3779 3481 3844 3523 me

2273 3573 2541 3630 custodem
2567 3572 2772 3645 stipula:
2816 3572 2871 3626 in
2916 3572 3087 3643 agro?
3128 3578 3337 3642 propter
3363 3568 3712 3623 adversariam
3739 3566 3849 3618 hanc

2272 3667 2444 3740 τεραέὶ
2488 3678 2621 3722 eam.
2677 3664 2882 3720 Idcirco
2913 3666 3032 3737 fecit
3071 3663 3329 3718 Dominus
3355 3662 3532 3717 omnia
3562 3660 3851 3733 mdispoo

2274 3762 2378 3817 suit
2400 3776 2419 3815 :
2440 3759 2707 3814 combusta
2731 3774 2847 3813 sum
2867 3774 2886 3823 ;
2910 3758 3080 3811 dicent
3107 3755 3424 3810 habitatores
3453 3757 3594 3829 ejus,
3627 3752 3853 3824 facienti!

2276 3866 2455 3926 pacem
2483 3853 2596 3907 illi:
2627 3852 2876 3923 faciemus
2904 3865 3083 3923 pacem
3106 3850 3173 3903 ei.
3205 3848 3366 3905 Juxta
3411 3847 3739 3904 Hebraicum
3779 3843 3854 3899 hic

2276 3960 2470 4001 sensus
2486 3955 2572 4002 est
2588 3962 2602 3998 :
2619 3944 2732 4012 Ego
2750 3944 2840 4014 qui
2868 3942 3064 3999 diebus
3090 3950 3147 3998 et
3173 3942 3431 3999 noctibus
3457 3946 3679 4011 semper
3701 3948 3853 3995 meam

2278 4042 2494 4097 vineam
2525 4038 2688 4113 363
2718 4038 3063 4105 conservavi,
3094 4053 3162 4093 ne
3190 4037 3583 4093 exterminant
3603 4044 3720 4093 eam
3742 4044 3852 4105 aper

2280 4134 2349 4192 de
2375 4135 2534 4201 silva,
2565 4150 2632 4190 ne
2653 4134 2845 4189 bestia:
2874 4131 3228 4188 devorarenl.
3256 4130 3529 4202 Numquid
3554 4126 3855 4199 indignatio-

2284 4246 2412 4287 nem
2446 4245 2554 4285 non
2580 4228 2790 4296 habeo,
2820 4237 2877 4284 et
2902 4227 3090 4284 nescio
3118 4226 3279 4283 ferire
3302 4237 3645 4298 peccantem,
3679 4233 3732 4280 et
3755 4219 3857 4277 red.

2283 4327 2413 4382 dere
2462 4325 2760 4392 unicuique
2802 4322 2946 4393 quod
2993 4320 3277 4377 meretur?
3324 4319 3421 4376 Ubi
3470 4318 3670 4389 Aquila
3700 4312 3859 4390 posuit

2283 4421 2487 4491 spinam
2514 4461 2529 4485 ,
2558 4426 2616 4475 et
2645 4432 2846 4490 veprem
2871 4434 2885 4482 ,'
2934 4416 2988 4471 in
3023 4414 3292 4471 llebraico
3320 4416 3589 4484 scriptum
3613 4421 3697 4468 est
3723 4423 3857 4466 sunt

2285 4513 2497 4587 (om)
2543 4521 2589 4567 et
2636 4523 2796 4567 sum
2835 4508 3020 4583 (th01)
3049 4552 3064 4575 ,
3096 4508 3238 4579 quod
3280 4509 3633 4573 alternantem,
3675 4515 3726 4561 et
3765 4505 3858 4557 lora

2285 4608 2505 4662 sentiunt
2527 4606 2681 4676 plena
2708 4602 2999 4675 significat.
3027 4600 3179 4657 [inde
3203 4600 3365 4656 dicit:
3396 4600 3528 4666 Quis
3560 4615 3648 4655 me
3670 4593 3863 4654 docebit

579 4686 792 4741 suimus
839 4685 1196 4742 disseramus.
1231 4687 1403 4744 Vinea
1449 4689 1519 4746 de
1567 4706 1673 4763 qua
1723 4706 1888 4765 supra
1939 4695 2183 4766 loquitur
2206 4675 2262 4737 Ῑ)
2290 4708 2350 4757 ut
2376 4701 2545 4757 durus
2575 4700 2678 4755 sim
2708 4742 2722 4764 ,
2769 4708 2823 4753 et
2853 4708 3029 4753 meam
3071 4696 3284 4752 vincam
3327 4694 3675 4751 clementiam
3700 4735 3716 4761 ,
3745 4704 3793 4748 et
3816 4689 3858 4744 in

579 4779 775 4835 lenias:
814 4778 974 4833 Vinea
994 4783 1132 4852 facta
1151 4792 1225 4835 est
1252 4780 1442 4837 dilecto
1463 4784 1517 4837 in
1540 4799 1703 4839 corna
1728 4827 1742 4851 ,
1771 4787 1827 4841 in
1853 4787 1967 4843 loco
1989 4788 2135 4844 uberi
2160 4832 2177 4858 ,

582 4891 707 4947 qua:
737 4875 939 4930 debeat
966 4874 1215 4946 intelligi,
1245 4876 1368 4948 ipso
1391 4876 1628 4933 docente
1649 4872 1925 4937 discernes
1948 4881 2055 4955 [ΑΙ.
2094 4882 2183 4937 di-

582 4965 827 5039 camus]:
867 4965 1029 5021 Vinea
1051 4968 1189 5022 enim
1212 4968 1425 5025 Domini
1454 4970 1685 5027 Sabaoth
1703 4973 1889 5029 domus
1917 4974 2083 5048 362
2107 4985 2184 5031 est

578 5060 749 5115 Israel
773 5056 927 5131 (Issi.
954 5076 1009 5127 v,
1042 5060 1119 5134 t),
1149 5061 1219 5117 de
1239 5076 1343 5133 qua
1369 5064 1423 5117 in
1446 5064 1665 5137 psalmo
1687 5068 1935 5122 canitur:
1972 5066 2186 5126 Vineam

581 5154 649 5209 de
677 5152 915 5227 Αἰναρία
942 5152 1275 5223 transtulisti,
1310 5165 1420 5212 etc.
1446 5155 1566 5228 (Ps.
1597 5173 1769 5239 una
1790 5201 1804 5226 ,
1850 5161 1929 5233 9).
1963 5160 2102 5218 Huic
2128 5173 2185 5218 et

580 5265 680 5320 per
719 5249 1019 5321 Jeremiam
1061 5251 1317 5320 propinat
1341 5253 1572 5310 calicem
1599 5256 2040 5312 meracissimum
2066 5257 2183 5328 (1εά

578 5359 710 5398 rent.
740 5341 894 5411 ην).
939 5343 1077 5399 Cum
1118 5345 1265 5400 enim
1309 5345 1552 5404 misisset
1593 5356 1718 5404 eum
1763 5359 1824 5405 ut
1873 5352 2185 5422 potioharet

656 5488 684 5561 ἦ
722 5472 1043 5561 Rectiusad
1086 5480 1246 5539 metri
1266 5485 1469 5561 saltem
1515 5486 1664 5559 leges
1713 5498 1933 5545 veteres
1975 5490 2180 5561 vulgati

588 5556 696 5631 Sub
740 5556 890 5610 Jove.
927 5558 1020 5610 Est
1044 5566 1223 5631 autem
1256 5556 1592 5614 Claudianus
1611 5560 1950 5631 poeta,cujus
1976 5556 2174 5618 nomen

584 5624 947 5702 Hieronymus
989 5626 1329 5702 retibethet
1369 5624 1667 5702 suppresso
1707 5624 1906 5688 iterum
1954 5635 2176 5691 nomine

584 5698 764 5773 laudnt
792 5696 847 5751 in
872 5700 1216 5773 ‘Amori,cap.
1240 5696 1274 5756 ὃ·
1294 5703 1411 5771 ejus
1435 5696 1882 5773 poctuatis,quod
1907 5712 1958 5759 et
1981 5704 2174 5762 Grzeco
2218 5719 2221 5722 ‘

584 5772 826 5845 carmine
867 5769 1040 5845 fvrtor
1063 5769 1372 5845 scripsisse
1399 5816 1415 5837 ,
1442 5769 1516 5829 Vin
1550 5769 1740 5829 Latino
1761 5769 1896 5845 pars
1926 5780 2172 5834 extrema

583 5832 946 5917 desideratur.
978 5840 1097 5895 για.
1124 5832 1479 5917 illam-obium,
1512 5846 1587 5901 lib
1608 5863 1648 5911 1,
1674 5832 1793 5917 cap'.
1825 5849 1918 5905 20.

658 5910 682 5949 δ
731 5911 1006 5982 Scriptum
1055 5914 1287 5983 opinor,
1340 5910 1649 5989 lectumque
1696 5910 1790 5976 abs
1840 5919 2169 5993 Hieronymo

2290 4794 2477 4866 [mulio
2523 4802 2687 4863 atque
2727 4791 3034 4846 certamine
3081 4788 3427 4843 truculentus
3481 4786 3773 4842 incedam:
3816 4787 3862 4836 ut

2286 4887 2503 4962 gradiar
2543 4896 2710 4957 super
2750 4885 2964 4940 vineam
2989 4924 3005 4951 ,
3037 4894 3198 4955 quam
3234 4889 3360 4937 ante
3390 4879 3606 4937 servavi
3633 4921 3650 4947 ,
3677 4888 3731 4935 et
3760 4889 3861 4931 suc—

2289 4980 2517 5037 cendatn
2548 4988 2671 5034 eam
2695 4988 2857 5049 quam
2891 4988 3016 5033 meo
3047 4988 3326 5044 sepseram
3360 4971 3551 5027 muro?
3583 4974 3669 5027 An
3702 4968 3863 5042 potius

2290 5077 2344 5131 id
2372 5083 2494 5146 aget
2522 5072 2788 5129 fortitudo
2815 5077 2935 5128 mea
2964 5114 2978 5137 ,
3011 5080 3071 5126 ut
3100 5070 3237 5125 iram
3272 5067 3521 5123 diil'eram
3552 5110 3567 5135 ,
3599 5072 3657 5122 et
3679 5065 3861 5120 salveto

2288 5182 2385 5224 eos
2408 5166 2685 5237 Evangelii
2713 5165 3005 5221 clementia
3025 5205 3039 5231 ,
3069 5162 3164 5233 qui
3192 5174 3537 5232 nequaquam
3568 5169 3703 5215 sunt
3730 5154 3868 5227 [φειδ

2289 5259 2615 5316 aucturitate
2627 5257 2833 5313 servati
2849 5255 3180 5330 ηεμφατιως
3197 5264 3381 5309 autem
3393 5252 3869 5325 juxtaﬂeltraicum

2288 5353 2577 5425 legendum
2605 5360 2719 5409 est:
2752 5352 2884 5421 Quis
2914 5367 3001 5407 me
3041 5349 3207 5405 faciet
3234 5347 3434 5404 durum
3481 5348 3652 5419 atque
3694 5343 3872 5403 erude—

2282 5490 2419 5546 Bare
2442 5533 2455 5553 ,
2492 5505 2615 5545 nam
2656 5505 2780 5560 qua:
2827 5489 2879 5543 in
2908 5496 2948 5549 Π
2976 5496 3180 5544 exeunt
3202 5485 3389 5560 verba,
3422 5483 3869 5560 solebauteﬂ’erre

2282 5574 2494 5625 veteres
2531 5558 2710 5631 per
2740 5561 2844 5617 Sed
2876 5560 3019 5615 bane
3047 5560 3285 5631 litteram
3314 5558 3489 5612 Latini
3518 5559 3871 5631 exscriptores

2284 5635 2443 5690 tacite
2491 5628 2650 5689 nimis
2703 5633 2756 5686 in
2792 5633 2807 5685 I
2842 5628 3251 5701 pronuntiando
3284 5634 3527 5683 mutant:
3559 5636 3630 5684 es

2280 5716 2449 5775 ctum,
2485 5717 2539 5761 ttt
2571 5705 2662 5773 qtti
2690 5713 2987 5775 supersunt
3011 5714 3142 5759 mss.
3168 5710 3281 5756 tum
3314 5701 3471 5757 nobis
3495 5706 3622 5756 cum
3650 5700 3774 5755 aliis
3793 5700 3865 5751 in-

2279 5774 2449 5850 specii
2500 5774 2777 5833 intererant
2810 5774 2954 5830 Bari.

2355 5856 2376 5889 ε
2408 5796 2583 5906 Valtic.
2618 5846 2873 5904 Thenaim
2900 5856 2955 5903 et
2978 5856 3104 5904 mox
3134 5842 3389 5900 Thennitn

3704 5625 3769 5682 uo
3804 5625 3871 5679 ia-
3956 5625 3957 5682 ἓ
