4014 6436
191 393 297 450 509

682 388 1325 450 COMMENTARIORUM
1367 391 1433 448 IN
1472 385 1710 449 rsuram
1750 380 2176 448 morituram
2214 379 2344 447 Lm.
2387 389 2526 446 vut.
2566 387 2724 445 CAP.
2761 387 2978 445 xxvn.

3381 385 3486 446 5W

190 508 295 562 lem
321 548 336 572 ,
366 515 426 561 ut
455 507 668 560 vincant
695 516 945 561 natu-ram
986 507 1196 561 meam?
1228 505 1344 560 liae
1369 505 1570 575 quippe
1595 503 1655 559 in
1678 504 1777 560 de-
1805 501 1854 571 Α
1887 503 2339 575 persequentibus
2359 511 2414 559 et
2455 498 2858 557 effundentibus
2881 495 3202 572 sanguinem
3227 491 3494 556 Christia-

186 608 336 653 serto
357 596 698 668 signiﬁcatur
711 608 765 652 et
789 599 842 652 in
866 597 1076 669 spinis:
1106 606 1165 652 ut
1187 612 1306 652 eam
1335 598 1492 668 quasi
1511 598 1563 651 in
1585 597 1783 667 pra-lie

188 701 463 745 conteram
495 700 662 761 atque
681 690 1034 756 succendunt,
1068 705 1227 760 quam
1258 705 1480 758 semper
1507 704 1624 744 mea
1656 687 1782 744 dili-

187 785 362 856 gentia
428 784 720 839 custodiri.
773 784 856 838 An
911 785 1090 855 potius
1145 783 1342 840 tenebo
1401 783 1784 839 fortitudinem

185 893 359 932 nteant
390 919 406 942 ,
435 895 596 948 quam
625 877 904 934 Christum
936 893 1059 934 esse
1092 893 1198 933 non
1228 878 1458 933 dubium
1475 884 1560 933 est
1583 917 1600 944 ,
1629 885 1685 931 et
1710 877 1782 932 de

185 987 290 1040 qua
343 970 608 1041 legimus:
655 970 886 1027 Christus
935 971 1029 1026 Dei
1077 973 1237 1027 virtus
1281 980 1329 1026 et
1378 970 1477 1025 Dei
1523 971 1784 1042 sapientia

186 1064 226 1134 (Ι
251 1061 374 1118 Cor.
403 1063 580 1132 1.24),
609 1072 668 1118 ut
690 1066 806 1133 ipsa
835 1063 967 1119 tnihi
996 1080 1187 1135 pacem
1219 1064 1402 1131 faciat,
1428 1073 1484 1120 et
1516 1063 1783 1119 mund-um

184 1157 535 1211 reeoitciliet?
563 1155 723 1211 Juxta
756 1155 901 1210 LXX
929 1157 1017 1212 hic
1044 1167 1129 1212 est
1156 1170 1350 1211 sensus
1379 1197 1392 1221 ,
1438 1165 1495 1209 ut
1528 1171 1595 1210 es
1643 1171 1780 1225 per-

181 1263 322 1303 sona
349 1249 678 1320 accipiamus
705 1248 996 1304 Ecclesiae:
1027 1250 1144 1320 Ego
1163 1250 1358 1304 civi-tas
1385 1248 1562 1312 lirma,
1585 1247 1783 1303 civitas

180 1342 374 1396 tnultis
401 1342 591 1397 vallata
621 1342 895 1408 hostibus,
924 1357 1043 1412 qua:
1075 1342 1273 1397 [rustra
1305 1340 1431 1396 dedi
1465 1341 1656 1411 pocula
1677 1341 1780 1395 iui-

180 1437 342 1491 micte
373 1453 504 1492 metu
534 1436 856 1508 Synagogzc.
890 1438 1146 1506 Capietur
1177 1437 1324 1493 enim
1355 1447 1545 1494 nocte;
1574 1443 1631 1491 et
1654 1450 1784 1491 core

177 1543 508 1588 ruetmurus
529 1532 942 1614 ejus,nullaque
968 1532 1068 1587 erit
1092 1532 1159 1587 sle
1187 1531 1514 1586 adversariis
1545 1539 1786 1600 potesta-

178 1625 334 1681 tibus
360 1668 376 1692 ,
420 1641 538 1697 quae
567 1642 676 1682 non
718 1627 1092 1698 apprehendat
1120 1641 1263 1681 eam.
1292 1626 1528 1682 Rursum
1562 1626 1784 1695 loquar:

175 1720 327 1787 Quid
359 1721 490 1775 mihi
524 1721 750 1791 prodest
773 1721 1050 1776 custodire
1089 1736 1208 1776 eam
1234 1763 1248 1783 ,
1283 1736 1406 1792 quae
1431 1721 1690 1789 stipulam
1730 1720 1785 1774 in

175 1829 232 1867 se
260 1813 468 1867 habeat
491 1856 507 1880 ,
538 1827 648 1867 non
679 1814 983 1868 tramenta:
1020 1828 1142 1883 quae
1175 1822 1200 1850 ει
1232 1812 1304 1866 ita
1337 1811 1542 1867 inculta
1569 1821 1652 1866 est
1677 1852 1693 1878 ,
1728 1820 1788 1866 ut

1883 613 2012 653 num
2035 639 2051 664 ,
2080 596 2327 667 Apostoli
2357 604 2413 651 et
2448 595 2736 665 apostolici
2767 585 2878 649 Viri
2902 593 3262 649 nihilominus
3292 589 3489 650 salutis

1881 702 2076 748 eorum
2103 705 2293 748 curam
2319 691 2614 746 habuerim
2639 700 2695 746 et
2725 690 3203 745 reconciliarerint
3226 704 3320 745 eos
3346 687 3484 747 Deo.

1959 786 2144 857 (Vers.
2170 783 2259 858 8.)
2279 783 2344 838 1η
2368 791 2610 839 nrensura
2637 793 2818 838 contra
2833 797 3126 839 mensuram
3148 797 3264 838 cum
3285 777 3488 856 objecta

1884 881 2082 950 fuerit,
2125 879 2390 951 judicab-is
2434 893 2564 933 eam.
2618 877 2801 934 LXX:
2854 877 3056 934 Rixans
3086 883 3140 932 et
3164 879 3496 960 exprobrans

1881 975 2078 1027 emittet
2099 989 2207 1029 eos.
2236 973 2396 1029 Juxta
2435 971 2762 1028 Hebraieum
2796 967 2884 1027 hic
2928 986 3126 1028 sensus
3167 979 3253 1028 est
3285 988 3300 1028 :
3329 971 3488 1030 Sicut

1881 1065 2009 1122 fecit
2033 1066 2362 1132 Jerusalem,
2391 1066 2472 1121 sic
2495 1064 2743 1136 recipiet,
2771 1073 2826 1121 et
2849 1065 3001 1134 juxta
3033 1077 3355 1121 mensuram
3378 1081 3483 1135 qua

1885 1172 2068 1213 mensa
2099 1169 2204 1227 est,
2239 1159 2560 1215 remetietur
2585 1160 2658 1214 ei.
2689 1159 2951 1229 Tuncque
2980 1157 3309 1213 cumulatam
3334 1172 3486 1214 men-

1884 1267 2064 1307 suram
2095 1252 2359 1321 recipiet,
2390 1251 2616 1322 quando
2636 1251 2835 1321 indicti
2865 1259 3086 1320 tempus
3112 1249 3408 1305 advenerit
3434 1259 3491 1305 et

1885 1345 2145 1414 abiecerit
2170 1359 2294 1401 eam
2329 1345 2488 1400 Deus.
2520 1342 2680 1399 Juxta
2709 1341 2853 1398 LXX
2881 1343 3080 1415 pendet
3099 1357 3167 1398 ex
3189 1341 3486 1412 superioris

1887 1437 1990 1491 bus
2017 1437 2158 1506 quod
2201 1437 2419 1492 dicitur.
2459 1435 2581 1492 Non
2622 1433 2774 1491 enim
2797 1434 2967 1490 lsrae-l
2992 1435 3135 1490 sicut
3168 1434 3436 1504 percussit
3470 1476 3486 1500 ,

1887 1529 2264 1598 perctietur;
2297 1543 2396 1584 nec
2421 1529 2560 1584 sicut
2608 1527 2887 1584 interfecit
2913 1570 2926 1593 ,
2970 1526 3352 1582 interﬁcietur.
3385 1526 3490 1594 Qui

1881 1621 2133 1692 jurgabat
2153 1631 2341 1677 contra
2371 1621 2686 1693 Apostolos,
2710 1632 2765 1676 et
2793 1619 3157 1691 exprobrabat
3175 1618 3492 1675 doctoribus

1887 1716 2004 1770 suis
2027 1755 2042 1782 ,
2085 1726 2141 1770 et
2169 1716 2518 1787 pra'cipiebat
2557 1713 2719 1788 365
2747 1729 2816 1770 ne
2845 1716 2898 1770 in
2931 1714 3154 1770 nomine
3176 1713 3382 1768 Christi
3406 1713 3487 1768 lo-

1889 1821 2206 1880 querentur.
2238 1810 2539 1881 Propterea-
2580 1809 2844 1865 Dominus
2890 1807 3111 1878 abjieiet
3154 1819 3254 1863 eos
3279 1847 3296 1876 ,
3326 1815 3378 1862 et
3417 1805 3489 1862 de

175 1908 430 1974 veprium
462 1906 625 1974 plena
647 1905 719 1960 sit
739 1914 792 1958 et
815 1904 1093 1975 spinarum
1120 1947 1136 1970 ,
1164 1920 1326 1974 quam
1355 1905 1582 1960 salvam
1600 1904 1784 1959 volui?
1814 1911 1862 1974 Β
1888 1921 1988 1962 suo
2012 1905 2244 1975 expellet
2271 1919 2456 1976 grege.

173 1999 280 2055 Sed
319 1999 444 2070 quia
473 1997 742 2054 hostiliter
773 2013 986 2054 mecum
1010 2000 1142 2070 agit,
1177 2000 1378 2054 recessi
1403 1999 1470 2053 ab
1497 2012 1585 2054 ea.
1615 1998 1785 2054 Dixe-

175 2105 422 2162 runtqne
448 2093 500 2146 in
534 2107 619 2146 me
647 2101 704 2148 et
726 2109 793 2146 ex
819 2107 905 2146 me
933 2094 1046 2146 nati
1074 2091 1354 2161 Apostoli:
1390 2090 1548 2145 Vobis
1573 2090 1784 2161 quidem

175 2184 446 2257 oportebat
467 2187 691 2256 primum
721 2185 860 2256 loqui
881 2185 1086 2239 verbum
1116 2184 1242 2239 Dei;
1260 2184 1350 2239 sed
1371 2185 1616 2255 quoniam
1633 2201 1788 2256 repu-

174 2283 312 2335 listis
342 2281 494 2344 illud,
527 2290 573 2334 et
604 2278 848 2352 indignos
871 2295 957 2334 vos
973 2279 1252 2346 iudicastis
1269 2292 1477 2335 (eterna
1505 2281 1644 2346 rita,-
1671 2295 1786 2336 ecce

174 2374 524 2427 convertimur
549 2374 617 2426 ad
649 2382 822 2444 gentes
876 2373 1014 2444 (Act.
1044 2388 1138 2428 χιιι
1162 2415 1176 2439 ,
1213 2372 1324 2441 46).
1375 2372 1586 2429 idcirco
1618 2373 1783 2428 faciet

175 2465 449 2521 Dominus
474 2465 616 2536 quod
649 2467 888 2519 minatus
914 2475 998 2520 est
1020 2507 1036 2529 ,
1073 2477 1129 2520 ut
1151 2481 1344 2522 omnes
1373 2467 1428 2521 in
1455 2481 1520 2522 ea
1548 2466 1785 2522 ardeant

174 2559 434 2613 Romano
464 2558 588 2629 igne
618 2557 962 2614 circumdati.
1013 2558 1110 2614 Vel
1160 2567 1313 2615 certe
1361 2559 1593 2614 ardeant
1636 2559 1788 2614 vitiis

174 2661 346 2721 atque
377 2652 658 2720 peccatis,
689 2665 758 2706 ne
813 2654 1026 2722 possint
1063 2651 1312 2706 ardentia
1361 2653 1560 2707 diaboli
1603 2652 1786 2721 iacula

175 2743 546 2814 restinguere.
583 2745 773 2799 Omnes
801 2745 934 2798 enim
975 2745 1322 2798 adulterantes
1362 2746 1511 2816 quasi
1552 2742 1784 2798 clibanus

176 2838 341 2892 corda
370 2853 566 2893 eorum.
599 2837 669 2892 Et
700 2838 776 2893 illi
805 2839 898 2909 qui
931 2839 1079 2908 prius
1108 2838 1426 2894 habitabant
1451 2840 1505 2892 in
1529 2853 1613 2904 ea,
1633 2849 1784 2908 post-

176 2949 346 3002 quam
371 2932 764 2998 clamaverint,
795 2944 952 3003 capta
974 2943 1060 2988 est
1088 2933 1282 2988 civitas
1310 2944 1472 3003 atquo
1501 2947 1783 2999 succensa,

177 3025 464 3080 dimittant
489 3042 633 3092 eam,
668 3036 724 3080 et
752 3029 1170 3082 reconciliantes
1194 3024 1362 3098 365
1386 3026 1653 3081 mundum
1675 3025 1786 3098 [ΑΔ.

177 3118 557 3191 immundum}
587 3122 936 3186 Deo,diceot:
957 3120 1243 3176 Faciamus
1264 3136 1452 3191 pacem
1485 3120 1784 3190 illi,pacem

178 3214 455 3269 faciamus
481 3214 533 3270 ei
558 3256 572 3280 ,
606 3215 710 3270 hoc
735 3225 819 3270 est
844 3257 857 3281 ,
885 3212 1130 3282 Christo,
1154 3232 1369 3287 semper
1397 3217 1702 3272 scribentes
1731 3218 1786 3271 in

1963 1995 2246 2052 Meditata:
2256 2007 2332 2051 est
2355 1997 2410 2050 in
2421 1997 2608 2068 spiritu
2628 2012 2725 2051 suo
2737 1995 2870 2069 duro
2884 2011 2975 2066 per
2984 1995 3120 2050 diem
3129 2002 3303 2050 testas.
3318 1983 3482 2049 LXX:

1888 2088 1940 2144 Ν
1945 2106 2076 2144 anno
2089 2102 2144 2143 tu
2158 2106 2271 2144 eras
2282 2091 2375 2161 qui
2385 2090 2714 2145 meditabaris
2723 2091 2910 2163 spiritu
2922 2089 3056 2144 duro
3073 2088 3364 2156 interﬁcere
3377 2103 3485 2153 eos,

1884 2186 2074 2256 spiritu
2115 2188 2354 2255 furoris?
2410 2185 2578 2242 Juxta
2639 2187 2964 2243 Hebririeum
3008 2184 3114 2240 hoc
3149 2184 3354 2240 dicitur
3375 2226 3391 2252 ,
3435 2185 3490 2240 in

1885 2294 2139 2334 mensura
2161 2295 2269 2350 qua
2307 2293 2495 2334 mensa
2513 2288 2601 2334 est
2623 2319 2638 2346 ,
2679 2280 2982 2336 Jerusalem
3023 2278 3290 2349 recipiet:
3329 2291 3493 2348 prep-

1885 2383 2035 2429 terea
2069 2374 2212 2428 Deus
2235 2375 2286 2428 in
2318 2376 2512 2444 spiritu
2536 2385 2641 2428 suo
2661 2373 2802 2428 duro
2838 2382 3006 2443 ausus
3027 2371 3343 2426 vehementi
3374 2381 3492 2426 nte-

1883 2465 2090 2521 ditatus
2111 2473 2214 2532 est,
2240 2466 2358 2521 sive
2382 2466 2598 2521 locutus
2619 2475 2812 2521 contra
2839 2479 2960 2521 eum
2983 2465 3040 2518 in
3059 2463 3148 2519 die
3171 2473 3358 2530 cstas,
3385 2461 3490 2517 hoc

1885 2575 1991 2629 est,
2029 2562 2086 2618 in
2117 2563 2520 2633 persecutionis
2544 2571 2811 2633 tempore,
2845 2560 3062 2631 quotidi)
3090 2558 3376 2614 ardentior
3399 2558 3495 2611 in-

1885 2656 2218 2727 dignationis
2244 2656 2365 2712 dies
2391 2669 2472 2712 est
2497 2664 2660 2726 atque
2687 2668 2996 2725 partarum.
3019 2651 3187 2708 Juxta
3213 2649 3388 2716 LXX,
3417 2650 3491 2705 ad

1884 2751 2061 2821 ipsam
2117 2750 2321 2805 dicitur
2356 2748 2664 2804 Jerusalem
2691 2789 2707 2816 ,
2759 2747 2875 2801 sive
2925 2745 2996 2799 ad
3027 2743 3196 2798 lsrael
3224 2759 3242 2796 :
3288 2741 3494 2797 Nonne

1887 2853 1942 2900 tu
1973 2859 2097 2901 eras
2118 2859 2242 2915 quae
2272 2843 2328 2897 in
2355 2841 2552 2912 spiritu
2585 2852 2678 2895 tuo
2706 2839 3006 2894 durissimo
3034 2845 3208 2907 atque
3233 2833 3452 2890 eruisti
3469 2871 3491 2902 ,

1887 2951 1942 2996 et
1966 2939 2022 2994 in
2047 2938 2234 2994 lurore
2260 2936 2724 3006 blasphemiarum
2749 2943 2966 2988 tuorum
2987 2971 3002 2994 .
3053 2928 3357 3001 Apostolus
3384 2927 3495 2984 Dos

1889 3035 2022 3090 mini
2054 3042 2218 3103 atque
2242 3031 2504 3086 doctores
2529 3027 2842 3084 interﬁcere
2867 3023 3166 3096 cupiebas?

1963 3125 2161 3198 (Vera.
2191 3123 2296 3196 9.)
2346 3121 2556 3178 Idcirco
2595 3136 2753 3192 super
2778 3118 2866 3174 Isis
2911 3119 3200 3172 dimittetur
3239 3113 3494 3186 iniquitas

1890 3219 2066 3273 damni
2093 3216 2258 3272 Iacob
2281 3257 2298 3284 ,
2338 3226 2384 3271 et
2409 3217 2505 3270 iste
2526 3214 2696 3269 omnis
2741 3213 2964 3283 fructus,
2987 3220 3044 3266 ut
3065 3213 3336 3281 auferatur
3362 3223 3486 3279 pse-

181 3307 454 3378 Episwlis
481 3309 625 3364 suis:
656 3307 841 3364 Gratia
867 3310 1125 3364 uobiscum
1149 3318 1194 3364 et
1230 3327 1334 3382 pars
1356 3329 1390 3366 a
1415 3309 1524 3365 Deo
1557 3309 1712 3364 Patre
1737 3319 1786 3365 ct
1812 3301 1862 3368 C
1889 3323 2060 3368 catum
2087 3315 2204 3382 ejus
2253 3327 2272 3366 :
2322 3311 2443 3381 quia
2483 3309 2653 3382 posuit
2691 3323 2867 3362 omnes
2904 3304 3107 3377 lepidos
3146 3302 3330 3358 altoris
3360 3301 3494 3356 sicut

181 3400 395 3457 Christo
421 3402 551 3459 Jesu
579 3401 809 3458 Domino
849 3414 1024 3458 nostra
1056 3406 1098 3474 (Ι
1127 3404 1248 3460 Cor.
1283 3422 1299 3460 ι
1326 3448 1340 3472 ,
1381 3405 1457 3478 5).
1492 3407 1565 3462 De
1589 3408 1788 3477 quibus

182 3496 232 3548 in
259 3496 369 3550 hoc
395 3497 587 3551 eodem
618 3496 888 3566 Propheta
921 3498 1179 3569 legimus:
1206 3499 1373 3564 Quom
1389 3499 1609 3570 speciosi
1633 3497 1788 3570 pedes

180 3591 651 3662 euangelizandum
671 3608 848 3662 pacem
870 3589 1000 3665 (Isa.
1039 3608 1130 3659 ut,
1164 3591 1240 3662 7)!
1273 3591 1504 3660 Quidam
1538 3592 1684 3647 hunc
1708 3593 1788 3646 lu-

182 3697 308 3736 cum
331 3685 398 3736 ad
432 3684 704 3738 Ecclesias-
733 3685 1149 3756 relet'unt,quod
1173 3687 1552 3742 custodiantur
1571 3687 1790 3756 quidem

182 3789 211 3826 a
243 3775 396 3846 Deo;
425 3775 520 3829 sed
554 3777 706 3830 inulti
739 3778 790 3830 in
817 3779 898 3832 eis
925 3780 1130 3832 tractus
1159 3794 1270 3832 non
1296 3777 1604 3844 laciant;et
1628 3794 1793 3848 prop-

185 3875 341 3924 terea
374 3869 500 3923 honi
527 3869 768 3924 doctoris
797 3871 1203 3926 succendantur
1234 3871 1525 3927 ardoribus
1545 3913 1562 3940 ,
1595 3882 1652 3925 ut
1677 3871 1793 3927 cla-

184 3965 388 4019 tnitent
408 3972 467 4019 et
495 3967 860 4021 conliteantur
878 3984 1120 4022 errorem
1143 3977 1385 4033 suum,et
1402 3978 1585 4037 postea
1604 3981 1793 4036 pacein

183 4058 394 4114 faciant
429 4059 561 4127 Deo,
594 4061 683 4130 qui
726 4077 852 4116 vere
884 4061 1224 4131 appellentur
1257 4062 1349 4115 lilii
1384 4061 1574 4117 Jacob.

258 4155 452 4228 (Vers.
481 4153 562 4226 6.)
591 4157 691 4224 Qui
717 4156 1055 4230 egrediuntur
1076 4157 1141 4211 de
1171 4157 1342 4211 radice
1377 4156 1562 4222 Jacob,
1586 4154 1793 4226 ﬂorcbil

184 4263 234 4305 et
262 4250 574 4324 germinabit
601 4250 769 4306 Israel
784 4267 803 4306 :
833 4262 880 4306 et
904 4251 1185 4324 implebunt
1209 4254 1394 4324 [aciem
1418 4253 1556 4307 orbis
1572 4253 1787 4307 semine.

186 4343 372 4399 LXX:
408 4343 511 4411 Qui
538 4346 746 4399 veniunt
789 4345 888 4414 ﬁlii
928 4347 1123 4401 Jacob:
1163 4347 1467 4417 germinabit
1507 4357 1552 4400 et
1590 4347 1791 4416 ﬂorebit

185 4437 365 4492 Israel
387 4453 405 4490 :
435 4448 483 4490 et
514 4437 741 4508 implebit
769 4440 938 4493 orbem
969 4450 1222 4494 terrarum
1260 4439 1457 4509 fructus
1477 4442 1609 4512 ejus.
1636 4440 1792 4494 Post-

184 4546 358 4600 quam
387 4528 634 4597 Apostoli
657 4531 710 4584 in
737 4538 854 4584 toto
875 4531 1010 4586 orbe
1033 4533 1384 4601 Evangeliutn
1409 4532 1786 4600 pra-dicentes,

185 4624 466 4680 dixerint:
495 4622 782 4679 Faciemus
807 4640 992 4694 pacem
1025 4623 1278 4690 Christo,
1309 4639 1498 4694 pacem
1527 4625 1790 4680 faciemus

1890 3406 2090 3478 lapides
2129 3407 2314 3462 cineris
2363 3405 2539 3460 allisos
2571 3422 2584 3457 :
2613 3418 2717 3458 non
2758 3403 2970 3457 stabunt
3005 3397 3114 3452 luci
3157 3408 3208 3451 et
3248 3394 3492 3452 delubra.-

1889 3500 2035 3556 LXX
2069 3520 2083 3554 :
2140 3499 2422 3570 Propterea
2465 3500 2728 3570 auferetur
2761 3495 3008 3563 iniquitas
3046 3490 3210 3546 Jasob
3233 3533 3247 3558 ,
3291 3497 3341 3544 et
3378 3487 3494 3545 lure

1889 3596 1984 3648 erit
2007 3593 2286 3649 benedictio
2308 3596 2418 3659 eius
2445 3607 2562 3646 sum
2592 3590 2850 3644 abstulero
2871 3595 3137 3661 peccatum
3161 3586 3295 3658 ejus,
3319 3595 3496 3654 quan-

1892 3691 1961 3744 do
1988 3689 2212 3758 posuerit
2238 3705 2414 3743 omnes
2440 3686 2639 3758 lapides
2663 3701 2880 3740 ararum
2905 3681 3158 3738 contritas
3177 3679 3330 3749 quasi
3347 3679 3490 3733 cine-

1890 3799 2000 3839 rem
2026 3784 2411 3845 comminutum,
2439 3788 2612 3836 etnon
2635 3776 3024 3851 perseverabunt
3051 3774 3263 3830 arbores
3285 3786 3486 3836 eorum,

1893 3886 1940 3931 et
1968 3876 2127 3930 idola.
2161 3873 2374 3930 Causas
2399 3873 2578 3929 reddit
2607 3888 2706 3928 cur
2737 3880 3024 3942 postquam
3070 3865 3252 3923 Judaei
3282 3864 3341 3921 in
3382 3864 3492 3920 Do-

1893 3970 2096 4023 minum
2126 3968 2378 4023 miserint
2407 3981 2604 4021 atauus
2633 4007 2648 4031 ,
2695 3963 2912 4019 veniam
2940 3965 3350 4031 colt-sequantur
3381 3996 3396 4022 ,
3444 3955 3492 4014 si

1894 4061 2171 4116 voluerint
2206 4073 2369 4130 agere
2401 4059 2805 4130 pmniten'tiam,
2839 4067 2896 4112 ut
2929 4053 3225 4124 impleatur
3239 4050 3496 4109 Salvato—

1892 4152 1971 4209 ris
1996 4153 2174 4207 oratio
2203 4170 2216 4206 :
2248 4150 2428 4215 Pater,
2455 4156 2660 4224 ignosce
2679 4150 2752 4205 eis
2769 4166 2787 4216 ;
2810 4148 2946 4218 quod
2971 4147 3107 4203 enim
3134 4144 3367 4216 (nebat,
3396 4157 3484 4197 ne-

1893 4247 2062 4301 sciunt
2089 4247 2108 4317 (
2135 4244 2266 4300 Luc.
2292 4261 2442 4312 χιιιιιἱ
2475 4243 2547 4301 54
2571 4243 2616 4315 ).
2652 4243 2980 4312 Propterea,
2999 4238 3203 4308 inquit,
3227 4234 3485 4292 dimitte.

1895 4350 1981 4394 tur
2011 4337 2272 4408 iniquitas
2301 4336 2490 4393 domui
2533 4336 2706 4392 Jacob
2733 4375 2748 4401 ,
2796 4344 2850 4391 et
2877 4331 3161 4390 auferetur
3207 4336 3496 4397 peccatum

1890 4436 2032 4505 ejus,
2066 4443 2124 4488 ut
2151 4442 2427 4488 mereatur
2457 4431 2908 4487 benedictionem
2937 4427 3080 4494 Dei,
3124 4424 3218 4495 qui
3239 4422 3347 4479 sibi
3377 4436 3496 4478 ma-

1889 4527 2246 4584 ledictiouem
2273 4526 2450 4582 fuerat
2466 4524 2822 4594 imprecatus,
2839 4522 3075 4576 dicens:
3122 4515 3352 4586 Sanguis
3384 4516 3502 4584 ejus

1891 4638 2047 4692 super
2078 4637 2192 4687 nos,
2222 4628 2270 4674 et
2289 4635 2442 4691 super
2465 4617 2605 4688 ﬁlios
2641 4625 2846 4670 nostros
2872 4614 2891 4684 (
2924 4611 3082 4667 Matt.
3111 4623 3267 4667 alvu
3288 4647 3306 4673 ,
3335 4605 3414 4661 25
3449 4603 3495 4677 )..

185 4722 237 4774 ei
271 4763 290 4784 ,
341 4717 433 4787 qui
468 4719 520 4772 iu
561 4718 796 4774 excelsis
832 4717 1036 4773 luet-int
1064 4718 1133 4773 de
1171 4719 1384 4773 semine
1415 4717 1586 4773 Jacob
1610 4759 1624 4782 ,
1659 4719 1790 4774 etin
1817 4703 1872 4763 1)
1896 4718 2024 4788 quia
2069 4731 2168 4787 per
2219 4713 2514 4784 Apostolos
2556 4711 2628 4766 de
2673 4711 2848 4777 stirpe
2894 4703 3061 4760 lsrael
3108 4702 3164 4759 in
3208 4707 3330 4756 toto
3361 4698 3506 4755 orbo

185 4811 572 4881 Apostolicam
608 4812 952 4880 pervenerint
980 4811 1295 4882 dignitatem
1324 4853 1338 4875 ,
1370 4811 1792 4880 appellabuntur

186 4905 292 4959 ﬁlii
314 4902 508 4959 Jacob.
543 4904 694 4958 Tunc
719 4903 1044 4974 gertuinabit
1072 4915 1125 4958 et
1149 4902 1369 4958 llorebit
1394 4903 1576 4968 lsrael,
1603 4903 1796 4958 videns

187 4996 444 5052 doetrina
493 4995 726 5052 ﬁliorum
778 5011 1002 5051 suorum
1063 4999 1383 5051 universqu
1435 4996 1623 5052 urbem
1673 5012 1796 5053 esse

187 5093 535 5161 completum
563 5133 577 5158 ,
609 5101 663 5146 et
694 5091 945 5146 attulisse
975 5089 1183 5146 [ructus
1210 5089 1542 5158 ttberrimos,
1567 5105 1709 5158 quos.
1740 5091 1794 5146 in

188 5191 388 5246 Judaea
415 5204 638 5245 manens
667 5206 774 5244 non
802 5189 1080 5244 attulerat.

273 5282 460 5355 (Vers.
491 5280 572 5353 7.)
620 5279 888 5351 Numquid
911 5284 1070 5354 juxta
1099 5282 1310 5354 plagam
1351 5281 1679 5350 percutientis
1708 5297 1759 5334 se
1783 5319 1797 5344 ,

193 5380 456 5451 percussit
485 5393 634 5432 eum:
663 5387 753 5430 aut
799 5377 931 5431 sicut
975 5378 1162 5429 occidit
1206 5376 1506 5446 interfectos
1546 5376 1658 5445 ejus
1683 5415 1696 5438 ,
1728 5377 1802 5428 sic

196 5475 405 5528 occisus
444 5475 560 5526 est?
600 5470 777 5525 Locus
831 5472 933 5526 iste
983 5469 1276 5540 dupliciter
1324 5468 1662 5536 intelligitur.
1697 5467 1806 5524 Aut

194 5577 398 5624 contra
443 5565 744 5622 Jerusalem
770 5606 785 5631 ,
820 5572 878 5618 ut
919 5564 1062 5618 dicat
1093 5578 1212 5620 eam
1245 5578 1352 5616 non
1383 5566 1454 5615 ita
1483 5577 1510 5614 a
1545 5561 1655 5616 Deo
1682 5575 1803 5616 esse

198 5674 526 5731 percussam
555 5700 568 5723 ,
601 5670 658 5712 ut
691 5661 802 5727 ipsa
829 5656 1098 5727 percussit
1117 5655 1393 5709 Christum
1420 5661 1475 5707 et
1504 5651 1802 5722 Apostolos

197 5755 358 5825 ejus:
386 5761 480 5807 aut
521 5763 715 5808 contra
760 5750 1001 5823 gentium
1042 5748 1442 5804 multitudinem
1472 5789 1485 5812 ,
1517 5747 1660 5817 quod
1692 5747 1801 5802 illis

1902 4809 2256 4880 Evangeliutn
2286 4805 2647 4863 seminabitur
2673 4847 2686 4870 ,
2719 4811 2778 4857 et
2806 4801 3125 4856 destruetur
3154 4792 3463 4852 idololatria
3481 4823 3500 4856 ο

1902 4916 1958 4962 et
1984 4905 2426 4960 comminuentur
2455 4917 2568 4954 arae
2591 4912 2762 4967 usque
2782 4895 2852 4951 ad
2875 4894 3186 4964 pulverem,
3212 4886 3503 4946 succiden-

1905 5009 1993 5054 tur
2024 4997 2156 5061 luci,
2182 4995 2416 5050 delubra
2437 4999 2730 5056 corruent,
2753 4996 2810 5044 et
2850 4987 2944 5042 Dei
2973 4984 3132 5041 unius
3165 4981 3269 5038 sub
3296 4987 3504 5052 myste-

1906 5091 1988 5147 rio
2016 5089 2298 5144 Trinitatis
2322 5086 2516 5141 notitia
2549 5081 2958 5154 praedicabitur.

1975 5186 1992 5255 (
2017 5185 2170 5240 Vers.
2211 5179 2327 5251 {0.)
2355 5177 2550 5234 Civitas
2572 5178 2710 5232 enim
2732 5175 2931 5230 munita
2958 5171 3192 5228 desolata
3214 5167 3308 5222 erit
3337 5181 3356 5220 :
3381 5179 3498 5231 spec

1904 5281 2044 5336 ciosa
2067 5277 2404 5345 relinquetur,
2439 5282 2489 5328 et
2518 5272 2805 5326 dimittetur
2837 5268 2983 5340 quasi
3005 5265 3233 5320 deserta.
3268 5257 3355 5314 lbi
3385 5273 3506 5326 pas-

1901 5384 2043 5430 cetur
2069 5372 2284 5435 vitulus,
2306 5380 2353 5424 et
2388 5369 2456 5422 ibi
2486 5365 2755 5421 accubabit
2778 5373 2824 5418 et
2867 5367 3136 5416 consumet
3180 5351 3505 5410 sunmitatcs

1903 5457 2034 5540 ejus.
2070 5461 2214 5520 LXX
2247 5479 2258 5512 :
2290 5461 2448 5515 ldola
2468 5475 2647 5514 eorum
2671 5454 2999 5512 succidantur
3023 5492 3037 5513 ,
3080 5447 3227 5519 quasi
3252 5446 3420 5540 lucus,
3447 5449 3497 5494 et

1905 5539 2058 5632 longe
2083 5559 2322 5613 habitans
2349 5571 2474 5627 gres:
2496 5554 2782 5608 dimittetur
2805 5549 2937 5604 sicut
2968 5560 3098 5618 grex
3124 5539 3425 5604 derelictus,
3455 5544 3508 5592 et

1907 5655 2002 5709 erit
2022 5651 2190 5707 multo
2235 5648 2540 5720 (carperent
2571 5660 2792 5716 pascua,
2827 5649 2874 5695 et
2918 5640 2989 5694 ibi
3027 5635 3346 5708 requiescens
3383 5646 3501 5702 gra-

1908 5764 2017 5819 ges,
2044 5757 2092 5801 et
2121 5754 2236 5818 post
2261 5743 2482 5798 multum
2509 5751 2708 5811 tempus
2730 5752 2832 5792 non
2857 5735 2954 5790 erit
2975 5735 3028 5787 in
3051 5745 3112 5786 ea
3143 5737 3291 5785 omne
3322 5726 3502 5790 viride,

290 5941 314 5969 α
344 5931 674 5988 Adverbium
696 5932 772 5986 ita
797 5973 810 6000 ,
843 5930 987 6002 quod
1018 5930 1247 5997 deerat,
1296 5941 1399 6000 ope
1443 5939 1574 5982 mss.
1606 5923 1942 5982 sull'ecimus.
