4014 6486
525 355 626 418 511

1779 361 1839 418 8.
1880 359 2154 420 EUSEBII
2191 361 2582 422 ΗΙΕΒΟΝῘΜΙ

3698 381 3785 438 δη

518 475 644 551 quia
666 473 978 530 exsiccatum
998 485 1092 531 est.
1116 476 1426 533 Jerusalem
1449 477 1644 534 civitas
1663 479 1942 551 quondam
1973 479 2130 537 firma
2158 484 2209 546 Α
2233 490 2291 539 et
2313 483 2531 541 caneris
2575 485 2914 556 mulieribus,
2939 503 3061 559 qua
3095 489 3329 560 primum
3350 491 3595 548 viderunt
3630 493 3784 550 Domi-

526 579 692 640 atque
716 569 947 636 munita,
960 569 1086 641 quia
1104 569 1268 643 366
1285 586 1392 628 non
1417 573 1667 640 suscepit
1691 573 2125 645 patrisfamilias,

530 665 700 721 lilium
753 665 849 722 sed
893 664 1032 722 dixit
1069 685 1083 722 :
1118 664 1315 738 Venite,
1369 671 1666 725 occidantus
1713 671 2010 744 eum,quia
2035 672 2133 726 iste

534 757 699 816 laceres
724 758 804 813 est
833 770 879 812 et
909 769 1087 814 nostra
1115 761 1210 815 erit
1231 761 1506 818 Iurreditas
1538 763 1721 837 (Matt.
1748 780 1869 830 ιιι,
1897 765 2013 837 38),
2037 764 2134 822 de-

532 852 711 908 solata
734 852 859 907 erit.
879 851 946 908 Et
969 868 1092 924 qua:
1110 855 1388 921 quondam
1404 855 1500 911 fuit
1517 858 1767 929 speciosa
1781 900 1795 924 ,
1811 858 1882 914 de
1896 875 1999 929 qua
2012 860 2134 914 etin

532 942 830 1002 Ezechiele
850 945 1086 1002 dicitur:
1106 945 1374 1014 Similam,
1397 958 1444 1004 et
1472 948 1572 1004 mel
1587 962 1634 1004 et
1654 951 1823 1005 oleum
1843 954 2133 1020 comedisti,

533 1049 584 1094 et
607 1041 836 1113 speciosa
864 1041 1004 1107 facta
1039 1059 1094 1097 es
1127 1045 1443 1098 vehementer
1466 1045 1622 1099 nimis
1645 1043 1863 1116 (Ezech.
1891 1063 2004 1112 xvt,
2024 1049 2137 1120 l3),

531 1143 588 1189 et
613 1134 668 1188 in
701 1149 804 1203 qua
837 1134 1042 1190 habitat
1088 1134 1183 1192 ille
1212 1135 1284 1192 de
1317 1152 1427 1207 quo
1457 1139 1724 1210 scriptum
1760 1149 1846 1194 est
1877 1157 1891 1195 :
1925 1139 2141 1212 Specio-

537 1245 625 1286 sus
653 1235 821 1303 forma
857 1247 969 1304 pne
1007 1232 1134 1302 [iliis
1175 1231 1443 1289 hominum
1478 1234 1500 1309 (
1529 1234 1618 1290 Ps.
1653 1252 1805 1300 thv.
1837 1235 1938 1308 5),
1973 1237 2143 1293 relin-

528 1333 732 1394 quetur
753 1335 808 1379 et
838 1323 1147 1383 dimittetur
1163 1329 1319 1399 quasi
1342 1328 1645 1398 desertum,
1669 1329 1890 1388 dicente
1905 1331 2142 1389 Domino

535 1421 602 1475 ad
630 1420 926 1490 Apostolus
952 1440 966 1476 :
993 1422 1228 1497 Surgite,
1250 1424 1493 1481 abeamus
1525 1427 1647 1480 hinc
1674 1426 1856 1498 (Joan.
1883 1442 2001 1494 xtv,
2022 1428 2137 1500 51).

2236 591 2363 632 num
2397 591 2796 650 resurgentem,
2824 590 2880 636 et
2909 591 3203 639 tenuerunt
3231 583 3395 654 pedes
3419 584 3557 656 ejus,
3585 596 3636 643 et
3658 589 3716 643 ab
3733 605 3786 647 co

2237 672 2432 730 audire
2459 685 2808 732 meruerunt:
2828 676 3009 733 Nolite
3037 679 3216 735 timere
3238 695 3258 735 .'
3279 678 3382 748 Ite,
3408 683 3629 737 nuntiate
3646 685 3789 756 {ratri-

2239 767 2330 823 bus
2359 770 2484 824 meis
2510 779 2568 825 ut
2603 771 2793 827 vadunt
2821 774 2875 828 in
2913 771 3191 830 Gulilteam
3212 814 3226 837 .
3266 786 3316 830 et
3359 775 3431 830 ibi
3467 793 3544 832 nte
3586 778 3790 836 videbunt

2237 859 2256 930 (
2287 858 2443 915 Matt.
2475 877 2664 924 xxvttt.
2696 864 2766 920 I0
2797 866 2838 934 ).
2877 865 2948 921 De
2978 866 3096 922 istis
3125 866 3446 923 mulieribus
3464 869 3627 924 multo
3650 874 3792 939 prius-

2238 971 2399 1027 quam
2430 969 2804 1024 nascerentur,
2833 960 3189 1030 propheticus
3219 977 3402 1018 sermo
3448 966 3790 1036 praenuntiat,

2241 1061 2294 1107 et
2321 1061 2480 1107 vocat
2507 1067 2602 1108 eas
2627 1070 2655 1107 a
2678 1056 2992 1125 spectaculo
3017 1057 3311 1114 Dominicaa
3342 1057 3611 1116 Passionis
3633 1071 3676 1117 et
3706 1061 3792 1118 Ite.

2239 1147 2620 1216 surrectiOnis,
2639 1159 2698 1204 ut
2725 1149 3086 1222 Evangelium
3116 1151 3445 1221 praedicent,
3462 1163 3536 1220 et,
3557 1154 3696 1224 juxta
3707 1155 3792 1212 He-

2241 1242 2508 1306 braicum,
2531 1243 2766 1301 doceant
2789 1244 3092 1302 Jerusalem
3111 1246 3227 1303 sive
3247 1257 3449 1304 terram
3475 1247 3654 1311 Israel.
3680 1250 3793 1321 quod

2243 1339 2346 1396 iste
2372 1339 2442 1394 sit
2475 1338 2738 1396 Dominus
2765 1351 2820 1398 et
2858 1341 3019 1398 Deus.
3069 1342 3277 1414 Populo
3325 1343 3469 1399 enim
3517 1341 3672 1401 Israel
3710 1359 3796 1400 non

2243 1432 2480 1489 habente
2507 1434 2833 1506 sapientiam
2867 1435 2962 1491 illo
2994 1445 3265 1508 tempore,
3296 1437 3516 1508 quando
3544 1453 3716 1510 passus
3731 1447 3796 1495 est

530 1511 613 1570 Ibi
643 1524 898 1586 pascetur
925 1516 1150 1583 vitulus,
1199 1519 1477 1575 ltomanus
1505 1519 1805 1586 exercitus,
1848 1519 1919 1576 de
1948 1535 2057 1590 quo
2088 1529 2144 1575 et

2248 1528 2510 1585 Dominus
2534 1571 2550 1597 ,
2588 1537 2645 1586 et
2684 1529 2967 1601 impletum
2998 1538 3086 1586 est
3130 1531 3446 1588 vaticinium
3482 1532 3796 1604 prophetale:

537 1609 592 1666 in
615 1607 726 1665 alio
757 1609 883 1665 loco
910 1611 1013 1666 sub
1052 1612 1276 1668 nomine
1321 1613 1439 1683 apri
1475 1611 1686 1668 dictum
1719 1624 1807 1668 est
1848 1634 1861 1670 :
1911 1611 2147 1669 Vastabit
2247 1619 2466 1677 Salvum
2513 1638 2592 1676 me
2632 1623 2738 1692 fac,
2790 1621 3054 1689 Domine,
3104 1624 3351 1695 quoniam
3398 1625 3581 1696 defecit
3627 1635 3800 1680 sanctus

540 1718 654 1760 eam
675 1719 801 1774 aper
819 1702 884 1757 de
905 1702 1036 1759 silua
1063 1720 1083 1760 :
1107 1713 1155 1760 et
1176 1703 1461 1778 singularis
1484 1709 1626 1776 ferus
1650 1708 1897 1778 depastus
1917 1715 1995 1761 est
2029 1721 2145 1760 eam
2247 1712 2266 1788 (
2289 1712 2441 1768 Psal.
2474 1730 2548 1783 xt,
2573 1715 2600 1770 1
2625 1713 2666 1786 ).
2700 1714 2768 1770 Et
2797 1733 2810 1770 :
2845 1715 3034 1770 Omnes
3061 1717 3472 1785 declinaverunt,
3505 1717 3651 1772 simul
3675 1719 3802 1773 inuti-

539 1793 715 1869 (Psal.
748 1811 931 1859 Lxxtx,
960 1796 1071 1869 Μ).
1093 1797 1160 1853 Ει
1185 1797 1263 1854 ibi
1291 1799 1587 1855 accubabit
1614 1811 1670 1856 et
1688 1810 2148 1855 consumetsum-
2248 1806 2320 1862 les
2346 1809 2472 1878 facti
2495 1819 2658 1864 sunt:
2683 1826 2787 1865 non
2809 1821 2881 1866 est
2900 1811 2990 1883 qui
3011 1811 3172 1882 faciat
3195 1810 3407 1874 bonum,
3437 1828 3539 1866 non
3573 1823 3642 1867 est
3675 1827 3800 1882 usque

465 1900 471 1906 '
545 1890 1012 1962 mitatesejussub
1027 1892 1348 1961 metaphora
1367 1893 2139 1966 vineaeetpropaginumejus,
2172 1884 2221 1945 Β
2247 1899 2316 1953 ad
2341 1915 2503 1954 unum
2534 1899 2554 1974 (
2587 1899 2680 1956 Ps.
2711 1917 2824 1969 xttt,
2853 1901 2888 1956 4
2911 1901 2953 1970 ),
2985 1914 3254 1959 vocantur
3284 1903 3542 1960 mulieres
3581 1903 3644 1961 de
3681 1920 3802 1975 spec-

548 1995 609 2043 ttt
633 1986 775 2044 nihil
798 1989 852 2043 in
874 2003 938 2045 ea
971 1987 1159 2053 viride,
1188 1988 1319 2044 nihil
1345 2001 1629 2045 remaneat
1653 1989 2014 2060 ﬂagellorum,
2044 1987 2142 2044 sed

549 2083 734 2139 omnia
751 2093 1042 2139 consumat
1067 2083 1346 2139 inimicus.
1366 2081 1527 2139 Juxta
1542 2080 1710 2150 LXX,
1724 2083 1850 2154 quia
1866 2096 1974 2138 nco
1990 2096 2146 2138 rece-

549 2189 750 2248 perunt
787 2188 1064 2249 pastorem
1097 2177 1640 2249 bonumzpropterea
1663 2177 2146 2248 eruntquasigrex

545 2273 868 2342 derelictus,
902 2287 959 2331 et
986 2276 1247 2346 patebunt
1279 2273 1556 2332 morsibus
1579 2273 1912 2338 bestiarum;
1936 2285 1990 2328 et
2009 2270 2146 2327 nihil

546 2369 604 2426 in
622 2370 700 2425 eis
724 2369 899 2426 viride
913 2371 1235 2436 remanebit,
1249 2370 1374 2438 quia
1393 2368 1612 2425 siccitas
1623 2367 1804 2424 omnia
1822 2365 2142 2438 possidebit.

613 2463 635 2538 (
664 2463 814 2521 Vers.
849 2465 964 2537 ll.)
994 2465 1062 2521 In
1081 2465 1314 2521 siccitate
1325 2465 1504 2520 messis
1522 2463 1667 2520 illius
1683 2473 2013 2518 conterentur
2033 2477 2148 2516 mu-

541 2561 691 2616 lieres
717 2560 970 2616 venientes
989 2569 1039 2616 et
1067 2561 1303 2616 docentes
1325 2575 1460 2614 eam.
1509 2557 1635 2613 Non
1659 2568 1736 2614 est
1758 2559 1892 2612 enim
1914 2557 2148 2628 populus

544 2658 753 2727 sapiens
780 2674 800 2718 :
825 2667 1098 2729 propterea
1127 2672 1231 2711 non
1256 2653 1578 2711 miserebitur
1593 2657 1707 2727 ejus
1727 2654 1815 2725 qui
1839 2652 1960 2723 fecit
1987 2667 2105 2705 eum
2127 2666 2148 2706 :

469 2807 476 2813 .
545 2765 594 2810 et
615 2753 704 2825 qui
725 2751 966 2823 formavit
992 2769 1112 2808 eum
1135 2793 1151 2821 ,
1202 2767 1306 2807 non
1353 2761 1530 2820 parcet
1583 2750 1650 2805 ei.
1684 2746 1870 2804 LXX:
1903 2744 2149 2801 Mulieres

543 2851 800 2906 venientes
815 2867 848 2904 a
865 2848 1179 2920 spectaculo,
1194 2846 1358 2902 venite
1384 2862 1402 2901 :
1424 2861 1528 2900 non
1553 2853 1628 2898 est
1643 2843 1781 2898 enim
1803 2841 2032 2914 populus
2055 2841 2151 2896 Ita-

545 2947 668 3002 bens
696 2942 1131 3016 intelligentiam;
1159 2951 1431 3014 prapterea
1463 2955 1568 2995 non
1614 2935 1936 2993 miserebitur
1973 2952 2151 2991 eorum

545 3040 636 3111 qui
656 3039 778 3110 fecit
801 3053 913 3104 eos;
953 3045 1002 3092 et
1017 3037 1105 3107 qui
1127 3035 1366 3106 formavit
1389 3050 1497 3098 eos,
1519 3047 1622 3087 non
1642 3039 1840 3102 parcet.
1872 3030 1985 3085 Hoc
2001 3026 2150 3100 quod

549 3132 768 3201 dicitur,
814 3129 883 3186 In
902 3131 1133 3186 siccitate
1155 3130 1332 3185 messis
1360 3131 1502 3184 illius
1547 3135 1899 3193 conterentur,
1923 3139 2020 3194 pro
2041 3139 2151 3195 quo

551 3222 1550 3298 Septuagintainterpretatisunt,non
1581 3221 1679 3276 erit
1699 3220 1754 3274 in
1778 3234 1838 3272 ea
1867 3217 2150 3290 quidquam

546 3286 732 3386 viride,
757 3286 886 3391 quia
911 3286 1138 3379 exaruit.
1156 3319 1308 3386 juxta
1337 3317 1665 3373 ilebraicum
1687 3286 2041 3385 sequentibus
2055 3329 2150 3369 co-
2173 3286 2220 3354 (δ

549 3417 801 3489 pulatur;
828 3417 982 3487 juxta
1024 3415 1198 3483 LXX,
1248 3415 1415 3486 priori
1461 3413 1668 3470 sensui.
1717 3412 1971 3468 Dicamus
2021 3427 2152 3483 ergo

546 3509 781 3581 primum
805 3508 954 3580 juxta
987 3508 1335 3565 IIeliraicum.
1383 3504 1519 3562 Cum
1543 3505 1807 3562 siccitatis
1837 3515 1890 3560 et
1923 3504 2152 3560 messio-

549 3603 637 3659 nis
663 3601 988 3668 Jerusalem,
1005 3612 1060 3659 et
1076 3601 1389 3672 utapertius
1419 3600 1632 3671 loquar,
1647 3595 1913 3653 vastitatis
1937 3606 2153 3668 tempus

546 3696 850 3757 advenerit.
871 3697 940 3754 de
953 3706 1067 3754 toto
1087 3697 1220 3752 orbe
1239 3709 1644 3769 synagogarum
1663 3693 1817 3750 turba
1837 3700 2149 3757 concurret,

545 3802 605 3849 ut
632 3793 888 3864 plangant
911 3791 1217 3848 Jerusalem
1245 3801 1300 3847 et
1324 3790 1468 3847 mala
1493 3790 1638 3846 illius
1667 3788 2041 3846 con=olentur.
2069 3787 2155 3845 Si-

543 3901 610 3942 ve
637 3895 826 3956 aperte
851 3883 922 3941 de
953 3883 1278 3942 mulieribus
1327 3884 1585 3954 loquitur,
1619 3896 1740 3952 qua:
1783 3879 1999 3937 nudatis
2029 3894 2154 3950 pec-

544 3979 778 4044 toribus,
819 3979 1212 4050 sanguinantes
1241 3976 1446 4034 feriunt
1472 3977 1731 4040 lacertos,
1758 3982 1814 4029 et
1841 3973 2154 4046 implebitur

540 4071 670 4147 [AL
710 4071 1005 4142 impletur|
1054 4071 1268 4127 Domini
1316 4069 1637 4126 vaticinium
1689 4086 1704 4124 :
1752 4065 1909 4124 Filia:
1935 4066 2153 4122 Jerusa-

542 4166 666 4233 lem,
695 4166 855 4221 nolite
890 4181 972 4220 me
997 4167 1142 4236 flere,
1173 4165 1264 4220 sed
1284 4164 1518 4238 plangite
1545 4179 1701 4230 super
1721 4177 1809 4216 vos
1839 4172 1888 4217 et
1907 4178 2062 4232 super
2087 4163 2152 4232 [i-

541 4257 642 4314 lios
669 4255 1034 4325 vestros(Luc.
1061 4271 1215 4323 xxnt,
1247 4255 1364 4327 ‘28).
1403 4255 1703 4327 Magnaque
1731 4253 2022 4310 infelicitas
2063 4269 2152 4325 po-

545 4348 682 4421 puli,
721 4362 753 4404 a
794 4347 1114 4403 mulieribus
1151 4347 1564 4402 lamentationis
1605 4346 1853 4402 carmina
1891 4346 2147 4412 discere;

543 4441 685 4499 sicut
709 4438 1066 4511 reprehensio
1086 4438 1189 4495 fuit
1209 4438 1394 4509 populi
1422 4437 1616 4506 Israel,
1646 4438 1865 4510 quando
1893 4439 1946 4494 in
1996 4438 2151 4494 Judi-

545 4553 672 4596 cum
702 4536 845 4593 libro
880 4535 1103 4609 (Judic.
1135 4550 1188 4590 tv
1211 4537 1265 4605 ),
1306 4535 1359 4590 in
1390 4548 1554 4590 manu
1586 4533 1834 4590 mulieris
1881 4533 2152 4590 Debborae

545 4631 682 4687 fecit
706 4629 936 4687 salutem
966 4628 1254 4696 Dominus,
1286 4637 1342 4684 et
1366 4635 1611 4699 tempore
1637 4625 1833 4682 vicinae
1861 4626 2150 4698 captivita-

2250 1995 2452 2061 taculo,
2485 2003 2543 2048 ut
2583 1994 2732 2065 quod
2762 1995 2894 2062 ipsa:
2942 1996 3199 2052 viderunt
3247 1997 3533 2067 Apostolis
3572 1997 3798 2052 nuntient.

2247 2086 2414 2145 Israel
2443 2097 2623 2143 autem
2660 2089 2728 2144 de
2753 2104 2860 2161 quo
2908 2090 3112 2146 dictum
3152 2101 3239 2147 est
3267 2089 3515 2163 (Supra,
3542 2089 3672 2162 t.5)
3699 2107 3710 2146 :
3738 2089 3802 2143 ls-

2247 2181 2356 2237 rael
2381 2199 2486 2240 non
2511 2185 2748 2256 cognovit
2773 2195 2876 2253 nte,
2903 2197 2953 2241 et
2980 2186 3204 2260 populus
3232 2203 3379 2242 meus
3422 2203 3524 2242 non
3554 2186 3800 2253 intellexit,

2247 2276 2735 2334 clementissimum
2774 2279 3089 2336 Creatorem
3126 2289 3180 2336 et
3223 2279 3495 2336 factorem
3525 2295 3671 2336 suum
3707 2293 3803 2348 pro-

2248 2373 2466 2427 vocavit
2492 2371 2545 2427 in
2570 2373 3019 2436 amaritudinem.
3052 2383 3111 2429 ut
3140 2389 3484 2446 nequaquam
3531 2373 3641 2445 ejus
3668 2373 3800 2428 inise-

2250 2478 2455 2522 reatur.
2496 2466 2623 2522 Ilzec
2666 2467 2756 2538 pie
2804 2469 3023 2540 quidem
3081 2467 3383 2536 dicuntur;
3430 2468 3524 2524 sed
3571 2465 3801 2540 quomodo

2249 2576 2372 2618 cum
2409 2563 2626 2618 caneris
2663 2572 3000 2634 congruant,
3041 2572 3098 2619 et
3134 2563 3619 2619 consummationis
3652 2559 3800 2616 mundi

2251 2656 2587 2726 temporibus
2616 2664 2966 2727 coaptentnr,
2997 2655 3232 2713 difficilis
3259 2655 3634 2726 interpretatio
3657 2664 3745 2711 est.

2324 2751 2342 2818 (
2377 2749 2534 2806 Vers.
2567 2750 2654 2806 12.
2683 2749 2703 2823 )
2755 2750 2821 2806 Et
2849 2753 2945 2805 erit
2975 2751 3029 2806 in
3051 2751 3135 2806 die
3163 2749 3281 2820 illa,
3313 2752 3566 2824 percutiet
3594 2748 3800 2804 Dominus

2251 2843 2313 2899 ab
2329 2845 2475 2898 alveo
2511 2845 2744 2914 ﬂuminis
2785 2860 2941 2911 usque
2975 2845 3045 2899 ad
3082 2854 3361 2900 torrentem
3389 2842 3627 2915 Egypti.
3657 2836 3799 2896 LXX:

2254 2936 2322 2991 Et
2347 2938 2446 2994 erit
2472 2937 2524 2992 in
2552 2937 2636 2992 die
2658 2935 2771 3004 illa,
2801 2937 3076 2993 concludet
3103 2937 3360 2992 Dominus
3385 2954 3418 2992 a
3445 2941 3583 3010 fossa
3615 2934 3802 3006 ﬂuminis

2251 3046 2413 3100 usque
2435 3029 2507 3084 ad
2535 3027 2972 3086 Rhinocoruram.
3003 3029 3114 3086 Nisi
3135 3030 3430 3103 junxisset,
3448 3031 3500 3086 in
3514 3031 3592 3085 die
3614 3031 3714 3094 illa,
3731 3042 3804 3098 per

2254 3123 2397 3195 quod
2421 3123 2706 3188 docemur,
2735 3139 2799 3180 ea
2829 3139 2952 3195 quae
2975 3124 3220 3180 dicturus
3249 3133 3332 3181 est
3364 3123 3719 3197 superioribus
3735 3135 3804 3176 co-

2256 3217 2522 3289 pulanda,
2564 3228 2879 3289 poteramus
2915 3219 3068 3290 quasi
3101 3221 3381 3291 praprium
3431 3218 3640 3292 capituli
3678 3215 3805 3287 hujus

2253 3326 2472 3369 sensum
2500 3327 2810 3383 exponere;
2837 3327 2980 3367 nunc
3003 3322 3185 3369 autem
3209 3311 3273 3368 ad
3298 3313 3584 3384 superiora
3607 3312 3805 3369 referen-

2254 3405 2318 3462 da
2344 3417 2472 3463 sunt
2492 3407 2697 3462 omnia.
2714 3407 2983 3475 Quoniam
3005 3407 3196 3462 civitas
3217 3410 3426 3464 munita
3449 3408 3676 3465 destilata
3696 3405 3802 3471 erit,

2253 3508 2312 3556 et
2357 3501 2607 3570 speciosa
2652 3500 2927 3571 quondam
2981 3501 3326 3571 relinquetur
3350 3504 3506 3574 quasi
3549 3503 3800 3562 desertum,

2255 3595 2421 3669 368
2443 3605 2499 3653 et
2525 3595 2598 3652 ibi
2627 3596 2830 3653 vitulus
2855 3596 3166 3664 accubabit,
3194 3607 3250 3653 et
3277 3608 3562 3655 coiisumet
3601 3593 3806 3668 propagi-

2255 3703 2355 3744 nes
2374 3689 2570 3755 vinea’,
2589 3689 2836 3744 etomnia
2852 3688 3221 3757 siccabuntur,
3237 3691 3498 3761 quoniam
3526 3704 3626 3744 non
3645 3700 3717 3744 est
3734 3701 3807 3756 po-

2257 3781 2415 3851 pulus
2442 3779 2650 3836 habens
2679 3779 3037 3847 intellectum,
3070 3793 3126 3837 et
3155 3795 3383 3852 promer
3399 3781 3675 3839 stultitiam
3694 3778 3804 3850 ejus,

2256 3875 2459 3930 nullam
2485 3889 2516 3930 a
2541 3872 2804 3931 Creatore
2819 3890 2919 3930 suo
2939 3875 3376 3932 misericordiam
3402 3883 3711 3933 consecutus
3725 3881 3804 3928 est.

2255 3967 2467 4024 Idcirco
2502 3967 2793 4038 percutiet,
2825 3969 2942 4024 sive
2965 3969 3257 4026 concludet
3305 3970 3565 4026 Dominus
3598 3968 3661 4025 ab
3685 3965 3806 4023 alveo

2255 4062 2341 4118 vel
2371 4063 2489 4117 rivo
2519 4060 2757 4118 ﬂuminis
2805 4077 2978 4133 usque
3008 4062 3074 4117 ad
3124 4071 3425 4119 torrentem
3485 4060 3723 4135 Egypti,
3763 4064 3808 4110 ut

2254 4155 2310 4210 in
2349 4155 2600 4210 universa
2642 4153 2850 4224 Judma,
2904 4170 3027 4226 qua:
3078 4154 3354 4226 quondam
3411 4149 3808 4227 repromissionis

2257 4255 2401 4303 terra
2441 4247 2568 4313 fuit,
2601 4246 2786 4303 nullus
2817 4248 3125 4318 reperiatur
3163 4263 3350 4305 sermo
3388 4249 3666 4313 doctrinae,
3699 4241 3808 4301 niltil

2254 4342 2504 4399 scientiae
2547 4340 2978 4413 Scripturarum,
3022 4343 3091 4399 de
3126 4343 3326 4414 quibus
3355 4354 3413 4401 et
3451 4342 3724 4416 Apostolus
3747 4340 3807 4396 Io-

2254 4435 2440 4506 quitur
2472 4452 2485 4490 :
2513 4432 2584 4490 Ut
2606 4451 2710 4490 non
2749 4435 3080 4491 attendamus
3123 4434 3361 4492 Judaicis
3397 4439 3586 4511 fabulis
3614 4445 3658 4492 et
3689 4449 3806 4489 inau-

2255 4530 2393 4586 datis
2419 4529 2708 4597 hominum,
2736 4532 2828 4602 qui
2863 4540 3167 4587 avertuntur
3195 4548 3227 4586 a
3253 4533 3467 4589 veritate
3495 4531 3618 4604 (Tit.
3648 4526 3805 4597 1,14);

2253 4637 2310 4684 et
2337 4629 2531 4683 iterum
2559 4643 2574 4682 :
2610 4626 2748 4682 Sunt
2771 4627 2908 4682 enim
2932 4626 3084 4682 multi
3114 4636 3163 4682 et
3200 4644 3304 4683 non
3333 4628 3528 4684 subditi
3560 4645 3618 4682 ac
3642 4622 3807 4680 vanilo-

546 4723 638 4788 tis,
672 4721 977 4779 tacentibus
1007 4694 1173 4789 viris,
1224 4689 1397 4777 Iiolda
1429 4689 1630 4777 mulier
1654 4689 2001 4793 prophetavit
2031 4722 2051 4791 (
2077 4720 2144 4777 IV
2173 4689 2229 4751 D
2251 4725 2362 4795 qui,
2396 4730 2444 4776 et
2469 4721 2758 4776 seductores
2777 4764 2792 4790 ,
2825 4737 2954 4793 quos
2979 4731 3182 4794 oportet
3214 4722 3546 4796 redarguere.
3595 4717 3810 4794 praecipue

552 4818 686 4890 Reg.
729 4832 840 4874 χχιι
867 4816 912 4890 ).
939 4817 1233 4888 Pr0pterea
1255 4815 1415 4890 367
1449 4825 1630 4872 autem
1683 4816 1943 4872 mulieres
1983 4819 2147 4888 longo

541 4920 897 4968 conterentur
923 4910 1120 4965 itinere
1140 4949 1154 4970 ,
1183 4909 1586 4976 imbecillitate,
1633 4908 1778 4965 fame
1807 4919 1862 4966 et
1888 4911 2146 4982 squalore

542 5003 809 5062 conlectae
834 5044 849 5069 ,
896 5013 950 5059 et
987 5001 1264 5059 docebunt
1292 5002 1553 5073 populum
1587 5003 1952 5059 miserabilem
1972 5045 1988 5069 ,
2017 5003 2144 5074 quia

544 5114 653 5155 non
681 5107 767 5154 est
807 5095 1042 5166 populus
1070 5095 1320 5165 sapiens,
1368 5109 1470 5151 nec
1509 5093 1781 5150 intellexit
1825 5092 2143 5151 Creatorem

540 5207 724 5254 suum,
741 5189 831 5262 qui
855 5189 1134 5259 neglectus
1154 5187 1222 5244 ab
1251 5189 1332 5244 eis
1360 5198 1523 5260 atque
1539 5197 1888 5258 contemptus
1912 5204 2019 5245 non
2044 5190 2148 5244 mi-

535 5284 814 5341 serebitur
842 5283 1091 5349 facturae,
1119 5291 1176 5338 et
1205 5296 1314 5338 non
1347 5293 1529 5348 parcet
1555 5291 1824 5339 creaturae
1847 5298 1978 5338 suae.
2009 5282 2144 5338 Jux-

533 5391 588 5439 ta
614 5378 761 5436 LXX
778 5421 794 5445 ,
825 5378 896 5435 de
926 5377 1092 5435 Maria
1115 5377 1312 5434 dicitur
1337 5377 1678 5449 Magdalene,
1704 5386 1760 5434 et
1783 5377 1890 5433 alia
1932 5378 2100 5434 Maria
2127 5422 2143 5448 ,

615 5508 643 5538 ⁸
669 5499 826 5554 Paria
859 5497 1022 5552 habet
1047 5498 1102 5550 in
1139 5495 1305 5550 Amos
1344 5509 1464 5561 cap.
1501 5511 1573 5560 vi,
1610 5495 1775 5561 idque
1805 5511 1873 5551 ex
1898 5495 2136 5552 insinua-

534 5574 687 5628 tione
712 5578 815 5627 τῶν
842 5566 1002 5631 LXX,
1035 5569 1124 5639 qui
1161 5572 1362 5626 ω’·-ΥὩ
1412 5578 1494 5628 in:
1517 5576 1600 5639 ﬁt?
1631 5582 1802 5631 neque
1831 5569 1897 5620 ad
1923 5578 2138 5623 torren-

539 5654 649 5700 tent
682 5637 1492 5715 IEgypti._i_tt_terpri-tanutricis;
1513 5637 1918 5715 'Pwouopobpm.
1943 5645 2010 5693 ad
2033 5641 2137 5710 ﬂu-

538 5716 683 5784 vium
718 5711 878 5785 juicta
910 5712 1347 5767 Rhinocoruram.
1390 5711 1736 5785 Verutn_no'_n
1780 5711 1985 5785 temere
2005 5727 2134 5785 con-

534 5781 772 5845 tendunt
802 5785 946 5840 docti
980 5786 1103 5844 viri.
1140 5785 1360 5838 nomine
1383 5783 1644 5838 torrentis
1665 5781 1883 5855 [Egypti
1911 5781 2137 5839 minime

536 5857 821 5925 ﬂuviolum
852 5855 1284 5918 Rhinocoruram
1313 5856 1454 5911 inter
1481 5862 1539 5910 et
1568 5855 1860 5924 Pelusium,
1893 5857 1990 5925 sed
2015 5871 2137 5925 pro—

534 5920 654 6002 prie
709 5923 889 5986 Nilum
946 5925 1281 5999 significari,
1335 5941 1569 5997 eumque
1618 5941 1808 5984 revera
1846 5920 2136 5984 exstitisse

2254 4833 2317 4872 ea:
2336 4816 2721 4871 circumcisione
2749 4813 2941 4889 (Ibid.,
2967 4814 3079 4888 l0).
3125 4817 3353 4873 Alveum
3391 4827 3596 4881 autem,
3627 4812 3727 4870 sive
3753 4808 3809 4863 ri-

2255 4926 2380 4967 vum
2407 4909 2651 4966 ﬂuminis
2677 4909 2829 4981 juxta
2868 4911 3151 4966 historiam
3186 4911 3523 4982 Euphratem
3563 4916 3809 4981 possumus

2254 5007 2459 5072 dicere,
2492 5004 2633 5060 sicut
2661 5016 2714 5061 et
2747 5005 2802 5061 in
2828 5006 3234 5077 septuagesimo
3272 5009 3448 5078 primo
3480 5006 3678 5078 psalmo
3702 4997 3808 5056 scti-

2251 5110 2402 5172 ptum
2431 5108 2517 5156 est
2545 5116 2560 5154 :
2596 5097 2958 5154 Dominabitur
2981 5117 3013 5154 a
3043 5104 3175 5154 mari
3202 5116 3362 5172 usque
3409 5099 3479 5154 ad
3522 5113 3676 5163 mare,
3711 5102 3750 5148 et
3784 5105 3808 5141 α

2247 5193 2462 5265 ﬂumine
2485 5207 2644 5260 usque
2673 5192 2744 5245 ad
2772 5194 2928 5261 liuent
2978 5191 3089 5264 [AL
3124 5191 3300 5265 ﬁnes],
3332 5193 3472 5248 orbis
3498 5203 3641 5247 terra:
3665 5183 3807 5255 (Psal.

2249 5300 2375 5351 Lxx,
2400 5282 2482 5354 8).
2521 5282 2630 5338 Alii
2676 5281 2972 5338 Jordanem
3013 5293 3224 5354 putant.
3263 5283 3329 5339 Et
3372 5283 3479 5339 hoc
3523 5278 3805 5339 notandum.

2247 5376 2394 5450 quod
2438 5378 2491 5431 in
2538 5373 3073 5447 Judaszc:,terniinis,
3107 5377 3299 5448 ﬂuvius
3331 5386 3360 5415 ι
3396 5377 3722 5447 appelletur;
3765 5369 3808 5423 in

2244 5505 2405 5551 terrm
2433 5501 2637 5549 sancte
2674 5494 2966 5549 terminum
3000 5511 3029 5549 a
3067 5495 3178 5550 Deo
3208 5495 3562 5550 constitutum
3585 5536 3599 5556 .
3628 5489 3804 5549 tametsi

2245 5582 2561 5638 numquam,
2589 5580 2685 5621 sua
2708 5565 2886 5633 culpa,
2915 5582 2982 5621 eo
3009 5582 3183 5636 usque
3214 5582 3273 5622 se
3302 5565 3642 5622 extendi-rint
3663 5563 3806 5638 Israe-

2243 5633 2466 5696 Iitaafln
2496 5653 2658 5708 quam
2704 5653 2818 5694 rem
2864 5633 3105 5694 laudant
3134 5638 3300 5694 Josne
3339 5640 3504 5693 verba
3549 5653 3659 5700 χιιι,
3683 5636 3732 5697 2.
3758 5633 3801 5708 ξ.

2243 5712 2332 5766 ιιΙή
2356 5723 2410 5765 et
2437 5705 2561 5764 Siur
2589 5709 2788 5764 dicitur
2815 5709 2957 5764 idem
2987 5713 3102 5778 ipse
3133 5710 3308 5780 Nilus,
3343 5721 3398 5766 et
3424 5709 3623 5766 Jerem.
3652 5725 3704 5773 ιι,
3733 5705 3800 5780 l8.

2245 5781 2544 5838 Diodorum
2577 5793 2839 5849 praeterea
2869 5783 3143 5848 Siculum,
3171 5783 3264 5850 qui
3287 5777 3512 5840 omnino
3535 5795 3718 5851 negare
3740 5777 3802 5830 vi—

2243 5855 2404 5924 detur
2443 5855 2624 5932 ullum
2679 5854 2958 5913 exstitisse
3010 5854 3289 5911 ﬂuviolum
3348 5854 3501 5925 juxta
3559 5852 3797 5910 Rhinoco-

2243 5940 2445 5982 rursm.
