4014 6444
189 395 280 453 315

658 380 1316 441 COMMENTARIORUM
1352 381 1420 439 IN
1460 381 1696 440 ISAIAM
1734 380 2162 440 PBOPIIETAM
2199 382 2332 440 LIB.
2374 381 2469 440 IX.
2508 382 2669 441 CAP.
2714 382 2953 440 XXVIII.

3350 386 3458 443 514

191 510 388 587 Βαγριί
413 509 629 575 ﬁnibus,
662 516 882 575 torrens,
907 504 1001 574 qui
1024 502 1269 560 turbidas
1288 519 1459 573 aquas
1493 503 1678 574 habet,
1701 513 1758 562 et
1781 508 1836 569 Α
1858 506 2122 579 perierant
2161 506 2213 559 in
2255 506 2464 576 regione
2500 506 2856 578 Assyriorum,
2889 517 2936 563 et
2978 508 3069 577 qui
3104 508 3368 580 perierant
3406 511 3459 566 in

188 622 282 665 non
306 613 606 675 perpetuas.
641 600 747 657 Pro
770 608 1013 655 torrente
1040 596 1283 671 Egypti,
1316 596 1460 653 LXX
1482 596 1755 654 Rhinoco-

190 714 348 758 ruram
382 694 800 759 transtulerunt,
831 692 974 764 quod
1015 702 1101 747 est
1138 691 1395 763 Oppidum
1441 690 1493 746 in
1533 690 1754 765 Egypti

189 790 574 859 Pttlastinmque
619 785 877 854 conﬁnio,
926 800 1032 840 non
1090 794 1199 839 tam
1243 784 1408 839 verba
1447 783 1758 851 Scriptura-

187 899 308 948 ram,
343 896 501 954 quam
550 894 772 937 sensum
822 877 1116 935 verborum
1157 877 1546 948 exprimentes.
1600 877 1756 946 Quod

184 988 342 1033 autem
371 992 470 1032 nos
513 973 770 1037 diximus.
821 973 1090 1045 percutiet,
1142 986 1240 1041 pro
1282 985 1392 1040 quo
1437 969 1584 1026 LXX
1621 993 1756 1046 συμ-

186 1071 353 1150 φράξιι.
384 1068 434 1125 id
466 1076 572 1135 est,
614 1064 887 1122 concludet
913 1107 928 1133 ,
970 1064 1376 1121 transtulerunt
1413 1082 1427 1120 :
1467 1063 1662 1136 Aquila
1702 1072 1758 1120 et

184 1161 501 1226 Theodotio,
554 1157 808 1237 ραϐὂήσιι
863 1157 1205 1228 interpretati
1245 1166 1396 1222 sunt,
1445 1158 1591 1227 quod
1640 1158 1755 1215 sive

184 1256 307 1329 sirga
343 1256 614 1325 percutiet,
651 1256 765 1311 sive
804 1253 874 1308 ad
910 1253 1108 1326 uirgam
1150 1251 1429 1306 recensebit
1468 1267 1755 1309 numerum

181 1349 336 1420 gregis
361 1349 468 1414 sui,
494 1346 722 1417 intelligi
756 1353 937 1415 potest
969 1362 982 1399 :
1015 1355 1072 1399 ut
1094 1358 1201 1400 non
1237 1343 1290 1398 iu
1323 1343 1545 1411 malam,
1570 1343 1666 1400 sed
1700 1343 1753 1400 in

181 1444 354 1501 bonam
386 1451 596 1511 partem
622 1438 943 1509 accipiatur.

239 1535 301 1591 Et
340 1551 425 1590 ros
470 1532 909 1608 congregabimini
954 1548 1089 1586 unus
1129 1540 1176 1586 et
1223 1547 1376 1596 unus,
1424 1529 1526 1601 ﬁlii
1567 1528 1752 1585 Israel.

180 1626 304 1684 LXX
336 1644 349 1682 :
391 1627 497 1682 Vos
537 1634 709 1681 autem
749 1635 1066 1698 congregate
1101 1640 1266 1678 unum
1306 1634 1354 1678 et
1392 1639 1575 1691 unum,
1617 1623 1755 1693 ﬁlias

182 1719 344 1778 Israel.
370 1718 416 1776 0
438 1719 534 1774 ﬁlii
566 1718 757 1784 Israel,
791 1732 890 1788 pro
927 1733 1035 1787 quo
1064 1717 1460 1787 interpretatus
1485 1725 1566 1772 est
1592 1714 1749 1788 Sym-

179 1815 400 1884 machus,
436 1817 626 1870 dontus
654 1811 822 1869 Israel
846 1828 865 1868 :
899 1812 1177 1884 percussis
1202 1811 1530 1868 adversariis
1560 1813 1756 1867 vestris

1857 599 2095 672 {Egypto
2119 609 2206 655 :et
2227 600 2518 655 adorabunt
2563 599 2839 656 Dominum
2876 617 3034 670 super
3071 612 3299 657 montem
3337 619 3463 659 san-

1854 701 1991 748 ctum
2020 694 2073 746 in
2103 692 2412 748 Jerusalem.
2449 692 2506 748 In
2536 693 2641 749 hoc
2667 693 2791 748 loco
2818 692 2991 749 Judaei
3018 709 3173 750 cassa
3202 694 3309 751 sibi
3334 705 3458 752 \Olﬂ

1857 784 2202 856 promittunt,
2229 785 2373 857 quod
2398 786 2451 841 in
2483 787 2959 845 consummatione
2987 787 3213 853 mundi,
3239 789 3461 859 quando

1858 876 1883 917 δ
1912 877 2303 946 Anticltrisuts,
2328 891 2382 934 ut
2406 878 2605 934 dicitur
2636 880 2934 954 ἡλειμμὲνος
2959 896 3093 937 suus
3123 882 3356 947 venerit,
3386 880 3458 939 de

1856 968 2097 1041 Assyriis
2118 982 2173 1027 et
2197 970 2266 1027 de
2297 981 2440 1027 terra
2469 971 2691 1046 Egypti
2726 974 3013 1044 diapersus
3051 974 3283 1044 repulus
3325 989 3459 1030 con-

1856 1074 2136 1136 gregetur,
2171 1073 2227 1120 et
2251 1068 2439 1120 veniat
2477 1065 2531 1120 in
2571 1063 2902 1132 Jerusalem,
2935 1079 2991 1123 et
3023 1067 3291 1123 aediﬁcato
3318 1076 3453 1123 tem-

1857 1159 1970 1229 plo,
2002 1157 2193 1213 adoret
2221 1158 2511 1214 Dominum
2545 1158 2716 1214 Deum
2750 1175 2929 1215 suum.
2959 1160 3117 1228 Quod
3155 1159 3454 1216 secundnm

1857 1254 2094 1309 litteram
2123 1254 2350 1309 omnino
2388 1262 2538 1310 stare
2583 1270 2689 1310 non
2724 1262 2928 1323 potest.
2976 1253 3161 1325 Neque
3201 1251 3348 1308 enim
3391 1252 3461 1309 de

1857 1346 2097 1419 Assyriis
2148 1357 2355 1401 tantum
2386 1357 2442 1403 et
2490 1347 2559 1403 de
2604 1347 2865 1420 Egypto,
2912 1347 3008 1403 sed
3055 1347 3125 1404 de
3169 1356 3283 1402 toro
3324 1348 3459 1405 orbe

1860 1449 2153 1508 terrarum,
2180 1441 2347 1513 37o
2370 1441 2459 1510 qui
2489 1441 2542 1497 in
2574 1440 2850 1497 Christum
2875 1441 3137 1498 credituri
3168 1450 3328 1508 sunt,
3360 1457 3457 1496 vos

1857 1533 2146 1587 caltuntur.
2196 1534 2337 1604 Ergo
2375 1533 2480 1590 hoc
2525 1534 2823 1605 signiﬁcat,
2868 1534 3012 1600 quod
3062 1533 3115 1588 in
3158 1532 3458 1587 novissima

1861 1626 2012 1693 tuba,
2037 1628 2192 1696 juxta
2236 1627 2560 1694 Apostolum
2600 1627 2832 1684 Paulum
2878 1627 2921 1700 (Ι
2961 1625 3087 1683 Cor.
3118 1625 3236 1698 xv),
3270 1640 3463 1683 omnes

1858 1725 1948 1795 qni
1976 1724 2254 1794 perierant
2275 1722 2331 1779 in
2357 1725 2596 1797 As.~yriis
2622 1734 2676 1780 et
2706 1727 2756 1779 in
2793 1723 3034 1796 Egypto
3072 1725 3141 1779 ad
3173 1724 3457 1779 Dominum

1860 1817 2125 1873 veniant:
2161 1816 2270 1873 Nec
2308 1818 2447 1873 dixit
2476 1832 2667 1873 omnes
2709 1818 2850 1873 ﬁlios
2894 1818 3082 1880 Israel,
3124 1816 3219 1873 sed
3264 1830 3459 1871 omnes

178 1924 204 1965 ει
229 1908 334 1964 rivo
365 1907 632 1973 ﬂuminis,
664 1921 833 1975 usque
862 1904 929 1960 ad
957 1913 1253 1961 torrentem
1285 1902 1528 1977 Egypti,
1563 1904 1612 1958 id
1646 1914 1750 1959 est,
1785 1908 1830 1969 Β
1858 1913 1949 1983 qui
1975 1914 2277 1982 perierant,
2304 1927 2402 1982 per
2439 1913 2583 1983 quod
2625 1910 2902 1983 signiﬁcat
2930 1911 3177 1982 gentium
3220 1912 3465 1965 multitu-

176 2002 234 2058 ab
258 2000 527 2069 Euphrate
560 2015 730 2072 usque
757 2000 824 2055 ad
857 1999 1062 2067 Nilum,
1094 2013 1191 2055 vos
1218 1999 1302 2054 vel
1329 2000 1428 2064 ipsi
1458 2014 1751 2069 congregato

176 2093 345 2151 bitnini
379 2094 449 2150 ad
480 2092 639 2150 ﬁdem
680 2092 899 2148 Domini
927 2108 1069 2148 unus
1098 2102 1150 2148 et
1181 2108 1342 2161 unus,
1377 2093 1501 2163 quia
1537 2090 1754 2149 Iudaeo-

176 2206 277 2245 rum
300 2189 455 2245 turba
498 2202 605 2245 non
632 2187 889 2254 credidit,
917 2202 1017 2258 per
1048 2186 1191 2259 quod
1232 2186 1523 2257 signiﬁcat,
1557 2200 1757 2256 paucos

176 2298 232 2340 ex
255 2281 460 2339 Iudaeis
485 2283 538 2338 in
564 2281 905 2339 Salvatorem
930 2280 1220 2335 Dominum
1250 2278 1759 2352 credituros.369

179 2373 258 2432 Vel
285 2385 461 2440 certe,
491 2390 525 2430 o
554 2372 804 2445 Apostoli
844 2382 900 2429 et
944 2372 1233 2443 apestolici
1275 2370 1398 2435 viri,
1441 2370 1755 2427 Iuda-orum

178 2468 507 2524 multitudine
534 2482 645 2523 non
674 2466 959 2532 credente,
998 2482 1095 2519 vos
1142 2464 1213 2520 de
1259 2474 1373 2519 toto
1413 2465 1573 2530 orbe,
1620 2478 1758 2535 quos

178 2562 470 2631 potueritis,
511 2560 668 2632 quasi
709 2574 841 2614 oves
886 2558 1163 2615 morbidos
1207 2557 1406 2614 referte
1452 2556 1520 2612 ad
1572 2558 1758 2614 caulas

179 2654 400 2724 Domini,
433 2666 487 2710 et
514 2664 842 2727 congregate
871 2668 967 2708 eas
1004 2668 1127 2708 cum
1165 2651 1413 2723 gentium
1449 2651 1669 2722 popnlo,
1702 2660 1762 2707 ut

178 2748 455 2821 impleatur
484 2749 635 2814 illud,
667 2750 813 2820 quod
845 2746 1045 2802 Paulus
1069 2745 1363 2816 Apostolus
1392 2755 1448 2801 et
1483 2745 1759 2800 Barnabas

180 2839 456 2912 loquuntur
485 2841 552 2898 ad
573 2840 793 2898 Iudaeos
828 2858 843 2895 :
883 2838 1041 2894 Vobis
1065 2839 1273 2908 quidem
1300 2839 1525 2909 primum
1550 2847 1759 2905 oporte-

180 2934 254 2989 bat
277 2934 589 2991 annuntiare
612 2935 818 2990 uerbum
848 2932 981 3001 Dei;
1010 2932 1099 2987 sed
1131 2932 1254 3003 quia
1278 2932 1519 3005 indignos
1550 2948 1639 2987 vos
1667 2936 1761 3006 ju-

180 3026 369 3084 dicastis
396 3027 587 3094 salute,
621 3042 733 3082 ecce
774 3025 1121 3081 convertimur
1152 3025 1221 3080 ad
1247 3034 1423 3095 gentes
1461 3025 1601 3095 (Act.
1640 3039 1756 3093 χιιι,

184 3124 287 3197 ιδ).

244 3222 422 3295 (Vera.
459 3221 576 3296 15.)
609 3221 675 3277 Et
718 3222 814 3277 erit
853 3222 909 3276 in
943 3222 1028 3276 die
1056 3221 1196 3275 illa:
1236 3220 1502 3293 claugetur
1546 3219 1603 3273 in
1645 3216 1765 3272 tuba

1857 2007 2065 2073 dinem,
2096 2006 2240 2077 quod
2269 2015 2325 2061 et
2354 2006 2704 2072 idololatriae,
2734 2014 2789 2061 et
2826 2005 3074 2077 magicis,
3114 2020 3178 2060 ac
3211 2002 3461 2075 philoso-

1858 2101 2002 2172 phia:
2030 2100 2239 2156 artibus
2284 2099 2533 2171 obligati,
2567 2101 2793 2156 veniant
2836 2099 2903 2155 ad
2936 2100 3098 2155 ﬁdem
3141 2098 3373 2164 Christi,
3404 2106 3464 2155 et

1858 2194 2236 2250 adorenteum
2268 2194 2320 2249 in
2354 2194 2627 2251 Ecclesia.
2659 2193 2811 2251 Tuba
2835 2204 3016 2251 autem
3053 2210 3250 2266 magna
3284 2203 3467 2264 potest

1860 2287 2092 2358 intelligi
2124 2304 2307 2345 sermo
2336 2290 2720 2362 Evangelicus,
2749 2290 2817 2346 de
2839 2304 2948 2358 quo
2967 2301 3021 2345 et
3046 2291 3100 2344 in
3134 2289 3237 2345 hoc
3264 2288 3461 2346 eodem

1860 2380 2131 2452 Propheta
2162 2382 2392 2453 legimus
2423 2400 2437 2438 :
2467 2383 2643 2454 Super
2666 2394 2889 2439 montem
2911 2384 3172 2439 excelsum
3210 2382 3455 2451 ascende,

1859 2476 1951 2547 qui
1973 2478 2299 2550 euangelizas
2321 2477 2451 2533 Sion
2481 2494 2500 2532 :
2529 2476 2703 2532 exulta
2734 2493 2904 2531 uocem
2937 2487 3097 2543 tuam,
3130 2477 3219 2547 qui
3243 2491 3463 2545 evange-

1861 2568 1991 2623 lizas
2016 2567 2307 2624 Jerusalem
2336 2567 2538 2642 (Infra,
2560 2585 2648 2634 ιι..
2678 2568 2757 2640 9).
2795 2570 2952 2624 Mons
2980 2583 3112 2639 ergo
3151 2577 3375 2624 sanctus
3404 2575 3462 2622 et

1860 2662 2168 2719 Jerusalem
2193 2663 2285 2717 illa
2316 2672 2425 2727 est,
2457 2663 2526 2718 de
2556 2678 2659 2731 qua
2688 2677 2834 2731 sa-pe
2861 2662 3098 2716 diximus
3123 2679 3136 2715 :
3160 2659 3462 2715 Accessistis

1862 2756 1933 2811 ad
1963 2755 2095 2812 Sion
2129 2765 2352 2810 montem
2378 2766 2425 2810 et
2456 2756 2713 2811 ciuitatem
2756 2754 2854 2809 Dei
2884 2755 3095 2809 viventis
3114 2796 3130 2822 ,
3167 2753 3461 2808 Jerusalem

1862 2850 2136 2917 cmlestem,
2160 2861 2206 2905 et
2228 2851 2514 2907 multarum
2544 2849 2860 2923 Augelorum
2885 2850 3052 2905 millia
3072 2866 3087 2913 ;
3110 2859 3158 2904 et
3175 2848 3463 2903 Ecclesium

1865 2945 2264 3017 priutitivorum,
2293 2948 2381 3012 qui
2412 2945 2595 3017 scripti
2619 2954 2741 3001 sunt
2763 2946 2814 2998 in
2845 2944 2986 2998 oculis
3010 2942 3195 3015 (Hebr.
3221 2958 3312 3007 xu,
3340 2941 3461 3015 22).

1867 3038 2159 3108 Hucusque
2187 3036 2255 3091 de
2291 3038 2767 3093 consummatione
2812 3037 2998 3092 mundi
3042 3037 3246 3091 dictum
3279 3047 3365 3091 est
3395 3034 3464 3092 ab

1867 3143 1934 3185 eo
1964 3128 2086 3184 loco
2129 3129 2181 3183 in
2223 3145 2332 3199 quo
2378 3144 2654 3201 exponere
2697 3129 2965 3200 coepimus
2999 3127 3174 3183 :Ecce
3214 3127 3470 3183 Dominus

1870 3220 2144 3292 dissipabit
2180 3230 2389 3288 terram,
2441 3230 2489 3275 et
2538 3222 2756 3277 nudabit
2796 3236 2910 3275 eam
2944 3221 3164 3294 (Supra,
3208 3235 3350 3284 μιν,
3382 3218 3464 3291 1),

181 3335 385 3391 magna;
414 3330 463 3373 et
492 3318 691 3374 uenient
719 3317 809 3389 qui
828 3315 1019 3385 perditi
1047 3316 1253 3385 fuerant
1283 3314 1346 3368 de
1366 3324 1503 3369 terra
1524 3312 1762 3384 Assyrio-
1790 3305 1834 3367 C
1866 3314 2011 3386 quod
2037 3314 2292 3385 praesenti
2316 3314 2589 3370 volumine
2610 3315 2946 3370 continetur.
2975 3313 3130 3370 Nunc
3151 3312 3471 3383 adiuvante,

179 3428 302 3480 runt,
332 3425 378 3469 et
399 3414 491 3486 qui
512 3413 657 3483 eiecti
686 3424 831 3468 erant
854 3420 879 3448 α
902 3412 957 3466 in
988 3420 1180 3465 terram
1206 3408 1431 3480 AZgypti
1456 3415 1541 3463 :et
1568 3407 1762 3461 adora-

178 3508 288 3562 bunt
318 3508 601 3564 Dominum
628 3508 682 3563 in
710 3518 882 3564 monte
911 3516 1096 3563 sancta
1133 3506 1187 3561 in
1221 3503 1538 3559 Jerusalem.
1567 3501 1715 3559 LXX
1746 3520 1760 3557 :

181 3599 240 3656 Et
266 3604 356 3658 erit
386 3602 442 3658 in
477 3602 563 3658 die
588 3602 703 3669 illa,
737 3611 921 3658 canent
954 3600 1077 3656 tuba
1115 3616 1341 3674 magna;
1372 3607 1420 3656 et
1443 3598 1645 3654 venient
1669 3598 1759 3669 qui

243 3754 267 3816 ξι
297 3744 532 3816 Raponit
554 3742 826 3816 Victorius
850 3742 913 3796 de
934 3751 1090 3816 terra.

240 3814 267 3855 δ
290 3807 466 3874 Verba
502 3814 867 3882 Antichristus,
898 3826 954 3868 ut
983 3814 1197 3876 dicitur,
1221 3811 1275 3867 in
1298 3810 1419 3866 aliis
1442 3809 1597 3865 libris
1622 3807 1767 3863 desi-

179 3887 445 3962 derantur.
466 3889 783 3962 ἐἰλημμένος
805 3886 1204 3943 νειαΜεδδὶαηι
1225 3893 1404 3947 sonat,
1424 3884 1544 3937 sive
1556 3892 1765 3936 unctum

180 3969 257 4016 aut
284 3961 565 4016 Christum.

242 4033 656 4107 τ-Ῐιῐλιιμμένος.
681 4030 1034 4107 Manuscriptj
1057 4025 1765 4107 codicesleguntltelimenus

179 4113 224 4159 et
244 4097 615 4172 ltelimm'enus;
640 4120 706 4161 ex
720 4118 829 4176 quo
849 4097 1135 4158 manifeste
1149 4099 1454 4156 ostenditur
1477 4097 1763 4169 legendum

1872 3407 2043 3463 immo
2106 3408 2411 3479 inspirante
2486 3410 2643 3466 nobis
2697 3408 2948 3479 Christo,
3009 3419 3348 3465 transeamus
3398 3406 3467 3463 ad

1873 3514 2079 3556 nonum
2110 3541 2125 3567 ,
2156 3500 2301 3571 quod
2372 3501 2601 3558 alterius
2656 3500 2960 3573 prophetia:
3030 3498 3257 3555 habebit
3308 3513 3477 3555 exor-

1871 3596 2047 3653 dium.

1870 3752 1992 3812 esse
2022 3739 2318 3812 ἠλειμμένος
2340 3779 2355 3804 ,
2388 3737 2533 3806 quod
2561 3736 2705 3812 idem
2725 3744 2809 3812 est
2834 3751 2900 3812 ac
2930 3735 3465 3812 llehraiennri'i’m,

1871 3811 2086 3873 Messio,
2109 3805 2295 3876 iit'est,
2324 3805 2535 3863 unctus.
2561 3808 2717 3864 Unde
2743 3807 3140 3869 Nazianzenus,
3169 3824 3197 3859 a
3226 3805 3464 3876 Mariano

1868 3884 2091 3943 citatus.
2136 3874 2524 3951 dicit'gentent
2552 3880 2863 3935 Iuda-ouum
2898 3896 3004 3932 non
3037 3893 3161 3933 esse
3208 3874 3470 3944 ahjicien-

1870 3955 2017 4021 dam,
2050 3955 2096 4010 si
2127 3968 2224 4025 pro
2257 3951 2464 4009 Christo
2489 3992 2506 4020 ,
2539 3967 2727 4006 vocem
2758 3951 3049 4023 ἡλειμμένος
3080 3950 3357 4075 l{leniuit-at.

3133 4033 3345 4075 AB'I'IAN.

3133 4033 3345 4075 ARTIAN.

170 4246 3318 4290 ___________________________________________._._

1247 4406 1720 4519 LIBER
1799 4397 2397 4512 NONUS.

1649 4627 1991 4646 *ι*

238 4811 588 4887 369-370
624 4810 802 4867 Variis
830 4808 1101 4866 molestiis
1121 4803 1394 4877 occupati,
1421 4800 1762 4872 explanatio-
1791 4800 1847 4860 D
1870 4816 2012 4858 sum.
2040 4799 2211 4869 Quam
2238 4807 2292 4854 et
2322 4793 2590 4865 Propheta
2613 4791 2882 4848 desiderat
2906 4788 3190 4846 clamitans
3215 4803 3229 4841 :
3254 4783 3477 4841 Domine

176 4916 269 4959 nes
307 4905 358 4961 in
398 4905 593 4961 ISnIaIII
647 4905 964 4975 prophetam
1005 4917 1103 4974 per
1142 4898 1426 4956 intervalla
1476 4894 1762 4951 dictamus.

176 4992 325 5053 Unde
368 5000 584 5070 expleto
623 5008 816 5054 octavo
843 4995 1119 5051 volumine
1140 5035 1157 5061 ,
1189 5006 1329 5048 nunc
1367 4999 1489 5061 post
1516 4988 1766 5058 aliquau-

177 5103 287 5150 tum
314 5094 569 5165 temporis
593 5092 829 5164 spatium
850 5089 1142 5145 transimus
1155 5086 1223 5142 ad
1247 5099 1454 5139 ιιοιιυιῐι
1478 5098 1491 5137 :
1518 5096 1623 5137 non
1646 5078 1769 5135 ahs-

175 5205 280 5261 quc
308 5205 485 5245 morsu
515 5196 573 5245 et
610 5183 1096 5243 obtrectationibus
1137 5178 1464 5244 invidorum,
1496 5174 1590 5246 qui
1617 5175 1772 5245 igno-

178 5296 355 5340 rantes
381 5285 509 5358 quid
536 5282 792 5347 audiant,
820 5278 952 5353 quid
987 5277 1276 5349 loquantur
1302 5316 1316 5340 ,
1357 5273 1424 5329 de
1467 5286 1534 5327 eo
1570 5270 1770 5325 audent

172 5377 412 5449 judicare
431 5378 574 5452 quod
605 5375 883 5442 nesciunt,
910 5382 963 5428 et
989 5381 1119 5427 ante
1137 5368 1446 5439 deSpiciunt
1465 5380 1625 5436 quam
1653 5380 1773 5434 pro-

180 5472 339 5543 bent,
386 5474 736 5542 eruditosque
787 5485 849 5527 se
898 5468 1172 5524 aestimant
1214 5476 1268 5519 et
1310 5462 1564 5525 discrIOS,
1611 5460 1661 5515 si
1706 5458 1773 5514 de

178 5571 382 5625 cunctis
409 5566 782 5639 Seriptoribus
820 5562 1130 5621 detrahant.
1173 5560 1413 5629 Quorum
1454 5557 1681 5613 livorem
1719 5564 1775 5611 et

179 5665 603 5721 mussitationem
627 5660 899 5731 garrulam
915 5665 1349 5720 contemnentes,
1366 5654 1460 5709 Dei
1486 5665 1775 5724 post-amns

180 5756 455 5823 auxilium,
485 5766 540 5811 et
576 5753 879 5811 Psalmistaz
914 5750 1301 5823 imprecatione
1339 5747 1579 5804 dicamus
1610 5764 1623 5800 :
1660 5743 1773 5800 Dis-

180 5854 298 5929 sipa
328 5864 491 5925 gentes
519 5867 636 5926 quae
664 5832 798 5925 bella
824 5840 998 5905 totum
1025 5849 1044 5921 (
1075 5845 1168 5929 Ps.
1200 5861 1367 5911 vatt,
1394 5838 1520 5915 59.).
1540 5840 1777 5929 (Domi-ni

186 5926 327 6001 lenim
355 5930 505 6006 locus
533 5923 584 6003 In
623 5940 754 6018 pace
786 5953 897 6013 est,
930 5932 1050 6013 quo
1082 5923 1369 6011 eisuperat
1400 5924 1615 5993 omném
1658 5923 1780 5991 sene

1874 4891 2015 4949 Deus
2054 4903 2247 4960 noster,
2283 4905 2458 4963 pacem
2499 4888 2568 4942 da
2596 4887 2739 4941 nobis
2777 4902 2795 4940 :
2831 4884 3008 4939 omnia
3038 4883 3173 4938 enim
3205 4880 3484 4937 reddidisti

1875 4990 2019 5044 nobis
2061 4984 2232 5057 (Isai.
2276 4979 2575 5049 xxvt,19).
2625 4978 2731 5037 Sed
2762 4980 2873 5051 jam
2914 4990 3276 5048 propenantus
3328 4973 3478 5029 Isaia!

1875 5081 2201 5155 capitulum,
2230 5089 2285 5135 et
2304 5094 2424 5133 cum
2443 5076 2626 5149 Moyse
2656 5074 3024 5145 ingrediamur
3046 5071 3241 5127 nuhem
3270 5080 3323 5127 et
3345 5068 3481 5125 cali-

1876 5178 2087 5251 ginem,
2128 5185 2185 5230 ut
2224 5170 2555 5229 clariﬁcetur
2589 5169 2773 5224 vultus
2825 5177 3032 5232 noster,
3071 5174 3147 5232 et,
3176 5164 3329 5236 juxta
3366 5161 3476 5216 Ile-

1877 5272 2143 5335 braicum,
2183 5277 2407 5324 cornuta
2461 5265 2531 5321 sit
2580 5262 2742 5320 facies
2776 5282 2789 5318 :
2823 5261 3215 5332 audiunturque
3242 5268 3299 5313 et
3345 5256 3480 5312 ruti-

1875 5368 1989 5423 lent
2036 5364 2272 5419 tonitrua
2313 5372 2369 5416 et
2404 5360 2633 5430 fulgura,
2657 5373 2776 5429 quae
2793 5355 2947 5429 plebs
2975 5356 3129 5410 vilior
3160 5352 3345 5408 videre
3371 5365 3478 5408 non

1877 5458 2041 5529 potuit
2072 5454 2267 5527 (Exod.
2299 5451 2435 5526 XIX).

1947 5549 2269 5626 371(C2tp.
2287 5545 2765 5604 XXVIII.—-Vers.
2786 5546 2861 5616 1.)
2888 5542 2977 5598 Vae
2997 5557 3204 5596 corona:
3222 5539 3477 5608 superbia:

1884 5648 2035 5702 ebriis
2080 5643 2357 5717 Ephraim,
2381 5653 2431 5697 et
2455 5643 2575 5713 ﬂori
2612 5640 2867 5695 decidenti
2906 5637 3087 5708 gloria:
3116 5635 3475 5691 exsultatianis

1882 5742 2018 5813 ejus,
2048 5738 2137 5810 qui
2164 5746 2310 5793 erant
2331 5738 2383 5792 in
2416 5736 2599 5791 vertice
2621 5733 2769 5788 vallis
2790 5731 3164 5805 pinguissimm.
3187 5742 3416 5787 errantes
3445 5748 3478 5787 a

1884 5836 2022 5891 vino.
2070 5832 2204 5888 Ecce
2250 5831 2455 5887 calidus
2506 5838 2552 5883 et
2606 5828 2757 5901 {artis
2797 5825 3041 5889 Domini,
3086 5827 3217 5881 sicut
3252 5827 3479 5894 impetus

1886 5925 2155 5999 grandinis
2197 5927 2344 5980 turbo
2384 5922 2742 5995 confringens;
2785 5917 2913 5975 sicut
2957 5918 3179 5990 impetus
3219 5908 3473 5981 aquarum
