4014 6476
526 380 640 442 319

1787 379 1847 437 s.
1887 376 2159 438 EUSEBII
2196 375 2582 436 ﬂlERONYMl
2650 348 2657 353 ’

3699 377 3783 438 320

606 499 791 575 (Vera.
828 498 895 558 t0
938 498 1121 572 seqq.)
1158 499 1324 566 Quem
1348 495 1553 552 docebit
1583 496 1879 563 scientiam,
1909 504 1958 551 et
1987 510 2138 567 quem
2165 495 2220 561 Α
2243 496 2386 554 lum:
2414 494 2543 552 Haec
2571 506 2647 552 est
2673 495 2875 569 requies
2901 510 3038 561 mea,
3059 495 3656 568 reﬁcitelassum,multo
3675 506 3785 555 tent-

532 593 830 668 intelligere
857 593 1012 664 faciet
1040 592 1279 646 auditum
1305 590 1330 646 Ρ
1355 588 1653 646 Ablactatos
1682 606 1715 643 a
1753 587 1908 656 lacte,
1933 585 2143 642 avulsas

534 688 600 743 ab
625 687 868 741 uberibus
891 702 912 740 :
938 685 1064 759 quia
1089 684 1299 751 manda,
1330 685 1607 751 remanda;
1636 685 1847 749 manda,
1868 683 2142 751 remando;

536 787 794 845 exspecta,
814 788 1135 849 "exspecta;
1150 786 1408 845 exspecta,
1423 787 1746 848 reexspecta;
1762 774 2023 830 modicum
2044 774 2139 844 ibi,

539 872 801 927 modicum
824 872 915 926 ibi.
946 870 1016 926 In
1065 870 1274 941 loquela
1304 872 1440 927 enim
1470 870 1597 926 labii
1620 880 1668 927 et
1691 872 1745 925 in
1769 874 1947 944 lingua
1975 868 2144 925 altera

543 963 787 1039 loquetur
806 966 877 1020 ad
901 967 1154 1040 pupulum
1183 965 1361 1033 istum,
1386 967 1469 1021 cui
1500 965 1633 1021 dixit
1654 962 1821 1021 :Htec
1841 975 1912 1019 est
1938 963 2143 1035 requies

540 1075 655 1114 mea
679 1076 699 1126 ;
724 1060 921 1130 reﬁcite
948 1059 1165 1125 lassum,
1196 1067 1243 1113 et
1270 1059 1366 1113 hoc
1407 1068 1481 1113 est
1505 1074 1675 1111 meum
1721 1055 2072 1126 refrigerium,
2095 1064 2142 1110 et

540 1153 818 1212 noluerunt
841 1154 1046 1210 audire.
1073 1150 1144 1207 Et
1170 1154 1265 1208 erit
1295 1152 1367 1208 eis
1402 1150 1612 1207 verbum
1639 1147 1854 1204 Domini
1884 1165 1905 1205 :
1926 1147 2163 1233 manda,‘

536 1251 810 1317 rentanda;
841 1251 1055 1317 manda,
1085 1249 1360 1314 remanda;
1390 1258 1650 1320 exspecta,
1680 1254 1980 1318 reexspecta
1997 1259 2018 1309 ;
2046 1258 2141 1298 ea:-

538 1353 732 1409 snecta,
760 1353 1060 1413 reexspecta
1082 1357 1103 1408 ;
1132 1340 1396 1395 modicum
1420 1339 1513 1407 ibi,
1540 1337 1799 1392 modicum
1827 1337 1899 1391 ibi
1922 1352 1941 1403 ;
1969 1346 2024 1389 ut
2054 1351 2144 1389 va—

539 1434 668 1489 dunt
702 1447 748 1490 et
778 1434 970 1489 cadant
999 1444 1300 1498 retrorsum,
1335 1444 1381 1487 et
1408 1440 1762 1495 conterantur,
1781 1439 1829 1485 et
1854 1428 2136 1500 illaqueen-

540 1538 627 1583 tur
670 1536 719 1581 et
749 1528 1045 1601 capiantur.
1091 1525 1237 1582 LXX
1273 1543 1287 1581 :
1324 1524 1424 1583 Cui
1452 1525 1873 1581 annuntiabimus
1901 1523 2064 1589 mala,
2094 1534 2144 1579 et

536 1623 622 1678 cui
650 1621 1073 1677 annuntiabimus
1093 1623 1331 1677 nuntium
1350 1622 1472 1693 ?qui
1489 1621 1737 1676 ablactati
1760 1629 1879 1674 sunt
1904 1634 1936 1672 a
1967 1618 2101 1673 lacte
2120 1634 2143 1674 .'

537 1718 627 1790 qui
647 1719 891 1773 abstracti
918 1716 982 1771 ab
1012 1715 1189 1775 ubere.
1218 1715 1630 1772 Tribulationem
1663 1731 1821 1785 super
1850 1710 2144 1768 tribulatio-

536 1830 653 1869 nem
675 1823 915 1880 exspecta
938 1827 959 1877 ;
981 1812 1284 1885 prwstolare
1298 1826 1443 1883 spem
1457 1827 1611 1884 super
1638 1826 1817 1883 spem;
1846 1811 2019 1864 adhuc
2048 1826 2143 1881 pa-

2244 607 2380 665 pore
2406 591 2674 658 laboravi,
2706 590 2762 646 in
2805 590 2958 645 nullo
3004 589 3187 646 inveni
3235 590 3496 661 reqiiiem.
3531 587 3701 662 Vulpes
3721 596 3787 666 {o-

2242 699 2360 740 veas
2387 682 2595 749 habent,
2618 694 2665 736 et
2696 680 2929 737 volucres
2957 680 3077 737 caeli
3122 680 3302 748 nidos;
3333 678 3503 735 Filius
3529 690 3681 736 autem
3706 684 3785 737 ho-

2243 778 2398 833 minis
2426 794 2530 832 non
2557 776 2708 831 habet
2755 776 2842 831 ubi
2867 784 3023 847 caput
3049 791 3199 830 suum
3221 775 3428 830 reclinet
3449 773 3649 847 (Matth.
3673 792 3785 846 nu;

2242 874 2374 928 Luc.
2406 871 2504 945 ιι).
2530 872 2599 929 Et
2630 871 2736 927 hoc
2780 881 2866 927 est
2902 886 3082 926 meum
3114 867 3481 940 refrigerium,
3507 869 3633 926 utin
3662 873 3788 928 vobis

2243 965 2537 1038 aliquando
2563 964 2926 1036 requiescam.
2947 963 3051 1031 Qui
3079 961 3377 1018 noluerunt
3398 960 3602 1029 audire,
3625 973 3673 1018 et
3691 978 3787 1020 mea

2244 1065 2448 1118 monita
2472 1070 2928 1132 contempserunt
2959 1076 2977 1128 ;
3009 1058 3367 1131 quamobrem
3412 1057 3551 1129 quod
3574 1059 3789 1116 solebant

2245 1155 2498 1212 ludentes
2521 1156 2707 1212 dicere
2741 1156 3059 1226 prophetis:
3079 1154 3297 1221 Munda,
3324 1151 3786 1222 remanda;manda,

2243 1249 2491 1305 remanda
2516 1264 2535 1303 :
2566 1256 2829 1320 exspecta,
2859 1255 3179 1316 reezspecta;
3195 1254 3436 1312 exspecta
3453 1285 3470 1312 ,
3490 1253 3785 1309 πρεσβείαις

2246 1342 2503 1397 modicum
2553 1342 2646 1409 ibi,
2697 1341 2958 1395 modicum
3002 1340 3096 1406 ibi,
3134 1350 3192 1396 et
3238 1338 3474 1395 irridere
3516 1338 3787 1409 patientiam

2246 1453 2447 1504 meam,
2479 1452 2602 1492 cum
2632 1451 2720 1493 me
2745 1435 3089 1492 arbitrantur
3114 1434 3379 1501 minitari,
3403 1446 3523 1504 quae
3542 1448 3788 1503 numquam

2246 1528 2489 1586 facturus
2506 1529 2611 1584 sim
2638 1546 2651 1583 :
2676 1526 2918 1584 sentiant
2939 1526 3105 1582 rebus
3128 1524 3365 1595 expleri,
3384 1533 3441 1579 ut
3463 1523 3650 1580 vadant
3664 1526 3707 1579 in
3726 1524 3789 1579 in-

2246 1621 2492 1687 teritum,
2509 1630 2564 1677 et
2584 1620 2786 1677 cadant
2806 1631 3110 1678 retrorsum
3139 1627 3165 1656 ἰ
3185 1618 3491 1690 ὀπισθοτὸνῳ
3511 1616 3787 1684 insanabili;

2245 1731 2651 1788 numquamque
2690 1716 2758 1771 ad
2791 1719 2972 1788 priora
3001 1714 3314 1787 proﬁciant,
3350 1728 3451 1769 nec
3478 1712 3671 1784 possint
3692 1727 3788 1768 cum

2244 1812 2498 1883 Apostolo
2509 1811 2694 1867 dicere
2708 1828 2725 1868 :
2741 1809 3138 1867 Prwteritorum
3163 1807 3337 1875 obliti,
3362 1808 3431 1862 ad
3450 1824 3511 1863 ea
3524 1822 3630 1877 quae
3649 1807 3788 1877 priora

534 1925 678 1970 rnm,
710 1908 884 1963 adhuc
911 1923 1139 1978 parum:
1159 1917 1373 1979 propter
1392 1906 1986 1973 irrisionemlabiorum,
2016 1922 2138 1976 pro-
2166 1903 2214 1964 B
2241 1916 2361 1963 sunt
2406 1905 2733 1961 extendimur
2791 1903 2964 1977 (Phil.
3012 1920 3094 1970 ιιι,
3126 1903 3217 1976 15)
3241 1921 3257 1970 ;
3290 1901 3388 1959 sed
3410 1911 3731 1959 conterantur
3749 1906 3791 1955 et

535 2013 649 2073 pter
678 2001 908 2076 lmguam
958 2005 1173 2056 alteram
1219 2018 1323 2072 qua
1366 2000 1645 2071 loquentur
1673 1998 1871 2072 populo
1912 1998 2033 2053 huic
2056 1998 2142 2053 di-

535 2105 702 2151 centes
728 2099 802 2150 eis
831 2111 849 2151 :
874 2093 1003 2150 Haec
1037 2104 1115 2151 est
1140 2096 1338 2166 requies
1366 2094 1628 2160 esurienti,
1660 2103 1707 2148 et
1737 2093 1846 2148 lucc
1874 2088 2137 2154 contritio.

540 2198 591 2244 et
621 2189 899 2244 noluerunt
928 2189 1135 2245 audire.
1162 2187 1339 2244 Eterit
1363 2189 1437 2243 eis
1462 2204 1635 2243 sermo
1667 2187 1877 2242 Domini
1901 2204 1921 2243 :
1948 2185 2141 2241 Tribu-

535 2279 665 2338 latto
688 2297 842 2353 super
868 2281 1285 2336 tribulationem:
1305 2292 1568 2350 exspecta,
1591 2291 1832 2353 exspecta
1848 2296 1867 2345 ;
1883 2296 1999 2350 spes
2028 2276 2141 2352 [AL

536 2374 703 2450 spem]
723 2392 881 2445 super
931 2392 1073 2448 spem
1100 2392 1121 2431 :
1156 2376 1329 2431 adhuc
1358 2393 1564 2448 parum,
1596 2376 1767 2431 adhuc
1822 2391 2009 2447 parum
2040 2391 2060 2441 ;
2090 2382 2145 2429 ut

540 2472 731 2524 vadunt
749 2478 796 2524 et
818 2469 1011 2523 cadant
1038 2479 1344 2543 retrorsum,
1392 2480 1441 2527 et
1471 2481 1827 2537 conterantur,
1857 2479 1905 2525 et
1935 2469 2147 2543 pericli-

540 2572 733 2631 tentur,
757 2575 803 2617 et
833 2563 1129 2633 capiantur.
1153 2564 1306 2633 Quis,
1338 2565 1538 2637 inquit,
1566 2565 1766 2636 dignus
1786 2576 1869 2621 est
1897 2564 2146 2620 doetrina

542 2657 782 2716 Domini.
803 2657 896 2728 qui
919 2657 1102 2714 verbis
1131 2657 1441 2715 Salvatoris
1459 2658 1696 2714 dicentis
1720 2676 1733 2713 :
1759 2657 1862 2728 Qui
1882 2657 2034 2712 habet
2053 2674 2150 2713 au-

540 2766 622 2807 res
647 2748 896 2805 audiendi
920 2750 1103 2805 audiat
1133 2749 1354 2823 (Matth.
1388 2766 1484 2818 xtl,
1508 2750 1630 2824 15}:
1657 2760 1716 2805 ttt
1744 2749 1890 2821 quod
1918 2748 2150 2804 auribus

544 2846 810 2913 hauserit,
842 2848 1011 2906 corde
1042 2849 1606 2920 intelliganQuinant
1636 2848 1712 2903 illi
1747 2848 1875 2912 sint,
1912 2859 2151 2914 sequens

546 2956 744 2997 versus
771 2942 1016 2999 ostendit
1061 2961 1074 2997 :
1107 2941 1365 2997 Ablactati
1415 2959 1448 2997 a
1499 2939 1651 3006 lacte,
1685 2939 1853 2994 avulsi
1880 2937 1945 2992 ab
1973 2937 2150 3003 ubere,

549 3035 642 3107 qui
673 3051 1015 3108 nequaquam
1046 3035 1191 3093 lacte
1218 3036 1534 3091 nutriuntur
1558 3033 1825 3101 infantizc,
1855 3032 1950 3089 sed
1978 3029 2153 3087 solido

551 3141 851 3187 vescuntur
867 3133 1018 3199 cibo;
1052 3131 1142 3200 qui
1165 3130 1336 3186 avulsi
1363 3139 1492 3185 sunt
1508 3129 1578 3183 ab
1602 3129 1776 3183 ubere
1806 3142 1929 3181 cum
1961 3125 2149 3180 Isaac:

556 3235 784 3297 propter
808 3241 971 3298 quam
997 3226 1241 3281 laetitiam
1270 3224 1397 3281 fecit
1417 3222 1700 3279 Abraham
1730 3218 1941 3292 grande
1967 3216 2154 3274 convi-

2245 2003 2638 2072 illaqneentur,
2684 2012 2741 2058 et
2788 2001 2870 2057 vel
2899 2017 2928 2054 a
2957 1999 3285 2072 Babylonio,
3314 1999 3455 2054 vela
3474 1996 3697 2052 Romano
3720 2010 3790 2051 ca-

2247 2096 2466 2168 piantur
2487 2095 2754 2152 exercitu.
2776 2094 2887 2151 Pro
2911 2108 2980 2149 eo
3006 2092 3153 2166 quod
3184 2107 3286 2149 nos
3309 2091 3542 2147 diximus
3566 2106 3581 2146 :
3609 2087 3787 2156 blanda,

2245 2190 2499 2246 remanda
2525 2206 2544 2255 ;
2573 2189 2789 2253 manda,
2813 2189 3063 2244 remanda
3081 2204 3101 2243 :
3120 2199 3381 2256 exspecta,
3396 2197 3701 2256 reexspecta;
3722 2200 3792 2239 es-

2246 2294 2443 2358 specta,
2470 2294 2771 2358 reexspecta
2791 2301 2811 2352 ;
2834 2284 3095 2339 modicum
3124 2284 3219 2349 ibi,
3248 2284 3510 2338 modicum
3534 2283 3620 2349 ibi,
3646 2282 3691 2337 in
3711 2280 3792 2337 ﬂe-

2249 2378 2400 2434 brteo
2424 2378 2503 2434 sic
2533 2377 2797 2448 scriptum
2827 2388 2911 2434 est
2943 2394 2959 2433 :
2986 2392 3087 2433 εΑυ
3114 2394 3310 2445 uno,
3334 2378 3498 2451 378
3521 2390 3613 2433 SM)
3633 2391 3790 2443 usto;

2248 2486 2353 2528 cau
2387 2486 2585 2536 LACAU,
2625 2486 2728 2528 can
2758 2486 2931 2529 LACAU
2967 2487 3105 2527 :zea
3127 2486 3267 2541 snt,
3301 2487 3404 2528 aen
3431 2486 3557 2537 sint;
3584 2469 3611 2510 δ
3639 2471 3794 2540 bisque

2250 2565 2434 2622 verbis
2464 2566 2612 2621 abuti
2635 2566 2775 2623 solet
2805 2565 3246 2623 itnmnndissima
3296 2566 3523 2624 haeresis
3548 2565 3676 2637 apud
3695 2565 3795 2620 sim-

2252 2659 2424 2731 plices
2455 2673 2702 2730 quosque
2749 2668 2914 2732 atque
2939 2659 3220 2729 deceptos,
3250 2671 3275 2701 ο
3301 2670 3361 2717 ut
3391 2671 3641 2718 terrorem
3668 2658 3797 2715 faciat

2253 2755 2496 2813 novitate
2520 2770 2862 2824 sermonum,
2883 2755 3026 2825 quod
3055 2755 3268 2812 scilicet
3298 2757 3391 2826 qui
3423 2756 3537 2812 haec
3560 2754 3705 2811 verba
3729 2767 3800 2809 co-

2253 2849 2525 2922 gnoverit,
2554 2859 2610 2905 et
2637 2848 2691 2904 in
2717 2847 2863 2904 coitu
2896 2864 3092 2905 eorum
3124 2848 3229 2923 [Al
3266 2848 3487 2925 horum]
3516 2845 3797 2913 meminerit,

2256 2944 2462 3014 ab-que
2493 2943 2604 2999 ulla
2632 2942 2976 3001 dubitatione
3008 2952 3258 3001 transeat
3284 2943 3356 3000 ad
3384 2960 3546 3016 regna
3559 2943 3798 3000 ctelornm.

2256 3034 2514 3105 Legimus
2560 3035 2614 3091 in
2652 3036 2922 3108 Apostolo
2955 3053 2969 3090 :
3008 3034 3074 3091 In
3111 3037 3234 3092 aliis
3259 3034 3476 3109 linguis,
3504 3046 3555 3091 et
3595 3037 3644 3091 in
3686 3033 3802 3090 labiis

2257 3132 2377 3186 aliis
2403 3131 2590 3203 loquar
2608 3131 2803 3204 populo
2824 3131 2964 3194 huic,
2990 3141 3038 3186 et
3065 3148 3156 3187 nec
3177 3133 3253 3187 sic
3290 3134 3570 3188 exaudient
3593 3148 3681 3195 me,
3705 3129 3803 3185 dicit

2260 3224 2515 3280 Dominus
2541 3225 2587 3294 (ι
2613 3222 2734 3281 Cor.
2765 3240 2876 3291 ιιν,
2904 3223 3022 3295 21).
3061 3225 3217 3293 Quod
3262 3226 3396 3282 mihi
3444 3225 3647 3282 videtur
3679 3223 3801 3295 juxta

555 3320 701 3376 vium
734 3317 946 3391 (lienes.
972 3320 1106 3386 xm)
1134 3335 1149 3385 ;
1178 3318 1230 3372 hi
1262 3327 1546 3373 merentur
1580 3314 1795 3370 Domini
1822 3312 2012 3368 audire
2040 3325 2157 3383 my—
2182 3305 2229 3370 C
2262 3318 2591 3376 Hebraicum
2638 3318 2707 3375 de
2738 3319 2994 3388 praesenti
3043 3330 3325 3389 sumptum
3357 3319 3616 3388 capitulo;
3644 3327 3692 3374 et
3726 3315 3803 3371 hoc

556 3414 746 3481 steria,
781 3423 837 3470 et
859 3414 1166 3484 intelligere
1186 3412 1347 3485 377
1377 3426 1499 3483 quae
1525 3408 1782 3466 sacerdos
1810 3418 1864 3463 et
1888 3404 2154 3478 propheta

557 3507 813 3563 nesciunt
837 3506 948 3577 (Al.
982 3504 1232 3577 nescivit)
1252 3547 1266 3566 ,
1293 3504 1546 3560 iuebriati
1589 3513 1643 3559 et
1670 3501 1913 3571 absorpti
1945 3514 1977 3554 a
2004 3500 2155 3566 vino,

560 3598 652 3669 qui
676 3606 999 3653 erraverunt
1020 3606 1076 3653 et
1123 3598 1438 3653 nescierunt
1478 3594 1777 3658 videntem,
1808 3592 1937 3663 quia
1963 3606 2158 3647 omnes

560 3707 766 3750 mensa:
793 3707 987 3749 eorum
1011 3692 1234 3761 repletae
1261 3701 1391 3748 sunt
1419 3689 1627 3746 vomitu
1653 3688 2033 3760 sordiumque,
2065 3687 2157 3757 qui

562 3788 853 3860 prOphetis
883 3797 1107 3844 ventura
1133 3786 1607 3853 annuntiantibus,
1636 3796 1692 3841 et
1736 3783 1844 3841 nisi
1899 3783 2161 3840 fecissent

560 3896 686 3949 quae
712 3892 984 3953 praecepta
1035 3890 1214 3948 erant,
1244 3889 1516 3936 tormenta
1573 3877 1973 3945 minitantibus,
2016 3875 2161 3932 sole-

563 3974 695 4031 bant
722 3975 911 4032 dicere
939 3975 1343 4032 subsannantes
1361 3994 1376 4031 :
1395 3972 1617 4041 Mando,
1637 3971 1884 4028 rentandu
1909 3970 2158 4039 ;manda,

562 4069 834 4135 remanda,
856 4069 907 4125 id
939 4057 1048 4139 est,
1073 4071 1575 4143 praecipe,prazcipe,
1603 4067 1808 4137 impera
1829 4080 1951 4137 quas
1980 4063 2162 4120 facere

564 4163 884 4220 debeamus.
914 4162 1165 4236 Cumque
1194 4164 1561 4220 abuterentur
1608 4160 1705 4217 Dei
1755 4158 2037 4230 patientia,
2068 4158 2164 4229 qui

564 4258 752 4318 differt
773 4260 1008 4327 iram,ut
1033 4260 1271 4329 praebent
1294 4255 1731 4314 misericordiam
1757 4271 1772 4310 :
1796 4254 1889 4326 qui
1914 4253 2166 4308 solebant

564 4353 734 4409 etiam
765 4351 871 4408 hoc
888 4367 954 4407 ex
980 4365 1214 4420 persona
1244 4350 1633 4421 prophetarum
1664 4346 1917 4403 ludentes
1935 4345 2161 4402 dicere:

567 4446 835 4518 Exspecta
862 4444 1156 4516 paulisper,
1178 4452 1436 4514 exspecta
1468 4441 1765 4507 modicum,
1794 4441 2017 4496 venient
2044 4454 2167 4510 quae

562 4538 746 4596 futura
776 4538 1156 4610 praediximus.
1199 4537 1329 4594 Haec
1367 4544 1549 4593 autem
1577 4535 1836 4592 universa
1862 4533 2169 4605 loqueban-

568 4642 658 4690 tur
686 4635 738 4689 in
771 4634 994 4706 populo,
1023 4634 1150 4705 quia
1182 4634 1278 4689 Dei
1309 4630 1663 4690 sermonibus
1694 4647 1803 4687 non
1829 4628 2163 4695 credebant;

2260 3410 2317 3468 in
2372 3411 2542 3469 veteri
2573 3412 2991 3468 observavimus
3015 3412 3375 3469 Testamento
3413 3412 3633 3483 (absque
3658 3407 3803 3480 paucis

2263 3504 2618 3574 testimoniis,
2643 3505 2844 3577 quibus
2893 3506 3068 3563 Lucas
3095 3506 3251 3561 solus
3298 3508 3538 3563 abutitur
3563 3505 3645 3578 qui
3670 3502 3805 3571 magis

2260 3598 2465 3656 Graeca:
2493 3599 2694 3670 linguae
2724 3599 2913 3656 habuit
2941 3599 3280 3673 scientiam),
3310 3602 3631 3673 ubicumque
3656 3598 3713 3654 de
3735 3610 3806 3651 ve-

2264 3693 2365 3748 teri
2391 3692 2758 3749 instrumento
2787 3692 2916 3763 quid
2942 3692 3165 3762 dicitur,
3195 3709 3306 3750 non
3330 3710 3428 3751 eos
3448 3696 3594 3765 juxta
3620 3694 3807 3763 Septua-

2262 3786 2433 3857 ginta,
2466 3784 2562 3841 sed
2595 3785 2744 3857 iuxta
2771 3786 3099 3843 Hebraicum
3131 3803 3373 3858 ponere,
3405 3788 3602 3845 nullius
3618 3799 3807 3856 sequen-

2264 3888 2349 3937 tes
2371 3880 2890 3951 interpretationem
2913 3924 2928 3949 ,
2974 3881 3073 3939 sed
3121 3897 3348 3938 sensum
3380 3884 3688 3941 Hebraicnm
3711 3894 3804 3935 cum

2264 3987 2366 4028 suo
2404 3988 2661 4029 sermone
2707 3984 3006 4039 vertentes,
3036 3975 3434 4049 Symmachus,
3468 3975 3740 4033 Theodotio
3767 3979 3808 4027 et

2265 4067 2405 4124 LXX
2438 4068 2505 4126 de
2543 4068 2648 4125 hoc
2680 4069 2801 4126 loco
2856 4069 3074 4126 diversa
3132 4082 3454 4138 senserunt,
3484 4081 3538 4129 et
3583 4071 3693 4142 quia
3714 4067 3808 4123 lou-

2264 4177 2391 4235 gum
2422 4172 2507 4219 est
2529 4160 2599 4219 de
2626 4162 2882 4218 omnibus
2904 4162 3113 4232 dicere,
3128 4163 3273 4220 LXX
3296 4164 3639 4233 lnterpretes,
3658 4160 3734 4230 qui
3754 4159 3809 4214 le-

2266 4264 2471 4328 guntur
2496 4259 2550 4311 in
2582 4256 2869 4325 Ecclesiis,
2888 4256 3601 4315 brevitertranscnrramns.
3634 4254 3809 4325 Rejecto

2268 4350 2473 4422 populo
2512 4349 2852 4419 Judaeorum,
2899 4349 3293 4409 Sacerdotibus
3322 4361 3381 4409 et
3434 4348 3721 4421 Prophetis,
3739 4339 3811 4416 qui

2270 4444 2524 4502 inebriati
2549 4452 2678 4501 sunt
2699 4443 2898 4509 sicera,
2924 4455 2980 4502 et
3010 4455 3342 4503 erraverunt
3363 4454 3421 4504 et
3442 4442 3727 4501 maledictio
3746 4451 3813 4492 c0-

2270 4539 2442 4599 medit
2467 4540 2760 4597 consilium
2807 4556 3022 4608 eorum,
3052 4540 3199 4613 quod
3233 4542 3478 4598 inierunt
3501 4548 3702 4612 propter
3718 4545 3811 4589 ava-

2272 4635 2474 4702 ritiam,
2505 4636 2591 4691 cui
2616 4635 3069 4692 annuntiabimus
3090 4636 3302 4693 futuras
3329 4651 3430 4708 pro
3458 4633 3660 4691 Christo
3683 4626 3813 4685 tribu-

565 4728 865 4792 statimque
913 4726 1083 4785 infert
1104 4726 1370 4799 pr0pheta
1398 4742 1412 4781 :
1444 4724 1798 4797 Nequaquam
1844 4722 2000 4779 vobis
2021 4722 2168 4780 Deus
2194 4713 2245 4775 D
2270 4728 2550 4787 lationes?
2571 4728 2659 4784 cui
2693 4728 2835 4784 mala
2861 4743 2961 4800 pro
2986 4728 3183 4799 quibus
3214 4739 3443 4799 paratur
3468 4738 3656 4783 corona
3681 4720 3811 4775 virtu-

567 4822 653 4878 his
682 4824 865 4879 verbis
891 4824 1167 4894 loquetur,
1191 4834 1248 4877 ut
1278 4821 1559 4893 principiat
1594 4819 1723 4892 quid
1753 4818 1939 4877 facere
1963 4818 2167 4876 debea-

569 4916 661 4982 tis,
690 4928 745 4971 et
777 4916 1170 4987 pracstolemini
1199 4932 1322 4986 (inte
1350 4924 1583 4972 ventura
1611 4924 1764 4979 sunt,
1795 4914 1891 4970 sed
1915 4913 2169 4983 loquetur

569 5010 723 5069 vobis
752 5011 805 5069 in
834 5012 1017 5070 lurore
1044 5010 1327 5083 praesenti,
1350 5011 1441 5084 qui
1468 5011 1619 5083 prius
1649 5009 1870 5067 dixerat
1895 5007 1962 5065 ad
1995 5023 2169 5081 popu-

639 5182 667 5212 ι
690 5171 827 5228 Vide
847 5172 1011 5242 epist.
1036 5169 1163 5234 147,
1184 5171 1249 5226 ad
1272 5169 1584 5242 Sabinian.,
1606 5185 1758 5224 num.
1785 5169 1876 5230 l0,
1902 5176 2017 5223 not.
2039 5166 2097 5242 ἓ.

639 5245 665 5284 ι’
690 5243 810 5311 Ipsa
842 5236 1073 5299 Hebraea
1116 5243 1279 5298 verba
1328 5241 1488 5298 allert
1521 5253 1575 5297 et
1618 5243 2015 5309 interpretatur
2047 5236 2175 5304 Epi-

574 5316 837 5388 phanius,
866 5315 1063 5370 haeres.
1089 5313 1319 5379 25,qu:r
1342 5314 1615 5369 llebraice
1643 5314 1722 5368 sic
1746 5311 1946 5366 habent
1969 5319 2071 5376 ππ
2111 5317 2174 5368 ut

569 5421 668 5473 me
707 5422 816 5476 -ιντ
843 5419 943 5470 nu
963 5419 1071 5475 ηντ
1086 5390 1183 5497 πρίν
1212 5417 1276 5494 1p
1297 5390 1396 5497 ψ’)
1418 5390 1597 5492 ’φης’-ι
1620 5413 1703 5464 ut.
1734 5405 1909 5459 Porro
1934 5401 2175 5458 Nicolai-

567 5513 744 5559 tarum
795 5503 1023 5558 haeresis
1085 5500 1173 5555 his
1217 5502 1367 5555 abuti
1411 5499 1594 5553 verbis
1621 5506 2008 5560 consueverat,
2037 5507 2177 5563 quos

567 5576 734 5630 tradit
778 5584 900 5640 p‘ist
932 5574 1111 5638 ipsum
1158 5571 1544 5639 Epipltanium.
1571 5568 1961 5634 Theodoritus,
1994 5571 2172 5621 hiare-

567 5645 661 5703 tie.
689 5645 879 5701 Faliul.
911 5660 1036 5717 cap.
1071 5643 1130 5710 4,
1161 5643 1496 5717 Καυλακρύαν
1544 5640 1710 5696 fuisse
1769 5646 2085 5717 veneratus,
2118 5644 2175 5692 et

568 5716 847 5775 Christum
875 5734 943 5773 eo
969 5710 1211 5783 nomine,
1226 5716 1382 5782 quasi
1405 5721 1754 5785 cuspi'ctutum
1770 5710 2060 5785 designare
2080 5724 2176 5764 vo-

570 5790 762 5848 luisse.
788 5789 1137 5854 Philastrius,
1159 5781 1281 5855 cap.
1304 5781 1677 5854 ‘53,Caulacau
1706 5781 1968 5838 hominem
1994 5789 2175 5851 vocat,

579 5861 915 5987 finiphanius
938 5860 1177 5933 ἄρχωτά
1204 5881 1318 5917 τινα
1352 5875 1366 5913 :
1417 5868 1542 5928 puta
1574 5856 1822 5915 /Eonem,
1866 5857 1984 5912 sive
2012 5858 2179 5924 Auges

605 5945 711 5987 um;

553 5945 711 5995 ,tum;

2274 4834 2392 4880 tum
2416 4823 2440 4878 ἲ
2468 4821 2669 4893 Utique
2687 4822 2773 4880 his
2794 4823 2885 4893 qui
2907 4821 3164 4878 ablactati
3178 4830 3309 4879 sunt
3328 4838 3359 4879 a
3386 4823 3547 4888 lacte,
3570 4817 3653 4885 qui
3679 4806 3811 4869 avulsi

2274 4926 2403 4973 sunt
2432 4916 2501 4971 ab
2524 4916 2713 4981 ubere,
2750 4915 2892 4970 haud
2920 4914 3150 4971 dubium
3200 4915 3329 4983 quin
3358 4913 3630 4986 apoStolos
3649 4901 3813 4977 signiﬁ-

2275 5017 2363 5065 cet
2388 5025 2402 5064 :
2428 5006 2835 5064 Tribulationem
2860 5023 3014 5080 super
3043 5006 3430 5062 tribulationem
3453 4995 3718 5077 exspecta.“
3733 4992 3812 5051 L0-

2351 5176 2374 5206 ο
2406 5165 2613 5239 _Vitiose
2633 5175 2753 5222 erat
2780 5177 2963 5235 antea,
2978 5176 3034 5223 ut
3055 5184 3281 5224 errorem
3303 5168 3462 5239 faciat
3490 5179 3587 5239 pro
3602 5168 3817 5239 terrorem.

2276 5237 2424 5309 quod
2452 5252 2556 5308 ope
2586 5254 2723 5295 mss.
2745 5233 3001 5296 restituo.
3024 5240 3115 5297 Sic
3136 5233 3392 5308 epist.'75,
3420 5233 3815 5294 ad’l'heodorann

2278 5326 2431 5365 num.
2458 5311 2663 5381 73.70"!“
2721 5310 3034 5381 bujnsmndi
3063 5312 3228 5379 magis
3279 5320 3535 5380 portenta,
3561 5320 3702 5381 auum
3746 5309 3816 5381 ἔθ’

2277 5382 2420 5435 mina
2447 5380 2506 5436 S.
2531 5380 2693 5437 Pater
2746 5376 3055 5445 recitasset,
3084 5376 3222 5448 ante,
3274 5376 3473 5447 subdit,
3505 5379 3569 5434 ad
3599 5376 3815 5452 imperi"?

2278 5462 2394 5507 rum
2449 5463 2497 5506 et
2535 5453 2956 5509 muliercularum
2999 5437 3222 5510 animos.
3244 5437 3576 5510 concitandos
3611 5437 3738 5517 quasi
3771 5437 3817 5491 ἀι

2284 5523 2558 5578 Hebraicis
2577 5524 2806 5595 fontibus
2826 5525 3095 5592 hauriunt,
3131 5528 3348 5582 barbaro
3375 5525 3620 5598 simplicis
3638 5521 3817 5589 quos!!!“

2277 5606 2528 5651 terrentes
2555 5613 2705 5664 sono,
2736 5606 2844 5653 etc.
2888 5598 3023 5653 ane
3048 5615 3168 5668 quae
3206 5599 3279 5654 ibi
3307 5608 3640 5653 annotamus.

2352 5687 2377 5727 δ
2406 5691 2752 5772 Ita_Ett_seb._:
2784 5696 3000 5772 Λέγετᾳι
3031 5693 3086 5751 δὲ
3110 5701 3282 5772 ταῦτα
3327 5695 3457 5772 πρὸς
3489 5682 3741 5772 τὸν,χοξδν

2285 5764 2627 5842 iunco-troitum:
2646 5770 2728 5842 uoti
2751 5763 2884 5841 πρὸξ*
2908 5770 3111 5831 πάντας
3144 5769 3269 5842 τοΞί
3297 5763 3633 5842 τῷἒωτηρίῳ.

2283 5835 2376 5962 qi?
2389 5829 2872 5962 μῖιθητιυομένονὶζ
2900 5849 3008 5899 etc.
3039 5829 3161 5909 qua:
3206 5829 3357 5896 Hier:
3389 5832 3441 5892 in
3473 5829 3703 5905 paitcit'ua
3719 5829 3820 5878 οων

2313 5918 2430 5961 l‘aXt
2468 5946 2477 5961 .
