4014 6436
209 334 322 396 sat

718 332 1380 415 COMMENTARIORUM
1418 330 1486 395 IN
1526 332 1764 398 iSAlAM
1804 334 2231 398 PROPHETAM
2268 339 2402 399 LIB.
2444 338 2537 399 IX.
2578 339 2736 400 CAP.
2780 339 3018 403 XXVIII.

3421 346 3527 407 322

206 454 407 524 quitur
437 460 626 512 autem
652 454 721 511 ad
759 457 989 513 chorum
1038 457 1417 531 apostolorum
1468 458 1821 527 omniumque
1847 464 1897 525 Α
1927 473 2020 514 sus
2049 469 2330 531 exspecta.
2365 459 2506 531 Ergo
2547 476 2670 516 cum
2704 462 2901 518 mortui
2934 461 3201 520 fuerimus
3227 504 3241 529 ,
3295 462 3399 520 hoc
3429 464 3532 521 ila-

207 547 593 615 eredeutium,
618 558 678 605 ut
724 566 831 606 non
858 551 925 607 ad
955 566 1143 617 uuam,
1172 550 1269 607 sed
1297 549 1366 606 ad
1397 551 1596 608 multas
1628 568 1690 608 se
1717 567 1814 623 pa-

205 649 310 698 ret
336 641 746 712 tribulationes,
777 656 835 701 ut
865 660 989 702 cum
1012 646 1304 703 tribulatus
1326 645 1491 703 fuerit
1518 656 1679 717 atque
1724 647 1818 702 dc-

206 750 469 807 pressus,
492 754 713 794 rursum
742 751 948 812 speret.
966 747 1023 798 et
1047 755 1202 812 spem
1231 755 1397 812 super
1423 755 1575 812 spem
1599 738 1816 796 habeat.

205 828 381 896 Quod
433 830 479 887 si
528 831 808 902 paululum
855 832 1194 890 tardaveriut
1222 848 1345 904 quae
1372 833 1639 903 promissa
1666 842 1818 902 sunt,

206 940 337 981 non
359 925 431 982 sit
448 925 763 984 incredulus
791 947 806 985 :
844 927 1113 984 Modicum
1159 928 1308 983 enim
1341 927 1738 999 parvulumque
1765 935 1823 984 et

207 1020 451 1076 venient
470 1037 593 1093 qua;
620 1022 887 1090 promissa
920 1031 1069 1077 sunt.
1097 1020 1305 1078 Etenim
1327 1019 1597 1076 tribulatio
1620 1021 1822 1094 patien-

215 1115 354 1170 tiam
372 1123 616 1185 apcratur
637 1130 659 1181 ;
684 1116 936 1187 patientia
955 1115 1315 1189 probationem
1340 1131 1359 1169 :
1388 1111 1625 1188 probatio
1653 1128 1821 1187 spem;

217 1225 345 1281 spes
371 1218 540 1267 autem
570 1225 675 1265 non
704 1208 979 1281 confundit
1013 1206 1192 1282 (Rom.
1222 1223 1279 1276 ν,
1310 1210 1365 1275 5,
1394 1208 1452 1272 4,
1482 1206 1561 1279 5).
1609 1206 1677 1261 Et
1707 1205 1825 1263 hinc

219 1300 348 1371 ipsa
373 1300 655 1357 tribulatio
688 1299 1066 1370 geminabitur
1100 1299 1445 1356 detractione
1465 1297 1630 1373 379
1653 1298 1824 1354 labio-

215 1410 373 1464 rum,
398 1403 454 1451 et
491 1392 850 1464 blasphemiis
890 1392 1360 1466 persequentium,
1388 1392 1590 1464 quibus
1626 1390 1823 1447 adver-

216 1504 320 1547 sus
347 1489 440 1545 Dei
472 1489 735 1560 populum
764 1488 956 1545 rabido
1004 1503 1100 1543 ore
1126 1487 1452 1544 desaeviunt.
1480 1486 1655 1543 Porro
1692 1500 1824 1555 apo-

216 1583 358 1640 stoli
378 1592 434 1639 et
452 1583 742 1655 apostolici
766 1583 866 1639 viri
883 1582 1178 1654 loquentur
1200 1581 1268 1637 ad
1310 1582 1577 1653 populum
1606 1581 1823 1640 Iudaeo-

215 1693 375 1742 rum,
403 1675 686 1734 dicentes:
715 1675 847 1732 Haec
866 1685 940 1732 est
962 1678 1164 1750 requies
1193 1678 1439 1733 esurienti
1461 1678 1753 1748 justitiam,
1774 1687 1826 1736 et

220 1776 340 1830 lucc
365 1772 604 1828 contritio
650 1781 706 1828 et
754 1773 1003 1843 angustia
1031 1788 1152 1840 quae
1197 1771 1347 1828 ducit
1397 1773 1467 1828 ad
1497 1772 1684 1828 vitam.
1712 1772 1825 1829 Illis

1919 551 2118 623 gellum
2150 553 2485 619 captivitatis
2527 562 2582 610 et
2631 554 2773 611 hanc
2819 566 3204 627 tempestatem
3239 573 3348 613 non
3391 573 3524 615 scn-

1922 646 2140 703 tiemus.
2182 645 2367 705 Semel
2389 647 2535 704 enim
2560 650 2852 705 mendacio
2877 651 3248 720 credidimus,
3275 651 3378 710 hoc
3405 662 3489 709 est
3511 693 3528 722 ,

1921 738 2120 796 frustra
2150 756 2306 812 spem
2345 741 2639 800 habuimus
2682 744 2735 800 in
2778 743 2894 803 Deo
2919 744 3051 802 etin
3087 744 3233 817 Lege
3270 746 3417 817 ejus.
3454 746 3529 804 Et

1921 834 2047 892 ideo
2085 836 2375 894 mendacio
2408 839 2643 908 protecti
2683 854 2874 897 sumus
2899 883 2915 907 ,
2938 841 3069 913 quia
3112 842 3315 897 mortui
3347 842 3532 898 immi-

1922 937 2142 986 nentem
2162 930 2545 999 captivitatem
2577 931 2999 989 declinavimus.
3033 934 3278 991 Verbum
3308 935 3535 993 Hebrai-

1924 1038 2047 1081 cum
2074 1040 2173 1081 so'r
2215 1028 2411 1097 tW).
2437 1028 2633 1097 Aquila
2670 1036 2727 1085 et
2779 1028 3192 1101 Symmachus,
3234 1031 3527 1104 ﬂagellum,

1923 1120 2438 1193 LXXtempestatem
2476 1121 2827 1194 interpretati
2857 1133 3015 1190 sunt;
3045 1133 3071 1163 ⁸
3094 1141 3300 1183 cassae
3331 1126 3350 1199 (
3381 1138 3479 1188 ιτ)
3508 1125 3530 1198 )

1924 1230 2141 1287 quoque
2162 1228 2354 1271 omnes
2380 1214 2708 1270 mendacium
2730 1217 3165 1285 transtulerunt,
3199 1218 3254 1274 in
3280 1234 3388 1291 quo
3408 1234 3534 1287 spe-

1926 1318 2185 1366 raverant
2207 1307 2381 1365 Judaei
2403 1350 2420 1377 ,
2445 1308 2772 1381 cujusjuxta
2799 1311 3207 1383 Evangelistam
3236 1311 3529 1383 Joannem,

1925 1408 2082 1471 pater
2104 1410 2191 1458 est
2218 1402 2486 1459 diabolus.

1998 1493 2183 1565 (Vers.
2217 1496 2283 1551 16
2308 1496 2507 1569 seqq.).
2546 1496 2756 1554 Idcirco
2777 1499 2888 1556 haec
2913 1500 3035 1555 dicit
3061 1498 3321 1557 Dominus
3347 1501 3487 1558 Deus
3511 1516 3533 1561 :

1926 1584 2064 1641 Ecce
2080 1604 2173 1659 ego
2203 1588 2404 1642 mittam
2432 1589 2486 1644 in
2514 1590 2870 1662 fundamentis
2920 1592 3050 1650 Sion
3082 1593 3314 1666 lapidem
3344 1592 3373 1634 ιι
3414 1611 3536 1668 pro-

1928 1679 2135 1743 batum,
2168 1680 2478 1752 angularem
2502 1725 2518 1750 ,
2547 1685 2855 1757 pretiosum.
2880 1686 3158 1752 fundatum
3185 1688 3489 1758 fundamine
3512 1703 3533 1746 :

1927 1774 2014 1844 qui
2051 1774 2358 1841 crediderit,
2388 1792 2490 1830 non
2532 1777 2760 1848 festinet.
2810 1777 2881 1833 Et
2919 1796 3109 1852 ponam
3151 1781 3419 1854 judicium
3472 1781 3530 1837 in

220 1868 352 1925 haec
381 1865 824 1936 praedicantibus,
866 1865 1059 1922 audire
1107 1864 1261 1934 impii
1313 1865 1632 1922 noluerunt.
1664 1864 1826 1922 Unde
1856 1875 1905 1936 Β
1930 1866 2188 1940 pondere,
2211 1878 2258 1921 et
2280 1868 2548 1942 justitiam
2577 1870 2633 1925 in
2663 1887 2905 1927 mensura
2931 1889 2951 1928 :
2978 1884 3028 1928 et
3057 1874 3309 1929 subvertet
3336 1873 3537 1945 grando

222 1960 337 2017 hoc
368 1959 511 2031 quod
538 1958 604 2014 ad
637 1957 732 2014 Dei
760 1956 1016 2029 populum
1049 1954 1334 2013 dicebatur
1363 1973 1377 2013 :
1416 1954 1831 2012 Tribulationem

214 2058 442 2122 sustine,
469 2054 847 2109 tribulationem
873 2053 1070 2109 sustine
1093 2069 1111 2120 ;
1138 2059 1378 2125 exspecta
1400 2069 1565 2125 spem,
1593 2060 1832 2125 exspecta

221 2164 419 2222 spem:
445 2151 617 2203 adhuc
658 2146 940 2213 modicum,
967 2146 1142 2202 adhuc
1193 2147 1477 2213 modicum,
1512 2146 1620 2201 illis
1650 2155 1834 2204 verte-

225 2253 322 2301 tur
349 2245 404 2300 in
436 2259 676 2315 pinnam,
699 2244 789 2315 qui
813 2242 1005 2299 audire
1034 2256 1351 2299 sermonem
1382 2240 1600 2297 Domini
1634 2241 1830 2297 nolue-

220 2346 379 2401 runt,
413 2347 473 2392 ut
498 2346 758 2393 corruant
787 2346 841 2392 et
867 2336 1070 2391 vadunt
1101 2344 1427 2400 retrorsum,
1452 2342 1508 2390 et
1538 2333 1591 2389 in
1617 2334 1834 2405 pericu-

220 2433 342 2489 lum
372 2430 670 2487 ObsidiOIliS
693 2446 758 2487 ac
786 2431 978 2486 mortis
1027 2430 1338 2495 incurrant,
1365 2438 1424 2486 et
1464 2429 1672 2501 absque
1718 2430 1833 2487 ullo

222 2525 578 2582 miseriarum
600 2523 708 2580 ﬁne
727 2525 1037 2595 capiantur.
1068 2522 1224 2592 Quod
1251 2530 1435 2578 autem
1466 2521 1693 2579 verbum
1721 2522 1832 2578 lle-

220 2619 476 2676 braicum
508 2634 639 2683 nes,
669 2616 813 2689 quod
852 2632 1047 2673 omnes
1075 2624 1380 2685 verterunt,
1403 2617 1697 2683 scientiam,
1727 2617 1832 2673 soli

221 2712 585 2784 Septuaginta
613 2713 754 2767 mala
782 2711 1124 2783 interpretati
1154 2720 1304 2778 sunt,
1322 2725 1482 2768 error
1508 2710 1831 2783 perspicuus

219 2818 332 2864 est.
362 2805 545 2862 Prima
574 2807 723 2862 enim
773 2804 951 2862 littera
982 2821 1218 2873 DALE’I‘B,
1246 2805 1332 2862 vel
1356 2821 1455 2861 nus
1484 2819 1651 2876 parvo
1673 2803 1834 2876 apice

220 2902 664 2974 distinguuntur.
698 2900 756 2959 Si
786 2916 918 2974 ergo
963 2901 1177 2974 legatur
1214 2918 1322 2959 om
1353 2900 1531 2975 (τω),
1562 2902 1831 2957 scientiam

219 3005 431 3061 sonat;
459 2994 508 3051 si
555 3010 661 3051 nes
716 2994 901 3068 (ηπ),
936 2995 1365 3062 malitiam;non
1397 3010 1427 3049 a
1459 2993 1628 3063 malo,
1685 2991 1832 3065 quod

224 3086 574 3144 contrarium
606 3088 752 3143 bono
780 3097 885 3155 est,
919 3087 1016 3143 sed
1038 3087 1108 3141 ab
1127 3086 1398 3159 angustia.

300 3182 489 3253 (Vers.
516 3181 607 3251 14,
638 3182 756 3249 15.)
784 3180 1007 3256 Prapter
1030 3182 1129 3238 hoc
1157 3184 1337 3239 audite
1360 3182 1569 3239 verbum
1590 3183 1823 3254 Domini,

1930 1974 2071 2030 spem
2098 1960 2385 2027 mendacii,
2432 1972 2480 2015 et
2513 1964 2882 2031 protectionem
2911 1981 3063 2032 aqum
3088 1966 3437 2021 inundabunt.
3470 1966 3538 2023 Et

1931 2052 2183 2107 delabitur
2210 2053 2376 2123 [tedas
2402 2064 2625 2111 vestrum
2641 2074 2759 2110 cum
2784 2067 2976 2123 morte,
3002 2068 3049 2114 et
3075 2069 3285 2135 pactum
3313 2069 3539 2115 vestrum

1928 2162 2045 2201 cum
2062 2147 2269 2219 inferno
2293 2164 2395 2203 non
2423 2149 2613 2215 stabit;
2630 2149 2903 2225 flagellum
2936 2152 3201 2207 inundans
3226 2170 3342 2207 cum
3361 2163 3537 2208 trans-

1930 2242 2083 2309 ierit,
2112 2243 2262 2299 eritis
2291 2245 2339 2299 ei
2378 2245 2433 2299 in
2475 2243 2940 2302 conculcationem.
2977 2245 3108 2303 Cum
3139 2245 3250 2321 [AL
3282 2247 3542 2313 Quando-

1930 2336 2173 2412 cumque]
2196 2341 2587 2409 pertransierit,
2614 2338 2758 2395 tollet
2789 2357 2878 2395 ros
2907 2357 2926 2396 :
2959 2342 3204 2407 quoniam
3228 2359 3379 2398 mane
3407 2342 3548 2398 dilu-

1932 2428 2048 2484 culo
2078 2431 2315 2485 transibtt
2355 2433 2411 2485 in
2448 2430 2534 2486 die
2582 2442 2629 2487 et
2653 2433 2708 2486 in
2751 2441 2930 2501 nocte,
2960 2443 3010 2487 et
3042 2434 3399 2490 tantummodo
3425 2432 3543 2490 sola

1931 2525 2136 2579 vexatio
2179 2523 2494 2581 intellectum
2543 2526 2688 2582 dabit
2717 2527 2923 2581 auditui
2962 2543 2981 2582 :
3013 2524 3427 2602 Coangustatum
3464 2536 3544 2584 est

1932 2620 2072 2674 enim
2100 2630 2319 2674 stratum
2344 2662 2360 2688 ,
2410 2621 2491 2675 ita
2517 2630 2576 2675 ut
2603 2622 2738 2677 alter
2782 2622 2991 2677 decidat
3017 2639 3038 2677 :
3062 2633 3109 2677 et
3132 2622 3357 2695 pallium
3398 2624 3547 2679 breve

1933 2721 2210 2782 utrumque
2238 2713 2441 2786 operire
2465 2730 2564 2768 non
2591 2724 2782 2785 potest.
2813 2713 2958 2771 LXX
2993 2732 3007 2771 :
3043 2714 3326 2787 PrOpterea
3352 2717 3431 2771 sic
3458 2717 3541 2772 di-

1932 2805 2001 2860 cit
2025 2804 2277 2861 Dominus
2309 2822 2328 2861 :
2357 2803 2496 2862 Ecce
2522 2824 2615 2879 ego
2637 2809 2912 2862 immittam
2930 2808 2985 2862 in
3033 2807 3386 2881 fundamenta
3405 2808 3541 2866 Sion

1932 2902 2159 2975 lapidem
2192 2904 2473 2975 pretiosum
2502 2945 2518 2972 ,
2551 2902 2801 2973 electum,
2823 2904 3159 2978 augularent,
3180 2903 3541 2960 honorubilcm

1932 2999 1985 3052 in
2016 2999 2358 3069 fundautenta
2382 2999 2530 3071 ejus;
2574 3009 2623 3055 et
2642 3001 2733 3073 qui
2761 3001 3079 3066 crediderit,
3113 3017 3218 3055 non
3248 3000 3543 3072 confunde-

1935 3102 2040 3147 tur.
2076 3090 2145 3147 Et
2183 3110 2372 3165 ponam
2404 3092 2671 3167 judicium
2697 3094 2755 3148 in
2789 3110 2933 3167 spem
2959 3111 2979 3149 :
3007 3093 3417 3149 misericordiam
3445 3109 3545 3149 au-

1937 3196 2039 3242 tem
2062 3202 2230 3241 meam
2267 3186 2321 3241 in
2349 3187 2607 3256 pondere,
2641 3196 2690 3241 et
2717 3188 2808 3257 qui
2848 3188 3064 3245 credunt
3095 3187 3298 3255 frustra
3316 3184 3537 3243 menda-

223 3279 327 3334 viri
357 3275 604 3333 illusercs
626 3318 641 3345 ,
672 3277 764 3349 qui
792 3277 1136 3331 dominamini
1157 3293 1314 3350 super
1343 3278 1595 3349 populum
1628 3294 1828 3346 meum,
1859 3270 1906 3335 C
1937 3281 2018 3337 cio
2041 3323 2055 3343 ,
2085 3282 2332 3354 quoniant
2365 3297 2469 3335 non
2489 3282 2729 3336 transibit
2766 3297 2860 3352 per
2898 3297 2995 3335 nos
3022 3289 3328 3353 tempestas,
3360 3291 3408 3334 et
3437 3294 3543 3334 non

224 3371 320 3444 qui
346 3378 423 3426 est
446 3371 501 3425 in
541 3367 858 3425 Jerusalem.
892 3367 1114 3424 vixistis
1141 3370 1277 3423 enim
1308 3368 1714 3425 :Percussimus
1737 3374 1833 3443 fte-

226 3463 329 3520 dus
357 3478 478 3518 cum
500 3473 665 3519 morte
688 3504 705 3530 ,
751 3471 940 3518 etcum
967 3462 1176 3533 inferno
1204 3462 1420 3531 fecimus
1451 3473 1659 3534 pactum
1684 3478 1699 3517 :
1732 3463 1833 3533 ﬂa-

225 3555 427 3629 gellum
446 3553 709 3610 inundans
731 3570 850 3608 cum
880 3553 1177 3618 transierit,
1209 3570 1313 3608 non
1341 3555 1504 3609 veniet
1527 3570 1683 3625 super
1712 3570 1826 3620 nos,

227 3650 357 3723 quia
384 3649 653 3720 posuimus
672 3647 999 3703 mendacium
1027 3665 1171 3720 spem
1191 3660 1423 3704 nostram
1446 3689 1461 3714 ,
1490 3659 1538 3704 et
1561 3648 1833 3704 mendacio

226 3744 451 3817 protecti
491 3759 693 3798 sumus.
724 3740 869 3798 LXX
897 3758 913 3796 :
940 3741 1229 3812 Pr0pterea
1256 3742 1436 3799 audite
1481 3743 1687 3798 verbum
1720 3742 1831 3798 Da-

229 3836 366 3892 mini
393 3836 523 3903 viri,
550 3835 786 3892 tribulati
820 3845 873 3892 et
911 3837 1172 3909 principes
1202 3834 1383 3910 populi
1417 3835 1610 3911 hujus,
1641 3837 1732 3905 qui
1761 3846 1835 3893 est

229 3934 291 3990 in
336 3931 633 3991 Jerusalem
658 3950 678 3990 :
727 3933 864 4003 Quia
902 3933 1111 3990 dixistis
1141 3948 1160 3989 :
1200 3930 1444 3988 Fecimus
1476 3941 1837 3989 testamentunt

230 4045 358 4086 cum
396 4030 600 4101 inferno
623 4071 639 4096 ,
670 4038 718 4084 et
747 4044 863 4084 cum
890 4038 1056 4084 morte
1082 4037 1295 4103 pactum
1323 4044 1343 4083 :
1365 4038 1640 4099 tempestas
1667 4038 1838 4082 trans-

227 4126 346 4183 iens
367 4126 414 4181 si
439 4125 671 4189 irruerit,
702 4141 805 4181 non
828 4126 998 4181 veniet
1023 4140 1177 4195 super
1205 4140 1298 4180 nos
1316 4164 1333 4192 ,
1372 4123 1617 4194 quoniam
1664 4122 1842 4197 posui-

233 4237 354 4276 mus
378 4218 705 4275 mendacium
738 4234 884 4290 spem
916 4230 1145 4274 nostram
1171 4259 1188 4287 ,
1217 4226 1268 4273 et
1305 4216 1575 4273 mendacio
1605 4225 1842 4289 protege-

230 4330 380 4370 mur.
405 4314 560 4384 Quod
582 4328 748 4385 supra
771 4312 1008 4369 diximus
1036 4326 1160 4368 cum
1182 4311 1439 4368 irrisione
1468 4310 1660 4367 solitos
1686 4308 1839 4380 prin-

233 4406 720 4481 cipesJudteorum
734 4405 1029 4477 Prophetis
1052 4402 1513 4470 dicere:Manda,
1542 4403 1793 4459 remanda
1820 4419 1843 4472 ;

232 4515 484 4577 exspecta
507 4548 522 4572 ,
555 4514 874 4577 reexspecta,
905 4512 961 4561 et
990 4511 1188 4559 extera
1213 4500 1300 4558 his
1328 4499 1526 4557 similia
1551 4541 1567 4568 ,
1600 4515 1699 4571 per
1721 4515 1844 4569 qua:

234 4601 551 4660 ostenditur
581 4613 919 4672 nequaquam
960 4611 1057 4655 eos
1096 4595 1500 4668 Prophetarum
1532 4593 1845 4650 credidisse

1934 3378 2137 3448 auferet
2184 3375 2329 3431 nobis
2377 3385 2732 3431 testamentum
2775 3375 2992 3443 mortis,
3033 3385 3083 3429 et
3111 3392 3228 3440 spes
3265 3387 3431 3430 uestra
3470 3374 3542 3430 ad

1932 3471 2194 3545 infernum
2225 3489 2331 3527 non
2361 3471 2696 3542 permanebit.
2728 3468 3030 3543 Tempestas
3055 3470 3263 3526 ueniens
3290 3471 3336 3525 si
3363 3481 3545 3525 trans-

1932 3566 2049 3620 ierit
2072 3607 2086 3631 ,
2114 3565 2258 3620 eritis
2285 3564 2334 3621 ei
2361 3564 2417 3619 in
2441 3563 2887 3620 conculcationem
2915 3580 2927 3616 τ
2952 3579 3073 3618 cum
3101 3561 3369 3617 transierit
3389 3603 3406 3630 ,
3439 3558 3540 3618 tol-

1936 3661 2005 3717 let
2036 3677 2120 3716 vos
2150 3676 2302 3715 mane
2324 3702 2339 3727 ,
2366 3677 2518 3715 mane
2541 3659 2856 3732 pet-transiet
2899 3675 2918 3714 :
2947 3658 3029 3713 die
3048 3665 3095 3712 et
3116 3668 3265 3713 nocte
3300 3658 3397 3713 erit
3426 3673 3544 3726 spes

1936 3756 2177 3827 pessima.
2212 3754 2403 3809 Discite
2428 3753 2612 3809 audire
2639 3754 2729 3825 qui
2753 3754 2875 3808 estis
2905 3752 2957 3806 in
3003 3750 3340 3806 tribulatione
3365 3767 3386 3806 :
3419 3747 3546 3806 Non

1939 3866 2211 3921 possumus
2262 3863 2524 3922 pugnare,
2573 3848 2674 3917 ipsi
2709 3857 2881 3901 autem
2906 3844 3105 3914 infirmi
3132 3860 3313 3898 sumus
3344 3852 3399 3897 ut
3421 3860 3546 3898 con-

1938 3959 2227 4015 gregemur.
2257 3942 2517 3997 Dixeram
2540 3982 2556 4006 ,
2582 3938 2800 4010 inqttit,
2835 3938 2993 3992 vobis
3029 3935 3270 3993 :Audite
3312 3934 3539 3992 verbum

1940 4034 2190 4101 Domini,
2225 4034 2325 4089 viri
2356 4034 2613 4088 illusores
2638 4074 2652 4097 ,
2700 4031 2818 4087 sive
2848 4028 3089 4085 tribulati
3135 4027 3413 4099 principes
3446 4043 3545 4099 po-

1943 4129 2052 4201 puli
2087 4127 2192 4184 mei
2218 4170 2233 4191 .
2268 4134 2325 4182 et
2354 4125 2523 4182 nolite
2566 4124 2741 4181 lmdus
2770 4121 2976 4178 habere
3014 4136 3140 4178 cum
3173 4130 3351 4177 morte
3375 4162 3392 4189 ,
3441 4134 3546 4177 nec

1943 4229 2160 4293 pactum
2207 4235 2331 4275 cum
2370 4218 2622 4284 inferno,
2673 4215 2766 4287 qui
2806 4221 3224 4271 contemnentes
3273 4219 3545 4283 praecepta

1943 4330 2063 4371 mea
2092 4356 2108 4383 ,
2142 4312 2400 4386 posuistis
2440 4309 2783 4366 mendacium
2828 4323 2981 4379 Spem
3027 4318 3305 4370 Vestram,
3338 4315 3394 4361 et
3422 4304 3545 4373 glo-

1945 4410 2153 4465 riantes
2178 4448 2192 4468 .
2224 4406 2386 4480 381
2431 4404 2599 4460 immo
2627 4402 2989 4474 desperantes
3015 4399 3198 4456 dicitis
3229 4417 3243 4455 :
3276 4398 3550 4455 mendacio

1947 4511 2290 4575 protegemur.
2314 4497 2524 4553 Idcirco
2546 4494 2865 4553 misericors
2884 4493 3241 4551 elmiserator
3261 4492 3548 4559 Dominus,

1946 4594 2159 4666 patiens
2184 4602 2238 4648 et
2266 4590 2493 4646 multum
2516 4589 2828 4646 misericors
2852 4585 2971 4660 (Ps.
2994 4585 3206 4658 cxuv),
3240 4584 3552 4642 nolentibus

234 4692 632 4762 sermonibus,
674 4690 773 4747 sed
820 4690 1395 4763 prophetiameorum
1437 4686 1701 4743 habuisse
1746 4677 2147 4752 de-Dvobis,
2202 4686 2257 4742 in
2307 4682 2657 4740 fundamenta
2702 4680 2832 4739 Sion
2886 4679 3126 4750 lapidem
3171 4680 3408 4736 electum
3436 4721 3450 4746 ,
3493 4672 3555 4736 ct

233 4788 456 4861 spectui
489 4805 504 4842 :
535 4801 779 4859 prasens
809 4784 1049 4842 osmndit
1084 4782 1408 4855 capitulum,
1440 4797 1538 4850 per
1566 4780 1712 4854 quod
1745 4795 1842 4852 ap-

234 4884 520 4956 pellantur
546 4881 644 4937 oiri
663 4881 926 4939 illusores.
946 4878 1086 4936 Sunt
1113 4888 1293 4934 autem
1325 4875 1530 4933 Scriba:
1566 4885 1622 4931 et
1643 4874 1840 4930 Phari-

236 4974 342 5033 saei
370 4972 468 5047 qui
511 4973 860 5029 dominantur
898 4986 1065 5042 super
1104 4969 1365 5041 populum
1402 4966 1498 5026 Dei
1530 4969 1583 5023 in
1621 4965 1844 5024 Jerusa-

234 5070 351 5129 lem
384 5110 402 5135 ,
434 5082 576 5140 quos
622 5065 765 5123 LXX
808 5075 1007 5123 vocant
1045 5065 1181 5120 viros
1218 5064 1522 5128 tribulatos,
1555 5069 1611 5117 et
1641 5061 1842 5132 princi-

238 5182 335 5238 pes
361 5161 546 5235 populi
581 5160 897 5218 Jerusalem.
941 5159 1202 5217 Dixerunt
1226 5158 1372 5215 enim
1404 5171 1510 5214 non
1541 5170 1798 5212 sermone
1826 5196 1841 5222 ,

239 5259 344 5316 sed
376 5273 573 5330 opere:
604 5256 810 5315 Sumus
834 5256 978 5312 sicut
1016 5265 1071 5311 et
1097 5263 1314 5310 scelera:
1357 5252 1609 5308 nationes
1642 5266 1654 5302 :
1681 5247 1848 5304 habe-

241 5367 375 5411 mus
404 5359 621 5421 pactum
653 5361 707 5406 et
736 5348 915 5407 fmdus
960 5363 1084 5405 cum
1117 5347 1334 5403 inferno
1381 5354 1588 5401 etcum
1621 5350 1797 5398 morte
1828 5359 1843 5397 :

242 5448 418 5504 setnel
450 5445 617 5519 380
636 5444 863 5501 salutem
906 5443 1343 5516 desperavimus.
1370 5440 1534 5497 Certe
1558 5438 1847 5511 captivitas

244 5539 416 5610 longo
447 5545 572 5607 post
601 5547 847 5610 tempore
876 5545 1104 5594 ventura
1149 5544 1257 5602 est,
1290 5534 1598 5591 dicentibus
1644 5530 1801 5587 vobis
1830 5546 1846 5586 :

243 5632 447 5693 Adhuc
474 5632 745 5690 modicum
765 5672 784 5702 ,
829 5630 1006 5688 adhuc
1052 5627 1328 5687 modicum
1361 5645 1376 5682 :
1405 5634 1664 5698 exspecta
1685 5665 1702 5693 ,
1726 5638 1847 5679 rur-

326 5814 354 5846 ι
387 5804 609 5871 Verius,
632 5812 698 5861 ut
722 5802 959 5869 videtur,
983 5803 1039 5857 in
1057 5799 1241 5858 Vatia.
1257 5812 1449 5871 cun.

1950 4782 2236 4853 probatum
2265 4821 2282 4847 ,
2333 4788 2389 4834 et
2419 4776 2759 4849 pretiosum,
2812 4783 2871 4830 et
2911 4774 3226 4844 angularem
3256 4773 3548 4831 missurum

1950 4888 2074 4931 esse
2098 4889 2158 4930 se
2182 4871 2331 4927 dicit.
2382 4870 2460 4926 De
2498 4885 2611 4934 quo
2651 4877 2708 4924 et
2735 4866 3030 4936 Apostolus
3060 4865 3306 4936 loquitur
3339 4882 3354 4921 :
3389 4865 3555 4932 Quasi

1948 4971 2156 5036 sapiens
2177 4964 2489 5019 architectus
2517 4961 2912 5033 fundamentum
2936 4958 3086 5032 posui
3111 4957 3155 5028 (l
3177 4956 3299 5015 Cor.
3331 4974 3412 5024 ιιι,
3436 4956 3552 5030 10);

1947 5068 2005 5118 et
2027 5060 2223 5116 iterum
2253 5075 2268 5112 :
2294 5055 2725 5112 Fundamentum
2744 5057 2883 5110 enint
2918 5052 3068 5108 aliud
3094 5068 3245 5108 nemo
3270 5062 3435 5121 potest
3455 5066 3555 5122 po-

1950 5170 2068 5209 nere
2091 5160 2279 5221 praeter
2304 5151 2359 5205 id
2384 5150 2524 5223 quod
2555 5149 2780 5218 positum
2803 5158 2877 5203 est
2896 5188 2913 5215 ,
2936 5146 3076 5220 quod
3100 5154 3175 5201 est
3206 5144 3444 5201 Christus
3464 5140 3558 5201 Je-

1947 5245 2241 5319 sus(lbid.,
2271 5244 2386 5317 ll}.
2422 5244 2529 5302 Iste
2557 5245 2694 5316 lapis
2723 5258 2859 5301 vere
2879 5250 2937 5299 et
2960 5241 3208 5299 secundo
3240 5241 3555 5313 appellatur

1946 5337 2087 5410 lapis
2111 5380 2127 5405 ,
2170 5340 2309 5393 sicut
2339 5346 2396 5392 et
2434 5337 2489 5393 in
2518 5336 2765 5394 Levitico
2790 5378 2805 5405 ,
2838 5336 2993 5391 homo
3021 5378 3036 5400 ,
3069 5336 3223 5390 Immo
3246 5335 3328 5391 his
3353 5334 3557 5391 dicitur

1949 5431 2304 5502 etangularis
2352 5430 2530 5502 lapis,
2578 5429 2704 5502 quia
2729 5427 3187 5486 Circumcisiouis
3214 5434 3274 5484 et
3299 5425 3557 5483 Geritium

1950 5526 2183 5600 populos
2210 5525 2534 5598 copulavit,
2562 5523 2633 5581 de
2659 5541 2768 5597 quo
2785 5533 2842 5581 et
2870 5525 2925 5580 in
2956 5522 3167 5595 psalmo
3189 5521 3392 5579 dicitur
3416 5539 3429 5576 :
3452 5520 3562 5577 La-

1950 5622 2123 5693 pident
2147 5637 2299 5696 quem
2346 5622 2749 5694 reprobaverunt
2776 5618 3097 5690 aediﬁcantes
3119 5657 3135 5685 ,
3166 5615 3252 5672 hic
3282 5619 3454 5691 factus
3484 5623 3561 5674 est

322 5875 352 5919 δ
383 5862 660 5936 Victorius
689 5880 892 5949 repetit
933 5862 1164 5951 lapidem
1190 5886 1261 5930 ex
1283 5870 1515 5928 Hebrco
1536 5863 1876 5939 Vulgataque
1900 5862 2163 5922 editione.
