4084 6330
507 294 620 356 525

1781 285 1841 342 S.
1885 281 2150 344 EUSEBII
2191 281 2570 342 illERONYMl

3717 267 3820 349 ssi

505 414 561 468 in
589 419 745 486 caput
791 407 972 482 anguli
1017 403 1133 478 (Ps.
1164 416 1327 469 cxvtt,
1357 400 1478 474 22).
1498 397 1594 458 Isti
1625 409 1952 458 suutautem
1983 399 2117 456 aedi-
2145 403 2200 464 Α
2225 412 2280 456 et
2310 401 2361 454 in
2393 399 2642 458 Ezechiel
2672 399 2774 458 sub
2795 414 3031 472 persona
3058 401 3244 460 uxoris
3276 401 3518 478 loquitur
3548 402 3823 462 fornican-

509 505 734 561 ficmtes
778 511 833 556 et
879 496 1213 554 casmentarii
1241 538 1255 562 ,
1291 495 1380 567 qui
1430 510 1573 550 nunc
1618 496 1962 565 appellantur
2011 495 2111 548 viri

513 598 767 654 illusores
785 603 839 649 et
865 592 1142 664 principes
1173 589 1354 661 populi
1377 592 1570 658 quiest
1603 589 1655 644 in
1684 587 2007 644 Jerusalem.
2039 587 2116 642 De

511 689 618 746 hoc
641 687 816 758 lapide
837 694 896 741 et
923 685 976 740 in
1010 683 1237 742 Daniele
1261 682 1493 754 legimus
1517 724 1532 746 .
1559 681 1704 756 quod
1727 681 1944 740 excisus
1959 682 2028 737 sit
2049 680 2116 738 de

515 791 703 839 mante
725 780 843 836 sine
862 777 1112 834 manibus
1138 818 1153 844 ,
1177 786 1232 834 et
1255 774 1564 846 impleverit
1594 775 1904 832 universum
1929 775 2116 829 orbem

512 872 679 946 (Dan.
723 872 782 945 ιι)
817 890 830 927 :
857 886 940 941 eo
967 869 1113 943 quod
1144 868 1315 925 divini
1343 868 1608 942 germinis
1637 867 1976 938 dispensatio
2017 866 2120 922 hu-

509 983 732 1026 manum
755 980 958 1035 corpus
986 962 1346 1035 assumpserit
1368 1004 1382 1030 ,
1414 971 1469 1019 et
1496 961 1895 1020 habitaveritin
1921 976 1986 1018 eo
2007 960 2120 1030 ple-

509 1062 707 1121 nitudo
733 1059 1047 1116 Divinitatis
1074 1056 1457 1128 corporaliter.
1484 1055 1663 1125 Super
1691 1053 1834 1110 hunc
1862 1052 2117 1122 lapidem,

512 1159 602 1229 qui
633 1156 747 1211 alio
772 1153 996 1211 nomine
1018 1153 1327 1224 appellatur
1351 1162 1502 1222 petra
1524 1193 1538 1218 ,
1565 1149 1814 1206 Christus
1832 1147 2122 1205 ardilicavit

511 1247 814 1304 Ecclesium
840 1288 856 1316 ,
891 1255 950 1303 et
995 1244 1160 1300 ﬁrmo
1187 1285 1202 1311 ,
1247 1244 1400 1314 juxta
1449 1241 1822 1310 Hebraicum,
1881 1239 2126 1296 fundavit

512 1341 872 1405 fundamine,
937 1339 990 1394 in
1040 1352 1146 1408 quo
1191 1336 1283 1408 qui
1330 1332 1660 1401 crediderit,
1733 1351 1834 1390 non
1902 1334 2126 1404 confun-

509 1434 704 1499 detur,
790 1434 947 1500 sive,
1018 1430 1170 1502 juxta
1229 1428 1595 1494 liebraicum,
1678 1444 1782 1481 non
1847 1427 2123 1496 festinet:

514 1543 586 1584 ne
659 1525 918 1581 videlicet
993 1521 1182 1577 tardus
1239 1520 1308 1592 ei".
1333 1519 1539 1575 Christi
1616 1518 1872 1574 videatur
1923 1517 2128 1572 adven-

511 1627 619 1674 tus.
665 1619 722 1674 Si
753 1618 905 1672 enim
954 1613 1258 1670 tardaverit
1301 1612 1458 1684 juxta
1507 1611 1765 1676 Abacuc,
1818 1626 1981 1665 nemo
2033 1610 2128 1666 de-

515 1721 706 1785 speret
755 1730 768 1766 :
827 1714 952 1782 quia
1025 1707 1250 1765 veniens
1313 1706 1534 1774 veniet,
1597 1717 1651 1761 et
1711 1720 1807 1760 sua
1861 1707 2126 1776 promissa

516 1805 817 1876 complebit
883 1802 1090 1876 (Abas.
1164 1801 1278 1872 ιι).
1330 1798 1612 1856 Promittit
1687 1814 1907 1870 quoque
1986 1799 2204 1880 DrusB

515 1915 724 1972 ponere
753 1915 814 1953 se
862 1899 912 1952 in
965 1912 1033 1953 eo
1077 1895 1346 1966 judicium
1401 1894 1718 1965 ponderis:
1774 1891 1957 1963 Neque
1989 1893 2128 1949 enim

505 1994 716 2068 judicat
780 1990 935 2046 Pater
985 2005 1330 2062 quemquam,
1360 1989 1452 2043 sed
1506 2004 1657 2042 omne
1693 1987 1960 2058 judicium
2020 1996 2130 2041 tra-

519 2091 650 2144 didit
681 2087 825 2145 Filio
852 2087 1033 2160 (Joan.
1061 2103 1115 2153 v,
1138 2086 1254 2157 22).
1284 2085 1348 2140 Ει
1373 2085 1642 2156 justitiam
1671 2083 1788 2140 sive
1817 2082 2130 2138 misericor-

519 2185 666 2241 diam
717 2184 767 2238 in
817 2197 1113 2248 mensura,
1164 2191 1220 2235 ut
1272 2178 1462 2236 reddat
1492 2177 1787 2250 unicuique
1825 2176 2126 2232 secundum

521 2294 690 2350 Opera
722 2293 851 2344 sua,
882 2287 937 2333 et
979 2275 1253 2347 justitiam
1295 2289 1359 2330 ac
1389 2272 1824 2328 miscricordiam
1861 2271 2129 2326 alterutro

523 2379 794 2444 temperet
822 2413 836 2439 ,
863 2370 1017 2441 juxta
1051 2368 1184 2424 illud
1228 2366 1374 2438 quod
1407 2376 1462 2422 et
1507 2365 1560 2421 in
1597 2365 1819 2436 psalmis
1845 2363 2077 2434 legimus
2111 2379 2125 2416 :

523 2463 885 2521 Misericordia
908 2472 957 2517 ct
983 2463 1170 2516 ueritas
1195 2460 1527 2516 obviauerunt
1560 2458 1696 2513 sibi:
1717 2457 1930 2532 justitia
1960 2467 2008 2510 et
2023 2473 2129 2528 pax

518 2556 832 2612 deosculata:
860 2565 1052 2609 suntse
1075 2552 1197 2628 (Ps.
1230 2568 1451 2619 Lxxxw,
1486 2550 1600 2624 Η).
1630 2550 1793 2622 Spem
1818 2565 2034 2622 quoque
2055 2550 2132 2605 ait

522 2659 762 2705 vestram
815 2655 980 2719 atque
1030 2644 1417 2712 mendacium,
1452 2643 1504 2699 id
1547 2653 1670 2708 est,
1723 2641 1998 2698 diabolum
2035 2657 2131 2713 pa-

519 2753 661 2800 trem
688 2744 866 2797 omnis
889 2740 1158 2798 mendacii
1185 2780 1201 2805 ,
1228 2739 1630 2811 suppliciorum
1647 2752 1895 2795 meorum
1921 2735 2129 2808 grando

518 2841 824 2895 subvertet.
871 2838 936 2892 Et
968 2834 1366 2907 protectionem
1391 2875 1405 2898 ,
1443 2835 1547 2889 sub
1572 2849 1678 2904 qua
1707 2847 1806 2888 vos
1839 2840 1986 2887 tutus
2013 2831 2130 2886 fore

519 2929 938 2986 arbitrabamini
964 2971 978 2994 ,
1013 2937 1318 2998 tempestas
1347 2927 1525 2983 valida
1552 2936 1608 2982 et
1653 2941 1916 2997 aquarum
1949 2923 2134 2979 multi-

521 3024 653 3078 tudo
676 3021 917 3086 delebit,
945 3020 1018 3075 ita
1047 3030 1105 3075 ut
1133 3020 1368 3076 amicitia
1392 3029 1448 3076 et
1478 3018 1656 3075 fmdus
1677 3017 1822 3090 quod
1849 3017 2130 3073 habebatis

521 3131 646 3173 cum
681 3123 857 3170 morte
887 3123 942 3170 et
970 3129 1094 3168 cum
1124 3113 1341 3169 interno
1365 3155 1378 3182 ,
1411 3113 1514 3167 hoc
1535 3124 1618 3167 est
1643 3153 1659 3177 ,
1690 3127 1813 3167 cum
1859 3110 2078 3166 diabolo
2111 3154 2126 3180 ,

2222 495 2290 548 tis
2334 491 2553 567 (Ezech.
2589 509 2698 560 xvi,
2733 492 2848 566 21),
2880 501 2936 549 et
2959 509 3120 564 quam
3146 495 3196 549 in
3220 494 3361 552 Osee
3383 494 3656 578 principio
3677 511 3824 554 scor-

2223 594 2332 640 tum
2366 596 2521 640 vocat
2547 595 2602 642 et
2640 586 2950 645 adulteram
2987 587 3135 661 (Ose.
3183 587 3288 660 tu),
3317 589 3361 644 si
3391 588 3472 645 vis
3501 590 3643 646 meis
3677 605 3822 647 com-

2222 677 2472 748 plexibus
2493 681 2772 752 copulari.
2807 680 2985 750 abjice
3016 681 3159 737 idola
3197 697 3209 736 :
3257 680 3303 735 si
3335 682 3598 738 servieris
3626 681 3819 754 idolis,

2222 785 2308 828 me
2323 770 2522 828 habere
2536 787 2642 827 non
2669 773 2892 842 poteris.
2921 773 3035 830 Hoc
3043 774 3197 844 juxta
3225 774 3580 834 llebraicnm.
3605 774 3634 814 δ
3656 777 3821 835 Porro

2222 864 2368 934 quod
2415 865 2469 920 in
2517 864 2663 921 LXX
2715 867 2955 938 legitur:
2991 866 3191 922 Discite
3233 869 3417 930 audire
3461 870 3551 941 qui
3596 871 3825 928 tribulati

2223 959 2388 1014 estis:
2430 976 2532 1016 non
2575 977 2846 1032 possumus
2889 979 3157 1034 pugnare,
3191 964 3289 1034 ipsi
3309 974 3480 1020 autem
3517 965 3822 1036 inﬁt-misu-

2225 1070 2338 1108 mus
2361 1063 2415 1110 ut
2438 1071 2808 1128 congregemur
2832 1097 2848 1124 ,
2875 1072 3034 1122 quem
3065 1073 3288 1116 sensum
3329 1059 3562 1126 habeat,
3595 1070 3652 1118 et
3690 1077 3824 1135 quo-

2225 1145 2388 1202 modo
2439 1148 2813 1219 superioribus
2855 1151 3168 1222 copuletur,
3205 1152 3422 1222 penitus
3453 1154 3666 1223 ignoro.
3715 1155 3824 1212 Nisi

2226 1239 2369 1296 forte
2399 1243 2466 1298 ad
2505 1242 2783 1314 principes
2828 1245 3014 1316 pepuli
3045 1246 3301 1318 loquatur
3344 1261 3532 1304 sermo
3563 1249 3782 1307 divinus
3808 1292 3824 1318 ,

2228 1344 2282 1391 et
2313 1335 2563 1391 hortetur
2591 1351 2686 1393 eos
2711 1379 2726 1402 ,
2774 1347 2830 1392 ut
2851 1353 3003 1410 spem
3031 1337 3276 1396 habeant
3303 1340 3357 1397 in
3382 1340 3526 1408 Deo,
3561 1350 3744 1400 etnon
3777 1345 3828 1402 in

2229 1435 2407 1484 morte
2435 1439 2597 1500 atque
2619 1429 2868 1498 inferno,
2892 1441 2945 1487 ct
2972 1431 3184 1488 discant
3215 1433 3406 1490 audire
3434 1435 3692 1496 vaticinia
3713 1451 3828 1506 pro-

2230 1519 2518 1590 phetarum
2548 1537 2561 1574 :
2589 1521 2774 1594 illique
2800 1524 3166 1595 rcSpundeant
3197 1539 3258 1582 se
3289 1542 3388 1598 pro
3407 1527 3735 1587 inﬁrmitate
3755 1534 3831 1590 vi-

2230 1614 2370 1668 rium
2414 1613 2674 1672 adversus
2722 1619 3022 1674 contrarias
3081 1628 3381 1690 potestates
3421 1638 3668 1696 pugnare
3725 1642 3828 1682 non

2233 1721 2393 1778 posse
2412 1750 2425 1774 ,
2457 1724 2559 1764 nec
2584 1709 2732 1766 inter
2761 1711 2853 1766 Dei
2899 1713 3156 1784 populum
3177 1718 3528 1786 congregari.

2305 1798 2487 1871 (νει-ε.
2521 1801 2625 1872 21,
2664 1802 2783 1875 22.)
2828 1803 2974 1860 Sicut
3017 1807 3152 1860 enim
3206 1809 3259 1864 in
3305 1823 3480 1867 monte
3519 1811 3833 1869 divisionum

2233 1892 2385 1946 stabit
2411 1891 2690 1964 Dominus,
2720 1898 2853 1952 sicut
2875 1899 2930 1952 in
2954 1899 3089 1954 ualle
3109 1899 3323 1958 Gabaon
3356 1905 3639 1971 irascetur,
3674 1919 3726 1962 ut
3749 1909 3829 1978 [a-

2233 1986 2332 2038 ciat
2365 2003 2492 2058 apus
2520 2005 2692 2058 suum,
2741 1989 2968 2047 alienum
3016 2009 3144 2066 opus
3174 1996 3306 2065 ejus,
3349 2007 3404 2052 ut
3435 2012 3678 2071 operetur
3708 2018 3831 2074 opus

2237 2094 2406 2142 suum,
2435 2081 2764 2151 peregrinum
2796 2093 2869 2140 est
2897 2102 3026 2158 opus
3052 2089 3114 2141 ab
3135 2105 3214 2142 eo.
3243 2089 3307 2142 Et
3345 2107 3486 2148 nunc
3523 2092 3684 2149 nolite
3707 2093 3830 2150 illu-

2233 2169 2405 2225 dere:
2446 2189 2509 2225 ne
2548 2179 2682 2245 forte
2725 2175 2891 2250 383
2937 2181 3359 2256 constringuntur
3405 2186 3618 2242 vincula
3647 2201 3829 2242 uestra.

2232 2261 2739 2342 Consummatiqnem
2763 2271 2895 2324 enim
2928 2281 2977 2326 et
3005 2273 3437 2330 abbreviationem
3463 2279 3649 2333 audivi
3678 2297 3711 2333 α
3731 2280 3834 2336 Do-

2229 2359 2371 2412 mino
2396 2357 2506 2414 Deo
2544 2366 2861 2418 exercituum
2889 2383 3045 2440 super
3065 2370 3360 2424 universam
3395 2380 3614 2426 terram.
3641 2373 3786 2430 LXX
3816 2394 3828 2431 :

2232 2450 2381 2507 Sicut
2415 2471 2562 2509 mons
2603 2457 2878 2530 impiorum
2922 2472 3194 2532 consurget
3239 2461 3499 2518 Dominus
3525 2506 3541 2531 ,
3575 2476 3625 2520 et
3661 2469 3752 2521 erit
3781 2467 3831 2520 in

2231 2545 2366 2600 valle
2395 2546 2632 2616 Gabaon,
2659 2568 2776 2606 cum
2803 2556 2982 2622 furore
3003 2558 3161 2627 faciet
3190 2574 3348 2630 opera
3373 2576 3492 2623 sua,
3517 2561 3832 2617 amaritudi-

2231 2639 2313 2692 nis
2333 2657 2462 2712 opus
2487 2652 2536 2696 et
2565 2648 2716 2716 [uror
2742 2650 2854 2718 ejus
2883 2649 3034 2716 quasi
3054 2648 3241 2706 alienis
3261 2652 3506 2707 abutetur
3535 2671 3555 2707 :
3585 2665 3635 2710 et
3667 2654 3833 2710 aliena

2231 2734 2529 2788 amaritudo
2569 2740 2702 2809 ejus.
2747 2735 2816 2791 Et
2843 2755 2928 2794 vos
2956 2742 3113 2796 nolite
3152 2741 3340 2812 ltetari,
3384 2761 3449 2800 ne
3479 2750 3832 2818 conferuntur

2233 2825 2437 2881 rincula
2487 2841 2678 2898 uestra,
2719 2833 2841 2904 quia
2887 2845 3270 2892 consummatus
3317 2849 3366 2893 et
3403 2838 3732 2896 abbreviatas
3757 2857 3833 2896 res

2230 2921 2411 2976 audivi
2440 2940 2473 2976 ιι
2499 2923 2719 2979 Domino
2746 2922 2858 2981 Deo
2880 2927 3131 2995 Sabaoth,
3149 2946 3276 3000 quas
3302 2930 3544 3001 facturus
3574 2941 3649 2988 est
3683 2949 3834 3004 super

2231 3030 2435 3069 onmem
2481 3025 2693 3073 terram.
2721 3018 2982 3089 Lapidem
3016 3025 3319 3092 pretiosum
3365 3023 3420 3079 in
3461 3025 3834 3084 fundamentis

2232 3107 2364 3164 Sion
2397 3111 2707 3180 positurum
2761 3130 2820 3168 se
2855 3115 3116 3172 Dominus
3148 3118 3489 3190 repromisit,
3525 3131 3582 3175 ut
3608 3122 3836 3178 subver-

521 3215 715 3282 pereat
745 3206 800 3260 in
831 3202 1117 3260 :eterrl'ttm.
1151 3205 1218 3260 Et
1245 3204 1518 3276 ﬂagellum
1552 3203 1717 3276 382
1741 3202 1858 3259 sive
1888 3214 2122 3274 tempes-
2153 3217 2201 3281 ρ
2235 3213 2372 3260 teret
2395 3207 2607 3278 grando
2635 3210 2979 3281 mendacium
3005 3222 3056 3266 et
3091 3213 3383 3286 impiorum
3407 3229 3600 3286 spem;
3635 3216 3834 3274 mus.

520 3308 629 3366 tas,
649 3299 843 3371 dequo
869 3297 1141 3354 dixeratis
1167 3316 1180 3352 :
1208 3296 1506 3372 Flagellum
1527 3297 1792 3351 inundans
1813 3313 1930 3351 cum
1953 3307 2127 3352 trans-

519 3392 674 3456 ierit,
705 3409 810 3446 non
845 3392 1010 3446 ueniet
1044 3407 1201 3463 super
1231 3408 1322 3446 nos
1353 3407 1370 3445 :
1404 3391 1625 3455 veniet,
1675 3397 1733 3443 et
1771 3390 1924 3445 eritis
1966 3390 2016 3446 ei
2074 3390 2126 3445 in

521 3487 995 3544 conculcationem
1024 3529 1038 3553 ,
1088 3486 1194 3542 hoc
1236 3495 1361 3551 est,
1409 3485 1589 3540 omnia
1644 3492 1912 3540 tormenta
1960 3487 2131 3556 patie-

521 3581 686 3648 mini,
721 3597 843 3652 quae
875 3597 972 3635 vos
995 3579 1272 3652 putabatis
1296 3577 1697 3648 desperationis
1721 3580 1902 3634 animo
1928 3594 2128 3651 nequa-

522 3690 683 3746 quam
715 3688 837 3730 esse
869 3687 1148 3745 passuros.
1183 3670 1416 3741 Semper
1457 3671 1602 3726 enim
1648 3670 1822 3727 irruet
1849 3672 2006 3727 vobis
2033 3716 2047 3738 ,
2075 3683 2130 3727 et

524 3779 633 3825 tam
667 3769 721 3823 in
773 3766 1054 3841 prosperis
1099 3781 1263 3838 quam
1313 3765 1367 3819 in
1423 3764 1674 3821 adversis
1723 3766 1858 3820 iram
1913 3766 2128 3822 Domini

521 3863 776 3921 sentietis
799 3905 813 3931 ,
862 3872 917 3918 et
949 3877 1099 3917 mors
1133 3875 1229 3916 vos
1272 3875 1420 3915 saava
1471 3860 1836 3930 p0pulahitur.
1869 3860 2008 3930 Quid
2039 3861 2126 3917 di-

515 3973 636 4014 cam
666 3958 732 4013 de
760 3955 974 4026 poenis?
1005 3954 1293 4010 Poenarum
1323 3953 1440 4008 sola
1477 3951 1712 4008 formido
1741 3961 1798 4008 et
1826 3963 2127 4010 tormento-

515 4068 637 4109 rum
670 4057 848 4107 metus
887 4064 985 4103 vos
1012 4048 1252 4118 corriget
1292 4046 1358 4102 ad
1395 4047 1628 4102 salutem
1657 4089 1671 4114 ,
1699 4056 1754 4102 et
1781 4048 1920 4103 mala
1945 4059 2123 4104 vestra

515 4145 832 4215 intelligere
877 4141 1058 4197 faciet.
1109 4139 1359 4210 Cumque
1402 4140 1582 4195 vexati
1617 4139 1870 4206 fueritis,
1925 4149 2049 4196 tunc
2095 4149 2123 4177 ει

515 4237 702 4294 scietis
728 4234 1027 4305 Prophetas
1059 4249 1211 4288 meos
1242 4249 1368 4288 vera
1391 4232 1619 4287 dixisse.
1644 4232 1911 4303 Quodque
1933 4234 2123 4304 sequi-

515 4338 605 4386 tur
639 4348 653 4384 :
686 4328 1097 4400 Coangustatum
1125 4333 1200 4379 est
1230 4325 1370 4379 enim
1399 4332 1618 4378 stratum
1639 4365 1654 4389 ,
1687 4323 1760 4378 ita
1789 4334 1847 4378 ut
1874 4325 2007 4379 alter
2033 4324 2124 4380 de-

514 4423 688 4488 cidat,
731 4429 779 4476 et
825 4417 1044 4491 pallium
1084 4417 1232 4472 breve
1260 4428 1532 4488 utrumque
1564 4417 1766 4489 operire
1793 4434 1898 4472 non
1926 4427 2117 4490 potest,

514 4517 672 4574 illum
695 4515 858 4570 habet
886 4528 1106 4569 sensum
1137 4527 1299 4584 quem
1330 4512 1382 4565 in
1405 4509 1918 4583 Apostololegimus
1949 4531 1960 4566 :
1996 4512 2121 4567 Non

2230 3317 2337 3373 que
2369 3318 2490 3356 cum
2531 3317 2711 3359 morte
2742 3315 2798 3360 et
2846 3317 3062 3378 pactum
3099 3323 3229 3363 eum
3274 3308 3491 3368 inferno
3538 3320 3836 3384 tempestas

2232 3395 2410 3450 valida
2439 3395 2669 3452 deleret.
2702 3398 2874 3466 Quem
2924 3401 3049 3472 quia
3088 3401 3373 3478 suscipere
3401 3405 3663 3464 illustires
3689 3404 3835 3477 prin-

2231 3488 2379 3558 cipes
2406 3490 2720 3559 noluerunt,
2751 3491 2891 3547 sicut
2934 3493 3209 3562 quondam
3255 3508 3446 3553 contra
3479 3499 3830 3574 Allophylos,

2229 3593 2495 3652 regnante
2523 3584 2711 3651 David,
2745 3585 2797 3641 in
2830 3597 3014 3644 monte
3041 3588 3394 3658 divisionum,
3425 3593 3519 3662 qui
3565 3592 3836 3650 Hebraice

2229 3677 2606 3746 appellabatur
2663 3678 2785 3753 [ΑΙ.
2836 3684 3182 3758 appellatur]
3227 3702 3497 3744 rusnsstu
3547 3688 3831 3761 (DN),

2229 3771 2493 3828 Dominus
2541 3775 2785 3831 concidit
2825 3777 3178 3836 adversarios
3227 3797 3382 3846 suos,
3416 3783 3565 3840 unde
3601 3797 3664 3842 et
3687 3784 3834 3842 locus

2228 3879 2426 3920 nomen
2456 3868 2689 3939 accepit.
2741 3869 2807 3924 Et
2833 3871 2978 3926 sicut
3003 3870 3058 3927 in
3085 3872 3222 3928 valle
3266 3873 3491 3930 Gabaon
3513 3916 3535 3941 ,
3567 3878 3674 3933 sub
3706 3877 3832 3933 .lesu

2227 3959 2492 4030 principe,
2528 3961 2749 4031 quando
2774 3961 2967 4020 fiducia
3001 3963 3302 4022 habitantis
3323 3967 3380 4024 in
3404 3983 3462 4024 sc
3491 3968 3594 4026 Dei
3611 3970 3831 4028 locutus

2227 4061 2314 4107 est
2347 4071 2360 4107 :
2398 4052 2508 4109 Stet
2532 4054 2612 4109 sol
2640 4057 2692 4109 in
2722 4053 2960 4125 Cabaon,
2990 4068 3034 4114 et
3061 4058 3186 4114 luna
3217 4073 3401 4117 contra
3426 4064 3829 4122 uallemAialon

2227 4142 2338 4216 [AL
2367 4145 2527 4219 Elon]
2573 4145 2756 4220 (Josue
2783 4166 2838 4217 ι,
2869 4150 2956 4223 12)
2992 4169 3004 4206 :
3051 4159 3108 4208 et
3135 4154 3289 4209 stetit
3311 4155 3394 4210 sol
3443 4158 3627 4228 spatio
3673 4158 3829 4214 unius

2228 4236 2367 4305 diei;
2417 4241 2685 4314 multique
2711 4244 2780 4302 de
2808 4246 3130 4319 alienigenis
3174 4251 3461 4320 perierunt
3490 4271 3505 4305 -.
3537 4253 3621 4310 sic
3639 4266 3830 4311 contra

2228 4331 2430 4404 impios
2455 4346 2510 4390 et
2539 4336 2797 4394 illusores
2823 4341 3087 4397 irascetur
3108 4343 3396 4413 Dominus,
3426 4355 3485 4402 ut
3505 4347 3670 4406 iaciat
3698 4365 3831 4421 opus

2226 4439 2406 4480 suum.
2430 4438 2450 4465 ο
2472 4427 2588 4484 Νοιι
2613 4439 2698 4486 est
2719 4433 2864 4488 enim
2885 4449 3024 4504 opus
3043 4435 3258 4493 Domini
3273 4439 3508 4508 perdere
3531 4457 3831 4514 quoscrea-

2228 4519 2304 4573 vit
2329 4535 2344 4585 ;
2377 4521 2473 4576 sed
2509 4521 2692 4580 facere
2723 4542 2860 4598 opus
2885 4528 3152 4598 alienum,
3175 4532 3320 4602 quod
3350 4533 3416 4588 ad
3441 4535 3830 4594 crudelitatem

515 4609 726 4684 potestis
755 4607 969 4663 calicem
1012 4605 1221 4660 Domini
1252 4604 1423 4660 bibere
1443 4647 1458 4672 ,
1504 4615 1552 4660 et
1597 4605 1810 4661 calicem
1842 4606 2126 4664 dtemonio-
2147 4615 2204 4676 Ι)
2233 4616 2406 4684 magis
2433 4632 2596 4688 quam
2619 4620 2686 4674 ad
2717 4621 3064 4678 clementiam
3099 4624 3358 4696 pertinet.
3407 4627 3752 4704 Rursumque
3777 4630 3829 4688 id

514 4720 654 4759 rum.
689 4700 812 4756 Non
844 4699 1058 4773 potestis
1097 4715 1288 4755 mensa:
1319 4698 1531 4753 Domini
1572 4715 1681 4754 esse
1727 4702 2004 4775 participes
2028 4743 2044 4770 ,
2077 4713 2124 4758 et

519 4811 712 4852 mensae
752 4794 1014 4848 idolorum
1047 4791 1116 4863 (ll
1147 4793 1264 4848 Cor.
1308 4809 1364 4860 x,
1409 4791 1482 4848 20
1505 4833 1521 4860 ,
1546 4793 1661 4864 21);
1693 4803 1745 4848 et
1775 4794 1904 4850 alibi
1943 4813 1956 4848 :
1993 4795 2125 4862 Qua:

511 4887 846 4963 participatio
859 4886 1084 4956 justitia:
1113 4902 1231 4939 cum
1260 4885 1531 4956 iniquitate
1550 4886 1575 4938 ?
1620 4883 1749 4950 Quae
1774 4887 1990 4942 societas
2017 4887 2126 4944 luci

510 4985 580 5040 ad
617 4981 890 5038 tenebras?
922 4979 1050 5048 Qua:
1087 4980 1358 5035 conventio
1403 4977 1597 5034 Christi
1625 4981 1694 5034 ad
1738 4979 1950 5037 Belial?
1995 4982 2124 5051 Qua:

507 5093 631 5152 pars
661 5073 806 5143 ﬁdeli
827 5089 945 5128 cum
974 5071 1216 5143 inﬁdeli?
1235 5071 1338 5140 Qui
1364 5072 1855 5143 consensustemplo
1881 5074 1976 5130 Dei
2007 5091 2124 5129 cum

506 5168 665 5226 idolis
691 5166 893 5241 (llCor.
942 5181 1014 5234 vt,
1042 5166 1130 5233 14,
1160 5163 1277 5235 15)?
1307 5163 1574 5236 Loquitur
1601 5177 1782 5223 autem
1809 5169 1912 5224 sub
1941 5179 2117 5223 meta-

509 5264 687 5336 phora
711 5262 892 5317 mariti
934 5258 1308 5332 pudicissimi,
1342 5261 1434 5332 qui
1463 5259 1727 5316 adultera:
1766 5260 1899 5316 dicit
1923 5262 2116 5316 uxori:

507 5361 659 5418 Unus
682 5359 927 5417 lectulus
961 5371 1048 5412 me
1097 5365 1152 5411 et
1180 5355 1492 5412 adulterum
1543 5363 1720 5410 tecum
1770 5371 1971 5428 capere
2009 5371 2120 5412 non

503 5467 723 5532 potest,
757 5465 813 5512 et
833 5453 1062 5526 pallium
1092 5453 1260 5510 breve
1291 5454 1548 5508 maritum
1595 5461 1651 5506 et
1679 5451 1952 5507 moechum
1984 5465 2120 5507 coo-

502 5555 688 5627 perire
718 5566 826 5607 non
846 5547 1141 5622 praevalet.
1173 5549 1217 5602 0
1250 5547 1416 5618 igitur
1459 5544 1768 5602 Jerusalem
1794 5585 1810 5612 ,
1860 5544 1926 5600 ad
1955 5560 2118 5615 quam

569 5696 595 5723 ⁸
622 5687 772 5750 Vat.,
795 5694 914 5740 tunc
933 5681 1351 5738 animadvertetis
1377 5681 1682 5751 praphetas,
1706 5689 1818 5736 etc.

573 5756 601 5794 δ
639 5756 787 5812 ldetn
835 5773 927 5826 pro
965 5771 1067 5825 quo
1093 5757 1151 5810 in
1171 5751 1337 5809 LXX.
1371 5751 1439 5807 Et
1473 5767 1620 5820 mox,
1656 5753 1794 5824 quod
1818 5769 1968 5825 quem
1995 5770 2111 5810 sen-

537 5839 645 5897 um,
675 5837 786 5884 etc.

2228 4707 2406 4779 ipsum
2453 4711 2576 4767 aliis
2623 4715 2805 4771 verbis
2853 4719 3072 4787 repetit,
3123 4730 3179 4774 ut
3223 4731 3461 4794 aperetur
3486 4740 3618 4794 Opus
3647 4742 3824 4782 suum.

2228 4801 2346 4859 Non
2394 4814 2477 4861 est
2509 4822 2646 4878 opus
2683 4813 2804 4879 ejus
2836 4813 3031 4881 punire
3075 4825 3393 4888 peccantes,
3444 4819 3539 4874 sed
3573 4821 3827 4892 peregri-

2229 4913 2386 4964 num,
2413 4908 2471 4954 et
2497 4900 2737 4957 alienum
2777 4904 2847 4960 ab
2877 4920 2964 4973 eo,
2999 4915 3060 4962 ut
3091 4909 3280 4980 puniat
3318 4911 3412 4982 qui
3441 4912 3700 4974 Salvator
3724 4925 3827 4974 est.

2227 4988 2496 5058 Quoniam
2531 4993 2698 5065 igitur
2718 4996 2785 5051 de
2832 4998 3094 5068 patientia
3135 5016 3232 5057 sua
3287 5017 3709 5064 resurrecturus
3746 5018 3830 5067 est

2233 5080 2523 5151 Dominus,
2558 5093 2614 5140 et
2654 5103 2991 5160 nequaquam
3029 5095 3342 5165 parciturus
3375 5099 3566 5158 :sicut
3591 5117 3701 5158 non
3731 5119 3828 5175 pe-

2221 5177 2400 5244 percit
2431 5177 2485 5232 in
2519 5191 2706 5236 monte
2736 5181 3042 5256 Pbarasim,
3070 5197 3126 5244 et
3157 5190 3209 5244 in
3241 5192 3384 5248 valle
3398 5192 3637 5254 Sabaon
3670 5215 3683 5254 :
3711 5213 3828 5253 mo-

2225 5282 2330 5323 neo
2353 5284 2477 5338 vos,
2513 5287 2546 5328 ο
2572 5273 2673 5327 viri
2706 5273 2988 5348 illnsores,
3015 5289 3074 5336 ut
3117 5298 3459 5356 nequaquam
3497 5289 3733 5352 rideatis
3761 5292 3826 5350 de

2221 5362 2509 5433 prophetis
2532 5367 2692 5435 meis,
2716 5378 2769 5425 et
2793 5387 2899 5426 non
2926 5376 3129 5444 putetis
3151 5387 3380 5436 ventura
3402 5386 3824 5456 quatiuntiant,

2227 5469 2294 5510 ne
2343 5462 2387 5511 si
2434 5465 2848 5529 permanseritis
2903 5467 2956 5524 in
3009 5469 3328 5541 illudendo,
3377 5478 3818 5554 constringantut

2225 5547 2441 5605 vincula
2475 5565 2828 5624 peccatorum
2857 5572 3165 5622 vestrorum
3195 5566 3455 5639 (Funibus
3481 5547 3826 5650 enim'pxca-

2294 5688 2508 5780 fA-Legit
2528 5692 2805 5780 Victorius
2835 5701 2936 5780 sub
2962 5702 3334 5780 interrogandi
3354 5723 3506 5780 nom,
3544 5726 3659 5771 tum
3679 5718 3825 5774 addit

2217 5772 3480 5866 ξῗῗῖῗαξῗζ’.ἐ“.ἒ.ἑί⁸ἓίἴῗῧῗθεοὲξ³ἐάἱδρηε
3489 5772 3655 5846 λυθείς»
3676 5772 3827 5866 me}
