4014 6440
546 318 651 376 3‘27

1821 314 1881 374 S.
1923 313 2193 376 EUSEBII
2233 311 2611 375 HIERONYMI

3751 313 3846 372 518

542 435 783 492 da'orum
830 434 1039 506 magnis
1075 431 1350 505 torquebit
1378 430 1682 504 suppliciis.
1715 430 1812 487 Cui
1843 434 1987 489 enim
2023 435 2144 504 plus
2173 437 2221 496 A
2251 436 2420 489 lassus
2458 435 2630 490 adhuc
2671 433 2800 498 sitit,
2825 442 2874 488 et
2912 431 3088 487 anima
3135 434 3250 506 ejus
3293 447 3456 488 vacua
3493 439 3606 488 est:
3639 433 3716 488 sic
3759 435 3848 489 erit

542 531 810 592 creditur,
867 530 985 598 plus
1034 528 1280 598 exigetur
1314 528 1384 582 ab
1431 542 1518 582 eo.
1573 525 1638 580 Et
1668 542 1866 594 servus,
1913 529 2004 598 qui
2055 528 2150 580 scit

545 625 857 680 voluntatem
883 622 1089 678 Domini
1118 625 1220 687 sui,
1261 633 1309 677 et
1347 640 1450 678 non
1490 623 1666 694 fecerit
1705 639 1841 689 eam,
1887 623 2150 690 vapulabit

544 717 719 772 multis
772 717 937 790 (Luc.
976 733 1071 785 xu,
1106 718 1234 787 l7);
1264 726 1319 773 et
1347 717 1400 772 in
1434 716 1541 770 alio
1569 717 1689 771 loco
1720 719 1981 784 scriptum
2023 725 2146 771 cst:

540 809 784 865 Potentes
807 819 1036 878 potenter
1058 820 1310 864 tormenta
1331 809 1590 879 patientur
1615 807 1765 879 (Sap.
1800 825 1873 874 vi,
1924 806 2002 881 7).
2049 807 2149 862 Ve-

544 914 848 958 rumtamen
882 917 1115 957 noneos
1159 901 1432 972 torquebit
1488 902 1539 954 in
1594 911 1936 972 perpetuum.
1988 898 2147 954 Aliud

539 996 683 1050 enim
720 1003 806 1050 est
834 1009 956 1050 esse
984 996 1229 1063 impium,
1276 993 1422 1049 aliud
1463 1003 1830 1063 peccatorem.
1860 993 2016 1060 Quod
2051 1008 2148 1047 nos

541 1089 609 1146 de
637 1089 887 1161 gentibus
912 1098 966 1145 et
1001 1088 1208 1144 Iudaeis
1238 1088 1582 1158 interpretati
1614 1103 1822 1155 sumus,
1854 1088 1943 1142 alii
1975 1103 2149 1156 expo-

541 1191 676 1236 nunt
700 1197 866 1252 super
889 1183 1090 1253 populo
1120 1191 1176 1236 et
1219 1180 1631 1244 Sacerdotibus,
1667 1181 1812 1251 quod
1836 1179 2028 1250 vulgus
2058 1179 2145 1234 in-

538 1274 760 1331 doctum
795 1277 850 1330 in
877 1277 966 1332 die
1007 1274 1199 1346 judicii
1247 1275 1402 1344 quasi
1431 1275 1544 1345 gitti
1575 1284 1630 1329 et
1665 1274 1939 1345 cyminum
1970 1271 2146 1328 corri-

537 1371 718 1442 piatur
747 1371 895 1439 virga
924 1381 974 1426 et
1010 1370 1234 1433 baculo;
1275 1367 1590 1424 sacerdotes
1617 1378 1796 1422 alitem
1824 1367 1915 1440 qui
1945 1368 2146 1422 habue-

460 1452 466 1457 κ
537 1473 665 1520 runt
691 1465 898 1520 clavem
927 1462 1190 1524 scientia},
1218 1461 1430 1534 magnis
1454 1463 1736 1531 suppliciis
1761 1472 2142 1532 torqueantur:

535 1569 592 1614 et
620 1560 723 1613 boc
754 1559 967 1614 Domini
999 1561 1091 1612 liat
1129 1557 1357 1627 judicio,
1410 1559 1502 1627 qui
1556 1557 1796 1613 ostendit
1840 1558 1892 1612 in
1933 1559 2146 1614 cunctis

538 1651 786 1707 mirabile
807 1650 1093 1706 c0usilium
1120 1666 1277 1705 suum
1307 1659 1361 1705 et
1382 1649 1610 1720 justiti-.13
1635 1654 1942 1717 veritatem,
1969 1662 2027 1705 ut
2055 1651 2147 1720 qui

536 1747 661 1819 plus
690 1756 1051 1817 acceperunt,
1097 1747 1218 1815 plus
1245 1755 1494 1816 exigatur
1519 1747 1587 1800 ab
1631 1747 1732 1802 eis.
1768 1746 1871 1801 Pro
1913 1762 1979 1802 eo
2002 1747 2146 1816 quod

2259 529 2536 583 multitudo
2577 529 2806 582 omnium
2848 528 3074 598 gentium
3113 543 3231 593 qum
3268 527 3642 582 dimicaverunt
3681 537 3848 581 contra

2253 632 2479 676 montem
2523 620 2673 677 Sion.
2719 619 2900 676 LXX:
2939 620 3031 675 νω
3075 619 3254 686 Ariel,
3295 621 3438 676 Aricl
3475 622 3654 674 civitas
3701 637 3848 690 quam

2253 715 2563 786 expugnavit
2595 712 2786 770 David.
2826 714 3140 788 Congregate
3169 714 3451 788 genimina,
3477 731 3672 769 annum
3701 731 3849 784 super

2253 826 2445 862 annum
2470 809 2740 876 comedite,
2764 809 3041 863 comedetis
3060 810 3195 863 enim
3222 825 3338 863 cum
3376 807 3532 863 Moab
3555 824 3574 863 :
3602 824 3848 882 coangus-

2254 902 2369 955 tabo
2390 904 2524 956 enim
2546 903 2708 970 Ariel,
2726 912 2772 956 et
2801 903 2898 956 erit
2920 903 3174 974 fortitudo
3194 901 3340 957 illius
3361 911 3408 958 et
3429 903 3624 958 divitia'
3646 902 3794 971 mihi,
3810 915 3846 958 et

2252 995 2580 1050 circumdabo
2601 997 2729 1050 sicut
2748 995 2918 1050 David
2935 1004 3175 1066 superte:
3194 1004 3243 1051 et
3265 997 3467 1050 mittam
3486 995 3681 1051 vallum
3695 997 3748 1050 in
3759 998 3851 1051 cir-

2251 1090 2391 1142 cuitu
2416 1099 2525 1156 tuo,
2540 1099 2588 1144 et
2609 1106 2796 1160 ponam
2826 1105 2916 1159 per
2931 1106 3113 1160 gyrum
3135 1090 3209 1144 tui
3231 1098 3418 1153 turres,
3441 1100 3488 1144 et
3506 1088 3850 1144 Itumilialmn-

2251 1188 2334 1232 tur
2357 1181 2412 1236 in
2441 1189 2631 1236 terram
2660 1198 2918 1238 sermones
2941 1184 3016 1236 tui
3038 1198 3057 1236 :
3083 1191 3129 1236 et
3157 1183 3210 1237 in
3236 1193 3426 1237 terram
3453 1185 3683 1238 occident
3711 1183 3848 1238 verba

2251 1282 2361 1326 tua.
2406 1271 2478 1326 Et
2526 1275 2620 1329 erit
2667 1275 2799 1328 sicut
2828 1273 3144 1346 loquentium
3199 1275 3264 1329 de
3303 1287 3440 1331 terra
3499 1291 3600 1330 vox
3636 1285 3760 1344 tua,
3809 1285 3846 1328 et

2250 1382 2408 1436 usque
2453 1367 2522 1419 ad
2553 1367 2901 1436 pavimentum
2941 1383 3039 1422 vox
3074 1378 3162 1422 tua
3186 1368 3558 1438 inﬁrmabitur.
3591 1366 3662 1422 Et
3709 1380 3845 1423 erunt

2248 1458 2380 1512 sicut
2424 1459 2590 1527 pulvis
2630 1459 2796 1531 388
2839 1460 2902 1512 de
2932 1471 3048 1513 rota
3077 1459 3274 1514 divitia:
3303 1461 3578 1525 impiorum
3601 1476 3621 1515 :
3647 1471 3697 1516 et
3727 1462 3848 1515 sicut

2251 1554 2430 1622 favilla
2455 1571 2571 1624 quae
2602 1563 2806 1622 rapitur
2830 1594 2845 1619 ,
2875 1554 3155 1610 multitudo
3184 1571 3359 1611 eorum
3403 1557 3491 1626 qui
3517 1567 3567 1610 te
3586 1573 3846 1629 oppresse-

2251 1656 2413 1702 runt:
2456 1649 2652 1719 eritque
2686 1649 2740 1702 in
2783 1659 2972 1720 puncto
3015 1659 3220 1721 repente
3262 1668 3294 1704 a
3345 1649 3570 1704 Domino
3617 1651 3845 1705 sabaotlt.

2258 1741 2500 1797 Visitatio
2555 1743 2691 1796 enim
2733 1744 2828 1797 erit
2873 1760 2986 1798 cum
3033 1745 3228 1798 tonitru
3255 1787 3269 1810 ,
3323 1755 3372 1798 et
3418 1747 3765 1801 commotione
3808 1755 3846 1801 et

538 1856 640 1896 nos
665 1840 1007 1911 interpretati
1052 1854 1280 1894 sumus:
1314 1841 1369 1894 in
1407 1841 1552 1913 virga
1588 1841 1878 1895 excutietur
1918 1841 2048 1911 gitlt,
2093 1849 2142 1894 et
2174 1844 2222 1903 B
2248 1851 2367 1890 voce
2396 1853 2604 1910 magna,
2647 1848 2921 1900 tempestas
2949 1836 3141 1900 valida,
3189 1847 3236 1892 et
3275 1840 3488 1909 ﬂamina
3527 1840 3662 1912 ignis
3698 1841 3844 1895 devo-

537 1937 798 2006 cgminnm
819 1937 870 1989 in
892 1934 1095 2004 baculo,
1133 1934 1319 1990 nescio
1348 1935 1475 2006 quid
1504 1937 1750 1990 volentes
1789 1935 1932 1991 LXX
1965 1947 2144 1990 trans-

537 2031 784 2086 tulerunt
811 2046 825 2084 :
853 2031 1114 2102 cyminum
1136 2041 1310 2084 autem
1334 2045 1448 2083 cum
1477 2045 1610 2098 pane
1633 2029 1939 2084 comeditur.
1985 2030 2148 2086 Deni-

537 2138 646 2194 que
685 2131 740 2178 et
786 2131 1000 2178 veteres
1031 2123 1258 2178 Gra'cize
1307 2124 1636 2191 interpretes
1668 2122 1988 2178 llebraicum
2036 2123 2147 2178 dis-

536 2229 822 2284 serentes,
858 2218 927 2273 de
976 2219 1078 2272 hoc
1109 2232 1364 2272 sermone
1393 2227 1703 2284 tacuerunt,
1753 2219 1876 2286 quia
1918 2216 2144 2272 forsitan

538 2311 668 2384 quid
700 2311 950 2367 dicerent
977 2327 1084 2366 non
1123 2311 1414 2368 habebant.
1442 2311 1576 2366 Illud
1608 2321 1788 2367 autem
1829 2311 1881 2366 in
1910 2327 2018 2381 quo
2047 2326 2146 2366 nos

533 2406 690 2476 justa
724 2406 1044 2462 Ilebraicnm
1072 2408 1351 2474 posuimus
1374 2422 1388 2458 :
1423 2403 1614 2459 Verum
1637 2422 1738 2458 non
1765 2405 1818 2458 in
1841 2415 2146 2473 perpetuum

537 2499 786 2554 triturans
830 2498 1092 2553 triturabit
1147 2479 1329 2564 illum,
1380 2513 1547 2569 neque
1599 2497 1802 2551 vexabtt
1849 2498 1998 2551 illum
2033 2506 2147 2550 rota

533 2593 777 2666 plaustri,
810 2609 899 2646 nec
931 2592 1138 2663 ungulis
1166 2591 1276 2646 suis
1311 2590 1624 2646 comminuet
1663 2606 1813 2656 eum,
1859 2588 2003 2644 LXX
2035 2604 2144 2644 non

529 2687 681 2758 jUXlil
713 2687 874 2760 337
897 2689 1160 2752 verbum,
1193 2685 1287 2740 sed
1319 2684 1474 2755 juxta
1527 2700 1750 2739 sensum
1801 2682 2143 2752 interpretati

536 2793 698 2838 sunt:
730 2780 910 2852 Neque
951 2783 1087 2836 enim
1126 2796 1219 2850 ego
1249 2779 1302 2833 in
1347 2779 1716 2849 sempiternum
1757 2778 1953 2833 irascar
1979 2777 2143 2846 vobis,

536 2892 630 2931 nec
655 2892 754 2932 vox
773 2875 1136 2930 amaritudinis
1155 2890 1283 2930 mea:
1307 2872 1630 2928 conrulcubit
1671 2888 1758 2927 vos
1781 2889 1798 2928 :
1853 2871 2143 2928 05teudeu-

537 2979 619 3025 tes
648 2969 824 3024 futura
864 2969 1262 3042 peccatoribus,
1311 2976 1434 3030 post
1484 2974 1780 3031 tormenta,
1834 2965 2137 3036 rclrigeria,

533 3067 590 3112 et
639 3057 752 3112 haec
777 3062 927 3127 quasi
962 3067 1216 3127 portenta
1247 3063 1409 3124 atque
1454 3053 1724 3108 mirabilia
1771 3069 1988 3124 egressa
2019 3067 2145 3108 esse

533 3163 565 3205 α
597 3148 849 3202 Domino.
897 3145 1050 3203 Unde
1081 3149 1394 3217 prmcipittir
1430 3146 1805 3214 peccatoribus
1836 3147 1926 3214 qui
1955 3155 2142 3216 postea

2249 1946 2391 1985 rans.
2442 1929 2512 1983 Et
2551 1940 2698 1984 erunt
2720 1931 2975 2001 quomodo
3003 1932 3216 1986 videntis
3237 1933 3492 1986 somnium
3524 1942 3693 1998 nocte,
3725 1933 3844 1986 divi-

2249 2026 2334 2079 tia:
2375 2025 2601 2079 omnium
2649 2026 2876 2095 gentium
2914 2041 3029 2094 qum
3069 2025 3421 2080 militaverunt
3455 2035 3635 2083 contra
3679 2027 3844 2082 Ariel:

2249 2130 2296 2173 et
2318 2135 2490 2174 omnes
2523 2121 2612 2191 qui
2625 2132 2976 2193 pugnaverunt
2997 2133 3172 2175 contra
3198 2119 3523 2188 Jerusalem,
3555 2130 3601 2174 et
3631 2122 3844 2176 universi

2247 2213 2336 2283 qui
2380 2214 2675 2287 congregati
2724 2223 2841 2267 sunt
2883 2231 3040 2282 super
3083 2231 3226 2280 eam,
3277 2226 3324 2269 et
3371 2217 3679 2285 afﬂixerunt
3718 2233 3839 2271 eam.

2251 2305 2520 2377 Erantque
2555 2309 2683 2362 sicut
2723 2309 2810 2377 qui
2850 2309 2903 2362 in
2928 2310 3120 2362 somnis
3163 2310 3392 2364 esuriant
3445 2320 3494 2365 et
3536 2314 3838 2365 comedunt:

2248 2403 2808 2470 cumquesurrexerint,
2841 2419 3028 2457 vanum
3056 2412 3131 2457 est
3150 2405 3402 2459 somnium
3427 2421 3630 2465 eorum.
3655 2415 3704 2460 et
3722 2407 3840 2458 sicut

2247 2495 2336 2564 qui
2364 2511 2452 2567 per
2479 2496 2731 2549 somnium
2755 2496 2861 2550 sitit
2891 2508 2942 2551 et
2975 2495 3122 2562 bibit,
3177 2514 3292 2551 cum
3341 2499 3648 2563 surrexerit,
3679 2500 3840 2552 adhuc

2247 2587 2412 2654 sitiet,
2441 2599 2487 2642 et
2519 2591 2692 2644 anima
2721 2594 2834 2662 ejus
2871 2594 3064 2662 frustra
3086 2592 3307 2661 speravit
3331 2607 3350 2646 :
3369 2593 3443 2646 sic
3465 2605 3616 2648 erunt
3658 2594 3840 2647 dicitur

2247 2682 2472 2736 Omnium
2492 2683 2720 2754 gentium
2740 2701 2853 2748 qua:
2873 2685 3221 2739 militaverunt
3246 2696 3426 2740 contra
3448 2699 3673 2741 montem
3695 2687 3834 2742 Sion.

2249 2772 2353 2828 Pro
2383 2791 2448 2830 eo
2474 2778 2616 2845 quod
2644 2793 2742 2831 nos
2772 2778 3110 2847 interpretati
3143 2796 3352 2847 sumus,
3389 2779 3500 2844 ναν,
3533 2782 3586 2836 in
3622 2781 3837 2837 Hebraeo

2248 2871 2510 2938 scriptum
2535 2881 2620 2926 est
2643 2887 2698 2927 οι
2730 2872 2857 2946 (wn)
2881 2917 2894 2938 ,
2923 2873 3063 2943 quod
3090 2874 3232 2947 apud
3259 2890 3355 2931 eos
3385 2874 3659 2932 interdum
3693 2891 3837 2931 voca-

2249 2958 2359 3012 tivo
2392 2975 2518 3015 Casu
2563 2961 2782 3030 dicitur,
2833 2974 2888 3016 ut
2921 2979 3026 3018 n0n
3077 2966 3292 3036 plangat
3321 2967 3491 3025 Arii-1.
3525 2967 3623 3022 sed
3657 2980 3833 3031 vocet;

2247 3052 2451 3108 licetiu
2501 3057 2758 3126 prmscnti
2801 3057 2922 3113 loco
2953 3074 3053 3128 pro
3094 3059 3310 3130 planctu
3340 3061 3723 3132 accipit-udum
3753 3063 3834 3118 sit.

2247 3146 2290 3199 Α
2321 3145 2386 3200 icl
2413 3164 2628 3218 quoque
2679 3149 3067 3220 interpretatur
3105 3149 3186 3207 leo
3217 3151 3342 3218 Dei;
3387 3165 3442 3208 et
3489 3170 3588 3223 pro
3628 3155 3836 3211 civitate

537 3241 794 3313 puniendi
825 3250 970 3307 sunt,
1004 3250 1061 3296 nt
1091 3244 1274 3296 ineant
1302 3242 1612 3304 consilium,
1643 3252 1699 3296 et
1727 3241 1969 3295 exaltent
2001 3255 2136 3294 con-
2163 3256 2209 3318 ρ
2243 3257 2402 3312 quam
2454 3245 2646 3315 Aquila
2699 3245 3087 3317 interpretatus
3131 3258 3234 3315 est,
3278 3251 3562 3323 πολίχνην,
3609 3253 3710 3306 hoc
3738 3261 3832 3315 est,

540 3336 863 3390 Solationem
895 3350 1069 3400 suam,
1126 3350 1467 3406 nequaquam
1525 3351 1747 3399 vanam,
1808 3345 1865 3388 ut
1910 3351 1938 3388 a
1992 3332 2136 3388 LXX

536 3429 778 3485 additum
811 3441 891 3483 est
909 3471 922 3495 ,
948 3430 1042 3484 sed
1065 3429 1319 3486 absolute
1344 3429 1800 3483 consolationem.
1831 3426 2135 3497 Numquam

536 3527 680 3580 enim
714 3523 857 3580 Dens
896 3526 1236 3594 przeciperet,
1288 3533 1345 3578 ut
1375 3523 1679 3578 exultarent
1717 3537 1908 3577 ranam
1940 3536 2139 3576 conso-

535 3620 793 3676 lationem
820 3635 996 3683 suam,
1024 3635 1146 3690 quae
1174 3618 1255 3674 eis
1285 3635 1393 3674 non
1417 3630 1536 3674 erat
1569 3618 1872 3686 profutura.

608 3713 760 3780 (Cap.
785 3710 931 3767 XIX.
953 3741 1026 3755 —-
1054 3711 1208 3766 Vers.
1234 3719 1294 3776 1,
1319 3711 1508 3782 seqq.)
1544 3711 1630 3766 γω
1662 3711 1823 3777 Ariel,
1852 3711 1992 3766 Ariel
2013 3712 2137 3766 civi-

533 3814 648 3870 tas,
688 3821 846 3878 quam
899 3803 1208 3877 expugnavit
1258 3802 1444 3857 David.
1487 3804 1709 3858 Additus
1747 3812 1821 3858 est
1860 3821 2026 3858 annus
2066 3804 2136 3858 ad

530 3917 745 3969 annum,
768 3899 1116 3956 solemnitates
1135 3897 1355 3955 evoluta:
1372 3907 1509 3952 sunt.
1537 3896 1945 3953 Circumvallabo
1970 3898 2131 3962 Ariel,

531 4005 578 4051 et
609 3997 704 4049 erit
726 3996 887 4050 tristis
909 4006 956 4048 et
990 4010 1244 4060 maerens;
1284 4002 1334 4048 et
1373 3993 1471 4048 erit
1508 3993 1635 4046 mihi
1672 3993 1821 4065 quasi
1856 3993 2019 4046 Ariel.
2064 3989 2132 4043 Et

531 4088 864 4144 circumdabo
891 4089 1038 4158 quasi
1061 4087 1315 4159 sphazram
1354 4088 1409 4140 in
1439 4087 1661 4141 circuitu
1701 4096 1810 4150 tuo,
1851 4097 1900 4142 et
1943 4087 2133 4152 iaciant

529 4193 713 4236 contra
733 4192 781 4234 te
802 4196 1064 4253 aggerem,
1095 4188 1144 4233 et
1166 4180 1487 4234 munimenta
1509 4197 1697 4249 ponam
1727 4180 1781 4233 in
1810 4178 2132 4233 obsidionem

531 4283 695 4327 tuam.
722 4271 1115 4337 Humiliaberis,
1139 4271 1203 4325 de
1227 4280 1364 4325 terra
1403 4271 1646 4339 loqueris.
1671 4279 1716 4324 et
1742 4270 1805 4323 de
1842 4269 1998 4323 humo
2035 4287 2132 4323 au-

529 4365 697 4420 dietur
737 4364 998 4436 eloquium
1025 4374 1188 4427 tuum,
1218 4372 1266 4417 et
1309 4363 1405 4415 erit
1431 4363 1579 4434 quasi
1611 4361 1851 4433 pytltouis
1892 4364 1956 4415 de
1993 4373 2130 4416 terra

529 4473 628 4512 vox
671 4466 779 4520 tua,
820 4465 866 4510 et
906 4454 972 4510 de
1015 4457 1172 4508 humo
1217 4454 1474 4526 eloquium
1518 4463 1665 4508 tuum
1706 4454 2018 4508 mussitabit.
2059 4453 2129 4509 Et

520 4551 618 4606 erit
656 4551 784 4604 sicut
826 4547 992 4619 pulvis
1031 4549 1198 4603 tenuis
1242 4548 1520 4602 multitudo
1569 4549 1919 4604 ventilantiutn
1958 4561 2036 4614 te,
2079 4549 2127 4604 et

2243 3337 2565 3407 oppidu'um,
2598 3339 2711 3394 sive
2751 3341 2994 3404 vicnlum,
3043 3343 3094 3396 in
3130 3342 3363 3398 llebra-o
3397 3346 3578 3414 legunt
3609 3361 3836 3402 csatnl

2242 3428 2456 3518 (η’-Ρ),
2481 3431 2622 3499 quod
2654 3433 2875 3503 proiirie
2896 3435 3072 3489 villam
3097 3437 3386 3507 signiﬁcat,
3420 3448 3476 3492 et
3505 3439 3683 3510 lingua
3709 3441 3833 3512 Syra

2240 3523 2442 3578 dicitur
2469 3534 2493 3560 θ
2522 3525 2743 3591 Cartha,
2783 3531 2924 3584 unde
2965 3539 3019 3584 et
3063 3529 3187 3585 villa
3230 3531 3492 3588 silvarqu
3539 3536 3836 3602 appellatur

2241 3629 2474 3671 CARIA‘I‘B
2495 3621 2859 3687 autumni”
2879 3627 3068 3710 nv-p).
3092 3622 3337 3694 Denique
3367 3635 3421 3679 et
3453 3625 3505 3679 in
3537 3628 3832 3697 superiori-

2242 3707 2343 3762 bus
2375 3708 2480 3780 (Ad
2507 3727 2623 3782 cap.
2649 3728 2694 3774 I,
2728 3712 2822 3782 2|)
2859 3717 2946 3768 ubi
2981 3707 3248 3783 legimus:
3293 3716 3566 3785 Quomodo
3595 3721 3737 3789 [acta
3766 3729 3833 3774 est

2237 3805 2480 3860 meretrix
2503 3808 2682 3862 civitas
2697 3807 2872 3877 fidelis
2891 3809 3061 3866 Sion?
3089 3826 3187 3882 pro
3212 3811 3450 3878 civitate,
3469 3811 3686 3868 Cariarlt
3703 3814 3833 3869 scri-

2239 3896 2412 3962 bitur,
2463 3899 2512 3953 id
2561 3911 2677 3968 est,
2734 3902 2900 3956 villa:
2951 3918 3113 3975 quam
3172 3921 3272 3960 nos
3323 3915 3379 3960 ut
3427 3909 3832 3962 translationem

2237 3993 2444 4063 Aquila:
2473 3996 2844 4064 exprimamus
2867 3997 2931 4050 ad
2980 3999 3228 4065 verbum,
3277 3999 3600 4055 civitatulam
3647 4017 3832 4072 posu-

2237 4101 2355 4140 mus
2401 4087 2607 4144 dicere.
2652 4088 2816 4160 Igitur
2844 4090 3005 4158 Ariel,
3053 4089 3106 4146 id
3141 4099 3244 4157 est,
3277 4094 3357 4147 leo
3400 4092 3519 4160 Dei,
3565 4096 3832 4166 quondam

2235 4180 2534 4235 fortissima
2574 4191 2800 4237 Vocatur
2827 4183 3130 4240 Jerusalem
3157 4203 3170 4238 :
3205 4185 3318 4240 sive
3359 4196 3416 4241 ut
3445 4186 3541 4242 alii
3571 4189 3832 4243 arbitran-

2236 4282 2346 4339 tur,
2386 4276 2645 4344 templum
2678 4284 2734 4330 et
2762 4276 2934 4332 altare
2966 4277 3058 4332 Dei
3091 4279 3233 4348 quod
3270 4291 3385 4335 erat
3429 4282 3480 4336 in
3508 4281 3829 4336 Jerusalem.

2233 4365 2494 4437 Quodque
2514 4379 2802 4439 sequitur:
2832 4369 3002 4437 Quam
3031 4375 3344 4446 expugnavit
3381 4373 3576 4435 David.
3613 4391 3709 4442 pro
3735 4390 3831 4443 quo

2233 4460 2626 4530 interpretatus
2675 4471 2760 4516 est
2815 4464 3206 4534 Symmachus,
3261 4479 3490 4521 castrum
3544 4467 3736 4534 Darid,
3784 4477 3832 4524 ct

2232 4551 2274 4606 Τ
2281 4555 2560 4620 beodotio,
2612 4555 3020 4611 circumvallatio
3047 4558 3242 4626 David,
3291 4558 3344 4614 in
3379 4560 3613 4618 llebrmo
3645 4563 3832 4634 legitur

522 4643 654 4698 sicut
675 4643 855 4710 favilla
876 4643 1224 4712 pertransiens
1247 4639 1527 4697 multitudo
1549 4658 1723 4696 corum
1755 4643 1840 4713 qui
1878 4653 2058 4697 contra
2078 4652 2127 4697 te
2157 4664 2208 4726 ι)
2233 4662 2375 4702 ΒΑΜ
2405 4647 2580 4720 (rma),
2611 4649 2755 4718 quod
2797 4651 3205 4709 eruditissimus
3229 4652 3613 4720 ιιειηιεεοι-ωη,
3641 4657 3832 4711 (iubila.

526 4734 926 4804 praevaluerunt.
971 4733 1188 4805 Eritque
1226 4742 1432 4801 repente
1469 4735 1779 4804 confestim:
1827 4753 1859 4788 a
1902 4734 2128 4790 Domino

525 4829 840 4884 exercituum
863 4827 1150 4884 visitabitur
1171 4829 1221 4882 in
1248 4827 1476 4882 tonitruo
1497 4839 1544 4884 et
1574 4830 1913 4884 commotione
1951 4841 2126 4894 teme,

522 4931 712 4978 etvoce
751 4940 936 4996 ntagna
966 4923 1182 4977 turbinis
1202 4933 1250 4977 et
1274 4924 1604 4994 tempestatis,
1648 4933 1693 4978 et
1733 4925 1957 4994 ﬂamma:
1993 4924 2127 4994 ignis

523 5015 837 5071 devorantis.
881 5013 951 5069 Et
993 5015 1090 5070 erit
1135 5015 1266 5069 sicut
1307 5016 1565 5070 somnium
1617 5017 1828 5070 visionis
1863 5030 2124 5070 nocturna!

521 5111 801 5168 multitudo
831 5111 1060 5165 omnium
1082 5113 1330 5185 gentium,
1377 5127 1492 5182 qua:
1533 5111 1908 5166 dimicaverunt
1946 5119 2128 5166 contra

521 5206 685 5272 Arirl,
709 5217 757 5259 et
779 5222 951 5261 omnes
979 5205 1068 5277 qui
1103 5202 1479 5270 militaverunt,
1503 5213 1550 5258 et
1570 5204 1897 5270 obsederunt,
1919 5215 1968 5259 et
1993 5219 2127 5277 prte-

519 5302 789 5358 valuerunt
809 5302 1056 5356 adversus
1078 5316 1208 5353 eum.
1237 5299 1388 5354 Sicut
1416 5299 1638 5352 somniat
1680 5300 1908 5354 esuriens
1955 5310 2003 5352 et
2041 5314 2128 5352 co-

522 5395 698 5457 medit,
747 5411 862 5448 cum
902 5394 1058 5466 fuerit
1099 5402 1425 5464 experrectus
1457 5390 1640 5464 [Vulg.
1689 5391 2123 5466 expergefactus],

518 5501 680 5541 vacua
717 5496 792 5542 est
832 5487 1008 5539 anima
1031 5486 1183 5556 ejus;
1213 5497 1262 5538 et
1306 5485 1435 5538 sicut
1479 5484 1700 5538 somniat
1739 5485 1917 5537 sitiens
1958 5495 2005 5538 et
2043 5485 2092 5538 bi
2105 5516 2122 5528 -

518 5577 609 5644 bit,
653 5588 924 5649 postquam
941 5577 1256 5651 evigilaverit
1279 5574 1459 5648 [ναις.
1486 5576 1643 5644 fuerit
1680 5576 2118 5650 expergefactus],

592 5705 618 5733 ⁸
651 5695 853 5758 Vatic.,
877 5692 1123 5749 Car‘iatha
1150 5711 1163 5747 :
1206 5692 1388 5747 minus
1418 5690 1664 5745 fortassis
1691 5691 1861 5755 male;
1893 5709 2014 5746 nam
2037 5704 2118 5749 et-

518 5767 565 5823 si
598 5764 766 5821 Korta
793 5775 943 5822 recte
967 5765 1169 5821 dicitur
1193 5765 1371 5836 Syris;
1403 5779 1433 5817 a
1462 5761 1656 5816 Kareth
1681 5772 1857 5836 tamen
1895 5764 2113 5833 dicitur,

519 5854 630 5900 non
656 5853 689 5896 ε
718 5838 966 5894 Kariath.
991 5835 1306 5908 Legendum
1331 5837 1498 5908 igitur
1536 5850 1660 5891 cum
1686 5851 1788 5891 ms.
1824 5835 2113 5906 Drusiano,

2233 4742 2407 4794 culum
2459 4739 2486 4779 δ
2533 4742 2842 4812 signiﬁcare
2909 4747 3099 4799 voluit.
3166 4746 3222 4803 Si
3285 4748 3447 4818 igitur
3501 4750 3828 4822 legerimus:

2230 4852 2383 4905 quam
2429 4840 2744 4910 expugnavit
2777 4838 2974 4907 David,
3004 4841 3070 4896 ad
3103 4843 3233 4898 illud
3269 4852 3482 4916 tempus
3513 4851 3829 4912 reteramus,

2232 4930 2449 4999 quando
2504 4935 2650 5002 cepit
2706 4935 2869 4990 David
2923 4952 3104 4992 arcem
3160 4938 3333 5006 Sion,
3406 4943 3832 5014 repugnantibus

2232 5023 2390 5076 caecis
2421 5034 2474 5077 et
2515 5025 2741 5092 claudis,
2774 5035 2832 5080 et
2859 5029 3065 5096 primus
3101 5029 3236 5086 .Ioab
3278 5030 3559 5089 domatum
3615 5035 3832 5090 excelsa

2233 5117 2554 5172 Conscendit
2604 5119 2662 5189 (Ι
2727 5118 2906 5176 Paral.
2973 5125 3088 5194 xl).
3140 5125 3196 5180 Si
3239 5136 3422 5182 autem
3463 5128 3616 5200 juxta
3666 5129 3828 5202 Sym-

2231 5213 2479 5264 machum
2556 5219 2612 5264 et
2680 5210 3158 5281 Tbeodotionem,
3242 5215 3347 5272 boc
3439 5219 3826 5287 sentiendum,

2228 5301 2372 5370 quod
2451 5302 2620 5358 David
2699 5319 2818 5360 eam
2876 5307 3262 5364 instauraverit
3321 5321 3488 5381 atque
3537 5315 3824 5379 iuunierit,

2228 5395 2446 5450 additus
2498 5406 2583 5451 est
2624 5415 2800 5454 annus
2850 5400 2916 5455 ad
2961 5417 3185 5464 annum.
3237 5403 3351 5460 sive
3397 5405 3716 5475 subtractus,
3775 5415 3826 5462 ut

2226 5489 2392 5560 389
2433 5490 2820 5562 interpretatus
2849 5504 2934 5550 est
2958 5495 3187 5568 Aquila;
3218 5507 3275 5553 et
3302 5501 3676 5556 solemnitates
3702 5517 3831 5556 eros

2226 5582 2354 5636 luta:
2395 5595 2542 5640 sunt.
2599 5585 2877 5645 Subverso
2921 5592 3066 5645 enim
3103 5591 3329 5664 templo,
3359 5603 3413 5650 et
3443 5593 3662 5650 Judaica
3699 5595 3828 5652 reli-

2219 5698 2565 5799 linqg'uanSg‘rqq
2587 5700 2778 5799 diqitur
2814 5703 3029 5784 Caritlta
3058 5715 3262 5799 ιλιι-ΜΡ,
3314 5718 3374 5764 ut
3428 5708 3673 5776 Tabitba,
3726 5710 3828 5765 Ta-

2219 5769 2377 5846 litt_ia_,
2394 5787 2456 5846 et
2474 5769 2588 5846 alia
2619 5775 2738 5846 ejus
2759 5782 3000 5846 generis.

2290 5838 2318 5878 ι)
2346 5842 2496 5899 Idem
2535 5838 2726 5914 Vatia,
2757 5838 3422 5923 bubitaculumsigniﬁcari
3461 5854 3717 5926 exposuit.
