4014 6436
101 319 199 379 399

628 317 1277 379 COMMENTARIORUM
1316 320 1384 380 IN
1421 320 1657 380 [SAIAM
1700 320 2122 383 PROPHETAM
2162 326 2294 385 LIB.
2338 327 2432 385 IX.
2472 326 2628 383 CAP.
2670 327 2866 386 XXIX.

3293 338 3399 395 550

101 439 260 508 sione
283 437 714 503 sublata,omnis
735 456 922 496 eorum
948 440 1217 495 festivitas
1240 439 1420 510 periit.
1452 441 1703 511 Dicitque
1732 444 1783 505 Α
1812 440 2054 507 divitias,
2088 460 2225 514 quas
2269 455 2481 498 maturo
2532 445 2758 500 interitu
2806 447 3212 517 dcrclinqurnt.
3254 451 3308 506 ln
3340 470 3408 510 eo

104 546 161 587 se
192 532 461 587 Dominus
482 534 897 591 circumvallare
927 535 1075 591 Ariel
1103 535 1402 608 Babylonio
1432 538 1696 603 exercitu,

105 636 154 682 et
181 627 300 682 fore
332 644 452 683 eam
481 629 688 685 tristem
713 642 876 701 atque
908 642 1250 694 maerentem,
1281 631 1500 699 quando
1528 631 1596 686 ab
1623 632 1701 685 eis

109 721 283 777 diruta
316 722 502 778 fuerit.
535 723 878 793 ftursomque
918 726 1019 780 sub
1049 724 1177 780 Jesu
1217 724 1328 779 ﬁlio
1356 724 1588 781 Jnsedec
1619 740 1702 779 sa-

108 817 327 883 cerdote
344 832 561 889 magno,
574 831 627 874 et
644 818 945 875 Zorobabel
978 819 1089 873 tilio
1111 819 1401 887 Salatbiel,
1419 819 1527 873 Esd
1538 834 1706 884 raque

109 920 160 969 et
204 912 451 977 Nceinia,
479 913 698 985 quando
746 915 1217 984 prOphetaverunt
1258 919 1486 985 Agamus
1512 927 1563 969 et
1598 912 1705 970 Za-

108 1010 342 1073 charias,
380 1006 498 1063 fure
526 1023 645 1063 eam
694 1011 849 1079 quasi
884 1008 1057 1075 Ariel,
1088 1008 1230 1075 quod
1263 1009 1459 1063 habent
1500 1008 1709 1078 antiqui

110 1102 296 1172 templi
325 1100 765 1169 similitudinem,
806 1102 901 1159 sed
934 1102 1391 1173 magniﬁcentiam
1420 1116 1712 1156 ornamen-

111 1203 332 1263 tuniqtte
354 1210 461 1249 non
488 1193 705 1249 habeat.
737 1194 991 1250 Secundo
1022 1210 1240 1265 quoque
1273 1195 1534 1249 Dominus
1559 1209 1712 1250 com-

113 1290 375 1354 minatur,
408 1288 550 1358 quod
582 1287 889 1343 circumdet
929 1287 1168 1344 Arielem
1198 1288 1436 1358 Splttera,
1468 1298 1521 1341 ct
1547 1287 1717 1357 jaeiat

114 1392 305 1433 contra
348 1395 466 1432 eam
498 1394 785 1450 aggeiem,
819 1388 872 1434 et
908 1380 1249 1434 munimenta
1285 1389 1452 1448 ponat
1484 1380 1538 1433 in
1571 1379 1718 1433 Obsi-

114 1472 333 1527 diooem
363 1473 503 1542 eius,
535 1485 589 1526 et
620 1473 962 1541 compleatur
992 1472 1123 1528 illtid
1145 1473 1289 1543 quod
1317 1475 1429 1543 ipse
1460 1474 1717 1543 plangens

116 1564 420 1622 JeruSaIeni
453 1568 691 1633 loquitur
716 1568 770 1621 in
802 1565 1034 1637 Evai'gel
1060 1583 1094 1621 0
1120 1588 1133 1621 :
1158 1566 1221 1623 Si
1242 1568 1399 1621 scires
1423 1584 1481 1621 eu
1510 1583 1623 1639 qua:
1650 1566 1720 1620 ad

120 1677 292 1734 pacem
316 1672 439 1716 sunt
468 1662 579 1726 tibi,
602 1662 850 1733 quoniam
882 1662 1085 1716 venient
1116 1662 1228 1715 dies
1268 1677 1424 1726 super
1454 1672 1521 1722 te,
1548 1672 1597 1715 et
1620 1662 1723 1715 cir-

120 1754 437 1810 cumdabant
469 1764 516 1807 te
546 1754 741 1808 inimici
763 1756 839 1808 tui
866 1754 1035 1817 nullo,
1070 1765 1116 1808 et
1162 1754 1464 1809 obsidebant
1490 1767 1559 1821 te,
1592 1765 1638 1809 et
1670 1754 1724 1807 in

1804 536 1926 591 loco
1976 539 2062 592 ubi
2114 555 2212 594 nos
2262 540 2583 610 posuimus,
2628 556 2801 594 omnes
2845 544 2935 610 qui
2982 544 3333 600 militaverunt
3362 558 3411 601 et

1806 630 2113 685 obsederunt
2139 643 2186 686 et
2218 634 2603 703 prrei'aluernnt
2627 633 2878 687 ndrersus
2900 652 3035 701 eam,
3061 635 3201 691 LXX
3235 649 3413 693 trans-

1810 727 2076 792 tulerunt,
2108 737 2156 781 et
2214 745 2389 782 omnes
2438 729 2526 796 qui
2572 730 2924 783 militaverunt
2967 744 3147 784 contra
3188 731 3410 786 Jerusa-

1810 820 1944 880 lem.
1979 820 2208 889 quodin
2242 820 2513 876 Hebraico
2562 839 2668 876 non
2716 822 2975 878 habetur.
3026 822 3083 877 ιιι
3134 825 3411 895 principio

1811 926 2028 982 quoque
2070 911 2229 982 hujus
2276 913 2499 982 capituli
2532 914 2619 967 ubi
2654 929 2755 967 nos
2785 915 3022 968 diximus
3049 932 3059 965 :
3088 915 3313 969 Additus
3342 928 3417 971 est

1812 1020 1982 1058 annus
2031 1005 2098 1059 ad
2147 1022 2363 1071 annum,
2415 1007 2532 1061 sive
2573 1006 2891 1073 subtractus,
2941 1009 3021 1062 illi
3069 1008 3416 1079 interpretati

1813 1112 1941 1158 sunt
1963 1121 1973 1154 :
1999 1116 2308 1174 congregata
2349 1103 2574 1170 fructus,
2610 1098 2692 1157 vel
2728 1105 3011 1173 genimina,
3042 1123 3237 1159 annum
3267 1123 3420 1178 super

1815 1211 2007 1249 annum
2044 1213 2062 1250 :
2098 1198 2434 1262 manducata,
2482 1197 2761 1251 comedetis
2806 1199 2937 1252 enim
2982 1216 3096 1252 cum
3143 1199 3320 1253 Moab.
3357 1203 3423 1255 Et

1818 1300 1905 1344 est
1954 1302 2191 1352 sensus,
2234 1297 2530 1358 antequam
2582 1306 2757 1343 annus
2808 1291 3020 1344 Dmnini
3069 1293 3426 1361 aceeptabilis

1821 1380 2231 1451 praedicationis
2282 1381 2399 1451 ejus
2446 1381 2739 1444 adveniat,
2788 1382 2955 1436 immo
2996 1383 3103 1436 tltto
3146 1385 3273 1437 auiti
3301 1428 3314 1449 ,
3360 1385 3426 1439 dc

1822 1473 2090 1545 quibusin
2116 1475 2342 1528 Cantiro
2368 1474 2623 1528 llahacuc.
2649 1478 2800 1542 juxta
2824 1474 3148 1529 Hebraicnin
3176 1478 3425 1545 legimus:

1824 1566 1894 1621 In
1930 1568 2098 1621 medio
2134 1566 2358 1621 duorum
2383 1578 2670 1637 tempoi-um
2706 1570 3027 1637 cognosceris
3063 1568 3288 1640 (Ilabac.
3321 1569 3430 1642 ιιι),

1825 1661 2096 1716 seminate
2138 1660 2296 1715 vobis
2346 1662 2397 1713 in
2452 1661 2743 1732 lucryinis,
2780 1671 2836 1715 nt
2866 1669 3085 1715 metatis
3134 1664 3184 1716 in
3234 1666 3434 1731 gaudio

1830 1753 1949 1827 (Ps.
1996 1756 2184 1823 cxxv).
2236 1754 2512 1821 Scriptum
2566 1764 2649 1807 est
2687 1756 2738 1807 in
2785 1753 3085 1823 Evangelio
3133 1756 3433 1809 secundum

125 1858 314 1903 terram
347 1847 700 1901 humiliaberis
733 1847 886 1918 (Luc.
918 1865 974 1915 x,
1008 1848 1081 1903 42
1110 1860 1156 1903 et
1184 1848 1375 1920 seqq.).
1412 1850 1475 1903 Et
1506 1848 1725 1904 Jerusa-
1758 1853 1804 1913 B
1831 1845 2121 1910 Joannem,
2148 1861 2243 1915 per
2268 1847 2369 1899 tria
2400 1845 2605 1898 Pascha
2635 1846 2920 1900 Dominum
2947 1848 3167 1901 venisse
3200 1848 3250 1900 in
3277 1846 3438 1901 Jeru-

125 1941 226 1996 lem
270 1941 378 1996 erit
419 1940 734 1996 conculcata
764 1956 794 1996 a
824 1942 1141 1996 nationibus
1168 1957 1339 2011 uSque
1369 1944 1434 1996 ad
1468 1960 1725 1997 consum-

128 2044 423 2089 mationem
452 2035 711 2103 temporis
730 2034 991 2103 gentium.
1012 2035 1147 2089 Aliis
1169 2036 1312 2088 enim
1337 2035 1519 2091 verbis
1539 2034 1727 2089 eadem

129 2133 393 2198 praptn-ta
428 2144 573 2184 nunc
604 2128 757 2190 dicit.
787 2130 930 2198 quod
968 2132 1242 2184 humiliata
1268 2130 1337 2184 de
1370 2140 1511 2186 lcrta
1538 2131 1729 2198 Inqua-

132 2233 233 2289 tur,
263 2235 314 2278 et
354 2222 423 2277 de
449 2222 616 2277 humo
640 2221 893 2277 audiatur
918 2223 1190 2290 e|0qnium
1220 2223 1367 2293 ejus;
1402 2235 1458 2277 et
1485 2224 1552 2277 sit
1577 2222 1732 2293 quasi

133 2316 393 2388 pythonis
420 2316 488 2370 de
520 2326 669 2371 terra
702 2331 802 2371 vox
834 2316 1003 2380 illius,
1034 2326 1085 2372 et
1120 2317 1188 2372 de
1220 2316 1386 2373 humo
1413 2320 1587 2373 insmr
1615 2334 1739 2389 pas-

135 2420 204 2462 se:
224 2424 311 2461 urn
341 2409 613 2473 mussitet,
632 2419 686 2462 ut
714 2424 804 2477 per
830 2407 949 2463 huic
972 2409 1135 2465 verba
1164 2409 1431 2480 significet
1456 2426 1736 2481 magorum

140 2508 164 2537 ⁸
188 2503 606 2571 estnomen-sim.
640 2516 736 2571 per
764 2518 926 2570 quam
960 2504 1171 2557 animas
1199 2520 1431 2559 evocare
1461 2505 1737 2573 dicuntur,

141 2604 188 2650 et
211 2609 407 2649 tenues
433 2597 772 2661 umbrarum,
797 2597 964 2650 immo
986 2596 1320 2661 dmntonutn,
1346 2598 1535 2654 audire
1558 2612 1737 2653 voces.

143 2684 387 2751 Denique
423 2703 519 2753 pro
564 2688 803 2760 pythone
827 2730 843 2756 ,
876 2691 1068 2756 Aquila
1102 2708 1309 2761 magum
1356 2693 1745 2761 interpretatus

144 2789 240 2843 est,
266 2778 364 2850 qui
399 2779 665 2837 llebraice
696 2780 899 2837 dieitur
924 2781 951 2821 δ
978 2800 1118 2840 cnes
1146 2786 1327 2855 (ιω),
1348 2801 1444 2853 pro
1469 2803 1575 2853 quo
1602 2784 1746 2841 LXX

147 2874 202 2925 de
227 2885 373 2927 terra
404 2874 693 2941 loquentes,
727 2877 1139 2932 transtulerunt.
1166 2878 1373 2946 Quibus
1401 2879 1583 2933 verbis
1610 2877 1748 2932 indi-

150 2976 300 3021 catur
356 2967 568 3022 ruinatn
623 2969 808 3038 templi
875 2986 1046 3040 usque
1094 2970 1162 3025 ad
1217 2972 1748 3026 consummationem

152 3074 563 3129 permansurum
616 3062 824 3125 mundi,
857 3064 998 3133 quod
1049 3064 1350 3133 collapsum
1392 3065 1446 3118 in
1493 3066 1750 3133 cineres,

154 3168 495 3222 nequaquam
532 3154 672 3209 ultra
703 3154 1023 3211 suscitetur.
1055 3156 1263 3211 Tantus
1288 3169 1496 3222 autem,
1524 3173 1558 3211 ο
1585 3158 1753 3224 Ariel,

1831 1942 2027 2005 salem,
2055 1956 2174 2010 quae.
2205 1939 2341 1993 duos
2368 1956 2540 1993 annos
2566 1938 2813 1992 efﬁciunt
2846 1938 3026 2009 (Ionii.
3054 1956 3112 1999 ιι.
3142 1942 3228 2007 1⁸5)
3282 1940 3437 2008 Quod

1832 2045 2018 2088 autem
2050 2030 2302 2097 sequitur
2343 2050 2357 2087 :
2401 2030 2692 2085 Cumedetis
2724 2034 2857 2085 enim
2890 2050 3007 2086 runt
3043 2032 3218 2096 Moab,
3253 2035 3304 2085 in
3336 2032 3442 2085 Ile-

1838 2126 2022 2180 braico
2056 2140 2162 2179 non
2198 2125 2451 2179 habetur.
2490 2125 2564 2178 De
2594 2140 2700 2192 quo
2735 2140 3029 2192 possumus
3057 2128 3261 2187 dicere,
3297 2128 3443 2191 quod

1839 2222 1948 2277 nisi
1988 2222 2197 2275 fructus
2239 2221 2341 2275 sibi
2393 2220 2731 2290 paenitentia:
2777 2224 3271 2290 congregaverint,
3306 2222 3443 2275 inci-

1840 2320 1993 2387 piant
2022 2332 2145 2370 eum
2196 2314 2282 2369 his
2321 2318 2616 2370 comedere
2663 2316 2753 2384 qui
2799 2331 2902 2369 non
2939 2316 3319 2384 ingrediuntur
3350 2319 3448 2371 Ec-

1842 2410 2065 2465 clesiam
2096 2408 2313 2462 Domini
2339 2424 2511 2476 usque
2537 2409 2590 2461 itt
2615 2418 2903 2462 aeternum.
2935 2408 3144 2462 Castera
3178 2412 3229 2463 in
3255 2411 3450 2478 quibus

1843 2506 2102 2558 videntur
2125 2502 2470 2573 discrepare,
2500 2502 2789 2555 manifesta
2833 2514 2999 2555 sunt:
3027 2515 3076 2555 et
3122 2519 3186 2556 cx
3222 2506 3303 2555 his
3333 2518 3453 2571 qua:

1848 2596 2243 2667 exposuimus,
2274 2594 2447 2649 facilis
2481 2610 2672 2648 eorum
2727 2598 3110 2661 interpretatio
3159 2604 3259 2648 cst.
3322 2595 3450 2649 Seio

1850 2708 1938 2746 me
1986 2691 2187 2757 legisse
2236 2690 2379 2743 Ariel
2427 2689 2818 2758 interpretari,
2861 2691 2952 2742 lux
2993 2705 3104 2742 mea
3149 2690 3278 2752 Dei,
3310 2691 3453 2759 quod

1850 2784 2011 2853 longe
2042 2782 2203 2854 391
2245 2782 2412 2835 aliter
2453 2790 2555 2833 est.
2594 2781 2692 2835 llic
2722 2783 2867 2834 enim
2905 2784 3080 2849 prima
3120 2783 3329 2853 syllaba
3365 2799 3459 2849 per

1854 2891 2102 2937 ALEl‘ﬂt'l
2127 2879 2383 2949 tit-35018)
2411 2876 2671 2931 scribitur
2698 2894 2709 2928 :
2734 2876 2820 2928 lux
2845 2887 3025 2930 autem
3050 2893 3170 2936 qiue
3193 2876 3458 2931 llebraice

1856 2974 2058 3029 dicitur
2088 2988 2188 3037 on,
2230 2970 2374 3025 inter
2406 2972 2578 3024 ΑιεῦΗ
2611 2978 2662 3023 et
2702 2985 2799 3023 RES
2838 2969 3071 3022 mediam
3108 2968 3272 3023 habet
3319 2970 3464 3025 litte-

1858 3086 1974 3126 rain
2024 3083 2161 3130 vso,
2204 3082 2329 3137 quae
2378 3069 2430 3120 in
2484 3065 2738 3133 pra'scnti
2785 3065 3006 3118 nomine
3053 3080 3158 3118 non
3209 3066 3457 3118 habetur.

1859 3159 2165 3229 Otnniaque
2194 3172 2315 3227 qua:
2344 3172 2487 3211 nunc
2515 3157 2769 3209 dicuntur
2799 3166 2988 3209 contra
3019 3155 3187 3222 Ariel,
3219 3155 3465 3211 referunt

156 3254 203 3301 te
230 3246 497 3301 Κ-ιιιιειηω
528 3257 783 3315 potentia:
813 3250 1033 3305 vallabit
1076 3252 1373 3317 exercitus,
1403 3262 1458 3309 et
1501 3253 1753 3308 innume-
1786 3256 1831 3319 C
1865 3255 1931 3310 ad
1982 3253 2312 3317 litereticos,
2354 3251 2444 3320 qui
2488 3251 2797 3304 doctrinam
2848 3264 2999 3303 suam
3046 3250 3142 3304 Dei
3194 3253 3467 3305 a-stimant

157 3342 311 3396 rabili
361 3342 576 3414 pulveri
618 3358 970 3413 comparetur
1000 3354 1058 3398 ut
1090 3344 1286 3399 favillae
1326 3360 1423 3415 per
1454 3362 1635 3401 aerem
1665 3362 1759 3401 vo-

159 3430 354 3487 litanti.
428 3434 584 3490 Unde
641 3450 747 3489 non
807 3435 1236 3491 imbecillitatem
1290 3452 1482 3492 eorum
1551 3438 1762 3504 pulveri

157 3536 439 3595 comparat
464 3540 515 3583 et
542 3526 764 3591 favillas,
789 3529 878 3599 qui
900 3544 1088 3584 comra
1112 3545 1207 3586 eos
1236 3530 1636 3596 militaverunt;
1666 3530 1763 3586 sed

161 3620 567 3674 multitudinem
600 3637 723 3693 quze
753 3625 936 3678 arenis
977 3624 1466 3679 innumerabilibus
1512 3640 1767 3693 exaiqua—

164 3720 264 3769 tur.
310 3712 378 3768 Et
399 3714 499 3769 hoc
526 3716 628 3770 erit
654 3727 881 3785 repente
904 3717 1215 3782 Confestim,
1237 3727 1296 3773 ut
1325 3721 1377 3773 in
1404 3719 1582 3775 media
1614 3733 1766 3785 pace,

163 3808 343 3863 sub‘trt
393 3810 496 3863 sub
543 3810 756 3866 Nerone
804 3810 945 3866 bella
987 3823 1354 3877 consurgant,
1400 3823 1457 3868 et
1508 3813 1771 3867 Dominus

162 3904 505 3959 exercituum
544 3906 729 3960 visitet
752 3903 1055 3961 Jerusalem
1086 3905 1252 3979 390
1278 3908 1329 3961 in
1364 3908 1598 3973 tonitru,
1630 3915 1686 3961 et
1718 3906 1770 3959 in

162 4000 536 4052 conti-iatinne
588 4007 788 4062 teme.
820 4011 873 4055 et
931 4000 986 4055 in
1034 4000 1251 4055 turbine
1312 3998 1676 4070 tempestatis,
1719 4006 1776 4053 et

161 4088 212 4144 iu
235 4090 464 4146 (lamina
491 4092 635 4162 ignis
658 4092 996 4157 devorantis,
1028 4109 1123 4163 per
1145 4093 1289 4163 quod
1322 4094 1584 4164 templum
1611 4092 1777 4166 s’gni-

164 4183 284 4237 fiuit
344 4184 800 4240 comburendum.
846 4184 1081 4241 Romani
1120 4196 1300 4241 autem
1343 4188 1471 4257 qui,
1503 4188 1777 4256 superatis

162 4273 379 4332 Judaeis
416 4286 475 4332 et
512 4279 781 4333 subversa
821 4277 1124 4334 Jerusalem
1167 4283 1269 4333 sub
1314 4280 1437 4335 'l'ito
1473 4289 1529 4335 et
1568 4279 1777 4351 Vespa-

167 4373 350 4433 siano.
380 4371 454 4427 de
501 4370 652 4426 vasis
678 4372 955 4443 quondam
994 4372 1087 4427 Dei
1131 4373 1417 4428 manubias
1466 4374 1781 4429 obtulerunt

172 4463 276 4537 [ΑΙ.
302 4463 1170 4537 abstulere]Capitntio;su:eque
1197 4466 1418 4521 virtutis
1439 4480 1495 4521 ei
1520 4466 1780 4533 potentiae

172 4560 498 4623 numinum,
533 4572 639 4613 non
674 4558 770 4612 ira:
809 4557 903 4613 Dei
947 4567 1276 4628 putaverunt
1306 4573 1430 4615 esse
1459 4558 1604 4629 quod
1639 4557 1783 4613 fece-

1865 3349 2063 3406 litcetn.
2089 3343 2509 3413 etexpngnandi
2543 3352 2667 3396 sunt
2699 3361 2726 3395 a
2756 3357 2888 3396 vero
2926 3343 3093 3396 David
3124 3361 3134 3395 :
3163 3359 3465 3413 omneSque

1866 3442 2246 3497 solemnitates
2278 3453 2467 3493 eorum
2502 3435 2837 3500 auferendae,
2861 3436 3190 3506 etgaudinm
3222 3453 3467 3508 praisens

1867 3536 2047 3591 futura
2100 3532 2319 3588 tristitia
2380 3531 2827 3584 eommutandum
2874 3548 2886 3583 :
2928 3530 3126 3598 quibus
3182 3532 3470 3601 prmeipiat

1873 3630 2017 3685 Deus
2047 3638 2103 3680 ttt
2128 3636 2291 3694 agant
2322 3623 2697 3695 ptenitentiam
2721 3664 2737 3688 ,
2771 3638 2840 3677 ne
2888 3622 3149 3692 incipiant
3180 3626 3476 3681 comedere

1870 3736 1993 3777 cuin
2025 3717 2278 3774 Moabitis
2303 3761 2317 3782 ,
2347 3726 2403 3772 et
2428 3717 2637 3772 similes
2664 3730 2785 3770 esse
2812 3716 3116 3785 gentilium.
3170 3715 3286 3786 Ipse
3330 3719 3473 3771 enim

1874 3811 2212 3881 expugnabit
2244 3811 2385 3865 Ariel
2406 3850 2420 3873 ,
2453 3818 2507 3862 et
2548 3823 2765 3862 munem
2798 3800 3280 3861 virtutein‘eot‘um
3315 3822 3477 3880 atque

1875 3906 2090 3961 divitias
2114 3920 2213 3958 suo
2244 3900 2609 3957 circumdabit
2639 3903 2907 3953 exercitu.
2943 3900 3347 3968 Turribnsque,
3376 3906 3480 3957 hoc

1878 4007 1981 4059 est.
2009 3997 2281 4068 magistris
2315 3994 2579 4048 Ecclesia:
2610 3992 2922 4045 huiniliabit
2942 3992 2995 4045 in
3023 4004 3167 4046 terra
3198 4008 3483 4050 sermones

1880 4107 2095 4156 eorum,
2121 4100 2176 4142 ut
2201 4103 2544 4159 nequaquam
2569 4097 2771 4156 ponant
2794 4085 2849 4139 in
2873 4084 3073 4140 rmlum
3098 4101 3159 4139 os
3181 4102 3358 4147 suum.
3388 4085 3485 4142 St'd

1882 4185 2192 4241 scribantur
2224 4183 2279 4237 in
2312 4190 2490 4247 terra,
2520 4182 2927 4249 loquanturqne
2958 4178 3028 4232 de
3061 4188 3229 4242 terra,
3264 4189 3317 4234 et
3352 4179 3487 4233 fiant

1882 4277 2039 4350 quasi
2084 4277 2265 4346 pulvis
2307 4288 2572 4329 excussus
2624 4282 3104 4341 rotazomnesque
3135 4272 3346 4325 diwtiaa
3378 4273 3483 4327 im-

1884 4371 2097 4443 piorum
2144 4378 2346 4439 puncto
2383 4377 2438 4423 et
2470 4374 2751 4420 momento
2783 4365 3051 4433 temporis
3078 4376 3489 4435 comparentur,

1884 4462 2104 4536 quando
2132 4462 2437 4516 visitaverit
2466 4473 2565 4514 eos
2597 4459 2648 4513 in
2681 4473 2775 4513 sua
2812 4457 3115 4527 majestate,
3148 4457 3492 4514 descendens

1888 4560 1942 4614 in
1972 4558 2189 4612 turbine
2220 4566 2274 4611 ct
2301 4564 2626 4623 tempestate
2656 4562 2710 4607 et
2734 4553 2857 4622 igne
2900 4552 3155 4621 supplicii
3188 4572 3201 4618 ;
3230 4563 3287 4608 et
3333 4553 3495 4609 intel-

174 4665 315 4717 rani,
352 4652 516 4723 quasi
547 4652 599 4705 in
631 4652 847 4705 Somnio
876 4661 935 4707 et
968 4652 1020 4705 in
1054 4662 1317 4707 nocturna
1350 4653 1564 4706 visione
1590 4666 1786 4705 omnes
1815 4652 1865 4713 Ι)
1894 4651 2132 4709 lexerint
2179 4666 2372 4705 omnes
2417 4649 2640 4702 divitias
2684 4661 2809 4699 snas
2833 4687 2847 4710 ,
2880 4661 3242 4714 pompamque
3287 4662 3500 4703 sermo-

172 4745 395 4800 divitias
423 4744 809 4815 possidebunt.
865 4744 935 4799 Et
980 4746 1255 4814 quomodo
1301 4746 1391 4816 qui
1442 4746 1615 4801 esurit
1663 4745 1792 4801 dor-

174 4840 358 4896 miens
401 4841 456 4893 in
485 4838 698 4893 Samnis
726 4853 786 4894 se
812 4838 958 4893 vesci
990 4848 1164 4908 putat,
1193 4847 1249 4895 et
1276 4840 1367 4911 qui
1399 4842 1549 4905 sitit,
1580 4841 1792 4895 arenti-

172 4933 276 4989 bus
307 4936 402 4989 siti
440 4933 691 4988 fancihus
741 4934 962 4989 ﬂumina
994 4934 1153 5000 bibit,
1185 4949 1418 5005 cumque
1452 4935 1797 5005 evigilaverit

174 5033 475 5089 ardentior
501 5032 624 5086 sitis
646 5030 730 5095 ﬁt,
754 5047 877 5101 quae
905 5046 1065 5086 cassa
1095 5031 1322 5100 pctione
1347 5031 1537 5085 delusa
1573 5041 1656 5085 est
1682 5047 1694 5083 :
1720 5030 1800 5085 sic

1901 4764 2031 4805 num
2052 4757 2105 4803 et
2125 4752 2568 4816 argumentorum
2584 4741 2858 4807 strophas,
2876 4740 3077 4793 frustra
3093 4740 3379 4795 comedent
3392 4742 3434 4795 is
3449 4750 3503 4797 et

1904 4842 2142 4899 bibentis
2168 4840 2392 4895 somnio
2422 4837 2732 4903 comparari
2763 4832 2888 4901 :qui
2923 4835 3292 4888 militaverunt
3317 4845 3505 4889 contra

1905 4934 2210 4992 Jerusalem
2238 4972 2252 4993 ,
2304 4930 2552 4983 visionem
2594 4926 2737 4995 pacis
2765 4941 2783 4977 :
2813 4928 2928 4979 sive
2976 4926 3270 4980 adversum
3323 4928 3504 4991 Aricl,

1908 5028 2105 5082 leonem
2133 5021 2505 5095 fortissimum,
2532 5025 2588 5071 et
2617 5019 2682 5070 ad
2712 5025 3016 5071 extremum
3048 5027 3235 5071 contra
3267 5028 3509 5072 montem

177 5126 485 5181 multitudo
519 5126 902 5180 universarum
938 5123 1201 5194 gentium,
1232 5139 1351 5194 qua!
1380 5121 1641 5178 Romana:
1671 5122 1800 5177 sub-
1910 5118 2065 5181 Sion,
2093 5131 2260 5187 super
2288 5129 2451 5186 quem
2486 5110 2745 5166 Ecclesiae
2789 5108 2984 5165 civitas
3029 5110 3133 5164 sita
3181 5110 3354 5166 latere
3401 5128 3509 5171 lion

177 5221 305 5277 diue
353 5218 623 5292 potestati
661 5216 1068 5273 dimicaverunt
1112 5227 1307 5271 contra
1344 5226 1583 5271 montem
1625 5214 1756 5271 Sion
1780 5257 1794 5283 ,

178 5314 480 5371 habebunt
500 5311 658 5384 quasi
682 5310 735 5366 in
763 5310 979 5379 umbra,
1004 5318 1061 5366 et
1090 5308 1258 5378 nube,
1289 5317 1348 5365 et
1374 5310 1593 5365 somnio
1623 5307 1804 5364 noctis

256 5544 285 5573 ⁸
326 5530 509 5587 Antea
541 5537 662 5583 erat
680 5526 1089 5606 νεκρομαντείᾳν.

252 5606 284 5645 b
332 5606 435 5660 Sic
464 5610 520 5658 et
545 5600 718 5655 nostri
748 5588 803 5652 στι
830 5588 1244 5651 'tetiisti~siintis
1275 5590 1448 5649 codex
1479 5588 1813 5658 Sangerma-

179 5678 387 5736 mensis
432 5674 573 5744 apud
604 5671 972 5727 Montfaucon.
1010 5668 1234 5723 habent.
1282 5663 1675 5731 [intelligendus
1718 5662 1818 5714 ita-

224 5767 297 5804 ηε
345 5750 507 5803 venit
559 5745 927 5815 Hieronymus
958 5756 1080 5815 _non
1130 5755 1198 5792 eo
1228 5753 1392 5815 sensu
1413 5778 1427 5797 ,
1460 5744 1517 5788 ut
1538 5744 1684 5815 tota
1717 5745 1821 5815 vox

194 5802 369 5888 their,
397 5836 521 5891 qum
554 5820 607 5872 in
644 5802 913 5873 Hebr'aico
958 5813 1216 5891 habetur,
1255 5808 1474 5891 Magum
1505 5802 1823 5891 signiticet,

183 5876 387 5953 littera
419 5876 574 5949 'eaim
616 5897 675 5955 3,
708 5903 835 5959 qua:
866 5884 1226 5957 praeponitur,
1258 5876 1367 5939 est'
1390 5882 1513 5937 loco
1542 5876 1826 5949 particula:

656 5984 934 6047 Ρηιιοι..
982 5975 1236 6042 XXIV.

1910 5218 2169 5375 mixtis.
2199 5298 2235 5356 9
2265 5295 2451 5370 seqq.)
2503 5294 2865 5367 Obstupescitc
2902 5302 2953 5349 et
2991 5292 3329 5348 admiramini
3364 5308 3383 5349 :
3416 5293 3519 5365 μα.

1917 5510 1996 5578 ut,
2029 5510 2199 5574 sicut;
2236 5507 2329 5563 sed
2363 5507 2436 5562 ita
2466 5513 2528 5561 ut
2570 5506 2834 5578 integram
2878 5501 3089 5578 Hebraei
3123 5512 3302 5558 textus
3329 5518 3523 5560 vocem

1921 5574 2230 5650 exprimat,
2270 5596 2434 5651 quam
2478 5579 2672 5643 Aquila
2720 5574 3376 5651 Magnm‘interpnetatus
3418 5584 3526 5631 est.

1924 5646 2098 5710 Po'rm
2145 5646 2311 5709 etiam
2363 5667 2560 5704 nomen
2607 5655 2713 5706 ΖΗΝ
2761 5649 2810 5699 in
2860 5647 3140 5700 hodiernis
3173 5646 3361 5702 B;ltliis
3405 5665 3528 5703 eum

1928 5726 2109 5781 holem
2149 5725 2311 5792 pleno
2345 5726 2565 5793 leg-tur.
2599 5719 2740 5788 quod
2774 5720 2825 5772 iii
2858 5720 3155 5790 exemplari
3185 5736 3284 5777 suo
3312 5737 3423 5778 non
3454 5722 3539 5777 vi-

1933 5800 2095 5856 detur
2127 5798 2491 5867 Hieronymus
2527 5793 2826 5850 invenisse.

3014 5952 3080 6015 11
