4014 6440
168 312 279 383 sas
500 323 525 375 ε

708 329 1360 394 COMMENTARIORUM
1397 326 1469 394 ῙΝ
1504 322 1740 394 lSAlMl
1779 324 2208 396 PROMETAM
2246 338 2378 397 LIB.
2419 337 2513 398 IX.
2550 339 2707 400 CAP.
2746 339 2944 402 XXIX.

3376 348 3484 410 δδι

169 437 447 541 discamus
492 444 766 541 quomodo
812 447 1015 522 aliquis
1044 450 1446 523 appropinquet
1496 450 1634 519 Deo,
1688 450 1778 510 vel
1807 456 1863 521 Α
1885 462 1994 510 tum
2015 455 2165 530 ﬁguli
2184 454 2589 530 reputabimini?
2616 454 2892 535 Numquid
2912 458 3049 521 dicet
3073 466 3279 538 [actura
3299 470 3490 541 {actori

166 531 335 604 longe
372 534 469 591 ﬁat
512 538 580 593 ab
604 553 693 595 eo.
749 540 853 608 Qui
905 548 962 598 et
1016 556 1114 615 per
1149 542 1449 600 leremiam‘
1491 542 1780 616 loquitur:

162 621 311 682 Deus
338 630 763 703 appropinquans
787 648 899 707 ego,
927 646 977 691 et
1006 648 1110 692 non
1154 637 1219 692 de
1246 636 1396 712 longe
1437 637 1564 694 dicit
1598 637 1782 695 Domi-

164 733 265 776 nus
292 718 434 796 (Jer;
469 730 622 794 xxiii,
670 725 767 796 23,
817 728 1098 786 secundum
1142 722 1782 805 LXX).'Appr0pinqua-

165 815 288 871 inus
336 821 520 874 autem
552 818 668 877 Deo
693 826 903 891 mente,
937 839 1048 881 non
1106 840 1372 897 corpore;
1423 829 1567 883 sicut
1610 834 1667 883 et
1711 822 1782 884 de

163 906 357 982 Mdyse
403 908 634 985 legimus
690 933 704 971 :
757 918 1212 992 Appropinquavit
1257 910 1463 993 Moyses
1494 916 1662 991 _solus
1711 918 1783 977 ad

163 1002 340 1060 Deam
368 1023 388 1062 :
416 1010 589 1065 atteri
637 1018 809 1068 autem
864 1028 966 1069 non
1010 1016 1498 1090 apprOpinquabant
1554 1015 1776 1090 (Exod.

164 1112 318 1169 xxiv,
339 1100 420 1172 2).
445 1102 650 1163 Orabat
677 1107 822 1164 enim
855 1106 1025 1166 Deum
1050 1109 1105 1166 in
1133 1110 1327 1181 spiritu
1367 1114 1422 1168 et
1442 1112 1692 1180 veritate,
1725 1125 1782 1170 et

164 1191 473 1253 accedebat
525 1192 593 1253 ad
620 1210 743 1255 eum
792 1214 958 1257 sensu
1008 1210 1061 1257 ct
1111 1204 1333 1275 spiritu.
1368 1202 1432 1260 lli
1487 1212 1668 1261 autem
1711 1205 1781 1262 de

164 1286 369 1360 quibus
398 1288 656 1348 scribitur
678 1290 820 1365 quod
857 1292 1123 1351 tollantur
1145 1294 1214 1352 ab
1247 1300 1422 1364 utero,
1449 1304 1504 1354 et
1525 1297 1784 1354 erudian-

166 1382 255 1438 ιω·
278 1390 311 1438 a
344 1392 517 1455 puero
542 1392 715 1460 usque
742 1386 810 1443 ad
838 1386 1210 1457 senectutem;
1235 1384 1365 1447 etin
1395 1376 1539 1464 Lege
1563 1382 1660 1448 Dei
1692 1390 1781 1449 die

164 1480 419 1537 achucte
448 1472 555 1555 [Αι.
590 1480 771 1539 media
797 1482 980 1558 nocte]
1027 1476 1383 1554 meditantur,
1420 1502 1528 1541 non
1574 1494 1780 1559 appro-

164 1572 439 1647 pinquant
459 1567 593 1642 Deo,
627 1576 752 1648 Quia
782 1576 1105 1636 traditiones
1125 1568 1531 1636 Pharisaeorum
1557 1577 1780 1637 Scriba-

166 1674 405 1739 rumque
431 1666 760 1741 suscipiunt,
792 1680 916 1743 qua:
965 1684 1060 1728 eos
1094 1672 1253 1744 longe
1281 1671 1488 1729 iaciunt
1512 1690 1541 1729 a
1565 1668 1700 1743 Deo,
1728 1680 1785 1731 et

164 1768 297 1817 sunt
354 1758 604 1831 sepulcra
657 1758 945 1831 dealbata,
1003 1776 1128 1836 quas
1177 1765 1313 1823 foris
1357 1762 1610 1824 videntur
1656 1778 1783 1826 esse

1882 556 2002 616 tuo,
2025 565 2127 605 non
2146 551 2407 624 sapienter
2424 568 2504 607 me
2516 553 2705 627 fecisti,
2728 564 2819 611 aut
2854 555 3155 630 ﬁgmentum
3176 561 3347 633 lictori
3366 581 3485 636 suo,

1883 652 1986 698 nan
2011 652 2069 698 tu
2089 658 2169 698 me
2189 645 2399 714 fecisti!
2433 643 2741 705 Adversum
2772 650 2992 706 eosdem
3042 649 3112 707 de
3145 656 3341 726 quibus
3393 673 3487 716 su-

1882 744 1976 807 pra
2007 737 2237 805 dixerat,
2269 737 2493 809 perdam
2525 741 2851 812 sapientiam
2874 743 3226 819 sapientium,
3253 759 3308 805 et
3328 750 3489 808 intel-

1884 828 2161 901 ligentiam
2188 830 2537 901 prudentium
2585 835 2917 906 reprobabo,
2968 838 3089 896 sive
3128 848 3188 895 ut
3218 842 3487 914 prOpheta

1883 922 2112 994 scribit,
2141 923 2454 982 abscondam
2486 945 2499 982 :
2530 944 2673 985 nunc
2727 930 2889 986 ctiam
2922 929 3016 988 Dei
3065 948 3249 991 sermo
3293 936 3490 1012 dirigi-

1883 1027 1991 1086 tur,
2022 1017 2116 1093 qui
2141 1020 2421 1093 sapientes
2442 1032 2568 1079 sunt
2590 1020 2643 1081 in
2666 1025 3003 1098 semetipsis,
3032 1035 3089 1083 et
3114 1028 3167 1083 in
3193 1042 3488 1102 conspectu

1882 1124 1983 1170 suo
2012 1110 2330 1201 prudentes.
2383 1111 2459 1173 De
2506 1114 2703 1187 quibus
2734 1116 3043 1175 rectissime
3075 1120 3207 1177 illud
3252 1122 3486 1201 intelligi

1882 1216 2062 1279 poteSt
2088 1227 2102 1264 :
2127 1200 2440 1281 Defecerunt
2482 1220 2767 1267 scrutantes
2814 1210 3063 1269 scrutinio
3109 1212 3280 1290 (Psal.
3312 1200 3487 1293 uin);

1881 1316 2005 1359 eum
2059 1298 2324 1374 scriptum
2381 1298 2453 1358 sit
2493 1300 2565 1360 de
2617 1302 2715 1360 Dei
2740 1304 3004 1377 sapientia
3042 1324 3056 1361 :
3092 1304 3152 1362 Si
3207 1311 3343 1369 enim
3372 1311 3488 1385 quis

1882 1392 2136 1466 perfectus
2166 1391 2324 1469 fuerit
2353 1395 2407 1451 in
2426 1392 2552 1468 ﬁliis
2575 1394 2844 1453 hominum
2883 1398 3072 1474 absque
3095 1410 3183 1459 tua
3211 1406 3493 1480 sapientia,

1880 1490 1935 1545 in
1959 1486 2091 1546 nihil
2116 1490 2437 1564 reputabitur
2466 1488 2623 1565 (Sap.
2653 1492 2758 1571 ut).
2788 1490 2893 1565 Qui
2917 1492 3127 1553 idcirco
3153 1497 3493 1559 arbitrantur

1886 1578 2057 1641 Deum
2080 1601 2174 1640 sua
2193 1587 2413 1643 nescire
2430 1585 2678 1657 consilia,
2709 1588 2837 1661 quia
2868 1589 2921 1644 in
2953 1590 3196 1648 tenebris
3223 1602 3351 1651 sunt
3369 1610 3475 1669 ope

1886 1682 1945 1725 ra
1973 1684 2189 1741 eorum,
2244 1681 2301 1727 et
2333 1668 2563 1729 dicunt:
2595 1670 2725 1743 Quis
2758 1674 2895 1733 videt
2939 1677 3081 1733 nos?
3116 1687 3166 1732 et
3194 1678 3309 1753 quis
3359 1668 3483 1736 noui

1888 1765 2022 1821 nos?
2048 1758 2181 1829 Haec
2204 1772 2387 1822 autem
2438 1760 2631 1824 dicunt
2660 1777 2716 1825 et
2744 1767 3025 1841 sapientes
3078 1769 3239 1843 hujus
3288 1772 3499 1843 steculi,

168 1854 425 1928 pulchra,
458 1856 601 1913 intus
626 1864 809 1915 autem
839 1861 999 1931 plena
1024 1866 1151 1916 sunt
1176 1860 1393 1918 ossibus
1418 1871 1784 1920 mortuorum:
1817 1852 1865 1921 Β
1894 1863 1949 1914 et
1996 1859 2384 1917 hereticorum
2430 1862 2699 1935 magistri,
2730 1878 2785 1920 et
2843 1860 3159 1923 Iudaeorum
3209 1867 3500 1938 Phariszri.

168 1950 265 2024 qui
316 1951 605 2025 elegerunt
654 1952 983 2021 Barabliam,
1033 1962 1089 2011 ct
1117 1950 1410 2012 Daminum
1464 1965 1794 2030 respueruut

169 2042 396 2117 (Matth.
454 2058 606 2112 nni,
645 2044 779 2119 27):
837 2046 1136 2119 Propterea
1191 2046 1507 2106 additurum
1560 2064 1620 2106 se
1669 2065 1793 2108 esse

167 2141 563 2208 comminatur,
598 2142 751 2213 juxta
784 2128 949 2209 LXX,
978 2152 1036 2200 ut
1068 2156 1412 2216 nequaquam
1451 2144 1505 2199 in
1536 2143 1790 2217 Assyrios

168 2240 228 2291 et
256 2230 589 2308 Babylonius
620 2244 718 2293 eos
750 2238 1071 2306 transierat,
1124 2235 1221 2293 sed
1254 2236 1311 2292 in
1369 2245 1483 2292 toto
1512 2238 1646 2293 orbe
1677 2232 1793 2294 dis-

172 2339 390 2403 pergat.
415 2330 577 2387 Juxta
610 2328 1389 2400 Hebraicuin,admirationem
1416 2340 1665 2404 magnam
1696 2346 1793 2407 po-

172 2425 309 2494 pulo
338 2418 655 2479 Jndmorum
687 2424 1129 2497 stupendumque
1168 2422 1492 2481 miraculum
1523 2422 1791 2480 iacturum

172 2527 301 2573 esse
326 2528 388 2572 se
416 2513 581 2584 dicit;
634 2520 693 2573 ut
722 2516 913 2589 perdat
951 2534 1143 2576 eorum
1200 2520 1528 2591 sapientiam
1559 2510 1652 2593 qui
1681 2536 1789 2576 non

174 2610 509 2681 receperunt
540 2606 634 2666 Del
664 2613 926 2669 virtutem
986 2611 1196 2684 Deique
1236 2614 1589 2684 sapientiam,
1623 2624 1679 2669 et
1709 2610 1793 2669 in-

176 2694 461 2760 tellectum
520 2703 867 2774 prudentium
905 2704 1209 2762 abscondat
1258 2714 1315 2761 et
1343 2704 1523 2762 celet:
1561 2721 1630 2761 ne
1686 2705 1795 2762 sci-

176 2796 309 2855 licet
341 2800 467 2854 eiim
492 2799 769 2868 reperiant
801 2797 891 2870 qui
915 2797 970 2854 in
1001 2790 1189 2854 littera
1218 2799 1553 2855 continetur.
1587 2794 1661 2854 De
1688 2798 1793 2856 hoc

172 2890 302 2946 loco
334 2884 634 2961 Apostolus
654 2882 853 2946 Paulus
884 2891 1131 2947 scribens
1174 2886 1240 2948 ad
1271 2889 1589 2948 Corinthios
1610 2892 1795 2964 posuit

178 2981 562 3040 teatimonium
594 3001 608 3037 :
636 2976 863 3039 Perdant
893 2984 1206 3057 sapientiam
1241 2985 1577 3059 sapientium,
1626 2993 1677 3039 et
1710 2985 1795 3038 in-

177 3074 444 3133 tellectum
470 3074 803 3150 prudentium
848 3077 1138 3149 reprobabo
1189 3077 1239 3149 (ι
1263 3076 1385 3135 Cor.
1416 3095 1455 3144 ι,
1489 3076 1618 3147 l9):
1671 3076 1793 3133 aliis

177 3170 368 3228 verbis
396 3168 647 3228 eumdem
675 3186 897 3227 sensum
929 3171 1280 3229 edisserens:
1315 3187 1422 3228 non
1449 3171 1594 3244 quod
1647 3169 1796 3229 Deus

1895 1950 2040 2023 quod
2084 1950 2266 2008 nullus
2305 1968 2401 2010 eos
2457 1950 2769 2028 intelligat;
2828 1972 2937 2012 non
2988 1959 3342 2020 recordantes
3384 1963 3503 2034 ejus

1893 2043 2037 2117 quod
2069 2044 2139 2102 ad
2171 2042 2338 2103 Deum
2366 2046 2568 2104 dicitur
2595 2064 2610 2103 :
2638 2046 2889 2106 Tenebrae
2917 2068 3019 2111 non
3038 2049 3446 2110 obscurabuntur
3470 2073 3505 2111 a

1896 2146 1944 2193 te
1975 2154 1994 2192 :
2019 2146 2069 2194 et
2094 2155 2199 2194 nos:
2217 2140 2347 2195 sicut
2378 2139 2485 2197 dies
2508 2138 2899 2200 illuminabitur
2926 2142 3502 2217 (Psal.cxxxvttt,12).

1896 2226 2004 2288 Et:
2036 2230 2185 2290 Sicut
2213 2234 2437 2290 tenebrae
2456 2236 2592 2311 ejus,
2647 2235 2723 2292 ita
2750 2247 2800 2293 et
2828 2236 2922 2293 tua:
2967 2242 3085 2313 ejus
3139 2237 3350 2311 (Cenes.
3398 2242 3504 2315 ut).

1896 2320 2010 2381 lloc
2038 2336 2230 2383 errore
2282 2320 2499 2400 decepti
2532 2328 2705 2384 Adam
2756 2336 2811 2385 et
2843 2326 2978 2398 Eva,
3008 2329 3300 2390 audientes
3355 2336 3509 2392 soni-

1898 2426 2009 2479 tum
2038 2419 2235 2491 pedum
2258 2419 2662 2479 deambulantis
2691 2424 2743 2480 in
2776 2423 3031 2496 paradiso
3053 2424 3219 2501 396
3240 2427 3357 2496 Dei,
3384 2430 3510 2489 abs-

1894 2514 2203 2570 conderunt
2222 2528 2283 2570 se
2313 2514 2415 2570 sub
2442 2515 2663 2584 arbore,
2693 2512 2720 2554 δ
2744 2512 2800 2571 in
2829 2532 2934 2589 qua
2965 2528 3084 2573 erat
3122 2519 3350 2576 scicntia
3382 2521 3511 2577 boni

1895 2615 1953 2662 et
1984 2607 2133 2673 mali;
2165 2620 2229 2662 ac
2254 2600 2388 2662 Cain
2415 2621 2634 2679 quoque
2655 2605 2843 2665 dicens
2870 2627 2883 2663 ε
2918 2608 2979 2665 Si
3006 2609 3154 2684 ejicis
3197 2628 3279 2668 me
3301 2612 3458 2669 ltodie
3478 2634 3511 2672 a

1896 2698 2030 2771 facie
2074 2710 2182 2768 tua,
2241 2698 2538 2755 abscondar
2577 2698 2733 2775 (Gen.
2773 2717 2847 2767 tv,
2904 2698 3017 2773 li),
3074 2703 3241 2761 simili
3273 2704 3510 2763 stultitia

1896 2791 2067 2848 Deum
2095 2790 2394 2850 arbitratus
2423 2800 2509 2851 est
2536 2794 2814 2865 ignorare.
2850 2791 2920 2850 Et
2952 2812 3049 2866 per
3090 2800 3259 2854 Amos
3284 2798 3355 2856 de
3408 2800 3510 2855 im-

1897 2887 2001 2960 piis
2030 2896 2084 2944 et
2131 2886 2515 2960 peccatoribus
2557 2884 2759 2946 dicitur
2793 2888 2896 2946 :Si
2933 2890 3297 2947 absconderint
3343 2910 3399 2951 se
3445 2896 3510 2951 ab

1894 2983 2056 3038 oculis
2086 2982 2211 3038 meis
2236 2983 2291 3039 in
2310 2982 2573 3056 profundo
2603 2984 2760 3037 maris
2784 3001 2805 3039 :
2829 2982 3169 3040 ibimandubo
3198 2987 3437 3055 draconi,
3464 3005 3494 3043 e

1895 3074 2147 3131 mordebit
2177 3093 2262 3131 eos
2290 3073 2488 3143 (Amos.
2522 3092 2597 3155 ts,
2623 3072 2700 3149 '5).
2730 3072 2887 3135 Unde
2917 3080 3173 3149 quamvis
3198 3079 3395 3151 aliquis
3423 3095 3513 3135 sa-

1898 3170 2054 3244 piens
2075 3172 2146 3227 sit
2175 3181 2229 3227 et
2258 3170 2607 3228 ferventioris
2634 3168 2837 3243 ingenii
2863 3216 2878 3242 ,
2911 3170 2960 3229 si
2985 3188 3093 3228 non
3125 3173 3378 3230 habuerit
3407 3173 3504 3232 Dei

178 3264 253 3320 sit
276 3263 537 3319 inimicus
555 3263 840 3334 sapientia).
861 3262 1016 3336 cujus
1045 3274 1200 3335 pater
1242 3274 1348 3331 est,
1405 3273 1461 3320 et
1490 3278 1588 3335 per
1631 3279 1794 3337 quem
1822 3252 1868 3327 C
1900 3264 2226 3335 sapientiam
2257 3273 2422 3335 atque
2475 3262 2802 3330 doctrinam,
2860 3262 3108 3321 dicamus
3138 3267 3207 3321 dc
3255 3284 3321 3320 co
3351 3285 3363 3320 :
3394 3265 3491 3322 Nis

178 3355 370 3412 omnis
398 3366 484 3412 est
512 3356 567 3411 in
599 3355 911 3413 hominibus
943 3357 1247 3428 sapientia;
1292 3354 1393 3413 sed
1422 3371 1546 3413 cum
1577 3356 1794 3413 addita-

179 3459 379 3504 mento
404 3447 605 3517 posuit,
631 3457 690 3503 ut
713 3450 769 3504 in
802 3440 1073 3505 llebraico
1096 3447 1519 3520 est,sapientiunt
1533 3448 1714 3523 populi
1740 3457 1798 3505 et

178 3539 352 3615 395
385 3539 731 3611 prudentium
776 3539 945 3607 illius,
988 3539 1041 3597 id
1072 3552 1177 3607 est,
1232 3540 1414 3613 p0puli
1455 3536 1795 3598 Judmorum.

183 3635 253 3690 Et
292 3642 483 3690 revera
513 3630 719 3704 grande
770 3628 1091 3690 miraculum
1135 3630 1284 3691 Deus
1332 3628 1465 3690 fecit
1495 3636 1549 3689 in
1595 3630 1799 3706 populo

180 3732 315 3799 post
350 3726 649 3784 adventum
672 3726 886 3783 Domini
928 3726 1257 3795 Salvatoris,
1284 3738 1342 3782 ut
1375 3736 1489 3784 uno
1516 3737 1679 3799 atque
1701 3742 1799 3783 co-

183 3823 315 3881 dem
356 3830 609 3894 tempore
632 3822 856 3879 arderet
881 3821 1189 3879 Jerusalem
1215 3862 1233 3891 ,
1277 3823 1651 3894 templumque
1680 3836 1805 3879 cor-

184 3925 403 3984 rueret,
451 3928 509 3974 et
536 3918 719 3974 omnis
765 3916 1150 3989 magistrorum
1196 3918 1429 3975 scientia
1479 3918 1801 3986 tolleretur;

186 4012 431 4084 impleto
468 4010 562 4068 illo
593 4013 736 4081 quod
789 4028 951 4083 supra
981 4012 1187 4069 dictum
1219 4022 1304 4070 est
1336 4030 1350 4068 :
1382 4012 1490 4087 (Ad
1517 4029 1633 4083 cap.
1662 4027 1740 4078 iu,
1771 4009 1800 4066 l

186 4105 364 4179 seqq.)
401 4120 421 4161 :
445 4101 581 4160 Ecce
606 4092 917 4161 Dominator
946 4101 1204 4160 Dominus
1243 4103 1459 4159 sabaoth
1504 4102 1702 4174 auferet
1739 4098 1805 4159 ab

184 4194 486 4257 {dualem
515 4202 564 4255 et
593 4192 779 4254 aJuda
802 4198 1033 4255 validum
1062 4208 1109 4253 et
1131 4197 1359 4254 validum
1382 4214 1401 4253 :
1428 4212 1631 4252 omnem
1655 4195 1808 4270 {orti-

189 4290 430 4349 tudinem
449 4294 620 4367 panis,
659 4303 707 4350 et
751 4310 900 4350 omne
940 4292 1097 4348 robur
1133 4298 1314 4365 diluta;
1342 4293 1602 4366 gigantem
1626 4300 1675 4345 et
1715 4290 1809 4344 lto-

188 4388 392 4444 in‘inern
420 4388 741 4456 bellatorem,
772 4400 818 4446 et
865 4390 1127 4463 judicent,
1149 4398 1198 4444 et
1230 4386 1556 4463 praphetam,
1612 4395 1659 4441 et
1684 4400 1810 4439 con-

178 4486 447 4556 iectorem
473 4494 524 4539 et
551 4499 743 4552 senem,
774 4492 820 4539 et
858 4474 1382 4557 quinquagenarium,
1428 4491 1478 4538 et
1524 4478 1809 4536 admirabi-

190 4572 303 4634 lem
325 4578 709 4647 consiliarium,
741 4588 788 4633 et
813 4578 1098 4652 sapientem
1118 4577 1475 4643 architectum,
1514 4583 1563 4630 et
1576 4570 1811 4649 pruden-

1900 3350 2158 3414 Dominus
2186 3357 2524 3430 wdiﬁcaverit
2555 3359 2782 3423 domum,
2829 3359 2881 3411 in
2907 3374 3095 3413 vanum
3152 3356 3494 3423 laboraverim

1899 3454 1988 3526 qui
2014 3450 2277 3526 aediﬁcant
2303 3470 2441 3508 eam.
2475 3448 2597 3509 Nisi
2627 3446 2881 3507 Dominus
2910 3453 3209 3509 custodierit
3234 3455 3512 3519 civitatem,

1901 3544 1953 3601 in
1975 3562 2163 3600 vanum
2187 3545 2418 3620 vigilabit
2440 3546 2531 3618 qui
2558 3545 2781 3601 custodit
2820 3561 2930 3599 eam
2960 3542 3083 3617 (Ps.
3117 3561 3216 3611 ιιι,
3273 3547 3298 3601 1
3347 3557 3394 3601 et
3430 3547 3512 3618 2).

1902 3632 1997 3694 Cui
2035 3654 2134 3695 nos
2163 3637 2429 3694 faciamus
2459 3638 2637 3695 simile
2687 3654 2702 3692 τ
2739 3648 2762 3677 ο
2786 3636 2903 3694 Nisi
2936 3635 3200 3694 Dominus
3236 3637 3513 3709 adiuverit

1904 3731 2274 3802 scientiam,in
2300 3744 2500 3789 vanum
2528 3731 2738 3788 laborat
2766 3732 2859 3804 qui
2890 3747 2951 3789 se
2980 3741 3132 3803 putat
3152 3747 3273 3787 esse
3299 3732 3514 3801 sapien-

1907 3834 2038 3884 tem.
2098 3824 2210 3882 Nisi
2267 3825 2532 3883 Dominus
2578 3824 2728 3883 omni
2780 3824 3028 3880 custodia
3083 3822 3391 3880 servaverit
3419 3837 3514 3878 cor

1908 3931 2181 3989 nostrum,
2204 3922 2259 3976 in
2317 3935 2518 3976 vanum
2558 3919 2744 3990 vigilat
2794 3918 2887 3988 qui
2920 3927 3073 3989 putat
3096 3915 3233 3972 illud
3263 3932 3363 3972 sua
3389 3914 3515 3971 dili-

1904 4015 2084 4087 gentia
2110 4027 2274 4084 posse
2289 4011 2522 4069 servari.
2556 4008 2820 4066 Perversa
2877 4019 2980 4074 est,
3010 4008 3207 4078 inquit,
3238 4008 3356 4066 hac
3393 4024 3518 4065 ves—

1908 4113 1993 4161 tra
2024 4103 2300 4177 cogitatio,
2331 4110 2395 4159 ut
2415 4102 2677 4159 factorem
2710 4102 2912 4172 putetis
2954 4101 3168 4157 nescire
3188 4102 3333 4175 quod
3365 4099 3512 4170 fecit,

1909 4212 1963 4257 et
1981 4198 2295 4257 Creatorem
2312 4201 2498 4271 ignora
2508 4213 2566 4254 re
2577 4204 2884 4254 creaturam
2903 4195 3244 4270 suam,quasi
3266 4197 3310 4251 si
3338 4198 3512 4253 lutum

1912 4281 1964 4353 et
1990 4307 2129 4366 Opus
2143 4294 2286 4350 dicat
2306 4292 2475 4365 figulo
2504 4301 2559 4347 et
2583 4290 2776 4348 lectori
2794 4305 2917 4359 suo,
2948 4307 3055 4347 non
3085 4291 3395 4360 melecisti,
3418 4291 3507 4347 vel

1915 4403 2124 4445 nonme
2160 4386 2304 4444 bene
2344 4382 2541 4454 iecisti,
2581 4400 2681 4441 nec
2734 4383 2998 4459 intelligis
3032 4385 3294 4439 iacturam
3335 4393 3504 4440 tuam.

1914 4481 2031 4538 Hoc
2060 4479 2379 4539 testimonio
2393 4480 2514 4535 aliis
2534 4478 2715 4536 verbis
2727 4477 3024 4551 Apostolus
3039 4479 3209 4534 utitur
3220 4477 3287 4534 ad
3318 4478 3518 4536 Roma-

1916 4594 2017 4634 nos
2030 4572 2120 4635 ubi
2146 4577 2216 4633 de
2247 4575 2340 4633 Dei
2368 4574 2635 4647 profunda
2652 4574 2881 4631 scientia
2901 4573 3511 4645 disputat,ethominum

192 4684 305 4729 tem
326 4671 642 4742 auditorem,
690 4682 746 4729 et
793 4683 1016 4741 caetera,
1045 4687 1188 4744 ,qua:
1234 4671 1591 4744 prapheticus
1630 4683 1812 4728 sermo
1838 4671 1893 4733 D
1919 4672 2032 4726 vult
2059 4669 2391 4727 calumniam
2441 4667 2774 4725 coalutare:
2807 4665 2852 4723 Ο
2879 4665 3055 4731 homo,
3098 4678 3152 4720 tu
3179 4668 3295 4737 quis
3334 4684 3389 4722 es
3424 4667 3515 4737 qui

191 4766 507 4823 contexuit.
536 4764 568 4805 ι

268 4852 465 4932 (Vers.
494 4848 586 4921 1’5,
613 4852 732 4931 ιϐ.)
758 4854 856 4914 Vc
904 4856 995 4930 qui
1014 4854 1273 4930 .profundi
1323 4856 1447 4913 estis
1496 4854 1670 4921 corde,
1700 4864 1754 4908 ut
1780 4869 1814 4908 a

190 4946 439 5008 Domino
485 4951 811 5008 abscondatis
860 4953 1153 5021 consilium,
1194 4967 1416 5021 quorum
1436 4960 1556 5005 sunt
1594 4966 1645 5003 ιη
1676 4957 1816 5003 teneo

187 5048 316 5103 bris
338 5062 521 5121 Opera,
551 5056 599 5103 et
629 5045 844 5103 dicunt:
868 5044 997 5114 Quis
1025 5048 1157 5102 videt
1179 5062 1293 5114 nos,
1314 5056 1362 5101 et
1391 5047 1504 5118 quis
1526 5045 1665 5100 novit
1691 5044 1815 5099 nos?

201 5140 468 5199 Pert'ersa
487 5152 559 5196 est
583 5136 698 5197 'Iuec
724 5151 891 5198 vestra
915 5142 1180 5216 cogitatio,
1233 5141 1383 5212 quasi
1409 5140 1455 5195 si
1497 5141 1665 5195 lutum
1690 5154 1814 5193 con-

195 5243 286 5295 tra
309 5235 537 5311 ﬁgulum
556 5239 765 5313 cogitet,
798 5248 844 5293 et
865 5237 1005 5292 dicat
1048 5253 1175 5311 opus
1196 5235 1383 5309 [actori
1409 5250 1504 5290 suo
1534 5249 1556 5289 :
1576 5248 1679 5288 non
1731 5236 1813 5304 {e-

196 5324 330 5391 cis'ti
358 5350 478 5401 me;
508 5345 556 5389 et
580 5324 884 5409 ﬁgmentum
913 5333 1051 5389 dicat
1087 5334 1255 5405 [ictori
1305 5347 1400 5387 suo
1429 5347 1449 5387 :
1496 5344 1599 5386 non
1624 5326 1819 5384 intelli-

194 5430 313 5505 gis.
336 5420 488 5486 LXX
518 5445 539 5484 :
564 5416 660 5485 Va:
699 5430 788 5501 qui
814 5428 1157 5501 profundum-
1180 5426 1455 5483 consilium
1482 5425 1688 5499 ,[aciunt
1711 5464 1727 5490 ,
1770 5430 1817 5477 et

182 5535 365 5581 .erunt
392 5521 449 5578 in
496 5512 715 5579 tenebris
760 5539 918 5599 opera
958 5539 1158 5589 eorum,
1193 5532 1237 5578 et
1268 5521 1444 5581 dicunt
1473 5535 1493 5576 :
1519 5519 1645 5588 Quis
1683 5514 1819 5575 videt

199 5618 353 5687 nos?
371 5606 489 5692 quis
518 5620 644 5683 sciet
685 5635 801 5687 nos,
825 5627 871 5675 et
890 5633 1008 5690 quia
1034 5635 1127 5673 nos
1175 5615 1395 5689 facimus
1414 5615 1624 5679 Nonne
1665 5620 1719 5666 ut
1742 5608 1822 5667 lu-

258 5853 271 5864 ·
289 5789 318 5819 ³
344 5777 576 5864 Additur
598 5778 651 5862 in
689 5776 948 5862 Vaticano
973 5794 987 5831 :
1009 5774 1337 5864 Notandum"
1368 5771 1497 5864 quid
1524 5770 1730 5864 dicatur
1754 5766 1819 5824 de

207 5851 1827 5994 “’1“Eii?ii'§i‘i‘di§iii$"iﬂ"is$535510..."

1919 4767 2228 4840 respondeas
2256 4763 2405 4819 Deo?
2432 4761 2698 4829 Numquid
2720 4762 2847 4815 dicit
2868 4762 3167 4834 figmentum
3196 4761 3373 4834 δίεισι-ἱ
3393 4778 3511 4830 suo,

1917 4873 2075 4929 quare
2098 4874 2175 4911 me
2195 4855 2361 4929 fecisti
2387 4854 2495 4909 sic?
2520 4853 2603 4909 An
2646 4868 2747 4907 non
2797 4854 2948 4907 liabet
2977 4861 3278 4926 potestatem
3312 4853 3518 4925 ﬁgulus

1918 4952 1983 5007 de
2010 4951 2189 5007 eodem
2236 4947 2345 5003 luto
2370 4945 2519 5002 aliud
2552 4962 2641 5001 vas
2690 4948 2869 5016 facere
2898 4946 2953 5002 in
2982 4945 3252 5013 honorem,
3281 4946 3430 5002 aliud
3459 4947 3516 5003 in

1917 5043 2283 5100 contumeliam
2305 5040 2482 5113 (Rom.
2508 5056 2584 5106 is,
2610 5038 2703 5103 20,
2724 5038 2850 5107 .21).
2878 5039 2935 5097 ln
2961 5040 3159 5112 quibus
3180 5042 3391 5097 cunctis
3423 5041 3517 5099 illa

1917 5153 2135 5208 semper
2187 5133 2528 5192 obsorvanda
2592 5145 2678 5188 est
2724 5132 2914 5204 regula
2964 5148 2978 5187 :
3028 5132 3406 5203 Evangelistas
3463 5142 3522 5190 et

1920 5230 2215 5303 Apostolos
2244 5229 2450 5299 absque
2502 5227 2705 5285 damno
2758 5243 3015 5287 sensuum
3049 5227 3438 5299 interpretatos
3463 5229 3518 5286 in

1920 5324 2169 5384 Graecum
2200 5340 2267 5382 ex
2296 5323 2546 5390 Hebrazo,
2580 5332 2639 5379 ut
2660 5324 2759 5379 sibi
2793 5322 2967 5377 visum
2990 5322 3171 5378 fuerit.

2000 5415 2646 5491 (Vers.lflseqq.)Nonne
2664 5414 2895 5471 adhucin
2913 5414 3111 5470 modico
3132 5415 3245 5473 etin
3261 5414 3397 5473 brevi
3410 5432 3528 5473 con-

1926 5520 2146 5568 vertatur
2166 5508 2394 5566 Libanus
2431 5509 2487 5564 in
2509 5506 2748 5567 Charmel
2770 5524 2791 5563 :
2808 5517 2867 5565 et
2884 5506 3123 5573 Charine!
3138 5508 3201 5563 in
3225 5510 3417 5565 saltum
3434 5525 3524 5565 ce—

1927 5605 2190 5682 putabitur
2206 5607 2229 5662 ?
2245 5602 2315 5663 Et
2335 5602 2546 5661 audient
2575 5600 2630 5659 in
2642 5600 2734 5658 die
2760 5600 2858 5657 illa
2886 5601 3031 5669 surdi
3082 5603 3234 5665 tierba
3283 5602 3448 5677 libri;
3466 5610 3527 5665 .et

1922 5761 2272 5819 Maniclimos.
2296 5760 2312 5775 ‘

1994 5842 2026 5875 ὀ
2044 5829 2235 5890 Vatia.
2252 5824 2537 5901 Wa’nisi
2554 5822 2830 5895 'D‘aminus,
2864 5822 2991 5900 etei
