4014 6458
170 390 279 450 357

710 388 1363 454 (ΞΟΜΜΕΝΤΑΒΙΟΒΠΜ
1404 395 1472 453 ΙΝ
1509 396 1748 456 ISAIAM

1887 398 2213 461 DPHETAM
2252 404 2387 464 LIB.
2427 405 2526 464 IX.
2565 406 2723 467 CAP.
2765 409 2939 468 XXX.

3379 416 3485 475 338

170 501 407 573 ﬁcabunt
428 520 612 561 nomen
633 522 823 573 meum,
842 520 888 563 et
903 511 1300 577 sanctiﬁcobunt
1318 523 1557 567 sanctum
1572 513 1770 571 Iacob:
1798 519 1853 581 Α
1875 519 2137 574 scendatis
2175 523 2231 575 in
2264 521 2600 595 .Egyptum;
2645 535 2695 581 et
2730 543 2813 581 me
2844 545 2947 584 non
2988 529 3385 605 interrogastis,
3428 540 3488 589 ut

171 606 220 650 et
254 596 425 652 Deum
464 597 634 655 Israel
673 602 955 659 timebunt:
984 616 1031 659 et
1073 607 1233 661 scient
1253 608 1342 677 qui
1365 617 1538 662 errant
1566 610 1775 678 spiritu,

166 692 616 767 intelligentiam:
664 706 712 752 et
752 700 1105 755 mussitatores
1154 701 1356 757 discent
1410 703 1775 772 obedientiam,

172 789 435 858 quodque
472 791 793 862 scquitor-é-
817 810 864 849 et
890 795 1084 869 lingutr
1114 795 1448 852 balbutientes
1479 798 1676 854 discent
1701 802 1779 855 lo-

172 884 264 955 qui
288 901 472 951 pacem
512 885 548 948 ξ
580 887 742 943 obeli-
774 893 1190 959 pra-notandum
1208 904 1310 947 est.
1335 892 1774 962 Ctnnaudierint,
1806 934 1809 937 λ

174 977 378 1048 inquit,
408 981 558 1035 surdi
582 982 747 1037 verba
779 983 923 1049 libri,
965 995 1020 1038 et
1042 987 1183 1041 oculi
1215 1001 1484 1041 czecornm
1511 987 1778 1047 viderint:

170 1066 529 1143 Liltanttsqne
581 1089 882 1131 comersus
918 1076 1077 1133 fuerit
1109 1080 1163 1133 in
1215 1078 1494 1144 Charmel,
1528 1088 1584 1134 et
1610 1081 1780 1137 Char-

168 1169 280 1223 mel
340 1180 628 1235 reputatns
657 1173 709 1225 in
740 1172 935 1227 saltum
963 1217 977 1236 ,
1028 1173 1104 1228 ita
1154 1183 1212 1228 ut
1241 1176 1399 1229 mites
1430 1186 1479 1231 et
1510 1192 1778 1247 pauperes

169 1258 433 1316 laetentur
465 1263 519 1316 in
544 1262 798 1325 Domino,
824 1277 874 1319 et
903 1267 1170 1324 superbus
1202 1267 1501 1338 illusorqne
1523 1269 1777 1326 dcllciat:

168 1362 301 1411 tunc
313 1357 865 1414 (’OllftllldelllrJnCHD
887 1360 976 1427 qni
1008 1361 1169 1416 modo
1185 1364 1399 1418 interim
1422 1378 1525 1418 non
1550 1366 1780 1419 confun-

166 1448 339 1507 ditur.
371 1451 653 1521 Signiﬁcat
682 1464 863 1508 autent
890 1454 1041 1509 Isaie.
1075 1466 1340 1526 tempora.
1397 1456 1464 1511 Et
1494 1458 1676 1513 vulsus
1705 1458 1777 1514 ιι-

166 1542 275 1598 lius
298 1546 608 1613 erubescet,
636 1557 692 1601 ιιι
713 1547 880 1603 rubor
895 1559 1058 1619 atque
1082 1550 1335 1606 confusio
1358 1551 1578 1606 occasio
1600 1551 1673 1605 sit
1693 1564 1781 1605 sa-

164 1637 320 1705 lutis,
350 1641 623 1707 praecipue
648 1658 767 1695 cum
790 1643 988 1697 viderit
1013 1646 1152 1698 lilios
1170 1659 1320 1708 suos,
1346 1645 1397 1699 id
1419 1656 1523 1709 est,
1549 1646 1781 1712 Aposto-

164 1731 250 1787 los
275 1740 333 1785 et
350 1733 683 1794 apostolicos
702 1735 871 1803 viros,
894 1736 983 1805 qtti
1011 1736 1231 1792 luerunt
1253 1738 1321 1792 de
1338 1752 1537 1808 genere
1561 1737 1778 1792 .Indruo-

164 1838 318 1884 rum,
349 1825 402 1878 in
423 1826 604 1881 medio
630 1828 910 1883 nationum
938 1829 1151 1883 homini
1181 1842 1496 1899 perpetrare
1527 1831 1775 1896 virtutes,

1878 614 2150 683 accipiatis
2196 617 2456 670 auxilium
2499 635 2531 672 a
2578 617 2888 686 Pharaone,
2940 632 2990 676 et
3031 627 3373 696 protegamini
3420 626 3487 681 ab

1880 704 2169 778 Egyptiis.
2203 708 2315 763 Erit
2354 710 2498 765 vobis
2526 715 2774 782 protectio
2807 713 3101 773 Pharaonis
3132 721 3186 773 in
3223 720 3490 786 confusio-

1878 816 1993 853 nent
2017 817 2037 867 ;
2065 811 2116 854 et
2146 803 2225 856 his
2250 845 2264 864 .
2302 806 2392 875 qui
2414 805 2680 874 confidunt
2719 810 2774 862 in
2816 808 3050 880 ngypto
3072 854 3085 873 ,
3130 815 3485 883 opprobrium.

1883 892 2018 949 Sunt
2043 896 2176 949 enim
2203 900 2255 950 in
2282 897 2416 952 'l‘ani
2440 902 2702 973 principes
2723 945 2738 970 ,
2785 906 2954 959 nuntii
2993 909 3226 978 pessimi.
3266 908 3491 967 Frustra

1879 986 2183 1040 laborabunt
2220 990 2287 1041 ad
2312 991 2561 1059 populum
2587 1035 2601 1057 ,
2637 995 2724 1063 qui
2753 998 2825 1048 eis
2846 1012 2948 1050 non
2978 1000 3210 1062 proderit
3239 1002 3309 1053 ad
3335 1002 3491 1056 auxi—

1878 1082 2111 1137 liandum
2142 1101 2162 1139 ε
2188 1102 2349 1151 neque
2388 1087 2441 1140 in
2481 1088 2759 1143 utilitatem
2784 1132 2798 1153 ,
2844 1094 2934 1145 sed
2963 1093 3015 1146 in
3055 1095 3406 1162 confusionem
3438 1104 3488 1150 et

1881 1176 2233 1247 approbrium.
2264 1177 2396 1233 Post
2429 1182 2775 1250 prophetiam
2800 1191 2992 1238 contra
3016 1184 3192 1248 Ariel,
3214 1198 3266 1241 et
3286 1195 3485 1242 cietera

1879 1286 2001 1338 qua:
2029 1286 2199 1342 usque
2226 1272 2290 1326 ad
2318 1272 2461 1328 hunc
2506 1274 2683 1328 locum
2732 1281 3046 1345 prteteritns
3086 1294 3267 1334 sermo
3311 1279 3485 1337 disse-

1880 1365 1992 1419 ruit
2031 1381 2044 1418 :
2104 1382 2246 1420 nunc
2280 1367 2511 1423 alterius
2563 1368 2975 1425 vaticinationis
3020 1372 3307 1427 exordium
3360 1383 3482 1441 est,

1879 1473 1999 1527 qum
2024 1467 2143 1528 post
2174 1468 2390 1514 centum
2418 1462 2818 1533 quinquaginta
2871 1476 3046 1518 annos
3072 1507 3087 1528 ,
3137 1467 3225 1534 qui
3268 1465 3493 1521 inerunt

1882 1550 2023 1605 inter
2059 1551 2251 1607 Isaiam
2293 1565 2347 1609 et
2379 1555 2678 1611 Joremiam
2724 1558 2992 1623 probatur
3030 1574 3153 1615 esse
3192 1561 3489 1628 ct‘mplcta.

1881 1645 2136 1701 Przrdicit
2164 1646 2309 1701 enim
2348 1650 2496 1703 illam
2532 1652 2822 1705 historiam
2853 1693 2869 1718 ,
2915 1668 3078 1722 quam
3132 1652 3183 1708 in
3226 1652 3485 1708 Jeremitc

1879 1739 2157 1794 Volumine
2216 1740 2451 1809 legimus
2498 1739 2715 1797 lJerem.
2764 1745 2915 1812 xu).
2960 1747 3178 1816 quando
3228 1748 3492 1801 subversa

1879 1828 2178 1911 Jerusalem
2203 1843 2255 1887 et
2283 1835 2536 1887 omnibus
2576 1836 2629 1889 in
2664 1835 2945 1908 Babylone
2986 1839 3185 1908 opibus
3223 1841 3491 1909 principl-
3540 1906 3545 1911 ἢ

162 1928 219 1972 et
246 1914 455 1972 Christi
483 1934 683 1974 nomen
714 1921 969 1990 gentibus-
997 1923 1321 1991 przctlicare.
1346 1931 1403 1977 et
1423 1923 1637 1977 dicere:
1671 1922 1775 1978 Pa-
1808 1917 1855 1977 B
1883 1921 2094 1992 hosque
2124 1925 2437 1987 translatis,
2472 1929 2802 1997 pra'pmitus
2836 1938 2923 1984 est
2966 1932 3097 2001 regii
3137 1932 3358 2001 generis
3402 1931 3486 1989 his

165 2021 245 2065 ter
270 2023 470 2075 uo~ter,
515 2013 605 2083 qui
629 2030 680 2067 es
705 2015 758 2068 in
793 2013 957 2079 caelis,
1006 2017 1359 2085 sancti/icetur
1407 2033 1591 2072 nomen
1632 2029 1774 2072 tuum

162 2100 386 2171 (Hatth.
420 2119 495 2169 Vl,
520 2102 599 2177 9).
635 2104 714 2161 Illi
748 2109 893 2162 enim
934 2109 1356 2164 sanctillcabtmt
1393 2108 1658 2165 Sanctum
1683 2110 1778 2181 qui

161 2209 322 2254 ortus-
351 2208 436 2253 est
457 2199 525 2255 dc
550 2199 720 2256 Jacob
742 2243 757 2267 ,
781 2214 834 2257 et
864 2202 1034 2257 Deum
1066 2203 1227 2258 Israel
1261 2205 1539 2261 docebunt
1565 2208 1616 2259 in
1645 2222 1775 2277 gen-

163 2292 331 2350 tibus.
375 2302 434 2346 ut
472 2293 632 2349 idolis
661 2295 1202 2359 derelictis,dicant:
1235 2312 1396 2367 quam
1429 2296 1556 2352 falsa
1592 2313 1779 2367 possc-

164 2383 373 2440 derunt
428 2399 613 2454 patres
662 2388 831 2441 nostri
865 2389 1033 2445 idola.
1089 2399 1279 2443 etnon
1328 2397 1415 2444 est
1469 2390 1523 2444 itt
1559 2390 1665 2445 illis
1684 2390 1776 2457 qui

163 2483 318 2550 plnat
344 2498 363 2548 ;
393 2470 603 2537 et‘tnnc
629 2483 804 2538 scient
834 2483 923 2553 qni
955 2498 1100 2537 nunc
1132 2495 1315 2537 errant
1372 2482 1588 2552 Spiritu,
1616 2483 1779 2539 intel-

165 2576 452 2648 Iigentiam
489 2579 607 2644 Dei,
633 2589 685 2632 et
710 2578 801 2649 qui
828 2579 1103 2649 quondam
1126 2580 1181 2634 in
1211 2579 1508 2635 solitudine
1536 2594 1779 2633 murmu-

165 2674 367 2727 rahaut
390 2681 580 2727 contra
613 2671 926 2740 Dominum,
962 2673 1174 2728 discent
1202 2672 1421 2741 Legem,
1448 2674 1601 2739 cujus
1629 2671 1778 2740 prius

167 2765 419 2820 laetitiam
446 2781 551 2819 non
581 2765 757 2819 ιιςιικι.
795 2776 871 2821 nt.
894 2766 952 2822 Si
976 2769 1119 2821 enim
1148 2768 1489 2835 recepissent
1514 2766 1771 2834 Μαι-δραι,

163 2859 509 2927 recepissent
530 2871 585 2914 et
618 2860 903 2914 Dominum
930 2861 1115 2915 Jesutu
1145 2860 1446 2926 Christum,
1475 2860 1596 2926 quin
1624 2859 1776 2931 Moy-

165 2968 255 3009 ses
282 2953 356 3009 de
376 2952 830 3023 i'Ioluqut-batur.
848 2952 999 3021 Quid
1022 2953 1073 3007 in
1097 2953 1360 3022 principio
1380 2952 1601 3021 capituli
1626 2952 1780 3021 juxta

167 3046 502 3104 Hn-braicnm
531 3044 941 3101 transtulimus:
997 3044 1126 3099 Htec
1151 3045 1273 3099 dicit
1299 3042 1556 3098 Dominus
1587 3047 1655 3098 ad
1678 3044 1777 3097 do-

164 3156 305 3195 mum
334 3136 525 3204 Iacob,
574 3140 661 3211 qui
690 3139 902 3193 redemit
933 3139 1207 3208 quondam
1233 3139 1519 3201 Abraham,
1553 3147 1609 3193 et
1636 3138 1774 3193 edu-

167 3238 241 3289 xit
269 3234 342 3288 de
365 3232 663 3299 Chaldu-is,
698 3241 754 3287 et
785 3232 837 3287 in
869 3244 1070 3287 terram
1093 3231 1540 3300 repromissionis
1566 3230 1781 3286 induxit

1877 2016 1968 2081 qui
2024 2016 2075 2069 in
2126 2016 2314 2071 .Intlzua
2369 2032 2797 2087 remanserant,
2852 2020 3115 2079 Godolias
3158 2024 3303 2078 ﬁlius
3343 2023 3480 2079 Alti-

1877 2120 2040 2171 cam,
2100 2123 2209 2180 quo
2266 2125 2361 2180 per
2411 2111 2599 2166 dolmn
2658 2128 2779 2168 cum
2831 2112 3112 2170 Chaldmis
3163 2118 3337 2172 sociis
3404 2117 3490 2172 in-

1879 2201 2141 2264 terfecto,
2202 2219 2395 2259 omnes
2436 2206 2709 2274 principes
2752 2207 3110 2273 pellatorum,
3169 2220 3227 2264 et
3279 2211 3486 2267 Iollan-

1878 2310 1981 2348 nan
2007 2292 2167 2369 ἀοι
2193 2295 2336 2351 illius
2362 2295 2609 2355 ωιτη-ρει).
2637 2309 2692 2355 et
2720 2298 3012 2356 Jeclmnias
3044 2302 3188 2358 illius
3222 2303 3401 2369 Ositc;
3432 2313 3489 2361 et

1879 2387 2148 2453 reliquum
2190 2389 2381 2456 vulgus
2413 2406 2442 2445 a
2474 2408 2642 2457 parvo
2674 2410 2845 2465 usque
2875 2395 2941 2449 ad
2978 2412 3229 2468 magnum
3254 2439 3268 2461 ,
3301 2413 3483 2453 acces-

1879 2490 2070 2534 serunt
2092 2481 2153 2533 ad
2184 2480 2475 2536 .Ieremiam
2510 2485 2867 2553 Propltetam.
2901 2498 2955 2543 et
2982 2488 3232 2544 dixerunt
3268 2491 3356 2545 ei:
3391 2490 3492 2547 Ca-

1882 2571 1970 2625 dat
1986 2574 2153 2627 oratio
2178 2587 2356 2629 nostra
2390 2577 2443 2629 in
2485 2589 2759 2651 conspectu
2785 2590 2895 2647 ttto,
2925 2592 2973 2635 et
2994 2599 3086 2637 ora
3121 2601 3215 2654 pro
3254 2586 3398 2638 nobis
3421 2586 3492 2640 ad

1881 2661 2163 2717 Dominum
2189 2664 2351 2720 Deum
2375 2677 2519 2721 tuum
2542 2688 2637 2741 pro
2660 2671 2910 2726 uniuersis
2933 2671 3167 2741 reliquiis
3195 2675 3325 2730 istis.
3353 2676 3490 2744 Quia

1881 2757 2051 2809 relicti
2079 2774 2253 2811 sumus
2286 2761 2439 2826 pauci
2469 2759 2535 2813 de
2562 2761 2816 2831 pluribus,
2848 2764 2979 2817 sicut
3010 2765 3149 2819 oculi
3177 2768 3252 2820 tui
3283 2784 3377 2822 nos
3404 2769 3490 2823 in-

1885 2856 2129 2916 tuentur;
2154 2859 2201 2903 et
2224 2853 2493 2906 annuntiat
2519 2852 2662 2906 nobis
2690 2853 2942 2909 Dominus
2960 2856 3099 2910 Deus
3115 2870 3233 2913 tuus
3248 2876 3382 2912 riam
3398 2876 3490 2924 per

1884 2958 2039 3013 quam
2073 2958 2361 3014 pergamus.
2388 2958 2435 3000 et
2453 2947 2659 3001 ttetbttm
2686 2950 2824 3017 quod
2849 2950 3100 3019 faciamus
3118 2949 3334 3017 (Jerent.
3361 2969 3493 3021 ml,

1882 3036 1919 3091 2
1936 3079 1950 3100 ,
1975 3035 2053 3108 5).
2075 3034 2321 3109 Cumque
2343 3040 2602 3095 let-emine
2629 3053 2753 3111 pust
2779 3045 2967 3098 decem
2997 3045 3114 3100 dies
3141 3062 3205 3100 ex
3235 3062 3492 3106 sermone

1887 3129 2099 3185 Domini
2146 3135 2555 3202 respondisset:
2604 3134 2736 3191 Haec
2778 3138 2903 3192 dicit
2954 3137 3206 3194 Dominus
3237 3139 3377 3195 Deus
3408 3139 3493 3198 Is.

1886 3225 2042 3278 rael:
2075 3224 2136 3280 Si
2194 3229 2509 3295 quiescentes
2566 3232 2856 3285 moueritit
2894 3233 2947 3286 in
2989 3243 3128 3289 terra
3175 3235 3301 3297 hac.
3361 3237 3494 3292 crdi-

170 3323 389 3400 (Geues.
409 3327 817 3397 xt),perspicue
836 3336 1004 3395 patet.
1033 3324 1168 3379 llltttl
1193 3324 1535 3395 autemquod
1557 3324 1781 3394 Septna-
1804 3303 1850 3367 (ἶ
1883 3320 2051 3390 ﬂeabo
2082 3338 2172 3377 vos
2201 3334 2247 3376 et
2275 3341 2378 3378 non
2410 3325 2705 3391 destruam,
2741 3329 2988 3395 plantabo
3020 3343 3066 3386 et
3099 3349 3200 3387 non
3233 3334 3480 3405 evellam,

167 3423 318 3488 ginta
355 3419 793 3473 tran~tu|t-runt:
835 3417 959 3472 liceo
996 3417 1122 3470 dicit
1147 3416 1314 3489 500
1350 3417 1601 3470 Dominus
1620 3432 1781 3486 super

168 3513 387 3567 domum
429 3508 594 3566 Iacob
621 3526 772 3581 quam
803 3512 1060 3581 separauit
1089 3527 1152 3565 ex
1184 3510 1465 3569 Abraham.
1498 3524 1579 3565 s~c
1618 3510 1781 3565 intel-

170 3605 262 3673 ligi
292 3614 502 3676 poteSt,
528 3603 672 3669 quod
698 3604 923 3659 Scrihas
952 3612 1007 3655 et
1035 3601 1363 3667 Pharis-sos,
1388 3603 1476 3665 qui
1497 3600 1539 3655 D
1564 3601 1781 3656 ἠιίιιιιηι

172 3698 636 3767 bIaSphcmahant
663 3738 677 3764 ,
735 3695 1070 3766 separavetit
1098 3696 1165 3749 ah
1197 3694 1492 3758 Abraham,
1528 3694 1619 3762 qui
1649 3694 1785 3749 vidit

170 3794 320 3851 diem
344 3793 586 3859 Domini,
608 3802 664 3846 et
689 3794 901 3845 ltetatns
927 3801 1009 3845 est
1031 3790 1212 3859 (loau.
1234 3794 1372 3852 vni).
1395 3786 1451 3843 Si
1484 3790 1626 3843 enim
1653 3787 1794 3842 Γιιιεο·

172 3899 302 3945 sent
348 3888 452 3942 ﬁlii
507 3886 821 3952 Abraham,
875 3884 1135 3940 fecissent
1175 3899 1340 3949 Opera
1376 3883 1675 3939 Abraham:
1718 3881 1785 3936 Et

170 3958 484 4048 Apostolus
529 3982 769 4051 disputat
808 3995 903 4034 θος
956 3978 1311 4051 appellandos
1339 3979 1480 4033 lilios
1513 3977 1783 4031 Abraham

172 4075 373 4149 (H.br.
411 4075 513 4145 XI),
549 4074 644 4145 qui
676 4070 1406 4129 hahne'rint‘sitnilimdinetu
1459 4072 1582 4127 lltlt-i
1617 4070 1787 4125 Abra-

159 4168 326 4230 ham,
356 4169 460 4223 hoc
477 4181 578 4228 est,
605 4169 857 4236 populum
882 4166 1145 4236 gentium,
1169 4166 1260 4236 qui
1295 4181 1399 4220 non
1417 4182 1483 4221 ex
1504 4165 1784 4236 operibus,

170 4262 272 4319 sed
301 4278 365 4316 ex
393 4260 499 4314 lltle
528 4262 792 4315 Abraham
823 4260 965 4314 illius
987 4261 1294 4330 appellatus
1322 4266 1423 4313 est.

249 4357 414 4427 (Cap.
442 4354 611 4411 XXX.
644 4384 713 4396 -
743 4354 902 4411 Vers.
938 4357 957 4409 l
991 4355 1172 4426 seqq.)
1214 4354 1304 4409 Va:
1333 4355 1430 4425 ﬁlii
1462 4356 1745 4409 desertores
1768 4395 1786 4421 ,

169 4453 301 4506 dicit
335 4448 591 4504 Dominus
617 4466 636 4505 :
666 4459 723 4504 ut
752 4450 988 4517 faceretis
1019 4448 1318 4507 consilium.
1353 4458 1400 4503 et
1434 4463 1534 4503 non
1565 4464 1630 4501 ex
1659 4464 1739 4501 me
1770 4464 1784 4502 :

165 4554 218 4598 et
247 4543 559 4597 ordiremini
588 4543 742 4597 telam
768 4585 781 4603 .
826 4550 875 4596 ‘et
915 4554 1138 4608 notrper
1165 4541 1421 4614 Spiritum
1453 4557 1624 4596 meum
1664 4557 1682 4595 :
1731 4549 1789 4594 ut

170 4637 442 4691 adderetis
469 4647 731 4704 peccatum
756 4653 914 4703 super
934 4647 1212 4705 peccatum.
1251 4635 1351 4702 Qui
1378 4636 1655 4689 antbulatis
1680 4678 1693 4693 .
1733 4643 1789 4689 ut

170 4730 516 4784 descendatis
540 4729 596 4783 in
622 4726 914 4803 ﬁgi/ptum

169 4824 371 4896 gastis.
403 4806 664 4893 sperantes
693 4824 952 4877 auxilium
981 4825 1037 4877 iu
1066 4824 1372 4891 fortitudine
1396 4820 1716 4888 Pharaonis,
1745 4833 1795 4879 et

171 4917 434 4971 habentes
451 4917 697 4986 ﬁduciam
723 4918 775 4970 in
805 4915 987 4970 umbra
1020 4915 1260 4989 Egi/pii.
1295 4914 1365 4970 Et
1395 4916 1490 4968 erit
1518 4915 1660 4969 vobis
1687 4916 1796 4983 for-

164 5008 359 5064 titudo
401 5006 696 5063 Pharaonis
747 5010 799 5062 in
828 5009 1188 5073 confusionem
1214 5050 1228 5070 .
1277 5017 1327 5062 et
1374 5008 1573 5079 fiducia
1604 5006 1799 5063 umbra:

169 5100 415 5172 [Egypti
442 5100 494 5153 in
521 5101 883 5169 ignominiam.
915 5098 1083 5154 Erunt
1114 5100 1251 5154 enim
1277 5101 1333 5154 in
1360 5098 1518 5155 Tanis
1541 5101 1799 5173 principes

164 5196 257 5265 tui
292 5210 316 5248 :
346 5204 393 5246 et
423 5195 594 5248 nuntii
620 5196 695 5248 tui
726 5210 889 5266 usque
919 5193 1096 5249 Hanes
1125 5191 1236 5267 [AL
1268 5193 1339 5248 ad
1368 5192 1524 5267 Artes]
1557 5210 1797 5261 pervene-

166 5299 336 5343 runt.
369 5285 562 5341 Omnes
582 5288 787 5357 confusi
815 5297 937 5340 sunt
965 5304 1121 5357 super
1143 5289 1336 5359 popqu
1352 5289 1441 5358 qui
1464 5287 1534 5341 eis
1557 5286 1798 5360 prodesse

163 5398 283 5436 non
323 5380 549 5448 poterit:
575 5396 676 5433 non
696 5384 905 5451 fuerunt
931 5381 983 5433 iit
1012 5378 1273 5435 auxilium
1294 5392 1343 5434 et
1366 5381 1417 5433 in
1444 5381 1673 5445 aliquam
1696 5383 1801 5434 uti-

167 5466 428 5538 litatem,
460 5474 551 5525 sed
583 5472 638 5525 in
666 5473 1030 5539 confusionem
1072 5484 1122 5525 et
1151 5472 1204 5525 in
1240 5470 1592 5543 opprobrium.
1627 5471 1799 5527 LXX:

175 5565 290 5622 Vc:
325 5563 426 5631 lilii
450 5563 873 5636 praevaricatores
900 5606 916 5629 ,
956 5563 1083 5618 dicit
1111 5562 1386 5617 Dominus.
1432 5561 1653 5618 Fecistis
1679 5581 1802 5617 conc

167 5661 373 5715 silium
396 5700 409 5718 .
446 5667 494 5711 et
536 5672 639 5710 non
667 5671 759 5728 per
789 5672 909 5721 me;
942 5666 989 5709 et
1022 5664 1229 5723 pactum
1254 5696 1270 5719 ,
1318 5672 1421 5709 non
1453 5673 1543 5723 per
1563 5656 1805 5725 spiritum

168 5767 369 5809 meum
400 5766 419 5806 :
451 5759 507 5805 ut
542 5750 800 5806 adderetis
827 5763 1036 5822 peccata
1067 5749 1289 5822 peccatis
1324 5765 1343 5804 :
1386 5748 1477 5819 qui
1499 5750 1585 5805 itis
1624 5759 1677 5805 ut
1715 5749 1806 5806 de-

259 5944 296 5972 ι
331 5931 508 5991 Verba
533 5942 579 5990 et
606 5931 815 6006 filiabus
840 5931 978 6007 regis
1004 5931 1063 5991 in
1087 5930 1267 5991 Vatis.
1296 5945 1409 5990 non
1433 5937 1580 5991 sunt.

1884 3415 2129 3481 quoniam
2152 3416 2386 3483 placatus
2416 3437 2528 3473 sunt
2550 3437 2707 3489 super
2732 3425 2865 3477 man
2890 3425 3030 3497 quod
3060 3426 3158 3495 feci
3183 3426 3346 3484 vobis.
3378 3428 3489 3485 No-

1887 3508 1976 3563 lite
2014 3513 2191 3563 timere
2228 3530 2259 3565 a
2298 3514 2432 3584 facie
2471 3516 2606 3586 regis
2648 3514 2930 3589 Babylonis
2955 3560 2970 3583 ,
3015 3535 3162 3579 quem
3203 3536 3290 3575 vos
3317 3524 3493 3591 pavidi

1887 3600 2181 3670 formidatis
2204 3602 2392 3671 (lbid.,
2417 3622 2450 3659 κ
2470 3650 2484 3674 ,
2520 3607 2631 3673 ll).
2658 3608 2719 3662 Et
2746 3621 2867 3677 post
2896 3611 3201 3667 modicum:
3231 3613 3293 3669 Si
3320 3632 3492 3671 autem

1888 3696 2158 3762 dixeritis,
2194 3715 2295 3751 non
2326 3701 2670 3757 habitabimus
2708 3705 2762 3755 in
2785 3715 2922 3758 terra
2961 3706 3097 3771 ista;
3126 3719 3173 3761 et
3219 3712 3494 3781 posueritis

1886 3789 2070 3859 faciem
2094 3801 2334 3857 t‘estram,
2370 3805 2424 3848 ut
2452 3796 2815 3867 ingrediamini
2848 3795 3162 3868 ﬁgantum,
3195 3811 3243 3855 et
3272 3816 3493 3858 intrare-

1888 3883 2006 3936 ritis
2035 3896 2091 3937 ut
2124 3883 2191 3937 ibi
2220 3885 2456 3941 habitetis
2483 3903 2500 3949 ;
2527 3887 2736 3956 gladius
2765 3907 2917 3961 quem
2949 3908 3035 3945 vos
3063 3893 3358 3961 formidatis
3377 3937 3393 3961 ,
3421 3895 3496 3950 ibi

1890 3977 2284 4040 comprehendet
2310 3995 2399 4032 vos
2422 3995 2440 4032 :
2466 3989 2513 4033 et
2538 3982 2701 4051 fames
2734 3997 2829 4047 pro
2854 4000 2956 4051 qua
2982 3984 3108 4038 estis
3135 3985 3368 4048 solliciti,
3398 3986 3496 4040 ud-

1890 4067 2100 4123 hterebit
2130 4070 2269 4124 vobis
2300 4072 2352 4123 in
2372 4069 2629 4145 ﬂigi/pta,
2655 4082 2704 4127 et
2732 4072 2801 4126 ibi
2831 4076 3118 4130 moriemini
3148 4075 3337 4145 (lb'd.,
3362 4094 3491 4144 xui,

1892 4160 1983 4223 15,
2008 4160 2103 4224 15,
2136 4161 2247 4231 16).
2286 4162 2701 4223 Βθεινοηιιθνιιιιι
2730 4165 2829 4220 viri
2858 4168 3078 4232 superbi
3102 4210 3115 4230 ,
3150 4169 3397 4225 dicentes
3425 4172 3492 4227 ad

1891 4251 2183 4308 Jeremiam
2241 4273 2254 4308 :
2302 4254 2629 4311 Mendacium
2656 4266 2710 4311 tu
2762 4255 2986 4324 loqueris
3020 4276 3040 4313 :
3095 4277 3197 4314 non
3245 4262 3380 4316 misit
3452 4273 3502 4319 te

1890 4344 2150 4401 Dominus
2189 4346 2329 4404 Deus
2378 4362 2568 4417 noster,
2625 4350 2844 4405 dicens:
2903 4349 2985 4405 Νι
3029 4354 3397 4414 inarediomini
3447 4358 3504 4412 in

1894 4439 2214 4513 Egyptum,
2248 4455 2303 4495 ut
2328 4443 2562 4497 habitetis
2590 4441 2744 4507 illic;
2776 4445 2868 4499 sed
2906 4445 3111 4501 Barttch
3150 4448 3290 4518 [llius
3324 4448 3504 4507 Norica

1891 4534 2074 4588 incitat
2119 4546 2168 4589 te
2203 4535 2478 4591 adversum
2520 4555 2647 4605 nos,
2704 4546 2760 4593 ut
2808 4540 2981 4594 tradat
3026 4544 3217 4595 nos'in
3256 4543 3504 4600 manibus

1895 4624 2259 4683 Cltaldtrorum
2282 4672 2296 4694 ,
2327 4641 2383 4683 ut
2408 4632 2689 4701 interﬁciat
2714 4648 2810 4686 nos
2857 4640 2925 4687 et'
2948 4635 3215 4689 transduci
3254 4637 3411 4707 faciat
3447 4640 3505 4694 in

961 4745 981 4784 :
1020 4741 1068 4783 et
1114 4746 1170 4784 os
1215 4701 1382 4784 meum
1422 4746 1525 4783 non
1566 4730 1789 4784 interro.
1822 4701 1877 4763 Β
1900 4720 2219 4793 Babylonem
2246 4720 2458 4791 (lcrcm.
2485 4736 2642 4787 sun,
2668 4724 2723 4790 ‘2,
2748 4724 2825 4795 3).
2864 4722 3106 4797 lli-uique
3131 4745 3321 4784 omnes
3352 4733 3502 4799 prin-

1898 4813 2047 4881 cipes
2080 4813 2261 4881 populi
2292 4813 2533 4883 re'iqniis
2562 4816 2904 4885 congregatis
2930 4833 3055 4871 cum
3092 4819 3418 4877 mulieribus
3444 4832 3506 4879 et

1898 4906 2141 4977 parvulis
2188 4916 2213 4943 οι
2241 4915 2296 4962 et
2342 4908 2553 4962 liliahus
2597 4910 2773 4979 regis,
2816 4924 2929 4967 non
2983 4914 3270 4971 audientes
3309 4930 3503 4971 Vocem

1902 4998 2148 5065 Domini,
2182 4998 2410 5068 ingressi
2455 5010 2579 5055 sunt
2621 4999 2914 5073 Egyptum
2938 5047 2952 5069 ,
2997 5007 3289 5075 assmnptis
3315 5023 3502 5063 serum

1900 5090 2133 5147 Jeremla
2163 5101 2217 5147 et
2249 5091 2497 5161 Baruch,
2533 5102 2587 5148 et
2624 5104 2891 5149 venerunt
2933 5096 2984 5150 in
3013 5097 3266 5166 'I‘aphnas
3289 5140 3304 5160 ,
3337 5103 3404 5153 ita
3449 5108 3509 5153 ttt

1902 5185 2167 5241 Jeremias
2206 5186 2261 5239 in
2304 5186 2515 5257 signum
2546 5186 2878 5258 captivitatis
2917 5186 3113 5243 futura:
3156 5190 3511 5258 praphetaret

1904 5290 2091 5335 contra
2124 5280 2525 5335 inobedientem
2559 5280 2814 5353 populum
2846 5297 2907 5337 ea
2940 5298 3063 5353 qum
3104 5284 3156 5338 in
3191 5282 3327 5338 libro
3356 5282 3508 5339 illius

1905 5374 2278 5430 coittineutnr.
2319 5373 2473 5441 Quod
2514 5374 2677 5440 igitur
2707 5382 2894 5443 postea
2924 5373 3163 5429 futurum
3197 5384 3347 5442 erat,
3382 5385 3511 5433 ante

1905 5482 2075 5523 annos
2116 5467 2317 5522 multos
2360 5467 2687 5536 praedicitur,
2732 5477 2787 5524 et
2826 5468 3137 5525 de~ertores
3164 5479 3220 5525 et
3252 5470 3511 5536 praevari-

1906 5571 2121 5617 catores
2165 5559 2260 5614 lilii
2307 5560 2651 5630 appelluntur
2697 5562 2789 5631 qui
2836 5562 3057 5616 deserto
3100 5562 3331 5617 consilio
3378 5560 3511 5625 Dei,

1906 5654 2048 5728 quod
2091 5667 2413 5720 acceperant
2458 5670 2556 5725 per
2602 5654 2931 5719 leretniam,
2979 5672 3132 5709 suam
3179 5656 3350 5711 secuti
3382 5661 3511 5711 sunt

1909 5750 2279 5817 voluntatem,
2310 5756 2369 5804 et
2396 5747 2562 5804 orditi
2595 5749 2757 5804 telam
2777 5792 2794 5817 ,
2826 5765 2937 5805 non
2969 5764 3067 5821 per
3096 5746 3348 5822 spiritum
3379 5746 3514 5819 Dei,
