4014 6510
461 379 566 439 345

1718 376 1775 433 S.
1823 371 2097 432 EUSEBII
2135 373 2515 434 HIERONYMI

3658 388 3758 451 544

461 509 584 554 esse
632 509 960 552 sermonem.
993 495 1275 551 Manifesta
1325 493 1770 558 transcurrimus.
1805 490 1943 549 utin
1973 490 2069 549 ob-
2095 496 2150 558 Α
2174 491 2419 563 recipere
2449 511 2464 549 :
2492 493 2570 549 sic
2601 494 2756 550 vobis
2775 497 2960 553 veniet
2986 500 3270 568 repentina
3308 500 3589 558 contritio.
3616 500 3681 558 Et
3706 513 3758 562 ut

464 591 801 649 scurioribus
829 592 1210 646 immOremur.
1235 595 1242 601 '

541 684 722 758 (Vers.
749 685 782 740 9
808 685 989 754 seqq.)
1023 681 1256 757 Populus
1281 683 1414 738 enim
1443 683 1511 738 ad
1536 681 1858 738 iracundiam
1889 696 2073 755 prouo-

463 797 590 837 cans
623 791 694 831 est
726 794 744 832 :
773 789 818 832 et
848 776 949 847 filii
974 777 1265 838 mendaces,
1303 775 1399 846 ﬁli
1431 776 1664 830 nolentes
1695 775 1878 829 audire
1907 775 2074 846 legem

465 869 586 927 Dei.
625 870 726 938 Qui
758 870 934 922 dicunt
961 869 1274 926 videntibus.
1303 867 1461 924 nolite
1511 856 1720 923 videre:
1748 877 1796 922 et
1821 870 2075 941 aspicien-

467 963 625 1026 tibus,
657 960 818 1016 nolite
847 963 1079 1032 aspicere
1109 962 1256 1016 nobis
1287 979 1346 1017 ea
1372 978 1489 1034 quas
1532 974 1670 1018 recta
1696 971 1827 1032 sunt
1858 979 1876 1017 :
1905 961 2076 1031 loqui-

467 1056 600 1111 mini
645 1055 790 1110 nobis
826 1054 1122 1128 placentia;
1149 1055 1319 1111 uidete
1367 1057 1512 1111 nobis
1549 1073 1768 1112 errores.
1799 1056 2014 1127 Auferte
2043 1073 2076 1110 a

472 1172 553 1210 me
581 1156 714 1209 viam
740 1170 758 1208 :
785 1153 1040 1209 declinata
1067 1172 1098 1206 α
1130 1171 1207 1208 me
1249 1156 1483 1208 semitam
1510 1170 1527 1208 :
1555 1163 1712 1209 cesset
1741 1172 1772 1208 a
1802 1155 1934 1224 facie
1983 1169 2079 1207 no-

467 1258 578 1303 stra
610 1247 833 1304 Sanctus
863 1246 1050 1302 Israel.
1082 1249 1427 1318 Perspicuum
1463 1257 1564 1309 est.
1594 1246 1737 1314 quod
1761 1249 1826 1300 ad
1860 1246 2080 1301 iracun-

471 1343 616 1399 diam
646 1345 1062 1411 provocaverint
1091 1343 1399 1409 Dominum,
1422 1340 1678 1397 Jeremize
1705 1341 1867 1396 verba
1893 1340 2080 1396 audire

473 1439 731 1494 nolentes
781 1437 996 1503 (larem.
1041 1437 1215 1506 xun).
1251 1436 1636 1505 Quidtxernut
1661 1435 1709 1489 ei
1743 1433 1896 1488 :Noli
1924 1433 2080 1488 nobis

474 1531 1086 1600 videreqnodnolumus
1112 1549 1125 1584 :
1154 1531 1258 1584 noli
1289 1531 1444 1584 nobis
1465 1528 1796 1583 interdicere
1814 1531 1953 1583 viam
1978 1525 2079 1583 ΛΕ-

473 1624 624 1695 gypti
655 1637 754 1677 nec
781 1639 903 1693 qua:
937 1635 1081 1676 recta
1099 1630 1227 1676 s'tnt
1247 1621 1546 1692 praedices;
1575 1619 1668 1673 Sed
1687 1622 1910 1690 lnquere
1937 1617 2082 1689 quod

477 1717 639 1772 nobis
667 1717 865 1786 placet,
897 1724 957 1770 ut
985 1732 1272 1785 pergamus
1303 1717 1355 1769 in
1384 1714 1705 1784 Egyptum,
1733 1712 1878 1783 quod
1905 1727 2087 1767 cumu-

477 1812 550 1867 let
584 1824 801 1880 peccata
851 1812 1108 1877 peccatis.
1140 1811 1278 1876 Quid
1328 1811 1484 1863 nobis
1530 1808 1733 1878 ingeris
1785 1807 1926 1875 quod
1975 1820 2085 1862 non

2172 582 2278 639 alia
2327 593 2448 640 utar
2497 586 2854 645 similitudine
2884 608 2897 644 :
2929 589 3079 647 Sicut
3121 607 3215 647 vas
3246 591 3414 664 ﬁguli.
3447 594 3494 648 si
3536 595 3758 652 confrin-

2170 693 2332 752 gatur
2357 684 2690 738 contritione
2720 683 3018 753 pervalida.
3053 687 3126 740 ita
3157 687 3555 743 comminuitur
3578 689 3628 743 in
3656 688 3757 746 fru-

2174 784 2278 842 sta,
2309 785 2368 829 ut
2393 777 2477 830 vix
2505 777 2726 846 parvula
2757 787 2892 833 te8ta
2918 776 3084 850 ιω
3112 790 3396 834 remaneat
3417 781 3488 835 de
3511 780 3761 851 fragmen-

2179 867 2267 925 tis.
2301 867 2354 921 in
2385 885 2489 938 qua
2530 881 2784 940 portetur
2829 872 3122 941 igniculus,
3151 885 3244 926 aut
3297 873 3581 942 paululum
3625 891 3761 946 aqute

2176 961 2245 1017 de
2276 962 2482 1017 lacuna.
2503 964 2786 1032 hauriatur
2811 975 2867 1020 et
2893 965 3078 1030 fovea;
3109 966 3190 1022 sic
3234 983 3330 1021 vos
3363 981 3492 1022 cum
3524 967 3688 1022 ieritis
3717 969 3763 1026 in

2179 1053 2495 1125 Egyptum,
2527 1068 2891 1128 persequente
2937 1073 3034 1114 vos
3077 1059 3209 1115 illuc
3243 1058 3762 1131 Nabuchodmmsor,

2179 1163 2350 1218 usque
2378 1148 2444 1202 ad
2501 1150 2934 1206 internecionem
2965 1154 3238 1222 peribitis.
3276 1153 3529 1207 llaéretici
3571 1169 3766 1224 quoque

2180 1251 2236 1298 et
2277 1259 2440 1298 omne
2488 1244 2682 1315 dogma
2747 1247 3080 1300 contrarium
3136 1248 3351 1306 veritati
3403 1245 3673 1302 conﬁdunt
3720 1251 3765 1304 in

2182 1337 2451 1393 calumnia
2491 1349 2653 1410 atque
2703 1342 3008 1406 mendacio.
3034 1351 3090 1396 et
3121 1343 3416 1396 mussitant
3451 1341 3604 1412 juxta
3645 1341 3767 1399 LXX

2183 1441 2371 1486 comra
2399 1432 2712 1488 Creatorem
2743 1449 2923 1489 suum.
2953 1433 3246 1501 Propterea
3276 1435 3575 1505 impietatis
3601 1450 3766 1492 eorum

2183 1527 2376 1580 civitas
2403 1526 2740 1592 destruetur,
2770 1543 2932 1598 quam
2981 1528 3273 1584 mdiﬁcavit
3298 1529 3460 1596 Cain,
3501 1530 3590 1586 oni
3615 1531 3771 1586 veniet

2186 1619 2471 1688 repentina
2507 1621 2760 1690 perditio.
2795 1637 2917 1677 cum
2947 1633 3104 1694 capta
3148 1624 3316 1679 fuerit
3353 1626 3425 1680 ab
3456 1624 3767 1681 ecclesiasd-

2189 1718 2266 1769 cis
2294 1715 2450 1781 viris,
2481 1725 2536 1770 et
2582 1713 2655 1770 ita
2685 1715 2961 1771 destructa
2993 1726 3050 1772 et
3092 1721 3457 1784 con‘nninuta,
3483 1728 3547 1771 -ιιι
3578 1717 3700 1772 nihil
3723 1719 3771 1773 in

2190 1821 2252 1862 ea
2285 1820 2566 1863 remaneat
2595 1810 2737 1878 quod
2765 1809 2940 1881 possit
2975 1811 3168 1880 ignem
3203 1821 3516 1866 emortuum
3543 1825 3772 1867 resecen-

481 1907 717 1961 libenter
761 1904 1053 1960 audimus?
1099 1905 1230 1975 quid
1282 1911 1559 1958 monstras
1603 1905 1744 1956 viam
1778 1917 1874 1972 per
1923 1918 2084 1970 quam
2118 1900 2166 1960 B
2191 1899 2340 1964 dere.
2377 1913 2426 1955 et
2451 1902 2645 1957 saltem
2670 1918 2972 1972 ctnnosam,
3003 1912 3061 1960 et
3090 1907 3376 1975 parvulam
3405 1919 3598 1977 aquam
3629 1921 3772 1977 potiu-

480 1998 693 2069 ingredi
726 1999 1012 2053 nolumus?
1040 1998 1177 2067 Quid
1203 1998 1515 2069 frequenter
1538 1997 1843 2066 ingeminas
1868 1995 2090 2052 auribus

483 2093 731 2148 nostris:
779 2090 908 2146 Hice
953 2092 1076 2147 dicit
1104 2090 1264 2164 m7
1309 2091 1562 2144 Dominus
1613 2088 1836 2144 Sanctus
1882 2088 2093 2144 Israel?

480 2182 673 2240 Cesset
709 2201 736 2237 a
789 2185 951 2239 nobis
983 2185 1082 2238 ista
1117 2185 1454 2254 putetlicalio.
1501 2183 1806 2237 Secundum
1844 2185 2090 2252 trOptiIO-

477 2280 646 2350 giam.
677 2295 871 2335 omnes
902 2279 1147 2336 bmretiei
1178 2277 1470 2332 mendaces
1493 2277 1586 2332 lilii
1615 2277 1983 2348 appellantur.
2011 2276 2091 2331 Ex

483 2374 645 2429 nobis
695 2373 836 2430 enim
885 2375 1174 2435 exierunt.
1218 2374 1313 2428 sed
1363 2388 1469 2428 non
1499 2373 1716 2428 fuerunt
1765 2388 1830 2428 ex
1861 2375 2016 2428 nobis
2045 2371 2092 2445 (l

482 2465 646 2521 Joan.
681 2466 741 2538 ιι)
769 2469 897 2539 ;qni
943 2482 1048 2521 non
1098 2467 1322 2521 audiunt
1351 2466 1634 2521 interioris
1667 2466 1903 2521 hominis
1948 2466 2096 2520 auri-

482 2563 584 2618 bus
612 2563 809 2633 Legem
839 2563 952 2624 llei,
972 2575 1024 2617 et
1052 2561 1416 2616 Ecclesiarum
1452 2561 1752 2631 loquuntur
1781 2561 2053 2632 magistris
2079 2578 2092 2614 :

486 2654 669 2710 Nolite
721 2655 876 2709 nobis
919 2654 1274 2723 viderequzc
1322 2665 1471 2710 recta
1523 2664 1672 2718 sunt.
1707 2669 1804 2708 nec
1831 2653 2095 2721 gcbeunze

487 2749 735 2806 ﬂammas
780 2750 1221 2813 comminemini;
1253 2748 1348 2803 sed
1397 2747 1578 2818 promi
1607 2748 1701 2803 tite
1734 2746 1891 2802 nobis
1929 2762 2095 2818 regna

486 2848 774 2907 caelorum,
813 2851 872 2896 ut
902 2853 1024 2910 post
1053 2843 1318 2897 luxuriam
1333 2853 1388 2898 et
1416 2842 1664 2908 delicias,
1697 2845 1964 2912 pandalur
1995 2857 2096 2894 no-

487 2938 571 2993 bis
604 2936 908 3007 paradisus.
935 2935 1075 3002 Quid
1107 2937 1242 2992 mihi
1271 2937 1518 2992 ostendis
1546 2939 1686 2991 viam
1721 2935 1933 2991 Dotnini
1957 2977 1972 3002 ,
2003 2951 2099 3006 per

491 3044 651 3100 quam
685 3045 791 3084 non
841 3029 1079 3085 libenter
1113 3031 1433 3100 ingredior?
1461 3030 1599 3098 Quid
1636 3031 1872 3098 replieas
1901 3043 2097 3084 "Omen

491 3121 680 3179 Smcti
712 3123 901 3188 Israel.
933 3123 1047 3177 sive
1077 3125 1299 3176 verbum
1327 3119 1569 3187 lsraelis,
1603 3123 1748 3192 quod
1782 3122 1885 3175 mei
1919 3131 2100 3192 pecto-

494 3216 570 3271 ris
599 3230 799 3271 arcana
851 3232 957 3269 non
1005 3217 1290 3285 penetrat?
1313 3217 1466 3282 Quod
1496 3215 1712 3286 quidem
1745 3225 1799 3269 et
1823 3215 1888 3268 ad
1921 3229 2097 3283 popu-

2193 1992 2260 2050 lis
2284 1997 2526 2063 prtebere
2555 1996 2885 2052 sitientibus.

2266 2087 2451 2156 (Vers.
2487 2090 2555 2145 i5
2601 2089 2782 2162 seqq.)
2841 2091 2982 2158 Quia
3025 2092 3132 2149 haec
3187 2093 3314 2148 dicit
3371 2091 3623 2148 Dominus
3656 2091 3771 2148 Deus

2198 2180 2425 2235 Sanctus
2454 2180 2620 2237 Israel
2651 2199 2668 2236 :
2699 2182 2760 2239 Si
2789 2185 3114 2238 revertamini
3141 2193 3187 2238 et
3217 2186 3522 2256 quiescatis,
3549 2183 3671 2240 salvi
3690 2187 3772 2238 eri-

2195 2273 2261 2327 tis
2286 2288 2306 2326 :
2335 2274 2389 2326 in
2413 2272 2620 2328 silentio
2645 2284 2693 2328 et
2716 2275 2771 2329 in
2797 2291 2888 2343 spe
2918 2278 3014 2330 erit
3045 2277 3300 2348 fortitudo
3329 2290 3538 2343 vestra;
3569 2288 3610 2332 et
3633 2277 3773 2332 nolui-

2195 2370 2309 2431 stis.
2342 2375 2388 2419 et
2415 2366 2620 2422 dixistis
2651 2382 2670 2421 :
2692 2366 3078 2439 Nequaquam;
3105 2371 3194 2424 sed
3224 2371 3293 2424 ad
3321 2388 3484 2439 equos
3518 2375 3772 2445 fugiamus:

2194 2459 2314 2514 ideo
2345 2461 2552 2531 fugietis
2615 2473 2663 2515 et
2701 2477 2858 2528 super
2910 2462 3110 2518 veloces
3140 2465 3486 2519 ascendemus
3519 2482 3537 2520 :
3568 2467 3671 2519 ideo
3707 2483 3771 2519 re-

2197 2549 2333 2612 loces
2359 2562 2506 2607 erunt
2536 2555 2624 2622 qui
2652 2564 3022 2624 persequentur
3049 2573 3157 2612 vos.
3186 2558 3342 2612 Mille
3372 2558 3644 2614 hominem
3666 2560 3772 2630 facie

2199 2647 2410 2700 terroris
2455 2647 2606 2700 unius
2647 2662 2668 2700 :
2709 2657 2758 2702 et
2803 2665 2836 2702 a
2885 2651 3018 2719 facie
3061 2652 3273 2705 terroris
3309 2655 3538 2724 quinque
3575 2652 3770 2724 fugietis.

2201 2737 2345 2794 LXX
2379 2756 2393 2792 :
2420 2738 2549 2794 Haec
2570 2739 2696 2793 dicit
2721 2739 2982 2796 Dominus
3011 2741 3147 2797 Deus
3175 2744 3416 2799 Sanctus
3443 2743 3606 2800 Israel
3632 2745 3771 2800 :Cunt

2199 2848 2434 2888 reuersus
2456 2832 2484 2872 δ
2512 2836 2843 2905 ingemueris,
2893 2846 3016 2890 tunc
3054 2836 3227 2893 saluus
3277 2841 3390 2894 eris
3412 2888 3425 2908 ,
3459 2850 3505 2895 et
3553 2842 3670 2894 scies
3709 2838 3773 2892 aln'

2202 2927 2363 2997 fueris
2387 2942 2406 2981 :
2429 2930 2550 2996 quia
2579 2928 2871 2999 confidebas
2898 2947 3057 3002 super
3083 2934 3248 2998 vanis,
3284 2949 3427 2988 vana
3446 2935 3580 3005 facta
3602 2942 3667 2987 est
3685 2936 3773 3003 for-

2202 3019 2369 3073 titudo
2401 3029 2600 3084 uestra;
2642 3031 2689 3075 et
2731 3023 2971 3078 noluistis
3015 3016 3360 3080 audiretsed
3401 3027 3620 3092 dixistis,
3649 3040 3774 3096 super

2203 3127 2358 3184 equos
2397 3114 2656 3185 fngiemus
2683 3133 2703 3170 :
2736 3127 3013 3187 prapterea
3063 3119 3318 3193 fugietis;
3360 3131 3411 3174 et
3447 3136 3594 3193 super
3617 3120 3774 3175 levibus

2204 3209 2560 3264 ascensoribus
2587 3214 2777 3267 erimus
2800 3230 2818 3267 :
2844 3215 2961 3269 ideo
2987 3214 3119 3270 leves
3150 3229 3300 3271 erunt
3325 3220 3417 3289 qui
3451 3227 3773 3290 persequentur

493 3311 609 3366 lum
643 3312 905 3366 Ecelesite
952 3310 1155 3365 dicitur
1201 3311 1585 3381 negligentem,
1617 3309 1660 3364 si
1694 3321 1976 3364 aversetur
2002 3323 2100 3362 au-
2125 3299 2170 3362 C
2205 3298 2313 3373 [ΑΙ.
2343 3304 2740 3377 persequuntur]
2770 3323 2880 3361 vos.
2912 3307 3064 3362 Mlle
3088 3311 3156 3362 ad
3189 3326 3364 3365 vocem
3394 3314 3544 3366 unius
3570 3312 3774 3385 fugient:

496 3405 800 3462 steritatem
837 3406 1244 3472 magiSIrortun.
1276 3416 1333 3460 et
1361 3403 1732 3458 adulatoribus
1762 3404 1962 3457 lavi-at.

575 3499 760 3570 (Vers.
794 3499 1006 3567 12-15.)
1040 3497 1324 3568 Propterea
1354 3498 1464 3552 hate
1508 3497 1633 3550 dicit
1675 3495 1929 3550 Dominus
1970 3493 2107 3550 San-

499 3608 610 3650 ctus
659 3593 828 3651 Israel
856 3613 872 3649 :
903 3595 1010 3648 Pro
1049 3613 1106 3650 eo
1131 3595 1270 3666 quod
1321 3593 1633 3664 reprobastis
1680 3591 1883 3645 verbum
1912 3589 2030 3657 hoc,
2063 3599 2112 3643 et

500 3688 746 3760 sperastis
777 3690 829 3742 in
854 3687 1122 3742 calumnia
1150 3699 1196 3741 et
1231 3685 1455 3739 tumultu
1486 3703 1497 3738 :
1528 3697 1575 3738 et
1604 3685 1772 3737 innixi
1797 3683 1921 3736 estis
1959 3695 2112 3747 super

502 3797 560 3836 eo
588 3797 605 3835 :
635 3793 905 3853 pr0pm'eu
927 3782 1024 3835 erit
1048 3782 1189 3834 vobis
1211 3780 1458 3848 iniquitas
1497 3778 1608 3831 han:
1644 3779 1778 3832 sicut
1800 3776 2112 3846 interruptio

504 3880 714 3941 cadens,
738 3887 786 3930 et
821 3877 1063 3946 requisita
1111 3875 1164 3928 in
1211 3889 1360 3928 muro
1389 3872 1594 3927 excelso
1617 3888 1636 3926 :
1666 3871 1913 3942 quoniam
1941 3869 2112 3924 subito

505 3968 629 4022 dum
653 3987 756 4023 non
779 3979 1018 4040 speratur
1058 3969 1223 4021 veniet
1252 3967 1493 4020 contritio
1518 3968 1655 4038 ejus.
1685 3963 1755 4018 Et
1798 3967 2116 4018 comminue-

506 4070 589 4114 tur
616 4061 749 4114 sicut
776 4062 1059 4115 conteritur
1084 4057 1268 4130 lagena
1292 4056 1439 4131 ﬁguli
1468 4058 1773 4110 contritione
1801 4054 2065 4128 prrvalida
2095 4071 2113 4109 .°

503 4163 554 4207 et
580 4171 678 4206 non
711 4155 998 4207 invenietur
1037 4153 1102 4206 de
1131 4152 1434 4226 fragmentis
1474 4154 1586 4223 ejus
1614 4159 1742 4204 testa
1766 4151 1819 4202 in
1859 4166 1964 4220 qua
1995 4164 2116 4216 por-

506 4253 642 4299 tetur
682 4245 938 4314 igniculus
981 4245 1044 4299 de
1087 4245 1326 4299 incendio
1353 4261 1372 4297 .'
1419 4254 1508 4298 aut
1542 4252 1566 4280 α
1608 4242 1882 4297 hauriatur
1927 4257 2115 4314 parum

505 4355 654 4410 aane
675 4339 737 4391 de
758 4343 921 4409 fovea.
950 4340 1108 4406 Quia,
1139 4337 1332 4410 inquit,
1367 4353 1528 4407 supra
1556 4338 1771 4392 dixi~tis
1803 4354 1816 4390 :
1845 4339 2036 4391 Cesset
2083 4351 2114 4390 a

503 4429 643 4486 facie
693 4447 875 4486 noSIra
922 4432 1152 4488 Sanctus
1199 4433 1387 4499 Israel.
1423 4435 1536 4488 sive
1565 4445 1622 4488 ut
1649 4431 1794 4488 LXX
1824 4432 2115 4488 transtule-

507 4534 656 4590 rnnt,
693 4527 892 4596 auferte
920 4544 951 4580 a
973 4526 1115 4579 nobis
1132 4528 1342 4580 verbum
1379 4526 1805 4593 lsrael;idt-irco
1838 4527 1953 4581 inec
1982 4527 2114 4582 dicit

517 4615 786 4670 Duritinns
836 4618 1070 4672 Sanctus
1103 4619 1290 4687 Israel,
1320 4631 1372 4674 et
1402 4619 1715 4675 nolentibus
1762 4619 1916 4672 vobis
1946 4634 2005 4674 se
2033 4619 2117 4674 in-

2214 3403 2260 3449 et
2289 3395 2357 3450 ad
2386 3413 2559 3452 vocem
2587 3399 2813 3471 quinque
2834 3402 3031 3472 fugient
3061 3402 3228 3460 multi.
3255 3406 3514 3474 Sanctus,
3537 3408 3627 3472 ait,
3652 3409 3773 3474 cujus

2215 3505 2380 3562 supra
2411 3507 2607 3548 nomen
2636 3503 2933 3559 tacueram,
2965 3497 3082 3566 ipse
3111 3509 3198 3552 est
3231 3499 3500 3556 Dominus
3526 3501 3676 3562 Deus,
3701 3499 3772 3570 qui

2215 3581 2372 3636 Voltis
2401 3593 2458 3638 et
2507 3601 2604 3651 per
2633 3602 2718 3642 me
2746 3596 2802 3641 et
2849 3603 2945 3657 per
2967 3589 3262 3645 leremiam
3299 3592 3540 3663 loquitur
3580 3593 3770 3665 (lerant.

2216 3682 2317 3747 stt)
2350 3696 2362 3732 :
2394 3677 2450 3733 Si
2481 3679 2654 3750 agatis
2678 3684 3074 3751 paenitentiam,
3105 3694 3160 3740 et
3186 3687 3269 3741 vel
3302 3689 3435 3741 vitia
3467 3685 3772 3758 relinquatis,

2217 3771 2305 3825 vel
2329 3786 2571 3827 errorem
2619 3774 2773 3844 pravi
2816 3778 3028 3830 consilii
3061 3795 3073 3830 :
3101 3789 3157 3833 et
3203 3779 3472 3834 maneatis
3523 3781 3572 3833 in
3600 3777 3770 3843 ludas,

2219 3877 2326 3917 non
2375 3863 2846 3934 Babyloniorum"
2894 3870 3178 3940 impetum,
3230 3872 3329 3926 sed
3378 3889 3496 3928 mea
3547 3877 3773 3943 praecepta

2219 3969 2546 4021 metuentes.
2575 3961 2715 4016 salvi
2756 3962 2931 4018 eritis.
2962 3964 3242 4032 Quiescite
3289 3976 3347 4021 et
3391 3979 3598 4038 sperate
3623 3983 3670 4020 ιιι
3695 3964 3775 4018 Do-

2218 4055 2387 4115 mino.
2416 4063 2472 4107 et
2512 4051 2643 4108 ﬁdei
2675 4057 2728 4109 in
2759 4059 3045 4124 promissis
3079 4060 3215 4114 meis
3240 4061 3411 4115 robur
3438 4063 3677 4130 arripile.
3703 4055 3774 4127 ί1¹¹ί

2219 4158 2634 4205 contemnentes
2653 4162 2916 4220 praecepta
2940 4153 3140 4220 vitalia,
3171 4154 3552 4212 desneratione
3574 4151 3772 4215 dixistis,

2220 4255 2562 4310 nequaquam
2593 4245 2662 4296 ita
2712 4246 2818 4298 erit
2866 4256 2923 4299 ut
2965 4248 3235 4316 loqueris;
3267 4249 3364 4303 sed
3396 4248 3463 4303 ad
3490 4262 3647 4315 equus
3674 4258 3775 4298 con-

2219 4331 2488 4403 fugtemus
2517 4334 2822 4406 ngyptios.
2853 4347 2908 4392 et
2940 4341 3158 4394 concito
3202 4341 3269 4396 ad
3300 4357 3400 4398 eos
3444 4353 3597 4412 atque
3637 4335 3772 4394 veloci

2219 4439 2510 4496 purgemus
2555 4430 2743 4498 gradu.
2774 4429 2910 4499 Quia
2956 4432 3118 4502 igitur
3169 4433 3271 4488 ista
3321 4436 3553 4496 dixistis.
3601 4431 3773 4503 fugietis

2219 4520 2439 4591 quidem
2485 4531 2540 4574 et
2593 4526 2794 4589 pernici
2845 4540 3007 4579 cursu
3059 4528 3337 4582 intrabitis
3364 4520 3773 4601 Egyptnm;sed

2220 4615 2525 4670 velociores
2550 4628 2709 4670 erunt
2754 4617 3061 4691 Babylonii,
3094 4623 3186 4690 qui
3219 4637 3318 4677 vos
3365 4638 3532 4693 usque
3554 4621 3615 4673 ad
3641 4615 3775 4686 Egy-

511 4710 676 4781 gcrit,
704 4720 760 4764 ut
792 4725 951 4779 quem
996 4712 1312 4783 neeglexistis
1357 4720 1797 4769 commonettlem
1819 4754 1833 4774 .
1865 4715 2116 4768 sentiatis
2145 4709 2198 4768 D
2225 4722 2373 4780 ptum
2401 4722 2820 4780 persequentur,
2853 4723 3139 4784 tantusque
3167 4726 3348 4771 terror
3378 4727 3538 4784 atque
3581 4710 3774 4768 formido

511 4807 846 4876 punientem.
883 4806 1157 4862 llahuistis
1203 4801 1451 4863 ﬁduciam
1505 4809 1559 4862 in
1600 4806 1980 4879 Egyptiorum
2020 4823 2116 4863 ca-

509 4896 716 4952 lumnia
747 4911 909 4968 atque
933 4899 1236 4965 mendacio,
1260 4911 1313 4954 et
1337 4900 1509 4954 innixi
1532 4901 1668 4955 estis
1687 4915 1854 4970 super
1880 4901 2116 4954 tumultu

514 5004 730 5053 eorum.
759 4991 881 5047 sive
926 4993 1364 5048 contradictione
1393 5005 1449 5048 et
1476 4993 1756 5061 superbia,
1789 5003 1846 5048 ut
1871 4993 2122 5065 Symma-

2220 4803 2486 4860 obtiuebit
2508 4802 2824 4876 Egyptum,
2857 4816 2914 4860 ut
2962 4809 3056 4862 ttni
3102 4806 3360 4864 Chaldaeo
3394 4809 3538 4864 mille
3570 4800 3771 4877 Egyplii

2223 4897 2389 4970 509
2416 4899 2671 4956 resistere
2695 4911 2996 4970 nequeant,
3027 4910 3082 4957 et
3125 4904 3364 4974 quinque
3416 4903 3675 4965 hostibus,
3709 4897 3771 4950 lu-

2222 4992 2480 5060 gientium
2508 4990 2744 5059 plurima
2777 4993 3258 5064 multitudo,jnxta
3282 4996 3416 5052 illud
3437 4995 3572 5067 quod
3598 4994 3643 5048 iu
3664 4992 3774 5046 Deu-

513 5085 650 5139 chus
677 5094 730 5138 et
755 5084 1056 5139 Theodotio
1084 5086 1422 5152 interpretati
1448 5097 1598 5151 sunt,
1625 5097 1910 5155 propterea
1940 5097 2124 5142 verte—
2222 5087 2530 5140 terunutnio
2572 5085 2806 5156 legimus
2846 5104 2856 5139 :
2899 5084 3056 5142 Dabit
3082 5099 3130 5142 te
3161 5088 3415 5144 Dominus
3446 5100 3499 5144 ut
3525 5101 3709 5142 corruat
3731 5083 3770 5134 in

512 5185 597 5231 tur
626 5177 779 5230 vobis
807 5178 922 5230 tunc
955 5177 1206 5255 iniquitts
1238 5179 1354 5232 sive
1383 5188 1686 5246 peccatum,
1717 5189 1776 5232 ut
1803 5180 1924 5234 sitis
1965 5179 2118 5247 quasi

513 5286 700 5326 murus
727 5270 933 5325 cadens
957 5271 1139 5325 subito
1163 5272 1402 5326 civitatis
1435 5273 1767 5328 ﬁrmissima:
1807 5282 1862 5329 et
1908 5283 2113 5342 capue,

522 5364 679 5431 cujus
703 5367 987 5433 repentina
1007 5365 1285 5420 advenerit
1313 5365 1490 5433 ruina,
1519 5366 1590 5420 ita
1610 5368 1754 5422 enim
1780 5366 1923 5421 LXX
1947 5382 2121 5423 trans-

521 5457 784 5511 tulerunt.
816 5457 884 5510 Et
922 5465 1008 5512 est
1052 5471 1248 5511 sensus
1281 5458 1442 5525 juxta
1476 5458 1841 5514 llebraicum:
1877 5458 2120 5528 Quomo-

516 5549 588 5604 do
619 5549 943 5618 interruptio
972 5551 1112 5606 muri
1139 5549 1389 5604 altissimi
1423 5552 1512 5619 qui
1548 5552 1760 5621 longam
1796 5553 1961 5608 traxit
2001 5557 2117 5609 rui-

516 5654 662 5703 nam.
686 5639 908 5695 dil‘tieile
930 5640 1216 5695 instaurari
1242 5651 1439 5709 potest,
1468 5652 1522 5695 et
1548 5644 1835 5711 pristinum
1857 5646 2114 5703 decorem

588 5804 811 5876 fidem,
836 5803 1110 5858 hauriatur
1139 5821 1275 5875 aqua
1300 5806 1363 5860 de
1391 5808 1560 5876 fovea.

586 5872 615 5912 δ
637 5873 810 5932 νειὶοε
842 5890 1076 5933 reuersus
1102 5872 1286 5948 fueris.
1315 5889 1362 5934 et
1386 5872 1716 5949 ingemueris.

2225 5190 2500 5248 conspectu
2535 5179 2866 5235 inimicorum
2899 5191 3123 5238 tuorum.
3165 5184 3259 5240 Via
3297 5203 3402 5240 una
3441 5181 3690 5255 egredieris
3721 5176 3774 5229 ad

2226 5289 2332 5338 eos,
2363 5284 2408 5326 et
2437 5288 2526 5345 per
2555 5287 2747 5343 septem
2779 5275 2887 5329 vias
2910 5278 3074 5350 fugies
3103 5295 3136 5333 a
3170 5281 3302 5349 facie
3331 5295 3536 5343 eorunt,
3561 5278 3601 5331 el
3621 5274 3708 5330 erit
3731 5269 3769 5322 ἱη

2224 5366 2545 5436 dispersione
2574 5368 2627 5421 in
2654 5369 2854 5422 cunctis
2884 5371 3055 5442 regnis
3086 5384 3236 5426 terra?
3258 5371 3450 5446 (Deut.
3473 5384 3629 5426 sunt
3651 5408 3665 5432 ,
3690 5362 3770 5428 95.

2222 5459 2336 5529 5'2).
2370 5459 2530 5515 Juxta
2564 5476 2846 5534 anagogcn
2881 5474 2937 5519 et
2964 5463 3108 5520 LXX
3138 5466 3466 5529 editionem.
3509 5473 3680 5519 omnes
3720 5452 3772 5508 ad

2222 5553 2596 5622 ptenitentiam
2627 5566 2974 5626 peceatores,
3004 5568 3059 5612 et
3091 5561 3362 5630 praecipue
3403 5555 3674 5613 hzereticos
3701 5562 3772 5603 co-

2221 5645 2473 5703 hortatur
2499 5662 2680 5704 sermo
2719 5648 2956 5719 divinus,
2986 5651 3128 5721 quod
3154 5668 3275 5708 cum
3301 5651 3499 5710 reversi
3519 5665 3547 5705 a
3570 5645 3688 5702 vitiis
3708 5642 3769 5696 in-

2293 5832 2313 5859 ε
2339 5820 2541 5880 lterum
2573 5823 2739 5891 idem,
2767 5822 3179 5896 Babyloniorum
3203 5828 3493 5902 imperium,
3524 5823 3622 5890 sed,
3650 5826 3733 5878 cleo
