4014 6436
180 367 280 426 5ιὸ

716 366 1376 448 ΟΟΜΜΕΝΤΑΒΙΟΒΗΜ
1414 369 1482 428 IN
1521 368 1761 428 ISAIAM
1799 370 2221 430 PROPHETAM
2264 371 2394 430 LIB.
2436 370 2530 429 IX.
2563 371 2720 428 CAP.
2761 371 2934 429 XXX.

3283 373 3286 376 ”
3373 378 3480 436 διδ

178 487 506 558 gemuerint.
539 495 596 542 et
638 488 849 559 egerint
897 487 1270 556 paenitentiam
1293 530 1310 556 ,
1353 490 1486 546 salvi
1530 491 1692 556 ﬁant;
1721 499 1777 545 et
1802 498 1856 560 Α
1881 490 2202 548 miserebitur
2231 493 2304 545 tui
2333 509 2352 547 :
2379 491 2448 545 ad
2475 506 2644 546 vocem
2674 492 2915 548 clamoris
2955 494 3050 559 tui,
3081 494 3255 550 statim
3299 505 3356 550 ut
3384 513 3484 551 auo

181 592 304 638 tunc
329 581 637 652 intelligant
664 583 754 637 ubi
787 583 938 654 prius
979 581 1213 646 fuerint,
1236 595 1292 639 et
1319 584 1458 654 quod
1489 583 1686 641 frustra
1717 585 1769 642 in

178 676 330 730 vanis
362 675 728 744 speraverint.
750 673 995 745 Cumque
1027 691 1122 731 eos
1163 676 1230 731 ad
1278 678 1651 744 paenitentiam
1681 693 1775 732 co-

176 770 446 828 bortetur.
479 771 554 824 illi
592 788 623 825 e
665 771 940 825 contrario
981 770 1268 826 conﬁdunt
1305 773 1358 827 in
1413 771 1560 826 falsis
1602 773 1772 844 magi-

171 863 332 926 stris.
367 873 422 918 et
454 866 506 917 in
543 864 754 918 incerto
794 863 980 919 saeculi
1009 883 1021 917 :
1047 863 1250 935 Deique
1272 865 1433 919 verba
1457 866 1645 921 audire
1677 881 1768 920 n0-

169 957 369 1024 lentes,
398 974 568 1029 equos
599 957 886 1030 Egyptios
907 958 1238 1024 desiderant,
1268 973 1322 1015 et
1352 976 1539 1016 eorum
1570 961 1772 1016 veloci-

170 1057 278 1105 tate
309 1051 596 1113 lt-tantur,
625 1065 762 1117 quos
794 1051 1147 1118 multiplicari
1190 1051 1451 1106 Dominus
1495 1051 1770 1121 prohibuit

169 1142 350 1215 (Deut.
383 1147 535 1214 ινιι).
587 1144 794 1202 Idcirco
842 1145 1196 1202 ecclesiastici
1232 1146 1334 1202 viri
1373 1162 1468 1204 eos
1510 1149 1770 1204 velociter

167 1246 590 1308 persequentur,
621 1250 675 1294 et
718 1239 879 1296 unius
907 1241 1187 1296 bellatoris
1219 1257 1406 1297 vocem
1425 1283 1440 1307 ,
1470 1243 1585 1298 sive
1611 1243 1768 1314 quin-

166 1346 273 1402 que
333 1333 689 1400 pugnantium
712 1333 878 1404 (quod
921 1334 987 1388 ad
1035 1344 1274 1390 mentem
1320 1347 1374 1388 et
1414 1335 1480 1391 ad
1522 1339 1766 1406 quinque

165 1437 364 1480 Sensus
391 1424 598 1481 referre
619 1425 915 1495 debemus)
943 1428 1096 1484 mille
1128 1428 1374 1484 homines
1405 1441 1459 1485 et
1491 1430 1766 1487 incondita

164 1518 323 1574 turba
369 1518 686 1589 fugientium
717 1523 989 1576 sustinere
1022 1507 1126 1577 nOn
1164 1530 1439 1589 poterunt.

233 1610 570 1684 (Vers.17.)
616 1610 792 1668 Donec
836 1616 1200 1686 retinquamini
1229 1619 1376 1683 quasi
1418 1618 1583 1673 malus
1624 1619 1767 1673 navis

163 1704 211 1759 in
240 1707 432 1761 rertice
461 1708 670 1775 montis,
708 1718 756 1765 et
784 1711 935 1777 quasi
961 1711 1168 1782 signum
1191 1729 1348 1779 super
1375 1712 1578 1768 collem.
1621 1713 1768 1768 Scri-

163 1795 244 1852 bit
291 1807 346 1852 et
389 1797 652 1854 Jeremias
693 1802 840 1868 quod
883 1801 1186 1862 interfectis
1212 1804 1392 1874 gladio
1429 1805 1652 1861 etiame
1683 1806 1765 1862 his

1873 583 2048 646 dierit,
2078 584 2404 652 respondebit
2428 585 2538 637 tibi.
2587 584 2720 638 Cum
2750 599 3005 640 reversus
3035 587 3199 643 lueris
3227 588 3277 642 in
3319 588 3472 658 Sion,

1874 693 1921 734 et
1951 678 2280 734 habitaveris
2303 680 2354 733 in
2386 678 2709 742 Jerusalem,
2741 695 3077 749 nequaquam
3113 681 3382 752 plorahis,
3419 690 3480 739 ut

1873 780 1997 826 ante
2022 772 2356 841 plot-averas,
2384 771 2476 824 sed
2502 773 2658 826 ﬂetus
2681 782 2805 828 tuus
2834 783 3075 827 verti-tur
3100 774 3151 828 in
3183 775 3434 845 gaudium
3459 791 3474 830 :

1872 862 2022 919 Beati.
2050 865 2186 919 enim
2210 866 2393 934 ﬂentes
2415 907 2432 931 ,
2460 867 2579 933 quia
2609 866 2709 939 ipsi
2747 868 2986 922 ridebunt
3015 867 3035 939 (
3061 866 3190 922 Luc.
3224 884 3300 933 VI,
3331 869 3393 925 2|
3429 871 3470 940 ).

1873 959 1940 1013 Et
1972 969 2254 1030 postquam
2295 960 2614 1015 clamaveris
2642 1001 2656 1022 ,
2709 970 2763 1015 et
2807 960 3012 1016 dixeris
3056 962 3121 1014 ad
3159 960 3471 1017 Dominum.

1873 1051 2102 1106 Ctamavi
2133 1055 2188 1107 in
2218 1062 2323 1108 toto
2349 1053 2504 1108 corde
2529 1070 2638 1107 meo
2659 1093 2674 1117 ,
2702 1056 2888 1109 exaudi
2919 1071 2995 1108 me
3021 1095 3036 1120 ,
3083 1054 3300 1109 Domine
3329 1054 3347 1126 (
3379 1053 3469 1110 Ps.

1870 1161 2060 1209 cxvttt,
2092 1144 2198 1200 M5
2224 1153 2264 1212 ).
2312 1146 2375 1201 Et
2405 1149 2596 1201 iterum
2632 1165 2643 1199 ε
2695 1143 2925 1200 Clamant
2949 1189 2962 1209 ,
2998 1148 3238 1202 miserere
3273 1148 3393 1209 mei,
3423 1156 3472 1202 et

1870 1239 2158 1292 custodiam
2179 1241 2422 1292 mandata
2445 1248 2532 1292 tua
2565 1237 2748 1302 (Psal.
2782 1255 2959 1294 LXXXV
2986 1239 3023 1309 ).
3063 1238 3124 1292 Et
3153 1239 3276 1293 alibi
3314 1257 3324 1292 :
3361 1236 3476 1293 Ea:-

1869 1333 2092 1402 sprctavi
2122 1334 2174 1385 in
2207 1334 2458 1387 matutino
2483 1344 2530 1385 et
2571 1331 2790 1387 cluuiani
2824 1332 2942 1401 (Ps.
2974 1348 3138 1388 cxvm
3162 1374 3178 1396 ,
3211 1333 3339 1402 147)
3370 1374 3385 1398 ,
3415 1340 3473 1387 et

1872 1435 1979 1481 tam
2009 1429 2156 1480 clara
2190 1427 2348 1481 fuerit
2379 1441 2482 1480 vox
2515 1437 2624 1486 tua.
2663 1435 2722 1481 ttt
2749 1427 2918 1482 caelos
2950 1435 3195 1495 penetret
3239 1443 3250 1478 :
3285 1426 3468 1479 statim

1872 1520 1964 1574 tibi
2002 1520 2262 1575 Dominus
2291 1520 2643 1587 restiondebit
2667 1561 2681 1584 ,
2717 1529 2771 1575 et
2799 1519 2998 1574 similis
3023 1521 3133 1574 eris
3166 1518 3334 1588 Moysi
3361 1556 3376 1580 ,
3403 1517 3472 1570 de

1869 1629 1976 1683 quo
2007 1619 2266 1681 scriptutn
2295 1622 2380 1668 est
2421 1632 2434 1668 :
2469 1612 2796 1684 Loqucbatur
2836 1612 3076 1683 Moyses,
3124 1620 3171 1665 et
3221 1609 3476 1666 Dominus

1868 1709 2205 1781 respondi-Ibat
2234 1711 2282 1765 ei
2313 1708 2509 1780 (Exod.
2547 1726 2654 1776 χιι,
2686 1710 2800 1765 20).

1945 1807 2123 1876 (Vers.
2156 1806 2217 1860 2|
2260 1808 2276 1872 )
2310 1804 2378 1868 Et
2402 1805 2543 1858 dabit
2574 1805 2714 1858 vobis
2740 1802 2990 1856 Dominus
3015 1817 3198 1874 partem
3227 1809 3428 1854 arctum
3453 1840 3473 1870 ,

163 1894 249 1961 qui
288 1893 340 1946 in
371 1891 1063 1967 Egyptumconl‘ugerant,
1097 1897 1252 1966 pauci
1281 1900 1641 1954 remanserint
1672 1900 1761 1971 qui
1801 1900 1842 1959 Β
1869 1910 1916 1955 et
1955 1917 2140 1972 aquam
2178 1899 2400 1954 brevem.
2461 1899 2515 1954 Si
2564 1898 2630 1951 ad
2680 1895 2980 1951 Zorobabel
3035 1895 3152 1950 hate
3185 1893 3470 1949 referimus

161 1991 374 2044 reversi
404 1990 516 2043 sint
547 1989 600 2046 in
639 1989 878 2054 Judaeum
928 1989 1138 2060 (Jerem.
1172 1991 1337 2064 χιι-ι).
1393 1992 1461 2048 Et
1495 1995 1765 2062 quomodo

163 2082 202 2136 si
233 2079 414 2136 fracta
457 2081 580 2138 navi
608 2091 666 2138 et
691 2098 951 2153 eompage
977 2085 1122 2142 illius
1143 2085 1427 2149 dissoluta,
1457 2087 1571 2141 sola
1602 2089 1765 2144 arbor

163 2190 284 2245 quae
309 2174 489 2230 malus
523 2175 741 2240 dicitur,
769 2185 1087 2243 remaneat,
1134 2188 1190 2234 et
1219 2189 1448 2248 ponatur
1483 2197 1577 2248 pro
1607 2185 1763 2249 signo

163 2266 212 2320 in
240 2269 564 2321 summitate
595 2270 820 2333 montis,
855 2271 976 2325 sive
1005 2272 1056 2326 in
1089 2273 1308 2326 excelso
1336 2273 1478 2328 colle
1515 2292 1526 2328 :
1556 2275 1635 2328 sic
1665 2290 1764 2344 pro

162 2359 318 2427 signo
346 2369 514 2431 atque
541 2362 794 2430 veSIigio,
827 2365 915 2422 vix
945 2381 1084 2420 nntts
1111 2373 1165 2420 et
1191 2366 1332 2421 alter
1361 2367 1664 2435 resideant,
1695 2368 1764 2424 ad

165 2448 254 2505 Dei
313 2454 612 2521 potentiam
662 2454 1162 2513 demonstrandam.
1223 2460 1287 2513 Et
1335 2470 1499 2525 tunc,
1545 2461 1761 2531 inquit,

162 2548 338 2600 scient
385 2562 577 2611 omnes
619 2549 858 2617 reliquiae
888 2549 1023 2605 Juda
1051 2593 1064 2615 ,
1097 2553 1187 2622 qui
1225 2568 1366 2606 nunc
1389 2554 1765 2624 ingrediuntur

166 2645 368 2692 terram
399 2638 640 2711 [Ερωτιηῂ
673 2652 731 2696 ιιι
763 2641 1009 2698 habitent
1040 2643 1136 2708 ibi,
1164 2660 1287 2699 cum
1315 2647 1515 2702 reversi
1562 2646 1765 2703 fuerint

164 2728 212 2784 in
245 2742 450 2786 terram
479 2732 743 2800 Judteam,
778 2734 934 2804 cujus
959 2751 1139 2790 sermo
1166 2738 1503 2808 compleatur
1530 2781 1543 2806 ,
1579 2757 1760 2810 utens,

162 2838 225 2880 an
249 2826 498 2881 illorum.

228 2918 423 2990 (Vers.
452 2917 567 2992 18.)
596 2918 879 2994 Propterea
901 2933 1156 2996 exspectat
1185 2924 1438 2982 Dominus
1463 2969 1478 2995 ,
1532 2939 1584 2984 ut
1611 2931 1764 2985 mise-

162 3026 340 3070 reatur
363 3018 520 3071 vestri
543 3058 560 3084 ,
590 3029 637 3072 et
680 3019 798 3074 ideo
846 3023 1154 3076 exaltabitur
1190 3042 1404 3093 parcens
1436 3026 1573 3082 t‘obis
1598 3068 1611 3092 ,
1643 3029 1764 3098 quia

163 3105 304 3161 Deus
315 3107 515 3180 judicii
538 3109 786 3168 Dominus
801 3129 820 3166 :
839 3113 975 3170 beati
1001 3132 1174 3172 omnes
1195 3119 1281 3186 qui
1307 3131 1599 3189 exspectant
1626 3139 1759 3179 eum.

163 3201 398 3259 Grandis
429 3206 716 3263 clementia
751 3208 884 3275 Dei,
913 3219 974 3265 ut
1000 3223 1277 3282 exspeCIet
1309 3225 1554 3270 nostram
1594 3220 1766 3288 pomi.-

1871 2005 2113 2064 tempora
2145 2035 2158 2056 ,
2194 1994 2368 2048 facilis
2400 1991 2778 2063 interpretatio
2808 2002 2887 2043 est
2915 2005 2930 2055 ;
2983 1988 3124 2052 quod
3174 2002 3279 2042 non
3311 1984 3474 2040 iui-rit

1867 2091 1968 2145 Sub
1996 2105 2061 2144 eo
2095 2087 2330 2156 perfecta
2354 2088 2564 2151 laetitia,
2597 2087 2811 2139 dicente
2840 2083 3008 2138 David
3046 2102 3057 2137 :
3094 2084 3221 2136 Cum
3261 2096 3470 2134 Conter-

1867 2192 1990 2238 teret
2023 2181 2273 2238 Dominus
2291 2182 2634 2248 captivitatem
2661 2178 2812 2243 Sion,
2840 2179 2966 2249 facti
2989 2193 3165 2231 sumus
3187 2177 3315 2228 sicut
3339 2191 3464 2227 cono

1866 2276 2059 2332 solati:
2093 2286 2152 2330 ut
2196 2291 2302 2330 non
2351 2274 2784 2330 consolationem
2835 2269 3047 2340 plenam
3099 2280 3263 2338 atque
3291 2265 3470 2332 petie-

1866 2381 2053 2439 ctam,
2105 2370 2202 2426 sed
2251 2369 2662 2426 similitudinem
2710 2365 3102 2420 consolationis
3132 2364 3466 2431 at-ciperent.

1867 2465 1961 2522 Sin
1995 2476 2175 2520 autem
2204 2465 2269 2520 ad
2313 2463 2616 2521 Salvator-is
2645 2463 2937 2515 adventum
2967 2501 2978 2513 .
3013 2456 3168 2528 panis
3203 2465 3388 2509 arctus
3418 2461 3472 2507 et

1867 2575 2002 2631 aqua
2036 2559 2236 2629 brevis,
2259 2557 2413 2628 juxta
2443 2556 2759 2625 ApOStolum
2787 2551 3034 2616 Paulum,
3066 2557 3121 2602 et
3149 2548 3292 2601 hunc
3314 2560 3466 2598 rutu-

1866 2655 1988 2710 dem
2021 2654 2210 2710 Isaiam
2243 2652 2579 2722 pr0phetatn,
2613 2647 2958 2714 evangelcus
2996 2650 3178 2699 sermo
3220 2638 3469 2710 praulici-

1867 2759 1957 2805 tur
1981 2791 1996 2813 ,
2029 2750 2119 2818 qui
2161 2765 2256 2819 pro
2291 2748 2568 2802 laciniosis
2595 2746 2753 2817 Legis
2781 2739 3256 2799 observationibus
3301 2734 3463 2808 41],

1867 2855 2032 2910 atque
2061 2843 2351 2907 mandatis,
2385 2842 2438 2895 in
2467 2856 2574 2896 uno
2607 2841 2772 2894 verbo
2805 2834 3183 2905 recapitulavit
3225 2830 3405 2884 οηιινίει
3452 2845 3464 2882 2

1870 2935 2068 3007 Diliges
2093 2935 2385 3004 proximum
2425 2943 2592 2997 tuttur,
2637 2933 2770 2986 sicut
2821 2930 3060 3000 teipsum.
3113 2923 3472 2980 Consumma-

1869 3040 1980 3086 tum
2012 3033 2156 3086 enim
2179 3041 2234 3085 et
2263 3029 2639 3084 abbreviatnm
2688 3039 2997 3082 sermonem
3045 3020 3173 3077 fecit
3204 3018 3468 3073 Dominus

1869 3141 2030 3196 super
2061 3137 2260 3180 terram
2293 3123 2493 3196 (Colat.
2522 3122 2598 3194 ν).

1946 3222 2126 3295 (Vers.
2155 3221 2276 3294 22.)
2304 3221 2372 3276 Ει
2404 3239 2505 3277 non
2535 3221 2687 3292 faciet
2713 3217 2920 3272 evolare
2945 3224 2971 3251 λ
2999 3230 3030 3266 a
3063 3223 3108 3266 te
3131 3211 3272 3265 ultra
3294 3207 3471 3260 docto-

163 3299 420 3362 tentiam,
451 3307 507 3354 et
534 3300 708 3357 donec
737 3317 836 3357 nos
861 3318 890 3357 a
924 3305 1066 3360 vitiis
1095 3317 1478 3364 convertamur
1505 3352 1520 3375 ,
1549 3311 1638 3367 ille
1667 3330 1762 3382 pu-
1791 3303 1835 3366 C
1867 3333 1976 3371 rem
2017 3326 2162 3370 tuum
2191 3359 2204 3382 ,
2247 3327 2292 3371 et
2332 3326 2479 3370 erunt
2527 3312 2664 3368 oculi
2711 3314 2786 3366 tui
2832 3311 3060 3364 videntes
3104 3314 3472 3376 praeceptorettt

161 3399 364 3446 tentem
409 3394 696 3456 eontrahat
743 3413 1000 3462 manum,
1045 3414 1115 3456 ne
1147 3399 1308 3455 ferire
1339 3415 1582 3472 cogatur.
1636 3404 1762 3460 Ideo

158 3502 342 3544 autem
368 3493 663 3547 miseretur
692 3501 744 3547 et
777 3495 966 3560 parcit,
1003 3503 1061 3549 ut
1083 3496 1352 3552 exaltetur
1380 3500 1523 3554 illius
1551 3500 1764 3556 miseri-

159 3584 341 3638 cordia
369 3627 385 3649 ,
430 3594 484 3639 et
530 3584 743 3641 bonitas
771 3586 1048 3645 Creatoris
1080 3601 1203 3646 nota
1251 3595 1460 3648 cunctis
1506 3596 1615 3652 fiat.
1667 3596 1759 3654 Vel

157 3689 304 3733 certe
341 3677 502 3748 juxta
543 3679 676 3734 illttd
706 3682 850 3750 quod
882 3682 934 3736 in
971 3683 1264 3755 Evangelio
1307 3688 1547 3756 loquitur
1576 3688 1760 3760 (Joan.

155 3789 248 3833 ιιι,
274 3774 373 3846 3‘2)
408 3793 420 3828 :
461 3773 592 3829 Cum
620 3781 875 3832 exattatus
917 3781 1062 3847 fuero
1087 3821 1103 3844 ,
1138 3783 1308 3835 omnia
1335 3785 1536 3838 trahant
1559 3786 1627 3838 ad
1659 3803 1758 3854 me,

153 3864 319 3939 510
350 3867 562 3922 idcirco
590 3870 932 3925 exaltatnriu
965 3887 1146 3936 crure,
1183 3886 1236 3927 ιιι
1271 3890 1445 3942 parra'
1482 3879 1758 3934 omnibus.

155 3959 274 4030 Ipse
293 3973 384 4016 est
419 3963 564 4017 enim
597 3963 738 4019 Deus
763 3964 952 4033 jttdieii
979 3981 994 4032 ;
1043 3974 1097 4021 et
1125 3967 1266 4022 beati
1303 3979 1427 4023 sunt
1454 3986 1644 4025 omnes
1671 3973 1761 4041 qui

153 4064 481 4125 exspectant
532 4056 822 4112 Dominum
873 4071 1278 4128 eXspectantetn
1342 4066 1758 4119 Conversionem

151 4163 327 4206 suam.
358 4150 710 4217 Qutrnmsit
736 4163 936 4218 antem,
970 4164 1024 4209 et
1045 4170 1167 4226 quae
1201 4156 1301 4212 ista
1331 4160 1636 4224 conversio,
1667 4175 1758 4215 se-

148 4249 376 4316 quentia
411 4246 576 4301 verba
608 4248 1009 4304 monstrabunt.

219 4337 416 4402 (Vers.
446 4338 560 4411 19.)
590 4338 823 4408 Populus
855 4343 989 4397 enim
1023 4343 1156 4398 Sion
1183 4345 1431 4400 habitabit
1461 4347 1512 4400 in
1543 4346 1760 4402 Jerusa—

145 4429 272 4486 lem.
307 4431 490 4488 Judaei
525 4432 732 4489 haecad
757 4435 883 4506 Cyri
933 4445 1174 4506 tempora
1206 4438 1445 4492 reti-runt
1473 4481 1486 4504 ,
1539 4442 1760 4508 quando

145 4525 214 4581 de
257 4525 544 4598 Babylone
576 4527 630 4582 in
657 4530 901 4585 .lndzeam
951 4546 1202 4589 reversus
1247 4543 1329 4588 est
1378 4535 1608 4603 populus
1658 4536 1758 4590 sub

145 4617 459 4677 annbahel
482 4633 538 4677 et
562 4624 693 4679 Jesu
725 4624 1008 4680 Pontilice.
1033 4625 1141 4682 Nos
1170 4635 1374 4694 autem,
1399 4639 1456 4682 ut
1486 4645 1630 4698 smpe
1644 4629 1754 4699 jam

1867 3421 2031 3473 tuum,
2064 3423 2110 3466 et
2133 3428 2280 3466 aures
2301 3422 2403 3466 tua:
2423 3411 2634 3465 audient
2655 3406 2860 3463 verbum
2893 3413 3006 3476 post
3034 3415 3232 3469 tergum
3260 3412 3465 3451 nionem

1865 3510 1933 3563 tis
1961 3526 1979 3563 :
2002 3507 2133 3562 Htec
2161 3509 2263 3569 via.
2296 3505 2554 3560 ambulate
2583 3506 2635 3558 in
2660 3520 2739 3566 ea,
2771 3517 2932 3572 neque
2959 3498 3026 3550 ad
3059 3497 3341 3550 dexteram.
3373 3506 3467 3545 tte-

1865 3619 1964 3676 que
1986 3604 2054 3656 ad
2078 3603 2362 3656 sinistram.
2390 3599 2535 3654 LXX
2581 3616 2592 3651 :
2640 3596 2708 3650 Et
2750 3607 3072 3663 nequaquam
3111 3586 3249 3641 t'ltra
3279 3599 3468 3676 t-pproo

1864 3696 2185 3770 pinquabunt
2227 3695 2316 3748 tibi
2360 3693 2448 3763 qui
2477 3691 2737 3757 decipiant
2769 3698 2817 3740 te
2843 3730 2854 3743 .
2887 3685 3008 3756 quia
3048 3682 3180 3735 oculi
3222 3680 3296 3730 tui
3326 3675 3468 3770 vide-

1866 3767 1986 3845 bunt
2010 3805 2096 3843 eos
2131 3790 2216 3856 qui
2243 3797 2292 3840 te
2321 3787 2649 3846 seduxerunt,
2687 3789 2734 3835 et
2773 3794 2924 3832 aures
2951 3789 3052 3829 tua!
3077 3773 3286 3826 audient
3317 3767 3470 3822 verba

1865 3893 1979 3957 post
2011 3893 2060 3936 te
2089 3881 2474 3950 decipientium,
2508 3877 2594 3945 qui
2626 3875 2864 3927 dixerunt
2895 3886 2913 3922 :
2945 3867 3074 3921 Hau:
3104 3867 3207 3927 via,
3239 3860 3473 3957 ambule-

1865 3953 1977 4034 mus
2001 3981 2052 4031 in
2083 3994 2144 4030 ea
2168 4019 2181 4040 ,
2212 3990 2317 4028 sive
2353 3973 2421 4025 ad
2450 3975 2713 4025 dexteram
2735 4008 2749 4027 ,
2779 3965 2883 4017 sive
2909 3963 2975 4016 ad
3001 3961 3286 4013 sinistram.
3335 3953 3469 4008 Mul-

1866 4085 1976 4131 tum
2004 4074 2056 4128 in
2104 4073 2206 4127 hoc
2253 4073 2372 4123 loco
2405 4066 2546 4122 LXX
2575 4065 2742 4119 editio
2772 4058 3210 4122 Ht-hraieumqne
3261 4054 3470 4106 discor-

1863 4171 2014 4226 dant.
2048 4168 2284 4223 i‘riniunt
2315 4178 2447 4233 ergo
2467 4163 2536 4216 de
2560 4158 2784 4228 Vulgata
2809 4155 3056 4210 editione
3088 4150 3468 4210 tractabimus,

1864 4276 1916 4320 et
1946 4276 2130 4333 postea
2164 4273 2455 4330 sequemur
2484 4255 2732 4308 ordinem
2774 4247 3040 4303 veritatis.
3090 4246 3223 4300 Cum
3258 4240 3470 4295 intelle-

1864 4364 2045 4417 xerint
2075 4369 2235 4430 atque
2270 4355 2644 4427 perspexerint
2685 4350 2864 4405 cordis
2899 4346 3045 4401 ot'uli
3073 4341 3382 4405 veritatem,
3413 4347 3469 4394 et

1863 4471 1960 4511 eos
1989 4453 2166 4524 quise
2192 4450 2720 4519 prinsdeceperaut,
2760 4452 2868 4497 tota
2903 4440 3099 4496 mentis
3138 4437 3347 4490 ratione
3374 4450 3468 4488 co-

1862 4547 2173 4619 gnoverint,
2204 4553 2258 4599 et
2280 4542 2503 4596 auribus
2534 4538 2765 4593 erttditis
2799 4545 2920 4604 post
2955 4544 3160 4602 tergum
3194 4529 3468 4598 deripien-

1866 4644 1996 4697 tium
2027 4639 2189 4696 verba
2221 4635 2596 4706 perspexerint
2622 4673 2636 4695 ,
2685 4643 2901 4697 semper
2931 4627 3072 4681 enim
3115 4639 3313 4678 cﬂ‘CaItt
3344 4636 3466 4677 ror-

143 4713 391 4771 diximus
416 4759 432 4782 ,
466 4733 660 4773 omnes
698 4720 1150 4789 reprmnissiones
1180 4739 1300 4791 qua:
1345 4724 1609 4779 excedunt
1647 4741 1759 4779 ttte-
1786 4708 1839 4768 Ῑ)
1867 4733 2013 4801 poris
2053 4737 2260 4797 partem
2281 4728 2537 4795 decipere
2569 4722 2856 4775 festinant;
2880 4718 3027 4784 juxta
3059 4715 3189 4770 illud
3232 4715 3375 4782 quod
3410 4714 3463 4766 iu

140 4807 496 4864 diocritatem
547 4811 695 4866 illius
741 4816 1043 4883 temporis,
1091 4814 1157 4869 ad
1206 4814 1407 4871 Christi
1461 4818 1757 4874 referamus

139 4900 448 4958 adventum
478 4943 494 4970 ,
545 4904 600 4959 in
649 4922 757 4974 quo
783 4908 1028 4976 captivus
1057 4909 1328 4976 quondam
1367 4911 1596 4979 p0pnlns
1630 4927 1754 4982 pas-

137 4997 300 5053 sione
345 4997 562 5052 Domini
602 4997 881 5064 liberatus,
916 5001 1173 5057 habitavit
1207 5004 1258 5056 in
1285 5003 1415 5059 Sion
1444 5014 1499 5058 et
1532 5006 1754 5061 Jerusa—

136 5087 270 5150 lem,
305 5091 362 5144 in
387 5092 601 5159 specula
619 5091 892 5160 vitlelict‘t,
935 5104 988 5150 et
1013 5097 1208 5150 visione
1236 5098 1398 5164 pacis.
1432 5097 1533 5152 hoc
1563 5109 1666 5162 est,
1700 5099 1754 5152 in

137 5180 422 5240 Ecclesia.
457 5186 629 5241 Porro
649 5190 790 5255 quod
825 5190 878 5243 in
905 5190 1044 5245 LXX
1067 5192 1290 5248 verbum
1321 5192 1538 5246 additur
1557 5193 1758 5246 sancti-

137 5279 268 5331 tatis
298 5319 315 5341 ,
362 5281 458 5347 qui
504 5279 763 5335 dixerunt
797 5301 808 5335 :
849 5285 1072 5352 papulas
1110 5288 1247 5338 enim
1285 5298 1496 5340 sanctus
1540 5285 1593 5338 in
1627 5285 1756 5340 Sion

134 5370 346 5426 habitat
375 5370 486 5444 [ΑΙ.
519 5373 814 5448 habitabit].
850 5377 927 5433 sic
962 5377 1309 5448 interpretari
1343 5395 1630 5447 possumus
1655 5422 1668 5442 ,
1701 5389 1760 5434 ut

133 5463 402 5520 dicamus
432 5467 641 5522 nullum
673 5467 918 5525 habitare
951 5472 1001 5524 itt
1033 5471 1184 5537 Sion,
1217 5473 1321 5527 nisi
1355 5473 1598 5542 eumqui
1629 5488 1753 5527 san-

131 5566 260 5614 ctus
291 5560 394 5622 sit,
423 5571 478 5613 et
506 5560 692 5614 audiat
713 5563 984 5618 dicentem
1017 5563 1304 5619 Dominum
1333 5583 1344 5618 :
1370 5563 1554 5621 Sancti
1579 5575 1757 5632 estote,

131 5655 402 5723 quoniam
430 5665 476 5708 et
502 5672 596 5724 ego
618 5667 829 5711 sanctus
850 5675 965 5713 sum
998 5659 1141 5730 (Leo.
1177 5675 1252 5726 XI,
1284 5657 1400 5731 44).

1863 4826 2071 4896 psalmo
2097 4822 2364 4891 legimus:
2404 4817 2472 4872 Ut
2499 4817 2740 4886 sagittent
2764 4813 2817 4864 in
2844 4812 3064 4864 obscuro
3099 4820 3270 4862 rectos
3310 4805 3463 4860 corde

1863 4917 1982 4992 (Ps.
2016 4933 2070 4976 κ,
2100 4917 2183 4984 2),
2217 4916 2304 4982 qui
2339 4919 2541 4966 tantam
2590 4909 2690 4963 sibi
2739 4915 3018 4961 assumunt
3061 4905 3461 4967 auctoritatem,

1863 5022 1914 5067 ut
1948 5026 2042 5065 sou
2075 5010 2298 5063 dextera
2342 5008 2571 5059 doceant
2606 5044 2620 5066 ,
2663 5018 2758 5056 seu
2796 5001 3013 5055 sinistra
3044 5040 3057 5062 ,
3092 4999 3142 5052 id
3175 5006 3298 5063 est,
3348 4997 3463 5051 sive

1861 5107 2024 5166 bona,
2057 5106 2170 5160 sive
2203 5104 2367 5167 mala,
2400 5102 2574 5156 nolint
2603 5099 2900 5165 discipulos
2921 5097 3132 5152 ratione
3161 5097 3455 5159 discutere,

1861 5201 1954 5256 sed
1985 5217 2044 5256 se
2073 5213 2435 5270 przrcessores
2461 5197 2633 5264 sequi.
2665 5195 2820 5250 Tunc
2845 5194 3007 5262 lii-qui
3042 5192 3186 5260 prius
3209 5190 3460 5254 decipie-

1864 5295 2035 5360 bant,
2085 5307 2420 5362 neqitaquam
2469 5290 2608 5344 ultra
2662 5291 2727 5342 ad
2771 5304 2868 5344 eos
2909 5288 3168 5341 Valehnnt
3196 5284 3461 5340 accedere

1863 5397 2150 5456 postquam
2185 5403 2244 5439 se
2269 5385 2542 5440 senserint
2583 5369 2921 5438 intellectus,
2964 5381 3136 5435 Porro
3159 5378 3310 5447 juxta
3352 5375 3459 5430 He-

1861 5479 2104 5535 braicum
2134 5485 2189 5532 et
2219 5475 2390 5531 facilis
2419 5486 2474 5531 et
2495 5491 2624 5530 vera
2655 5477 2968 5545 explanatio
2994 5485 3098 5528 est.
3149 5469 3285 5527 Cum
3313 5469 3459 5523 enim

1873 5571 2132 5625 Dominus
2181 5569 2533 5625 credentibus
2592 5569 2804 5624 dederit
2853 5583 3044 5638 panem
3096 5576 3343 5627 arctam,
3409 5571 3465 5618 et

1870 5678 2061 5733 aquam
2096 5665 2334 5726 brevem,
2385 5677 2721 5734 nequaquam
2760 5663 2897 5716 ttltra
2937 5662 3095 5716 faciet
3138 5659 3356 5714 avolare
3394 5655 3464 5712 ab

206 5747 413 5820 (Vers.
437 5745 556 5820 20.)
589 5748 818 5806 Plorans
847 5768 1167 5824 nequaquam
1198 5751 1428 5824 plorabis
1448 5795 1464 5822 ,
1514 5754 1764 5808 miserans
1871 5756 1952 5809 eis
1979 5754 2132 5809 illum
2165 5754 2258 5825 qui
2299 5756 2461 5812 docet
2490 5756 2766 5810 hominem
2806 5754 3087 5810 scientiam
3117 5770 3131 5821 ;
3179 5753 3275 5811 sed
3321 5765 3466 5809 sem-

207 5941 232 5970 ι
269 5929 502 5986 Voculae
528 5949 560 5986 a
585 5940 634 5994 te
653 5947 832 6006 neque
863 5934 917 5998 in
943 5933 1180 5992 Hebraeo
1211 5961 1226 6002 δ
1284 5950 1468 6006 neque
1501 5937 1552 5991 in
1586 5935 2007 6007 Hicronymiana
2037 5953 2104 5993 es
2134 5909 2200 5994 eo
2227 5945 2379 5995 textu
2409 5937 2662 5996 versione
2694 5937 2979 5997 habentur.
