4014 6444
505 382 614 444 3J1

1765 383 1823 443 S.
1869 381 2148 444 EUSEBﬂ
2184 385 2564 444 HIERONYMI

3717 388 3822 447 548

501 504 599 560 Per
623 505 881 561 violeltuut
909 501 1050 558 oculi
1085 501 1205 572 ejus
1230 510 1624 572 praeceptorem
1653 515 1836 569 suum,
1864 508 1918 556 et
1944 511 2104 556 armes
2133 501 2180 562 ι
2209 518 2324 556 rum
2349 502 2406 555 in
2427 503 2597 557 saccis
2623 502 2932 575 populorum
2957 499 3078 576 (Ps.
3108 517 3276 566 mut,
3299 502 3394 574 8|)
3427 519 3444 559 :
3477 510 3534 558 et
3561 501 3693 572 polii
3719 504 3823 560 asi-

503 600 652 657 illlus
680 599 908 654 verbum
941 605 1064 662 post
1097 606 1305 665 tergum
1353 597 1624 651 monentis
1664 595 1993 662 exaudient,
2043 607 2125 651 at-

504 705 613 763 que
634 690 866 745 dicentis
893 689 1051 744 :llzee
1070 690 1154 744 via
1176 699 1320 743 recte
1341 697 1446 753 est,
1472 688 1747 743 ambulate
1767 689 1819 742 lu
1838 703 1925 750 ea.
1947 702 2123 759 neque

502 783 570 838 ad
591 782 862 847 dextram,
883 794 1057 850 neque
1078 780 1144 834 ad
1168 781 1470 845 sinistram,
1491 780 1793 835 secundum
1825 780 1958 835 illud
1979 780 2123 851 quod

499 874 629 931 alibi
653 875 884 943 legitur:
905 872 1020 930 Nec
1037 873 1104 926 ad
1133 874 1390 941 dextram,
1413 889 1503 926 nec
1523 873 1593 927 ad
1614 874 1876 928 sinistram
1896 873 2125 929 declina-

504 972 674 1027 bintus
694 1015 708 1036 ,
737 973 819 1024 uia
848 971 990 1044 regia
1016 969 1315 1040 gradiemur
1337 967 1529 1040 (Num.
1551 982 1640 1030 xx.
1667 970 1694 1024 Ι
1703 967 1778 1040 7).
1808 968 1864 1023 in
1893 979 2124 1038 utraque

505 1065 652 1120 enim
705 1077 858 1133 parte
885 1063 1150 1135 quidquid
1176 1075 1339 1132 supra
1365 1062 1585 1117 modum
1625 1057 1818 1124 est,‘in
1852 1061 1985 1118 vitio
2014 1073 2121 1120 est.

511 1156 577 1214 Et
606 1158 676 1213 de
708 1156 917 1214 dextris
950 1157 1193 1226 partibus
1223 1157 1426 1211 dicitur
1458 1173 1474 1212 :
1506 1154 1590 1210 Ne
1615 1156 1685 1210 sis
1699 1157 1876 1227 justus
1903 1158 2124 1212 multum

514 1251 691 1326 (Eccl.
719 1267 812 1316 vn,
845 1251 958 1324 l7).
990 1250 1065 1306 De
1088 1250 1324 1306 sinistris
1351 1260 1531 1306 autem
1554 1250 1698 1320 quod
1731 1251 1787 1305 in
1813 1249 2122 1318 haedorum,

511 1355 571 1403 et
602 1347 654 1402 in
678 1348 1026 1419 pereuntium
1055 1357 1205 1415 parte
1228 1358 1523 1419 ponantur,
1553 1346 1698 1401 nulla
1721 1345 1988 1402 dubitatio
2017 1355 2122 1404 est.

585 1438 766 1510 (Vers.
797 1439 918 1498 25.)
947 1437 1016 1492 Et
1046 1439 1417 1494 centaminabis
1446 1439 1667 1494 laminas
1697 1439 2015 1512 sculptilium
2042 1455 2124 1494 ar-

511 1532 651 1602 genti
675 1531 782 1598 tui,
815 1529 978 1604 512
1004 1540 1050 1584 et
1091 1531 1443 1587 vestimentum
1481 1529 1762 1602 conﬂatilis
1791 1532 1911 1586 auri
1941 1532 2044 1600 tui,
2075 1541 2124 1586 et

517 1627 791 1700 disperges
815 1643 875 1682 ea
904 1628 1034 1681 sicut
1058 1627 1439 1681 immunditiam
1462 1636 1796 1682 menstruales
1815 1643 1836 1682 :
1865 1626 2122 1697 egredere,

517 1723 659 1778 dices
689 1725 753 1778 ei.
788 1721 930 1777 LXX
959 1741 970 1776 ε
1005 1721 1072 1776 Et
1102 1721 1475 1777 contaminabis
1503 1721 1647 1776 idola
1685 1721 2044 1793 dcargentata,
2077 1729 2124 1775 et

517 1815 768 1871 deaurata
791 1831 811 1869 .·
834 1816 1148 1871 comminues
1177 1832 1234 1868 ea
1261 1825 1307 1868 et
1330 1817 1592 1889 disperges
1616 1815 1747 1870 sicut
1777 1831 1962 1887 aquam
1985 1830 2125 1869 nten~

2210 609 2441 655 norum.
2479 595 2674 666 quibus
2700 595 2900 652 sedens
2921 595 3186 651 Dominus
3233 597 3514 667 ingressus
3541 606 3627 652 est
3668 597 3824 654 Jeru-

2226 688 2393 742 salem
2423 687 2636 759 (Matth.
2660 687 2794 761 xu),
2825 689 2914 758 qui
2944 697 3242 758 Oper-antur
3259 700 3482 756 terram,
3511 692 3592 744 sic
3615 691 3686 745 de
3699 705 3825 748 area

2225 779 2537 848 comedent,
2571 790 2626 835 ut
2652 780 2812 836 fuerit
2839 781 3184 844 ventilatum,
3215 796 3283 837 ne
3321 782 3453 852 quid
3477 781 3736 837 videlicet
3774 783 3825 839 in

2224 875 2348 930 cibo
2379 890 2568 930 eorum
2591 875 2819 930 mixtum
2849 877 2921 930 sit
2950 878 3247 946 palearum.
3282 876 3352 932 de
3378 879 3576 948 quibus
3600 879 3652 932 in
3683 878 3830 935 lere-

2226 968 2332 1021 mia
2359 968 2621 1036 scriptum
2641 977 2726 1023 est
2759 986 2771 1022 :
2808 967 2950 1036 Quid
2973 967 3138 1041 paleis
3166 969 3236 1023 ad
3263 958 3493 1026 triticum
3519 1011 3535 1034 ,
3567 971 3696 1025 dicit
3729 969 3831 1025 Do-

2224 1062 2393 1116 minus
2415 1060 2630 1132 (larem.
2661 1061 2852 1134 utut)?
2873 1073 2927 1118 et
2945 1079 3064 1132 qua-
3089 1067 3142 1118 in
3166 1063 3470 1135 Evangelio
3495 1064 3829 1119 comburun-

2225 1163 2313 1210 tur
2339 1154 2448 1226 igni
2477 1155 2896 1226 intestiuguibili
2924 1155 2944 1227 (
2969 1155 3096 1210 Luc.
3129 1171 3190 1212 ιιι
3215 1157 3257 1229 ).
3287 1157 3457 1212 Porro
3493 1157 3650 1228 inata
3681 1141 3825 1214 LXX

2219 1246 2463 1317 iumenta
2487 1291 2518 1317 ,,
2551 1262 2673 1318 quae
2723 1246 2954 1304 necdum
2994 1250 3222 1304 rationis
3266 1247 3662 1321 sapientumque
3705 1257 3832 1306 sunt

2226 1344 2405 1413 plena,
2435 1353 2491 1398 et
2519 1342 2588 1398 de
2617 1342 2815 1414 quibus
2846 1360 3010 1398 unum
3042 1344 3286 1413 loquitur
3329 1343 3395 1399 ad
3423 1342 3593 1400 Deum
3629 1363 3642 1398 :
3677 1343 3830 1400 Sicut

2213 1439 2515 1509 jumentant
2539 1435 2706 1505 factus
2735 1451 2851 1491 sum
2877 1438 3018 1509 apud
3038 1446 3090 1492 te
3108 1435 3227 1511 (Ps.
3262 1452 3431 1503 usu,
3455 1437 3575 1509 23).
3607 1453 3834 1508 pascen-

2227 1539 2312 1584 tur
2353 1530 2404 1584 in
2440 1529 2560 1585 loco
2600 1531 2962 1602 pinguissimo
2987 1540 3042 1586 et
3067 1531 3307 1602 spatioso
3333 1573 3347 1596 ,
3397 1531 3489 1601 qui
3537 1546 3647 1586 non
3673 1530 3834 1586 ..σενι

2225 1624 2410 1693 spinas
2434 1634 2487 1677 et
2518 1623 2770 1691 tribulos,
2801 1624 2896 1681 sed
2917 1623 3074 1696 quasi
3097 1635 3239 1680 terra
3261 1624 3426 1680 Israel
3447 1625 3590 1680 lacte
3620 1636 3672 1679 et
3696 1625 3834 1680 mel-

2225 1719 2274 1774 le
2302 1719 2562 1785 decurrit,
2581 1728 2634 1775 et
2659 1719 2874 1789 plenam
2903 1719 3250 1792 pascentibus
3272 1719 3462 1775 tribuit
3491 1719 3830 1774 libertatem.

2225 1812 2386 1868 Tauri
2415 1822 2598 1868 autem
2640 1823 2695 1868 et
2724 1813 2888 1868 boves
2913 1812 3007 1882 qui
3040 1821 3344 1882 operantur
3375 1820 3598 1877 terram,
3634 1811 3684 1865 id
3723 1795 3832 1878 est,

515 1919 748 1977 struatte,
780 1921 829 1966 et
856 1911 987 1965 sicut
1014 1919 1210 1964 stercus
1238 1909 1449 1984 abjicies
1487 1925 1565 1965 ea.
1611 1909 1747 1964 Cum
1788 1909 2124 1966 intellexeris
2152 1892 2198 1954 Β
2226 1905 2469 1977 Apostoli
2505 1915 2559 1961 et
2608 1903 2713 1960 viri
2752 1905 3067 1975 apostolici,
3097 1904 3168 1960 de
3195 1904 3394 1975 quibus
3438 1910 3497 1958 et
3546 1903 3832 1974 apostolus

515 2006 822 2070 veritatem,
861 2014 917 2060 et
943 2003 1282 2072 decipientes
1315 2004 1381 2058 ad
1411 2013 1464 2059 te
1491 2019 1598 2058 non
1629 2002 1991 2066 accesserint,
2023 2001 2120 2058 sed

520 2099 667 2153 oculi
701 2099 776 2152 tni
806 2095 1046 2152 viderint
1076 2107 1465 2166 praeceptorem
1493 2104 1644 2151 tuum
1671 2139 1687 2163 ,
1736 2103 1792 2151 et
1829 2109 1989 2151 aures
2015 2104 2124 2152 tuas

518 2205 741 2262 semper
766 2189 1070 2244 audierint:
1105 2187 1236 2244 Haec
1257 2190 1360 2256 via,
1391 2189 1644 2244 antbnlate
1680 2190 1733 2244 in
1758 2205 1840 2250 ea,
1871 2205 2032 2262 neque
2055 2189 2126 2245 ad

519 2286 775 2348 dextram,
803 2299 966 2353 neque
992 2284 1060 2336 ad
1088 2283 1351 2337 sinistram
1385 2300 1403 2347 ;
1437 2291 1566 2338 tunc
1593 2298 1786 2338 onmes
1825 2298 2044 2340 errores
2069 2292 2125 2340 et

521 2377 692 2442 idola,
724 2391 786 2431 ac
813 2375 1202 2430 similitudines
1224 2375 1468 2429 veritatis
1493 2415 1508 2441 ,
1551 2389 1671 2444 qua:
1713 2376 1906 2431 artiles
1945 2377 2122 2447 lingua

520 2479 908 2542 composuerat
932 2469 985 2524 in
1008 2469 1302 2538 splendore
1327 2469 1674 2538 eloquentia,
1690 2469 1833 2538 quod
1853 2469 2124 2540 interpre-

521 2574 663 2620 tatur
685 2571 994 2632 argentum,
1023 2569 1077 2616 et
1111 2563 1164 2616 in
1186 2563 1397 2616 ratione
1424 2561 1729 2630 sapientiai,
1761 2560 1902 2632 quod
1931 2576 2123 2616 aurum

519 2667 699 2722 sonat,
728 2656 1072 2710 comminues
1116 2666 1281 2723 atque
1309 2653 1632 2726 disperges,
1673 2664 1726 2707 et
1757 2655 1824 2708 ita
1852 2652 2127 2723 iudicabis

478 2747 482 2751 ’
524 2751 827 2816 immunda,
861 2760 919 2804 ut
947 2759 1298 2806 menstruam:
1325 2749 1569 2804 mulieris
1592 2749 1972 2804 sordidissimo
2001 2763 2129 2804 san-

521 2845 669 2916 guini
703 2859 1020 2914 compares,
1037 2843 1181 2911 quod
1207 2843 1385 2898 verbis
1407 2843 1531 2899 aliis
1556 2857 1749 2914 aquam
1779 2851 2129 2900 menstruam

523 2937 880 3008 Septuaginta
915 2937 1328 2993 transtulerunt.

594 3027 774 3101 (Vers.
807 3029 925 3095 24.)
957 3027 1020 3081 Et
1052 3027 1263 3082 dabitur
1289 3028 1466 3097 pluvia
1491 3027 1676 3082 semini
1703 3036 1791 3083 tuo
1819 3029 2129 3100 ubicumque

525 3124 854 3178 seminaveris
878 3123 934 3176 in
959 3131 1117 3187 terra,
1148 3132 1193 3177 et
1221 3123 1368 3192 panis
1397 3121 1610 3193 frugum
1627 3133 1775 3178 terra:
1799 3123 1828 3158 ~'
1856 3124 1952 3179 erit
1977 3124 2126 3180 uber-

525 3217 687 3269 rimus
710 3225 758 3269 et
784 3215 1012 3286 pinguis.
1044 3213 1189 3269 LXX
1216 3233 1226 3268 :
1268 3212 1412 3270 Tunc
1440 3216 1534 3271 erit
1566 3215 1742 3282 pluuia
1766 3216 1949 3272 semini
1977 3224 2129 3271 teme

525 3319 648 3370 tuta.
675 3317 723 3363 et
754 3278 903 3374 panis
938 3312 1147 3378 frugum
1176 3317 1328 3361 terra:
1371 3319 1473 3364 tua:
1499 3278 1597 3364 erit
1626 3307 1898 3364 abundans
1932 3318 1982 3365 et
2010 3310 2127 3380 pltI-
2153 3278 2198 3340 Ο

530 3403 664 3476 guis.
697 3401 972 3470 Scriptum
991 3411 1074 3456 est
1093 3402 1144 3457 in
1162 3401 1367 3472 Regum
1394 3400 1671 3458 volumine
1687 3399 1780 3470 (Ill
1794 3401 1922 3472 Reg.
1945 3401 2126 3472 xvnt),

530 3496 673 3566 quod
708 3504 994 3566 postquam
1032 3494 1303 3550 interfecti
1351 3505 1480 3551 sunt
1522 3496 1592 3553 ab
1621 3494 1738 3552 Elia
1788 3495 2127 3566 pseudopro-

531 3588 752 3658 phetae,
801 3589 923 3643 data
955 3589 1028 3644 sit
1058 3589 1234 3659 pluria
1268 3599 1425 3644 terra:
1455 3589 1615 3648 Israel
1664 3607 1676 3643 :
1715 3596 1773 3646 et
1797 3588 1940 3658 quod
1975 3589 2131 3668 panis

533 3679 714 3735 ΕΗεωί
764 3691 818 3736 et
861 3688 1046 3750 postea
1079 3680 1378 3737 Salvatoris
1427 3680 1730 3737 uberrimus
1780 3682 1937 3742 luerit
1967 3688 2132 3751 atque

529 3772 940 3843 pinguissimus,
973 3785 1029 3828 et
1073 3784 1276 3829 tantam
1307 3772 1558 3828 imbuerit
1595 3774 1995 3844 plenitudinem
2022 3821 2036 3844 ,
2071 3784 2132 3836 ut

529 3865 695 3921 multa
745 3866 1024 3922 hominum
1058 3866 1224 3922 millia
1255 3882 1322 3922 ex
1349 3881 1416 3923 eo
1440 3875 1681 3928 saturata
1725 3868 1834 3926 sint
1867 3867 1974 3940 (Ν
1996 3867 2129 3942 Reg.

529 3972 626 4024 tv;
653 3957 815 4012 Joan.
846 3958 952 4029 vt).
989 3957 1064 4013 Ita
1091 3968 1146 4014 et
1173 3959 1224 4014 in
1255 3959 1511 4029 prtcsenti
1539 3959 1678 4022 loco,
1714 3976 1822 4016 non
1849 3961 1999 4032 prius
2036 3962 2132 4022 da-

530 4051 680 4108 bitur
709 4053 890 4122 pluvia
929 4051 1130 4110 semini
1174 4052 1469 4122 spirituali,
1498 4059 1554 4118 et
1584 4053 1739 4122 panis
1780 4064 1940 4112 terrae
1967 4056 2130 4118 ubere

535 4147 708 4202 rimus
738 4157 898 4216 atque
941 4147 1349 4217 pinguissimus,
1381 4146 1485 4203 nisi
1528 4147 1670 4202 idola
1700 4147 2048 4219 deargentata
2078 4157 2135 4206 et

538 4241 793 4296 deaurata
820 4240 1399 4303 luerintconnninuta,
1443 4249 1500 4298 et
1526 4249 1770 4312 reputata
1817 4242 1869 4297 in
1901 4243 2137 4314 sterqui-

541 4333 754 4389 linium.
786 4333 899 4390 Nisi
921 4335 1068 4392 enim
1088 4334 1218 4390 vitia
1239 4335 1586 4400 recesserint.
1606 4339 1838 4394 virtutes
1863 4354 1970 4395 non
1999 4337 2134 4406 sub-

611 4517 792 4589 (Vers.
825 4519 945 4591 95.)
979 4518 1230 4576 Pascetur
1264 4523 1316 4578 in
1348 4524 1669 4594 possessione
1705 4533 1796 4586 tua
1839 4525 1893 4588 in
1931 4525 2018 4586 die
2040 4525 2137 4594 illa

537 4628 701 4684 agnus
729 4614 972 4682 spatiose.
1005 4613 1070 4672 Et
1098 4617 1236 4670 tauri
1260 4617 1334 4672 tui
1362 4628 1410 4674 et
1437 4616 1574 4687 pulli
1592 4618 1860 4676 asinorum
1886 4625 1975 4688 qut
2012 4637 2137 4690 ope-

542 4714 728 4759 rantur
755 4715 977 4768 terratn.
1019 4709 1352 4764 commixtum
1378 4710 1573 4782 mignta
1608 4710 1874 4766 comedent
1918 4714 2052 4768 sicut
2080 4713 2137 4772 its

538 4813 662 4853 area
685 4797 794 4870 [ΑΙ.
815 4799 870 4856 in
893 4817 1015 4858 area
1040 4800 1118 4873 ut]
1140 4802 1447 4872 ventilatutp
1464 4812 1556 4866 est.
1580 4801 1753 4868 LXX:
1779 4801 1847 4866 Et
1865 4815 2140 4875 pascentur

533 4895 776 4964 jumenta
812 4901 902 4948 tua
947 4894 1003 4948 in
1045 4894 1129 4952 die
1157 4895 1251 4952 illa
1282 4894 1452 4954 locum
1481 4896 1725 4968 pinguem
1753 4907 1801 4968 et
1827 4899 2137 4968 spatiosum.

545 4984 708 5042 Tauri
733 4985 882 5042 vestri
912 4994 957 5041 et
983 4985 1127 5042 boves
1150 4988 1301 5044 uestri
1328 4989 1418 5059 qui
1443 4999 1718 5060 operantur
1746 4999 2140 5056 terram,come-

545 5077 665 5136 dent
693 5079 868 5147 paleas
903 5081 1204 5144 commixtos
1245 5081 1301 5134 in
1343 5081 1538 5138 hordeo
1564 5082 1824 5150 uentilata.
1873 5083 1928 5140 ιιι
1958 5100 2140 5146 rerum

546 5172 788 5228 ontnium
815 5171 1168 5236 abundantia,
1199 5173 1404 5231 caelesti
1432 5174 1611 5245 pluvia
1638 5174 2003 5242 descendente
2028 5219 2043 5243 .
2085 5187 2142 5236 et

545 5264 638 5319 illo
662 5279 799 5333 pane
819 5265 911 5336 qui
943 5265 1011 5322 de
1032 5265 1169 5321 cmlo
1194 5266 1493 5338 descendit,
1511 5284 1672 5340 quem
1699 5270 1788 5342 qui
1815 5270 2139 5338 comederit,

547 5372 838 5429 numquam
867 5361 1094 5424 esuriat,
1119 5371 1405 5428 pascentur
1435 5361 1560 5432 agni
1591 5361 1785 5418 inloco
1811 5362 2143 5431 εριιιὶυεὶδδὶτ

548 5463 659 5516 ιηο,
688 5450 778 5520 qui
811 5460 1113 5521 sequuntur
1138 5466 1334 5521 agnum
1365 5467 1706 5523 quocumque
1733 5452 1878 5520 vadit
1903 5493 1920 5516 .
1969 5464 2024 5510 et
2049 5455 2143 5525 qui

546 5557 767 5614 semper
797 5545 862 5599 ad
890 5544 1136 5602 dextram
1168 5557 1314 5601 ειιηι.
1367 5546 1532 5604 Tauri
1578 5555 1758 5608 autem
1793 5545 1957 5619 513
1989 5549 2143 5616 prin-

545 5638 695 5708 cipes
725 5639 923 5710 gregis,
951 5639 1020 5696 de
1041 5641 1237 5710 quibus
1265 5640 1492 5710 legimus
1533 5658 1546 5694 :
1587 5638 1930 5714 Congregatio
1961 5651 2141 5705 tauro.-

623 5854 648 5922 ξ
678 5846 856 5922 Χθιῇθ.
884 5851 1091 5922 frugum
1113 5856 1264 5902 terra:
1285 5855 1386 5922 tute
1411 5846 1505 5900 erit
1529 5843 1822 5916 abundans,
1846 5858 1893 5903 et
1915 5851 2142 5922 pinguis.

618 5915 647 5967 δ
678 5916 854 5997 Yatic.
877 5959 892 5990 ,
923 5915 1009 6006 qui
1038 5927 1160 5982 tunc
1197 5918 1462 6012 smiles,
1493 5926 1637 5992 etc;
1682 5927 1734 5980 et
1766 5915 1932 6001 paulo
1974 5915 2100 6003 post
2123 5964 2139 5996 ,

2159 4673 2216 4740 D

2173 4711 2215 4752 ν
2245 4714 2354 4784 puli
2386 4711 2575 4780 Israel,
2608 4721 2664 4769 ut
2702 4727 2810 4768 non
2842 4713 3019 4767 solum
3063 4713 3237 4769 valles
3274 4723 3439 4782 atque
3486 4711 3836 4782 campestria,

2223 2000 2419 2055 Paulus
2441 2000 2702 2071 scriptum
2729 2000 3118 2069 interpretatur
3159 2015 3175 2054 :
3209 1995 3333 2052 Non
3360 1996 3604 2069 alligatis
3633 2013 3690 2052 es
3715 1997 3836 2052 basi

2222 2097 2506 2150 triturauti.
2542 2094 2631 2162 Et,
2664 2093 2937 2167 Numquid
2954 2095 3020 2148 de
3043 2093 3203 2148 bobus
3223 2109 3352 2148 cura
3378 2102 3453 2146 est
3478 2089 3587 2146 Deo
3613 2092 3633 2163 (
3659 2089 3828 2146 lCor.

2221 2203 2299 2253 ts,
2333 2186 2431 2259 9)?
2452 2186 2559 2244 Sed
2589 2188 2778 2254 utique
2804 2186 2873 2242 de
2891 2186 2974 2240 bis
3002 2184 3155 2252 dicit,
3185 2184 3275 2252 qui
3297 2190 3594 2255 operantur
3621 2189 3833 2238 terram

2223 2295 2398 2344 suam,
2431 2291 2482 2335 et
2514 2280 2584 2334 de
2607 2279 2808 2351 quibus
2835 2277 2981 2334 idem
3011 2277 3253 2348 loquitur
3274 2318 3292 2345 ,
3329 2275 3424 2330 Dei
3453 2275 3789 2348 agricultura
3811 2317 3826 2342 ,

2227 2370 2324 2427 Dei
2343 2372 2620 2443 aediﬁcatio
2651 2388 2828 2427 sumus
2855 2371 2875 2445 (
2902 2369 3063 2427 lCor.
3087 2385 3170 2436 ιιι,
3197 2369 3290 2440 9).
3325 2369 3484 2425 Pater
3513 2368 3654 2424 enim
3683 2368 3838 2440 agri-

2225 2467 2342 2521 cola
2368 2475 2474 2531 est,
2505 2473 2562 2521 et
2582 2465 2832 2521 Christus
2863 2465 3020 2519 Vinea
3068 2468 3083 2529 (
3109 2461 3270 2518 Joan.
3302 2478 3368 2517 xv
3401 2463 3422 2534 )
3477 2479 3491 2517 :
3539 2461 3838 2517 comedent

2229 2563 2408 2630 paleas
2442 2559 2643 2616 mixtas
2683 2574 2805 2614 cum
2842 2556 3048 2613 hordeo
3079 2557 3363 2612 ventilata.
3404 2554 3657 2627 Legimus
3680 2553 3837 2624 quod

2228 2658 2374 2714 lsaac
2403 2654 2663 2710 hordeum
2693 2654 2922 2718 severit,
2954 2659 3010 2707 et
3031 2651 3151 2719 quia
3178 2649 3320 2720 apud
3356 2649 3658 2721 allopliylos
3684 2658 3836 2718 erat,

2226 2750 2595 2807 centenarium
2644 2747 2834 2802 hordei
2891 2745 3097 2816 frugem
3141 2743 3411 2815 receperit
3440 2747 3457 2812 (
3486 2741 3614 2798 Gen.
3644 2745 3835 2813 snt).

2230 2846 2294 2901 Et
2333 2844 2470 2900 Osee
2496 2858 2625 2897 coro
2659 2850 2715 2897 et
2741 2839 2964 2895 dimidio
2987 2854 3115 2894 coro
3147 2837 3339 2893 hordei
3355 2836 3612 2893 conduxit
3639 2837 3839 2892 mulie-

2229 2954 2344 2995 rem
2369 2936 2669 2992 adulteram
2695 2935 2713 3002 (
2736 2932 2867 2988 Osee
2895 2947 2954 2988 ιιι
2975 2933 3014 3000 ).
3076 2931 3328 2988 Salvator
3354 2945 3570 3000 quoque
3592 2929 3839 3000 quinque

2231 3031 2401 3088 millia
2428 3030 2666 3084 virorum
2693 3025 2722 3073 δ
2743 3028 2836 3099 qui
2871 3026 3050 3082 adhuc
3073 3023 3325 3081 sensibus
3351 3025 3598 3094 corporis
3624 3024 3840 3080 servie-

2233 3127 2382 3188 bant,
2407 3134 2463 3178 et
2492 3123 2690 3194 Legem
2722 3121 3091 3192 sequebantur
3118 3119 3310 3192 Moysi,
3339 3116 3658 3172 hordeaceis
3680 3116 3841 3186 pani-

2232 3219 2332 3274 bus
2363 3225 2702 3274 saturaverat
2731 3215 2914 3285 (Joan.
2947 3214 3046 3287 vi).
3075 3215 3175 3284 Qui
3209 3214 3261 3270 in
3294 3215 3405 3268 alio
3430 3213 3550 3268 loco
3576 3212 3839 3284 frangens

2232 3323 2437 3382 septem
2469 3309 2627 3380 Legis
2655 3323 2821 3380 panes
2841 3318 2896 3364 et
2915 3307 2968 3362 in
2993 3307 3162 3364 frusta
3181 3307 3578 3370 comminucns,
3603 3305 3839 3378 q'utuor

2231 3404 2402 3460 millia
2433 3403 2579 3459 viros
2610 3402 2844 3474 replevit
2873 3401 3098 3457 triticeis
3129 3403 3357 3470 panibus
3376 3441 3392 3465 ,
3433 3400 3528 3470 qui
3557 3401 3839 3472 evangeli-

2230 3513 2353 3555 cum
2383 3512 2667 3553 numerum
2693 3496 3061 3567 sequebantur
3091 3492 3310 3566 (Matth.
3346 3492 3471 3564 xv).
3519 3493 3838 3550 Istiusmodi

2232 3592 2416 3662 populi
2445 3592 2745 3647 comedunt
2768 3599 2824 3646 et
2853 3600 3062 3660 partem
3096 3588 3374 3660 palearum
3399 3604 3414 3652 ;
3461 3587 3588 3643 dum
3638 3589 3695 3643 in
3720 3588 3840 3658 quia

2232 3686 2457 3742 busdam
2490 3693 2796 3755 sequuntur
2821 3684 3056 3740 litteram
3083 3724 3098 3749 ,
3142 3690 3198 3737 et
3243 3691 3424 3736 tamen
3455 3695 3554 3750 per
3598 3682 3787 3751 paleas
3813 3689 3836 3723 ο

2233 3789 2286 3838 et
2310 3779 2572 3835 hordeum
2600 3779 2865 3850 paulatim
2891 3775 3205 3848 proﬁciunt,
3229 3785 3290 3831 ut
3314 3783 3600 3832 transeant
3637 3775 3708 3832 ad
3728 3775 3840 3831 fra-

2234 3881 2474 3929 mentum
2483 3912 2496 3925 .

2301 3964 2623 4037 Hermas.)
2657 3965 2722 4019 Et
2747 3975 2895 4020 erant
2935 3980 3091 4038 super
3137 3979 3340 4024 omnem
3377 3976 3601 4020 mentem
3657 3962 3832 4018 catacl-

2233 4077 2368 4126 sutn,
2392 4070 2440 4115 et
2457 4076 2612 4130 super
2637 4075 2842 4115 omnem
2874 4057 3057 4114 collem
3087 4056 3337 4114 eleuatum
3379 4058 3476 4115 riui
3516 4058 3834 4116 canentium

2234 4170 2486 4225 aquarum
2504 4155 2557 4208 in
2585 4153 2670 4209 die
2688 4153 3061 4222 iuterfectiouis
3073 4151 3384 4220 multorum,
3415 4168 3532 4208 cum
3553 4150 3834 4206 ceciderint

2236 4258 2419 4302 turres.
2452 4245 2510 4302 In
2541 4245 2645 4303 hoc
2676 4246 2796 4301 loco
2823 4245 2996 4301 Judmi
3022 4245 3222 4301 multos
3251 4246 3576 4301 interiectos
3596 4253 3651 4300 et
3672 4257 3838 4299 ruen-

2234 4348 2320 4396 tes
2353 4349 2554 4405 turres,
2586 4339 2655 4395 ad
2697 4339 2927 4395 Romani
2956 4339 3173 4409 imperii
3220 4338 3464 4414 referunt
3510 4338 3838 4405 potentiam,

2236 4433 2306 4490 de
2333 4433 2528 4504 quibus
2549 4441 2603 4489 et
2627 4432 2921 4502 Apostolus
2943 4433 3189 4503 loquitur
3213 4431 3286 4503 (ll
3315 4430 3502 4486 Thess.
3528 4430 3631 4502 vn)
3664 4428 3842 4486 ετα-

2237 4537 2348 4584 tum
2369 4527 2456 4598 qui
2478 4534 2610 4582 tenet
2636 4542 2794 4593 nunc,
2820 4523 2988 4598 ιιι
3012 4535 3201 4592 teneat,
3228 4525 3395 4580 donec
3421 4523 3488 4579 de
3521 4525 3696 4580 medio
3721 4523 3837 4592 ﬁat.

2238 4621 2392 4690 Quod
2422 4619 2631 4676 scilicet
2656 4619 2710 4674 in
2733 4619 2826 4674 illo
2855 4627 3102 4688 tempore
3133 4628 3283 4673 tanta
3325 4617 3614 4674 beatitudo
3641 4618 3711 4673 sit
3740 4630 3839 4685 po-

2243 4807 2340 4866 sed
2363 4823 2555 4862 omnes
2576 4813 2790 4862 mentes
2815 4814 2872 4860 et
2898 4805 3074 4861 colles
3100 4806 3260 4876 aquis
3288 4803 3588 4861 liuentibus
3620 4804 3844 4873 irrigan-

2244 4911 2352 4959 tur.
2377 4901 2486 4957 Nos
2516 4909 2698 4957 autem
2723 4909 2940 4964 montes
2976 4908 3033 4955 et
3075 4900 3264 4967 colles,
3309 4913 3409 4956 eos
3445 4895 3841 4968 intelligamus,

2242 4997 2333 5066 qui
2364 4996 2418 5051 in
2445 4994 2724 5053 excelsum
2750 4993 3048 5051 virtutibus
3079 4993 3276 5050 eleaati
3306 4999 3455 5057 sunt,
3483 4991 3577 5062 qui
3598 4990 3845 5046 esuriant

2242 5098 2298 5146 et
2321 5089 2512 5146 sitiunt
2531 5087 2808 5159 justitiam
2833 5086 3053 5160 (Matth.
3080 5085 3158 5156 v),
3188 5100 3327 5156 quos
3353 5085 3622 5142 Dominus
3649 5097 3844 5154 provo-

2247 5193 2334 5237 cat
2355 5181 2423 5237 ad
2453 5179 2898 5248 bibendum.Qui
2937 5180 3083 5236 enim
3127 5179 3331 5236 biberit
3370 5177 3440 5233 de
3491 5178 3652 5246 aquis
3696 5177 3840 5244 ejus,

2244 5290 2352 5331 non
2373 5275 2521 5330 sitiet
2538 5274 2592 5331 in
2619 5281 2887 5330 sternam
2923 5269 3104 5342 (Joan.
3125 5271 3226 5344 tv).
3257 5270 3413 5328 Unde
3440 5279 3500 5326 et
3538 5271 3594 5326 iu
3633 5269 3846 5342 psalmo

2242 5368 2472 5440 legimus
2497 5386 2509 5421 :
2535 5366 2834 5424 Benedicite
2860 5363 3144 5424 Dominum
3174 5366 3239 5434 de
3269 5363 3497 5436 fontibus
3517 5360 3684 5420 Israel
3703 5362 3724 5424 ί
3746 5359 3843 5414 Ps.

2244 5477 2410 5527 uvn,
2439 5459 2555 5531 27).
2581 5459 2648 5518 Et
2675 5461 2727 5516 in
2756 5459 3054 5530 Evangelia
3085 5458 3324 5525 dicitur,
3355 5456 3502 5529 quod
3525 5455 3704 5512 annis
3751 5451 3847 5523 qui

2244 5553 2448 5610 biberit
2481 5553 2554 5609 de
2582 5551 2741 5623 aquis
2771 5551 2900 5608 lesu
2927 5593 2943 5618 ,
2970 5551 3198 5609 ﬂumina
3227 5565 3387 5621 aqua:
3414 5549 3554 5605 vitae
3581 5548 3748 5605 ﬂuent
3779 5545 3849 5601 de

2244 5657 2436 5702 ventre
2454 5646 2576 5716 ejus
2603 5645 2788 5716 (ἔφη.
2821 5646 2942 5716 vn).
2967 5645 3042 5708 Et
3067 5644 3137 5702 ad
3181 5645 3358 5703 Deum
3397 5642 3631 5708 Sanctus
3665 5638 3851 5710 loqui-

2253 5853 2496 5930 frangens
2524 5854 2750 5927 quinque
2777 5853 2936 5930 Legit
2961 5870 3140 5930 panes,
3164 5861 3274 5930 etc.

2322 5936 2346 5967 ο
2386 5924 2557 6009 tam,
2587 5943 2679 6024 per
2707 5924 2889 6002 paleas
2915 5924 3096 5986 hordei
3117 5925 3398 6008 paulatim,
3427 5933 3565 6005 σωκ
