4014 6454
217 375 330 433 549

761 374 1414 432 COMMENTARIOBUM
1453 375 1794 436 Iz‘ilSAIAH
1833 375 2257 438 PBDPHETAH
2297 377 2430 435 LIB.
2471 378 2542 434 Χ.
2583 374 2739 435 CAP.
2775 377 2944 436 XXX.

3415 378 3526 438 διο

221 507 311 551 tur
337 515 349 551 :
377 496 634 567 Quoniam
660 495 800 566 apud
831 507 878 550 te
907 506 978 562 est
1005 499 1121 568 fons
1145 493 1398 568 vitte(Ps.
1425 511 1590 560 xxxv,
1615 495 1727 569 10),
1753 495 1820 553 de
1847 499 1898 560 Α
1926 497 2107 554 minus
2135 496 2330 554 cretum
2357 506 2584 563 nurum,
2603 507 2662 554 et
2686 507 2886 554 terram
2911 511 3131 564 novam,
3162 507 3217 554 et
3241 495 3529 553 transierit

216 606 331 662 quo
355 591 704 661 purissimum
729 589 932 648 ﬂumen
955 591 1254 664 egreditur,
1276 604 1441 661 super
1470 605 1578 662 quo
1601 605 1819 646 rursum

216 681 503 758 Scriptura
549 683 984 741 commemorat:
1017 681 1278 740 Fluminis
1324 686 1546 754 impetus
1591 685 1820 753 la’tiﬁcat

217 777 480 834 civitatem
513 774 610 844 Dei
637 775 758 846 (Ps.
792 793 916 845 ην,
945 777 1030 847 4).
1063 777 1129 832 Ει
1163 776 1217 834 in
1257 777 1372 831 alio
1402 775 1524 832 loco
1555 794 1567 830 :
1599 774 1820 834 Flavius

216 866 321 928 Dei
361 867 587 942 repletus
627 880 700 924 est
731 870 876 938 aquis
901 869 919 938 (
946 867 1038 928 Ps.
1069 883 1216 933 thv,
1248 865 1384 937 10);
1418 868 1506 924 ille
1544 867 1818 936 videlicet,

212 961 309 1032 qui
338 960 582 1032 loquitur
608 976 706 1032 per
731 959 1024 1016 Jeretniam
1056 978 1070 1015 :
1107 958 1196 1022 ille
1221 960 1599 1032 dereliquerunt
1629 961 1822 1032 fontem

212 1069 368 1122 aqute
395 1053 524 1108 uicae
544 1049 679 1126 (Jer.
705 1067 763 1107 ll.
790 1049 904 1112 15).
940 1051 1053 1108 lloc
1076 1064 1259 1107 autem
1291 1063 1417 1108 tunc
1443 1051 1569 1117 lict,
1591 1065 1715 1106 cum
1742 1053 1821 1108 in-

213 1144 435 1202 terfecti
459 1144 697 1213 fuerint,
733 1145 848 1201 sive
884 1146 1150 1218 perierint
1180 1145 1399 1216 plurimi
1432 1163 1445 1198 ε
1479 1145 1636 1200 Multi
1677 1146 1822 1200 enim

210 1240 412 1303 uocati,
439 1239 591 1309 pauci
621 1254 741 1293 tero
763 1239 907 1293 electi
929 1235 1105 1306 (Matt.
1131 1237 1246 1311 xx).
1281 1238 1346 1296 Et
1373 1253 1497 1294 cum
1527 1237 1823 1296 ceciderint

210 1340 428 1398 turres,
457 1331 576 1386 sive
597 1330 910 1396 daemonum
942 1340 1243 1404 poteStates
1263 1373 1277 1396 ,
1310 1329 1431 1386 sive
1453 1331 1670 1401 superbi
1702 1329 1820 1402 qui-

209 1441 326 1497 que
353 1436 410 1480 et
437 1437 756 1496 arrogantes
784 1434 837 1486 et
860 1427 1041 1499 magni
1065 1428 1118 1482 in
1151 1427 1254 1483 isto
1281 1428 1516 1494 saeculo;
1539 1428 1608 1484 de
1627 1427 1823 1498 quibus

213 1530 270 1576 et
302 1520 356 1574 in
381 1520 608 1589 psalmis
629 1520 824 1576 dicitur
857 1539 869 1575 :
915 1519 1035 1578 Vidi
1057 1521 1274 1592 impium
1300 1521 1574 1590 elcvatum,
1601 1534 1649 1577 et
1680 1521 1823 1578 exal-

216 1625 389 1670 tatum
414 1615 548 1670 sicut
564 1615 742 1672 cedros
772 1614 982 1682 Libani,
1011 1627 1060 1674 et
1082 1617 1315 1684 transivi,
1337 1627 1383 1674 et
1411 1633 1524 1672 ecce
1548 1633 1650 1671 non
1689 1627 1820 1684 erat,

213 1711 434 1780 quiesivi
460 1727 594 1778 eum,
619 1721 665 1766 et
685 1729 788 1765 non
808 1722 881 1766 est
912 1711 1144 1768 inventus
1171 1711 1316 1767 locus
1336 1714 1483 1785 ejus(
1509 1711 1602 1766 Ps.
1633 1727 1823 1779 xxx",

211 1802 311 1871 55,
347 1802 462 1874 5o).
487 1801 596 1860 Has
623 1813 798 1861 turres
827 1804 1101 1862 aediﬁcare
1135 1806 1434 1875 cupiebant
1466 1804 1672 1878 (Cenes.
1700 1807 1822 1876 xu),

1923 588 2141 646 habitus
2160 589 2343 646 mundi
2361 590 2542 660 hujus,
2558 601 2616 645 ut
2631 591 2754 645 luna
2769 600 2826 647 et
2844 590 2924 645 sol
2942 589 3148 646 laboris
3159 599 3214 647 et
3227 604 3420 646 cursus
3433 588 3518 645 sui

1924 681 2146 755 praemia
2161 691 2585 753 consequantur.
2604 682 2818 741 Etenim
2833 683 3146 753 expectatio
3157 691 3420 739 creatum
3435 697 3523 738 re—

1923 775 2250 838 velationem
2269 776 2499 831 ﬁliorum
2522 775 2616 832 Dei
2635 777 3011 844 pmstolatur:
3027 775 3152 846 quia
3168 786 3222 832 et
3235 773 3351 844 ipsa
3367 789 3522 830 erea-

1923 879 2043 926 tura
2076 869 2399 928 liberabitur
2439 885 2469 925 a
2505 867 2771 927 servitute
2798 871 3190 940 corruptionis,
3222 870 3276 924 in
3305 868 3526 924 liberta—

1925 976 2032 1022 tem
2063 967 2249 1036 gloriae
2275 965 2512 1022 ﬁliorum
2534 965 2624 1021 Dei
2647 965 2848 1038 (Rom,
2877 981 2998 1032 vm,
3032 964 3153 1036 19):
3176 966 3304 1020 licet
3330 979 3390 1018 ea
3406 963 3525 1034 quin

1924 1060 2046 1116 dam
2081 1058 2189 1132 [ΑΙ.
2220 1057 2472 1131 quidem]
2506 1072 2705 1130 organa
2744 1058 2880 1113 lucis
2909 1057 3275 1127 intelligentes
3297 1097 3312 1122 ,
3338 1057 3524 1112 insen-

1923 1157 2103 1214 sibilia
2143 1171 2266 1212 esse
2293 1155 2646 1211 contendant.
2684 1152 2837 1209 Luna
2879 1168 3011 1224 ergo
3062 1151 3200 1207 solis
3253 1151 3521 1222 hilgorem

1923 1250 2172 1316 accipiet.
2190 1248 2299 1304 Nec
2313 1249 2512 1304 mirum
2527 1247 2630 1302 hoc
2641 1245 2713 1302 de
2731 1245 3046 1302 clarissimo
3057 1243 3263 1300 sentire
3279 1244 3525 1299 elemelb

1926 1357 2006 1412 to,
2022 1344 2107 1402 cui
2134 1345 2468 1414 principatus
2491 1341 2665 1397 noctis
2682 1349 2770 1396 est
2798 1339 3024 1394 traditus
3041 1379 3058 1407 ,
3079 1353 3202 1394 cum
3219 1338 3286 1393 de
3315 1337 3519 1393 sanctis

1924 1455 2143 1512 quoque
2167 1439 2432 1508 scripturn
2446 1437 2517 1491 sit
2546 1454 2560 1490 :
2585 1433 2632 1490 F
2635 1433 2882 1509 algebunt
2888 1433 3022 1507 justi
3035 1434 3186 1504 quasi
3196 1429 3309 1503 ωε(
3326 1428 3517 1487 Matth.

1927 1553 2046 1600 xttt,
2069 1534 2186 1606 45).
2211 1535 2275 1588 Et
2304 1533 2383 1586 sol
2411 1530 2721 1602 septuplum
2751 1529 2932 1584 lumen
2962 1527 3195 1598 accipiet
3219 1541 3232 1578 :
3256 1524 3394 1580 sicut
3425 1519 3524 1580 luit

1925 1632 2017 1687 lux
2042 1640 2250 1701 septem
2284 1628 2492 1682 dierum
2522 1667 2540 1690 ,
2580 1623 2797 1696 quando
2843 1622 2917 1678 ab
2968 1621 3127 1678 initio
3169 1629 3388 1675 creatus
3440 1623 3527 1673 est

1925 1725 2162 1784 mundus
2192 1722 2551 1796 (quamquam
2601 1729 2793 1791 septem
2841 1717 2981 1779 dies,
3016 1712 3370 1784 Septuaginta
3412 1723 3523 1768 non

1929 1813 2334 1887 transtulerint)
2380 1811 2596 1885 quando
2651 1809 2915 1866 Dominus
2965 1807 3276 1879 alligaverit
3327 1804 3525 1859 vulnus

213 1896 312 1966 qui
344 1906 634 1951 iiioverunt
658 1897 826 1967 pedes
849 1913 977 1956 suos
1003 1897 1072 1953 de
1093 1897 1338 1967 Oriente,
1363 1915 1593 1967 quorum
1623 1900 1822 1969 linguae
1854 1917 1898 1977 Β
1930 1913 2112 1985 populi
2180 1912 2264 1965 sui
2292 1953 2309 1978 ,
2385 1909 2502 1964 sive
2561 1903 2835 1960 sanaverit
2898 1902 3286 1958 contritiouem
3342 1896 3525 1967 p0puli

215 1989 272 2044 in
305 1987 585 2062 Babylone
615 1990 857 2048 confusa:
879 1999 1024 2059 sunt,
1056 2003 1112 2048 et
1138 1992 1247 2060 illi,
1275 2007 1441 2065 Super
1462 2010 1600 2068 quos
1621 1994 1822 2050 cecidit
1923 2007 2005 2062 sui
2038 2023 2053 2060 :
2081 2004 2299 2076 quando
2336 2001 2649 2072 implebitur
2681 1997 2846 2072 516
2890 1993 3022 2051 illud
3062 1994 3207 2065 Quod
3258 1989 3524 2060 scriptum

215 2081 391 2137 turris
420 2082 585 2140 Siloa:
609 2081 764 2153 (Luc.
794 2085 934 2157 xm).

291 2176 478 2246 (Vers.
509 2179 626 2249 26.)
653 2177 720 2233 Et
743 2181 836 2234 erit
858 2178 953 2234 lux
975 2178 1134 2247 laute,
1172 2181 1302 2236 sicut
1336 2179 1430 2235 lux
1456 2181 1616 2250 solis,
1663 2189 1709 2235 et
1739 2179 1820 2234 lu-

216 2287 342 2326 men
377 2272 505 2328 solis
534 2273 631 2326 erit
673 2275 970 2346 septuplum
997 2275 1130 2330 sicut
1157 2276 1250 2330 lux
1278 2287 1472 2346 septem
1500 2275 1723 2343 dierum,
1768 2275 1823 2330 in

219 2367 309 2420 die
329 2382 432 2436 qua
462 2368 749 2441 alligaverit
773 2367 1031 2426 Dominus
1054 2368 1240 2424 vulnus
1273 2368 1454 2438 populi
1489 2371 1602 2438 sui,
1633 2381 1679 2424 et
1710 2385 1824 2439 per-

1923 2110 2007 2156 est
2036 2117 2049 2152 :
2087 2097 2278 2172 Fugiet
2297 2096 2448 2150 dolor
2470 2135 2486 2161 ,
2515 2104 2561 2147 et
2583 2107 2800 2155 mceror,
2837 2098 2884 2143 et
2909 2088 3130 2161 gemitus
3153 2093 3171 2155 (
3192 2082 3305 2138 Isa.
3339 2088 3486 2138 xxxv
3505 2122 3522 2148 ,

1927 2195 2016 2262 t0)
2046 2209 2061 2249 :
2087 2191 2312 2263 quando
2361 2190 2698 2246 subintrame
2743 2182 3082 2254 plenitudine
3119 2179 3390 2250 gentium,
3417 2175 3527 2231 sald

1924 2302 2023 2342 vus
2052 2286 2143 2341 ﬁet
2170 2284 2347 2339 omnis
2383 2282 2546 2337 Israel
2571 2295 2586 2346 ;
2631 2287 2726 2334 aut
2755 2287 2908 2334 certe
2935 2274 3150 2344 quando
3171 2271 3306 2326 ultio
3332 2275 3525 2326 eiirutlt‘

1928 2379 2154 2442 venerit,
2185 2392 2416 2447 quorum
2455 2373 2557 2430 sub
2595 2371 2756 2428 altari
2781 2370 3020 2425 rlamaut
3056 2368 3250 2422 animae
3282 2383 3295 2418 :
3329 2361 3530 2426 Usque.

219 2474 493 2529 cusauram
527 2459 700 2535 plaga:
727 2463 841 2532 ejus
866 2463 1142 2522 sanaverit.
1167 2461 1309 2518 LXX
1346 2480 1361 2517 :
1398 2461 1462 2520 Et
1508 2464 1605 2518 erit
1646 2461 1824 2518 lumen

1931 2490 2026 2544 quo
2053 2488 2159 2526 non
2181 2469 2449 2525 ulcisceris
2473 2465 2775 2539 sanguinem
2799 2471 3034 2516 nostrum
3059 2460 3124 2515 de
3154 2459 3234 2512 liis
3259 2457 3349 2529 qui
3377 2454 3528 2509 habi-

218 2557 387 2624 lunae,
412 2560 546 2613 sicut
577 2556 752 2614 lumen
779 2557 927 2627 solis,
955 2571 1001 2614 et
1031 2559 1204 2614 lumen
1239 2558 1365 2614 solis
1399 2559 1729 2632 septuplum,
1769 2559 1823 2614 in

219 2651 308 2706 die
353 2653 562 2723 quando
609 2654 870 2709 sanaverit
913 2653 1169 2710 Dominus
1223 2656 1594 2710 contritionem
1646 2654 1828 2726 populi

215 2746 332 2810 sui,
360 2756 406 2800 et
432 2746 666 2804 dolorem
705 2747 876 2821 plaga:
909 2761 1011 2804 iure
1049 2752 1324 2806 curauerit.
1359 2751 1522 2806 Miror
1551 2750 1826 2820 quomodo

221 2838 279 2893 in
316 2843 573 2909 presenti
616 2843 738 2897 loco
781 2842 944 2900 verba
978 2843 1243 2900 llebraica
1283 2858 1488 2900 LABANA
1517 2827 1744 2915 (51:15),
1777 2853 1826 2899 ct

225 2947 419 2990 nauata
442 2935 638 3007 (man);
685 2951 807 3006 quin
838 2937 1038 3006 Aquila
1061 2938 1454 3008 interpretatur
1474 2937 1648 2994 albam
1671 2947 1716 2992 et
1740 2954 1828 2992 ca.-

221 3023 423 3090 lurem,
462 3044 556 3096 per
598 3043 719 3100 quae
763 3029 1280 3100 lunam'solemque
1329 3029 1602 3102 signiﬁcat
1662 3041 1826 3100 supra

225 3119 376 3173 idem
409 3117 552 3180 LXX
579 3120 793 3177 laterem
815 3131 872 3176 et
889 3139 1092 3180 murum
1117 3124 1518 3187 transtulerint,
1546 3125 1600 3180 in
1621 3138 1686 3178 eo
1708 3124 1828 3180 loco

223 3209 318 3264 ubi
354 3211 615 3281 scriptum
645 3223 728 3270 est
760 3231 772 3266 :
807 3214 873 3268 Et
905 3215 1159 3270 erubescet
1189 3216 1336 3284 luna,
1360 3226 1404 3270 et
1427 3214 1506 3272 sol
1535 3216 1824 3289 confunde-

1927 2576 2037 2620 tant
2063 2567 2118 2619 in
2143 2576 2280 2618 terra
2311 2563 2495 2632 (Apoc.
2529 2574 2605 2626 vr,
2643 2555 2768 2628 l9)?
2818 2555 2884 2611 Et
2925 2559 3028 2610 hoc
3061 2545 3526 2619 consideraun

1929 2675 2037 2712 non
2065 2657 2287 2724 dixerit,
2331 2654 2549 2726 quando
2598 2651 2871 2707 sanaverit
2899 2648 3285 2704 contritionem
3334 2641 3528 2714 pepuli

1927 2754 2011 2810 sui
2044 2751 2238 2819 Israel,
2273 2751 2384 2806 sive
2415 2749 2620 2813 Jacob;
2651 2746 2748 2803 sed
2791 2744 3073 2810 absolute,
3109 2739 3288 2812 populi
3316 2741 3434 2804 sui,
3465 2746 3526 2792 ut

1927 2860 2118 2902 omnes
2139 2844 2254 2900 Deo
2271 2842 2538 2914 signiticet
2564 2841 2884 2897 servientes.
2903 2836 3132 2907 Quidam
3157 2836 3336 2890 locum
3361 2834 3525 2887 istum

1928 2952 1982 2996 et
2013 2940 2195 2995 omnia
2225 2954 2346 3008 quae
2384 2939 2436 2992 in
2467 2936 2570 2990 hoc
2602 2933 3088 3004 repromissionum
3119 2927 3365 2999 capitulo
3393 2939 3529 2980 con-

1930 3035 2195 3100 tinentur,
2231 3032 2298 3088 ad
2328 3032 2604 3087 cmlestem
2634 3026 2879 3082 referunt
2907 3021 3232 3086 Jerusalem,
3257 3029 3312 3074 et
3346 3018 3412 3072 ad
3443 3030 3532 3072 re-

1933 3128 2237 3184 versionem
2267 3125 2450 3196 populi
2479 3126 2622 3192 ejus,
2645 3121 2864 3193 quando
2889 3119 3205 3188 implebitur
3227 3114 3358 3170 illud
3383 3111 3528 3185 quod

1930 3223 2192 3293 scriptum
2228 3229 2314 3278 est
2343 3240 2353 3273 :
2385 3217 2581 3276 Caelum
2605 3229 2653 3272 et
2686 3224 2825 3272 terra
2869 3212 3252 3286 pertransibunt
3285 3208 3517 3285 (Matth.

226 3312 335 3359 tur.
371 3302 476 3359 Pro
503 3319 617 3376 quo
649 3305 722 3361 illi
757 3306 1099 3378 interpretati
1128 3319 1286 3376 stmt,
1315 3310 1581 3378 lique/ient
1603 3309 1821 3378 lateres,

1933 3333 2080 3382 χλιιι,
2113 3315 2226 3388 55).
2259 3314 2364 3370 Alii
2395 3313 2462 3369 ad
2509 3312 2646 3367 Elia:
2707 3322 2976 3380 tempora,
3019 3315 3077 3362 et
3117 3309 3291 3377 ipsum
3342 3303 3534 3357 dicunt

225 3407 276 3451 et
323 3408 438 3451 ruet
483 3416 681 3465 murus,
711 3409 766 3456 et
792 3416 938 3456 nunc
967 3401 1107 3457 idem
1137 3413 1428 3472 sequentes
1476 3403 1823 3470 llebraicum,

223 3489 394 3566 διε
423 3492 601 3548 lunam
621 3494 881 3566 solemque
911 3497 1317 3554 transtulerint.
1353 3496 1508 3554 Unde
1548 3498 1683 3554 milii
1728 3497 1824 3556 da-

227 3595 320 3641 tur
374 3588 613 3657 suspicio
647 3629 662 3652 ,
721 3604 827 3644 non
878 3605 976 3645 eos
1024 3605 1239 3646 errasse
1289 3606 1320 3644 a
1375 3593 1682 3660 principio,
1728 3590 1827 3648 sed

227 3682 492 3752 paulatim
530 3683 863 3753 scriptorum
905 3684 1034 3741 vitio
1071 3685 1417 3756 depravatos.
1461 3687 1643 3756 Neque
1681 3689 1824 3744 enim

228 3771 349 3828 ﬁeri
413 3783 615 3844 potest,
656 3785 714 3830 ut
777 3777 869 3846 qtti
931 3777 986 3840 in
1073 3779 1176 3833 hoc
1225 3779 1344 3834 loco
1407 3779 1598 3836 eadem
1665 3780 1826 3835 verba

225 3867 376 3923 bene
441 3869 785 3938 interpretati
845 3880 1005 3939 sunt,
1065 3870 1119 3928 in
1177 3873 1554 3944 superioribus
1614 3891 1834 3932 errave-

228 3959 364 4014 rint.
415 3959 473 4016 ln
539 3960 629 4016 die
685 3977 818 4032 ergo
875 3963 1273 4022 interfectionis
1331 3967 1657 4030 multorum,
1707 3984 1830 4024 cum

229 4059 558 4122 arrogantes
581 4053 920 4124 superbique
943 4057 1286 4121 corrueriut,
1321 4067 1376 4113 et
1407 4060 1498 4128 qui
1533 4066 1834 4128 posuerunt

229 4144 287 4199 in
318 4144 519 4200 calum
547 4159 610 4204 os
637 4162 831 4216 suum,
855 4149 1149 4204 didicerint
1179 4167 1304 4206 esse
1348 4167 1408 4208 se
1455 4163 1694 4220 terram,
1724 4155 1834 4212 erit

228 4238 418 4295 lumen
441 4241 607 4308 lunae,
640 4241 786 4298 sicut
817 4242 996 4298 lumen
1021 4245 1156 4302 solis
1186 4261 1202 4300 ε
1234 4245 1454 4316 quando
1482 4247 1693 4303 dederit
1723 4248 1833 4304 Do-

1244 4439 1722 4550 LIBER
1791 4353 2010 4558 ne
2026 4443 2308 4564 01M
2325 4439 2544 4560 U’S.

1929 3428 2078 3477 esse,
2101 3413 2170 3467 de
2199 3428 2307 3482 quo
2333 3424 2495 3479 supra
2519 3407 2780 3478 scriptum
2806 3415 2892 3460 est
2925 3421 2938 3456 :
2971 3399 3140 3456 Erunt
3175 3399 3312 3453 oculi
3350 3397 3424 3450 tui
3452 3397 3500 3451 vi
3512 3427 3530 3440 ο

1931 3509 2108 3562 dentes
2130 3514 2497 3579 prtzccptorem
2520 3515 2664 3557 tuum
2685 3514 2733 3555 et
2759 3511 2910 3555 aures
2946 3508 3048 3552 tuae
3081 3496 3295 3550 audient
3323 3497 3533 3547 uerbum

1931 3611 2044 3672 post
2077 3611 2276 3673 tergum
2303 3596 2557 3652 monentis
2581 3611 2600 3651 :
2623 3603 2753 3650 tunc
2785 3591 2852 3648 de
2876 3591 3150 3647 mentibus
3179 3599 3234 3642 ct
3256 3586 3528 3653 collibus,

1929 3694 2083 3761 juxta
2111 3690 2322 3746 tabidas
2346 3699 2649 3759 poetarum,
2678 3694 2734 3742 et
2761 3682 2984 3740 Saturni
3013 3695 3241 3738 aureum
3270 3679 3531 3735 saeculum

1936 3784 2092 3840 Iactis
2121 3785 2268 3838 rivos
2289 3781 2554 3844 lluere,et
2581 3779 2649 3834 de
2678 3779 2937 3833 arborum
2970 3773 3113 3834 loliis
3140 3773 3346 3828 stlllare
3373 3771 3534 3826 mella

1937 3877 2249 3948 purissima.
2285 3876 2419 3942 Qua:
2448 3874 2536 3945 qui
2570 3873 2860 3942 recipiunt,
2910 3871 3058 3926 tuille
3100 3880 3318 3938 quoque
3361 3879 3538 3919 anno-

1935 3988 2054 4026 rum
2087 3969 2350 4036 l'abulam,
2379 3978 2435 4024 et
2458 3978 2734 4022 terrenum
2775 3964 3075 4020 Salvatoris
3122 3960 3412 4032 imperium
3439 3957 3537 4014 Ju-

1933 4065 2093 4123 daico
2109 4067 2300 4121 errore
2331 4064 2653 4134 suscipient,
2687 4075 2799 4117 non
2852 4059 3218 4131 intelligentes
3267 4057 3536 4127 Apocaly-

1935 4161 2074 4232 psim
2104 4159 2330 4216 Joannis
2358 4159 2414 4214 in
2443 4158 2732 4229 superﬁcie
2769 4156 2985 4222 litterre,
3019 4153 3314 4211 medullula
3340 4150 3538 4207 Eccle-

1934 4252 2030 4306 sia:
2059 4263 2403 4307 sacramenta
2435 4261 2750 4307 contexere.

3322 4359 3484 4379 ψ

1699 4649 1705 4658 1

302 4669 666 4782 ριεοιια
704 4703 954 4766 Decimus
977 4705 1165 4778 Liber,
1195 4721 1354 4778 quem
1388 4721 1533 4776 nunc
1571 4706 1832 4768 habemus
1861 4718 1912 4780 ι)
1939 4718 2216 4781 gestorum
2261 4709 2682 4770 mutineutiam.
2725 4706 2916 4776 Itaque
2965 4714 3024 4762 ut
3077 4704 3328 4769 voluisti,
3385 4703 3542 4775 virgo

231 4799 287 4853 in
320 4799 598 4866 manilius,
637 4813 782 4855 nono
826 4809 883 4855 et
931 4799 1218 4858 undecimo
1259 4801 1438 4866 minor
1461 4799 1567 4856 erit
1606 4815 1834 4856 numero

231 4905 495 4950 versuum
517 4934 532 4959 ,
567 4908 672 4948 non
695 4907 954 4948 sensuum
987 4893 1386 4966 magnitudine.
1425 4893 1684 4964 Sequitur
1714 4891 1835 4966 [ΑΙ.

225 4984 528 5060 Sequetur]
558 4987 704 5042 enim
752 5001 877 5045 eum
926 4987 1303 5048 Sennacberib
1355 4998 1518 5060 atque
1557 4986 1839 5056 Rabsacis,

228 5092 289 5138 et
311 5080 568 5138 Ezechiae
597 5081 746 5153 regis
771 5081 1026 5150 historia,
1060 5099 1184 5152 quae
1214 5097 1315 5138 nec
1339 5081 1491 5154 jungi
1537 5097 1664 5137 cum
1699 5097 1842 5153 prte-

229 5173 562 5230 cetlentibus
594 5176 822 5244 poterit,
856 5185 1080 5246 propter
1102 5190 1382 5238 enormem
1406 5174 1700 5232 voluminis
1723 5192 1838 5231 ma-

227 5268 579 5340 gnitudinem
609 5266 733 5341 [Αι.
764 5268 1158 5342 longitudinem
1179 5268 1197 5342 ]
1217 5311 1232 5336 ,
1263 5284 1367 5324 nec
1401 5269 1572 5326 dividi
1616 5279 1839 5341 prapter

307 5415 335 5444 ι
381 5403 552 5478 Super
575 5405 982 5477 responsionem,
1017 5415 1125 5461 ctc.
1160 5404 1385 5474 Aliquot
1433 5418 1566 5459 mss.
1615 5405 1833 5460 codices

231 5479 427 5549 legunt
449 5493 607 5546 super
631 5479 950 5550 sponsione;
989 5478 1130 5548 quod
1176 5479 1434 5531 Erasmus
1462 5487 1515 5530 et
1557 5478 1834 5532 Marianus

230 5552 414 5608 secuti
468 5559 615 5618 sunt,
641 5549 750 5618 non
802 5549 1170 5619 intelligentes
1205 5549 1408 5618 nullam
1436 5563 1560 5610 esse
1597 5552 1835 5619 sponsio-

231 5637 351 5675 nem
386 5620 701 5693 Hiemnytni
734 5620 1000 5678 adversus
1046 5637 1206 5693 quam
1251 5621 1566 5674 mussitat-et
1604 5620 1833 5693 Rutilius

232 5709 458 5761 scorpio
487 5690 632 5762 saap'e
654 5705 1039 5766 comparatus;
1065 5690 1165 5766 sed
1190 5695 1603 5766 responsionem
1637 5690 1835 5746 bra-fa;

234 5769 404 5840 tinnis
446 5761 834 5836 (lotuntentarti
884 5767 938 5826 in
966 5761 1314 5840 Danieletp’,
1366 5778 1473 5835 qua
1503 5779 1625 5818 sese
1657 5775 1845 5838 tuetur

239 5839 624 5919 llieronynius
637 5841 832 5919 dicens
865 5859 892 5919 ιΔ
933 5839 996 5896 Et
1019 5839 1180 5919 miror
1204 5841 1850 5919 quosdampspptpoipoo:

243 5910 519 5990 indignari
555 5914 683 5968 mihi
700 5955 714 5981 ,
740 5914 892 5985 quasi
927 5929 1022 5990 ego
1049 5913 1425 5969 decurtaverim
1457 5910 1672 5980 librum,
1695 5910 1852 5984 q'uum

1943 4801 2150 4858 Christi
2181 4801 2556 4870 Eustochium,
2587 4809 2643 4856 et
2669 4809 2726 4854 ut
2747 4799 2798 4855 in
2828 4813 3118 4854 commune
3147 4799 3374 4869 placuit,
3400 4796 3545 4853 sicut

1941 4907 1998 4953 et
2026 4898 2342 4967 superiores
2370 4905 2498 4952 ante
2529 4892 2768 4961 dictavi,
2798 4903 2856 4948 et
2895 4894 3041 4947 hunc
3085 4900 3141 4946 et
3190 4891 3465 4961 reliquos,
3496 4889 3544 4947 si

1938 4987 2194 5048 Christus
2222 4987 2503 5055 annuerit,
2525 4987 2742 5044 dictabo
2764 4986 2937 5043 libros
2960 5003 2974 5040 :
3001 4995 3061 5041 ut
3093 4986 3414 5056 prophetiae
3437 4985 3542 5041 sibi

1939 5080 2218 5153 copulem,
2254 5097 2356 5137 nec
2381 5097 2478 5138 eas
2506 5082 2650 5136 inter
2671 5095 2731 5136 se
2758 5079 2994 5136 lacerent
3020 5089 3185 5148 atque
3213 5078 3546 5150 discerpant,

1938 5176 1992 5231 in
2017 5176 2246 5238 alterius
2272 5175 2458 5239 ﬁnem.
2485 5185 2541 5230 et
2562 5173 2792 5230 alterius
2817 5172 3170 5244 principium.
3200 5171 3377 5227 Audio
3404 5187 3546 5243 prm-

1941 5281 2088 5326 terea
2102 5270 2400 5340 scorpium,
2419 5276 2628 5326 mutum
2654 5267 2855 5323 animal
2883 5277 2940 5322 ct
2962 5277 3314 5332 venenatum,
3330 5279 3495 5336 super
3513 5272 3539 5303 ι

1942 5416 1990 5459 et
2017 5405 2288 5478 Origenes,
2307 5413 2355 5458 et
2375 5405 2735 5478 Eusebiustet
2763 5405 3105 5474 Apollinaris,
3140 5404 3346 5478 aliique
3365 5400 3543 5478 Eccle-

1941 5474 2140 5532 διαειιίτῖ
2162 5479 2256 5532 viri
2281 5487 2329 5531 et
2364 5476 2614 5532 Doctores
2641 5476 2879 5540 Crescite.
2903 5478 3020 5540 has,
3058 5485 3111 5530 ut
3143 5477 3272 5539 dixi,
3306 5474 3543 5530 Visiones

1944 5567 2045 5604 non
2087 5549 2266 5603 haberi
2306 5549 2450 5616 apud
2489 5549 2739 5612 Hebrazos
2784 5552 3085 5616 fateantur,
3133 5564 3223 5602 nec
3261 5563 3314 5601 se
3355 5545 3542 5602 debere

1942 5622 2257 5696 respondere
2293 5620 2588 5696 Porphyrio
2630 5638 2725 5696 pro
2762 5620 2845 5678 Itis
2874 5637 2992 5696 qua:
3011 5619 3211 5683 nullam
3248 5619 3542 5696 Scripturte

1943 5694 2156 5758 Sancta:
2194 5690 2553 5750 auctoritatem
2581 5690 2863 5763 pra’beant.
2889 5690 3032 5748 'lla‘c
3070 5706 3187 5749 erat
3229 5690 3538 5758 respoiisio,

1948 5782 2056 5843 non
2081 5769 2305 5843 sponsio
2326 5783 2488 5842 quam
2518 5766 2750 5836 lluliutts
2777 5781 3008 5843 carpere
3029 5777 3084 5824 et
3104 5767 3176 5843 ad
3191 5767 3542 5843 _calumniam

1951 5835 2170 5910 trahere
2201 5835 2498 5914 nitebatur.
2548 5835 2551 5836 ⁷
2878 5835 2895 5843 ’
3159 5839 3431 5898 Ilaartaa.
