4014 6528
431 392 534 451 381

1694 387 1755 445 S.
1799 385 2080 445 EUSEBII
2116 386 2501 446 HIERONYMI

3632 386 3739 449 35!

428 509 793 581 responsione
837 507 1115 581 quondam
1160 504 1611 564 Commentarioli
1660 506 1769 562 mei
1822 508 1876 563 in
1935 507 2038 561 Da—
2064 506 2118 569 Α
2143 507 2506 575 nuntiantur,
2556 508 2699 579 quod
2749 509 3015 566 Dominus
3076 510 3300 583 impleat
3353 508 3737 580 cogitationem

432 607 633 663 nielem
667 606 1028 678 prophetam,
1079 603 1267 661 nescio
1311 603 1441 674 quid
1485 605 1810 669 mussitare,
1869 604 2037 658 immo

431 700 602 757 ferire
626 702 816 755 couari
849 703 1032 754 iu-suo
1058 708 1083 737 ι
1114 713 1246 767 pure
1270 710 1614 753 lttOt‘llttl‘ltm.
1644 698 1815 768 Cujus
1843 698 2038 754 naenite

434 805 491 852 et
524 795 786 863 lugubres
807 793 1100 849 cautlenat
1125 793 1355 847 necdum
1383 792 1517 847 mibi
1552 790 1780 860 proditsu
1809 802 1956 858 sunt,
1985 803 2041 847 et

435 886 645 943 idcirco
665 886 835 941 dilata
867 884 1155 954 responsio
1183 901 1197 937 :
1222 886 1498 955 magisque
1534 884 1902 939 obediendum
1944 883 2038 938 tibi

432 990 553 1047 εει,
600 989 656 1034 et
697 986 890 1033 sancto
936 989 1104 1049 atque
1153 976 1526 1032 eruditissimo
1566 978 1685 1030 viro
1741 977 1890 1031 fratri
1950 986 2042 1032 tuo

438 1072 815 1137 Pammachio,
848 1073 938 1142 qui
971 1070 1265 1126 insatiabili
1309 1071 1493 1125 studio
1546 1087 1634 1125 me
1683 1086 1780 1141 per
1832 1070 2044 1125 litteras

437 1168 613 1237 cogit,
638 1166 860 1236 expleto
887 1165 1023 1221 Isaia
1043 1206 1060 1227 ,
1089 1165 1329 1219 transire
1359 1164 1424 1218 ad
1465 1164 1715 1219 Ezechiel
1741 1205 1756 1227 ,
1781 1179 1906 1219 cum
1940 1178 2044 1234 ego

436 1271 496 1317 et
513 1263 691 1316 aetatis
712 1271 769 1316 et
794 1275 1048 1331 corporis
1077 1260 1455 1315 imbecillitate
1477 1259 1786 1325 confectus,
1804 1262 2044 1315 notario.

440 1368 675 1423 rumque
700 1355 952 1422 penuria,
986 1353 1076 1421 qui
1107 1367 1194 1407 me
1217 1360 1443 1420 possent
1464 1352 1580 1406 suis
1603 1352 1925 1405 ministeriis
1950 1350 2048 1406 ad-

433 1442 652 1514 juvat},
684 1445 737 1497 in
761 1442 959 1499 eodem
987 1442 1168 1515 adhuc
1193 1442 1307 1497 luto
1337 1441 1605 1507 haesitem,
1630 1450 1687 1498 et
1716 1442 1803 1497 vix
1835 1453 2044 1512 partem

442 1533 596 1591 lsai:e
628 1535 865 1591 mediam
908 1534 965 1591 in
1002 1536 1104 1591 hoc
1150 1535 1427 1590 volumine
1470 1537 1750 1591 linitnrum
1790 1552 1914 1593 esse
1959 1552 2047 1594 me

444 1631 688 1686 credam.
729 1633 886 1701 Quod
928 1636 997 1699 si,
1045 1631 1072 1671 ιι
1112 1642 1170 1687 te
1218 1643 1435 1699 orante,
1482 1633 1858 1704 complevero,
1909 1634 2051 1689 arri-

449 1722 642 1792 pienda
661 1735 823 1779 erunt
842 1736 896 1779 et
919 1724 1151 1795 reliqua,
1170 1742 1290 1795 qua:
1310 1741 1341 1780 a
1360 1726 1778 1797 quartodecimo
1802 1727 2049 1784 Ezechiae

446 1815 595 1887 regis
623 1831 771 1872 anno
803 1816 1081 1874 habebunt
1118 1816 1301 1873 initio.

517 1993 681 2068 417
700 1993 882 2067 (Vers.
908 1996 978 2051 27
1008 1996 1189 2069 srqq.)
1210 1995 1343 2065 Ecce
1373 2014 1561 2053 nomen
1594 1997 1805 2053 Domini
1832 1999 1969 2053 venit
1989 1998 2056 2055 de

442 2086 627 2156 longe:
645 2088 838 2143 ardens
856 2091 1005 2159 [uror
1029 2090 1143 2160 ejus
1156 2102 1205 2143 et
1230 2092 1403 2160 gravis
1432 2092 1503 2145 ad
1528 2092 1865 2163 portandum.
1891 2091 2056 2149 Labia

446 2181 564 2253 ejus
610 2182 815 2249 repleta
844 2192 965 2239 sunt
1000 2186 1378 2255 indignatione,
1411 2196 1459 2240 et
1515 2185 1698 2256 lingua
1737 2190 1851 2257 ejus
1904 2190 2057 2261 quasi

447 2273 588 2347 ignis
620 2274 896 2330 devorans.
930 2276 1164 2347 Spiritus
1209 2282 1321 2353 ejus
1369 2280 1505 2335 velut
1549 2290 1751 2336 torrens
1791 2284 2056 2337 inundans

447 2386 612 2444 usque
634 2372 703 2427 ad
730 2373 956 2427 medium
984 2374 1137 2439 colli,
1156 2376 1229 2429 ad
1254 2379 1546 2448 perdendus
1567 2389 1742 2449 gentes
1766 2395 1859 2445 pro
1879 2378 2052 2446 nihili,

452 2473 505 2520 et
530 2469 734 2535 frenum
762 2476 783 2504 π
820 2467 1013 2523 erroris
1037 2467 1177 2539 quod
1225 2480 1334 2523 erat
1370 2471 1425 2525 in
1458 2472 1690 2525 maxillis
1718 2474 2052 2544 populorum.

450 2555 722 2613 Canticum
759 2558 859 2613 erit
891 2560 1055 2625 vobis,
1099 2561 1231 2616 sicut
1260 2579 1363 2617 no.1:
1390 2565 1728 2635 sanctiﬁcata:
1758 2566 2061 2620 solemnita-

448 2649 539 2713 tis,
567 2658 617 2704 et
641 2651 822 2705 laetitia
847 2653 1044 2718 cordis,
1078 2654 1216 2709 sicut
1229 2655 1319 2725 qni
1350 2657 1517 2729 pergit
1562 2673 1677 2711 cum
1696 2659 1850 2723 tibia,
1896 2668 1952 2712 ut
1977 2659 2060 2712 in-

449 2747 547 2797 tret
566 2743 619 2798 in
651 2755 873 2799 montem
909 2744 1123 2799 Domini
1162 2746 1234 2801 ad
1265 2752 1452 2817 [artem
1482 2748 1673 2805 Israel.
1702 2749 1847 2806 LXX
1878 2770 1895 2807 :
1922 2751 2060 2808 Ecce

452 2853 637 2893 nomen
666 2838 876 2895 Domini
907 2845 1043 2898 venit
1072 2855 1188 2915 post
1211 2854 1415 2916 tempus
1444 2847 1661 2904 multum
1683 2865 1703 2904 :
1743 2851 1937 2905 ardens
1976 2855 2061 2921 [n-

450 2945 541 2984 τον
571 2947 686 2985 cum
713 2933 903 3006 gloria,
930 2934 1195 3008 eloquium
1221 2939 1480 2994 labiorum
1510 2946 1643 3011 ejus,
1676 2946 1942 3016 eloquium
1966 2946 2062 3000 irae

454 3022 690 3091 plenum,
718 3036 767 3080 et
788 3028 867 3081 ira
897 3029 1093 3098 luroris
1126 3032 1259 3085 sicut
1290 3033 1424 3104 ignis
1459 3035 1743 3102 devoravit,
1774 3048 1825 3092 et
1847 3039 2061 3104 spiritus

459 3116 574 3187 ejus
601 3118 733 3171 sicut
776 3136 913 3191 aqua
944 3122 998 3175 in
1028 3124 1187 3190 valle,
1230 3124 1442 3181 trahens
1462 3131 1627 3183 veniet
1656 3147 1820 3202 usqu
1860 3134 1929 3185 ad
1953 3135 2063 3188 col-

457 3208 602 3275 lum,
652 3223 700 3265 et
737 3213 991 3273 dividetur
1041 3226 1116 3287 ut,
1148 3221 1416 3275 conturbet
1462 3234 1637 3294 gentes
1685 3242 1839 3297 super
1890 3244 2064 3282 errore

2138 617 2316 669 stum,
2347 612 2403 657 et
2433 602 2499 657 ad
2533 603 2837 673 puniendos
2889 604 3052 674 longo
3094 614 3208 671 post
3261 613 3509 670 tempore
3562 609 3741 659 veniat

2140 703 2478 767 peccatores.
2508 696 2643 753 etin
2669 709 2895 751 cunctos
2927 697 3255 753 sententiam
3290 700 3551 767 proterat.
3584 695 3742 764 spiri-

2141 796 2308 857 tuque
2332 791 2450 844 oris
2478 791 2561 846 sui
2590 791 2887 846 interficiat
2915 792 3162 860 impium,
3202 807 3362 861 quem
3397 792 3615 846 frenum
3645 807 3741 861 ap-

2142 881 2304 951 pellat
2333 881 2502 938 l'uissc
2530 887 2851 951 populorum
2882 902 2895 939 :
2928 901 3036 938 non
3066 899 3175 954 quo
3196 885 3477 953 subjectos
3495 893 3732 953 regeret,

2140 975 2235 1030 sed
2267 991 2376 1045 quo
2422 975 2677 1032 subditos
2717 977 2819 1032 sibi
2873 978 3114 1033 traheret
3166 978 3233 1031 ad
3290 980 3530 1034 ruinam.
3588 976 3746 1032 Ponit

2142 1084 2356 1140 quoque
2385 1071 2799 1128 similitudinem
2832 1073 3092 1128 torrentis
3119 1088 3291 1143 usque
3319 1071 3386 1125 ad
3424 1070 3637 1126 collum
3666 1071 3746 1123 in-

2145 1163 2424 1229 undantis,
2455 1173 2514 1219 ut
2552 1167 2713 1220 linem
2754 1167 2997 1221 omnium
3031 1166 3247 1220 venisse
3299 1173 3551 1220 tesletur.
3599 1163 3749 1219 Sicut

2143 1255 2288 1312 enim
2317 1271 2531 1313 torrens
2559 1259 2787 1315 sull‘ocat
2819 1274 2966 1320 eum,
3000 1259 3066 1312 ad
3107 1258 3262 1326 cujus
3308 1258 3511 1312 collum
3570 1270 3745 1325 usque

2147 1350 2459 1419 pervenerit
2490 1366 2504 1403 :
2546 1352 2625 1405 sic
2649 1349 2915 1420 judicium
2970 1351 3061 1405 Dei
3109 1349 3383 1405 neminem
3418 1350 3748 1417 impunitum

2148 1443 2300 1496 abire
2328 1442 2581 1513 patietur.
2612 1440 2747 1499 Cum
2779 1454 2962 1498 autem
2989 1442 3231 1507 frenum,
3254 1442 3398 1513 quod
3430 1444 3484 1495 in
3514 1441 3752 1496 maxillis

2149 1546 2266 1592 erat
2295 1537 2536 1591 omnium
2567 1538 2830 1605 gentium,
2860 1552 2984 1590 cum
3010 1535 3241 1591 subditis
3267 1535 3316 1590 ci
3346 1535 3605 1606 gentibus
3638 1549 3756 1599 per-

2149 1630 2373 1696 didorit,
2406 1640 2462 1685 et
2491 1630 2558 1685 ad
2591 1630 2745 1685 nihili
2788 1630 3079 1686 deduxerit
3114 1647 3128 1684 :
3180 1642 3312 1685 tunc
3345 1629 3522 1693 vobis,
3558 1627 3755 1698 inquit,

2150 1725 2374 1786 Sanctis,
2398 1725 2489 1793 qui
2515 1724 2648 1778 meis
2670 1723 3006 1795 jussionibtts
3029 1723 3289 1790 obeditis,
3312 1721 3419 1778 erit
3446 1724 3751 1786 canticum,

2154 1820 2295 1875 sicut
2320 1816 2349 1855 τι
2378 1834 2481 1873 ποι
2506 1818 2857 1873 sanctificata:
2881 1816 3269 1882 solemnitatis,
3305 1814 3525 1884 quando
3550 1812 3758 1881 egre-si

2080 1912 2129 1972 B
2154 1913 2286 1967 estis
2316 1911 2385 1966 de
2413 1910 2669 1983 Egypto,
2705 1920 2761 1966 et
2803 1912 2855 1965 in
2902 1911 3250 1965 solemnitate
3298 1909 3523 1964 Pascha:
3566 1907 3757 1978 jugum

2155 2007 2434 2062 servitutis
2466 2006 2746 2078 Egyptian
2767 2005 3104 2077 prcit-cistis,
3128 2006 3375 2060 dicentes
3408 2005 3460 2057 in
3495 2003 3635 2056 mari
3659 1999 3767 2055 Ru-

2158 2098 2257 2155 bro
2297 2099 2579 2155 Pharaone
2625 2100 2962 2153 submerso:
3015 2097 3297 2151 Cantemus
3354 2094 3605 2159 Domino,
3653 2095 3767 2163 glo-

2156 2193 2291 2248 riose
2315 2194 2452 2247 enim
2483 2193 2849 2266 magnificatus
2876 2202 2954 2246 est
2984 2189 3182 2263 (Exod.
3220 2202 3313 2256 xv,
3344 2188 3396 2261 l)
3447 2205 3462 2243 :
3494 2199 3548 2242 et
3577 2186 3763 2242 cordis

2160 2297 2306 2342 tanta
2340 2288 2549 2349 la-titia;
2576 2297 2639 2340 ut
2676 2285 2965 2340 imitemini
2997 2298 3094 2339 eos
3119 2283 3208 2355 qtti
3245 2282 3313 2336 ad
3356 2283 3624 2351 templum
3662 2279 3768 2349 pri-

2159 2382 2345 2437 mitiva
2367 2388 2670 2453 portantes,
2705 2390 2759 2437 et
2783 2381 2835 2435 lu
2868 2378 2961 2434 Dei
2990 2378 3280 2432 toreularia
3308 2374 3624 2431 deferentes
3641 2389 3759 2427 mu-

2159 2490 2327 2539 nera,-
2347 2483 2581 2545 pergunt
2608 2489 2731 2529 cum
2767 2472 2937 2539 tbiis,
2968 2471 3151 2526 cordis
3180 2486 3215 2542 ς
3248 2470 3375 2525 udia
3396 2469 3644 2526 Carmine
3671 2467 3764 2522 de-

2161 2576 2546 2623 monstrantes.
2598 2568 2900 2637 litecjnxta
2944 2567 3270 2621 llebraicum
3316 2565 3472 2618 brevi
3502 2576 3764 2618 seru-one

2161 2662 2470 2733 perstrinxi.
2492 2661 2545 2715 ln
2564 2672 2787 2733 utraque
2808 2672 2989 2715 autem
3007 2659 3250 2714 editione
3272 2656 3648 2710 annotandum
3663 2664 3767 2720 est,

2161 2757 2307 2825 quod
2342 2771 2451 2809 non
2482 2755 2765 2820 Dominus,
2792 2754 2889 2808 sed
2919 2766 3116 2807 ttomcn
3150 2749 3363 2805 Domini
3390 2755 3517 2819 post
3542 2750 3767 2800 nmItum

2163 2846 2669 2915 tetnpusadvettiat,
2697 2846 2767 2899 de
2790 2860 2897 2914 qtto
2921 2845 2973 2898 in
3005 2840 3482 2899 Psalmisdicitur:
3514 2836 3771 2892 Benedic-

2162 2951 2246 2997 tus
2279 2942 2366 3009 qui
2386 2942 2520 2994 venit
2545 2941 2598 2993 in
2625 2941 2832 2994 nomine
2863 2938 3107 3003 Domini,
3143 2935 3285 2990 Deus
3328 2932 3607 2991 Dominus.
3641 2946 3687 2987 et
3706 2931 3774 2986 il-

2163 3032 2299 3089 lua‘it
2328 3035 2473 3088 nobis
2499 3032 2620 3106 (Ps.
2640 3031 2943 3105 cxvnﬂti).
2983 3032 3049 3085 Et
3081 3032 3198 3097 ipse
3223 3028 3467 3097 loquitur
3487 3029 3542 3080 in
3579 3026 3767 3080 Ενειη-

2164 3129 2313 3198 gelio
2334 3141 2350 3182 :
2370 3126 2485 3195 Ego
2510 3129 2620 3181 veni
2643 3127 2700 3180 in
2728 3125 2936 3180 nomine
2951 3123 3119 3197 ἀιθ
3141 3120 3315 3176 Patris
3326 3120 3447 3175 mei.
3470 3128 3519 3174 et
3536 3136 3642 3174 non
3660 3134 3775 3172 sus-

2166 3221 2372 3293 cepistis
2404 3236 2488 3273 me
2512 3216 2695 3287 (Joan.
2734 3217 2928 3289 v,45).
2978 3216 3322 3285 l'ulcltrcque
3362 3223 3485 3282 post
3537 3212 3773 3266 multum

462 3314 616 3368 vano,
645 3311 692 3356 et
719 3304 989 3378 abjicictur
1020 3325 1185 3371 error.
1219 3322 1270 3366 et
1302 3330 1526 3369 assumet
1553 3333 1639 3371 eos
1678 3320 1733 3371 in
1786 3331 2064 3387 conspectu
2091 3307 2136 3371 C
2169 3322 2382 3381 tempus
2398 3313 2586 3366 venire
2603 3311 2829 3373 dicitur,
2852 3311 3110 3380 loquente
3136 3310 3370 3360 humana
3391 3305 3773 3373 impatientia:

458 3408 663 3449 eorum.
714 3394 988 3471 Numquid
1017 3419 1219 3474 semper
1239 3414 1441 3470 oportet
1481 3423 1566 3462 vos
1600 3411 1765 3465 laturi
1791 3423 1838 3467 et
1864 3415 2069 3481 ingredi

460 3485 516 3540 in
553 3499 736 3543 sancta
776 3508 888 3545 mea
916 3494 1135 3566 iugiter,
1188 3500 1339 3567 quasi
1387 3501 1519 3569 festa
1560 3504 1875 3561 celebrantes
1916 3516 2071 3578 atque

462 3583 768 3656 gaudentes,
796 3597 850 3640 ut
881 3590 1251 3658 ingrediantt'ni
1289 3612 1409 3653 cum
1437 3597 1566 3653 tibia
1595 3599 1666 3652 ad
1704 3613 1924 3655 montem
1958 3600 2068 3656 Do-

471 3679 599 3733 mini
633 3683 702 3733 ad
731 3679 901 3737 Deum
944 3683 1157 3743 Israel?
1206 3688 1463 3748 Dicamus
1510 3695 1741 3762 primum
1785 3699 1936 3761 juxta
1970 3697 2074 3752 lle-

472 3770 739 3833 braicutn.
790 3778 1036 3837 Pandunt
1074 3797 1138 3838 et
1179 3786 1577 3855 superioribus,
1623 3805 1746 3859 quae
1792 3792 2070 3847 dicuntur.

470 3865 825 3938 Corripuerat
852 3888 1034 3930 sermo
1075 3879 1425 3946 prepheticus
1454 3896 1552 3936 eos
1576 3923 1590 3943 ,
1623 3884 1713 3951 qui
1754 3893 2074 3950 contemplo

469 3959 670 4016 auxilio
704 3963 818 4029 Dei,
852 3975 1074 4035 propter
1103 3968 1525 4041 Babyloniorum
1559 3985 1760 4029 metum
1789 3976 1855 4029 ad
1898 3975 2071 4048 Egy-

476 4057 617 4125 ptius
658 4057 1066 4129 confugiebant,
1100 4077 1155 4119 et
1184 4077 1267 4120 est
1305 4070 1667 4122 comminatus
1696 4070 2078 4127 descendenti-

474 4147 594 4216 bus,
629 4151 698 4205 ibi
723 4168 818 4206 eos
847 4167 970 4210 esse
994 4156 1310 4221 morituros.
1337 4159 1682 4230 Rursumque
1711 4174 1831 4231 post
1858 4179 2074 4231 pinnas,

475 4255 569 4296 eo.
600 4244 688 4309 qui
722 4244 871 4298 illttttt
903 4245 1093 4333 audire
1122 4251 1427 4306 voluissent
1447 4250 1559 4324 [ΑΙ.
1585 4254 1930 4327 noluissent],
1968 4273 2075 4312 non

474 4339 652 4393 solum
683 4343 785 4394 sub
812 4340 1141 4409 Zarobabel,
1170 4345 1332 4411 Ezra,
1355 4356 1411 4401 et
1431 4348 1655 4419 Neetnia
1689 4349 2093 4406 iudet-mntem

482 4429 818 4487 habitaturus
846 4449 969 4487 esse
993 4434 1285 4503 promittit,
1318 4440 1413 4492 sed
1440 4439 1701 4510 majorem
1723 4442 1940 4498 cunctis
1960 4461 2082 4498 cre-

481 4522 740 4578 dentibus
773 4526 941 4581 verbo
966 4525 1085 4594 Dei,
1115 4530 1165 4582 in
1192 4530 1659 4587 coasnmtm‘tione
1694 4533 1879 4588 mundi
1910 4537 2079 4591 beati-

487 4619 727 4674 tudinem
777 4621 1095 4690 pollicetur,
1148 4625 1365 4694 quando
1411 4641 1507 4695 per
1536 4642 1726 4683 omnes
1770 4639 1986 4685 montes
2024 4641 2083 4687 et

2175 3405 2473 3476 Usquequo.
2502 3403 2741 3465 Domine,
2772 3403 3085 3457 oblivisceris
3108 3416 3189 3454 me
3216 3402 3269 3454 in
3299 3398 3494 3466 ﬁnem?
3520 3398 3777 3469 quamdiu

2171 3503 2355 3555 avertis
2376 3501 2558 3567 {aciem
2578 3511 2721 3553 tuam
2745 3515 2778 3552 a
2807 3514 2889 3551 me
2909 3496 3030 3570 (Ps.
3059 3512 3154 3557 xu,
3184 3495 3281 3565 i)?
3308 3493 3523 3549 Ardcns
3556 3508 3775 3562 quoque

2174 3595 2325 3650 furor
2353 3596 2472 3663 ejus
2515 3593 2659 3648 venit
2694 3607 2821 3648 cum
2851 3591 3049 3660 gloria,
3084 3598 3143 3643 ttt
3167 3591 3412 3656 quem-iu
3456 3585 3773 3639 humilitate

2172 3688 2630 3758 Contempsimus,
2672 3688 2725 3741 in
2761 3685 3049 3753 majestate
3078 3682 3391 3736 timeamus.
3432 3679 3550 3733 lloc
3594 3679 3773 3747 ipsum

2175 3793 2232 3839 et
2258 3784 2310 3835 in
2336 3782 2560 3850 psalmis
2586 3782 2852 3849 scriptum
2883 3788 2969 3832 est
3001 3794 3015 3831 :
3047 3775 3185 3830 Deus
3214 3774 3490 3844 manifeste
3513 3770 3628 3845 [AL
3662 3787 3779 3824 nta-

2178 3876 2420 3949 nifestus]
2459 3877 2646 3941 veniet,
2694 3874 2834 3929 Deus
2876 3880 3050 3926 noster
3077 3881 3127 3923 et
3159 3885 3261 3922 non
3309 3866 3498 3922 silebit.
3545 3864 3697 3936 Ignis
3723 3864 3780 3918 in

2178 3979 2455 4039 conspectu
2477 3974 2590 4043 ejus
2612 3967 2836 4031 ardebit,
2861 3974 2909 4019 et
2941 3964 2995 4017 in
3019 3964 3240 4016 circuitu
3262 3963 3375 4034 rjns
3398 3970 3679 4030 tempestas
3690 3974 3786 4012 ra-

2178 4062 2424 4132 lida(Ps.
2455 4077 2606 4121 sm,
2639 4060 2694 4127 5,
2732 4056 2814 4127 4).
2851 4058 2970 4121 Ipse
2993 4058 3141 4109 enin:
3168 4055 3413 4123 loquitur
3441 4054 3495 4104 in
3529 4051 3789 4121 Erange-

2182 4158 2417 4230 lio(Luc.
2442 4174 2540 4223 xu,
2560 4156 2651 4227 49)
2676 4173 2689 4209 :
2725 4153 2904 4228 Ignem
2931 4152 3044 4206 veni
3064 4150 3270 4203 mittere
3297 4161 3452 4220 srper
3476 4156 3706 4211 terram,
3737 4154 3788 4198 et

2180 4271 2334 4324 quam
2361 4254 2475 4306 volo
2502 4264 2557 4305 ut
2580 4251 2763 4304 ardeat
2785 4249 2811 4304 ἕ
2835 4249 3043 4303 Rursus
3071 4246 3124 4300 in
3152 4246 3259 4297 alio
3293 4242 3505 4312 psalmo
3540 4241 3745 4309 legitur
3770 4257 3785 4291 :

2192 4346 2307 4403 Vox
2330 4344 2541 4399 Domini
2554 4342 3190 4413 intercidentts‘ﬂammam
3200 4333 3490 4405 tgnisTPs.
3502 4348 3536 4387 ι
3548 4349 3576 4387 x
3586 4344 3675 4387 \‘Ill
3685 4330 3788 4402 ,7),

2184 4450 2241 4497 ut
2272 4437 2532 4512 quidquid
2563 4437 2616 4493 in
2649 4433 2856 4490 mundo
2884 4446 2965 4487 εει
2997 4431 3126 4487 fani
3148 4473 3164 4495 ,
3207 4430 3502 4499 lignorum,
3530 4440 3583 4479 et
3615 4426 3797 4492 stipu-

2182 4532 2249 4588 ise
2269 4530 2340 4599 ,λθ
2366 4528 2581 4599 rapiens
2604 4528 2823 4583 flamma
2849 4539 3082 4580 consum
3101 4531 3161 4576 ιι.
3190 4520 3345 4578 Unde
3375 4530 3428 4574 ct
3464 4517 3613 4573 Dens
3641 4516 3792 4586 ignis

2183 4626 2386 4682 dicitur
2412 4640 2533 4680 esse
2562 4632 2895 4677 consumens
2922 4617 3106 4691 (Deut.
3150 4614 3248 4687 tv).
3301 4610 3573 4683 Quodque
3613 4609 3789 4664 infero

481 4714 655 4768 colles
684 4726 904 4770 current
934 4733 1196 4786 aquarum
1223 4717 1442 4774 llntnina
1464 4761 1479 4784 ,
1505 4733 1557 4776 et
1592 4721 1891 4779 interfectis
1938 4727 2076 4779 tnnl-
2109 4711 2161 4773 Ι)
2190 4736 2276 4778 tur
2305 4741 2318 4777 :
2354 4720 2446 4775 Ira
2485 4720 2681 4790 furoris
2711 4720 2827 4790 ejus
2868 4714 3023 4787 quasi
3064 4707 3513 4784 ignia'drt'orabit.
3542 4706 3801 4775 plerique

482 4801 577 4869 tis,
606 4806 804 4861 cadi-nt
831 4820 1031 4863 turres.
1062 4808 1213 4863 Luna
1235 4826 1450 4882 quoque
1475 4825 1528 4867 et
1554 4814 1640 4869 sol
1670 4814 1875 4870 clarius
1899 4818 2082 4873 ltuneu

485 4901 780 4970 accipient,
810 4903 1027 4972 quando
1054 4904 1251 4960 vulnus
1278 4907 1457 4973 pepuli
1488 4909 1569 4964 sui
1595 4909 1859 4965 Dominus
1885 4913 2084 4977 alliga-

426 5018 431 5021 ι
485 4994 628 5048 verit
660 5005 821 5065 atque
864 5000 1159 5053 sanaverit.
1201 4998 1354 5055 Licet
1398 5000 1521 5057 haec
1542 5003 1762 5072 quidam
1804 5006 2085 5084 ὑπερϐολι-

489 5095 610 5152 κῶς,
641 5086 810 5161 418
833 5087 958 5163 Cyri
991 5094 1349 5159 temporibus,
1380 5097 1472 5163 qui
1497 5097 1870 5164 captivitatem
1909 5100 2089 5166 populi

486 5183 770 5247 relaxarit,
804 5185 855 5238 in
901 5197 1043 5240 terra
1071 5185 1257 5240 ludam
1297 5187 1512 5255 extileta
1559 5193 1917 5247 contendant.
1949 5193 2084 5261 Quia

488 5273 652 5344 igitur
671 5275 832 5331 bonis
849 5278 1298 5333 etohedientihus
1323 5283 1542 5349 pra-mia
1568 5287 1900 5353 ropromissa
1932 5296 2082 5350 sunt,

488 5382 631 5423 nunc
660 5370 972 5424 econtrario
1012 5372 1171 5425 malis
1212 5383 1266 5427 et
1305 5377 1778 5448 contemptortbus
1816 5378 2085 5448 supplicia

560 5587 589 5617 ἰ
632 5577 803 5633 Vatic.
824 5620 839 5644 ,
864 5577 917 5630 in
938 5592 1032 5631 suo
1061 5593 1215 5649 opere
1244 5580 1578 5634 moriturum.

559 5650 586 5690 δ
628 5653 772 5705 Idem
794 5692 808 5714 ,
837 5650 975 5719 quod
1001 5650 1068 5717 si,
1098 5662 1151 5704 ut
1171 5668 1315 5712 reor,
1341 5656 1685 5717 cotitpterero.

563 5735 587 5764 ο
635 5723 755 5779 Duo
814 5739 982 5786 mss.,
1041 5732 1087 5778 et
1152 5729 1354 5783 frenum
1424 5739 1596 5777 errare
1664 5724 1885 5791 faciens,
1948 5722 2087 5792 quod

489 5808 619 5865 erat,
650 5808 753 5852 etc.
786 5796 953 5851 Paulo
996 5804 1119 5862 κιο-ι
1160 5811 1258 5865 pro
1291 5795 1423 5849 sicut
1468 5810 1574 5865 nos;
1600 5809 1719 5865 erat
1760 5806 1919 5850 antea
1954 5794 2089 5849 sicut

486 5852 619 5931 vos:
638 5871 759 5937 ipso
788 5852 1095 5939 refragante
1122 5852 1352 5925 Hebraeo
1379 5877 1529 5923 textu
1554 5852 1674 5929 "7‘73
1715 5877 1772 5925 et
1811 5867 2083 5939 Hierony-

494 5945 674 6000 miana
700 5938 979 6005 versione.

2188 4827 2507 4870 nostrontm
2537 4812 2671 4865 iram
2715 4808 2919 4862 luroris
2950 4798 3164 4859 Domitii
3206 4800 3485 4855 diabolum
3521 4799 3801 4865 interpre-

2179 4919 2395 4972 tantur,
2424 4908 2508 4960 cui
2543 4903 2809 4959 tradimur
2838 4901 2905 4954 ad
2957 4896 3321 4966 puniendum,
3364 4892 3463 4960 qui
3508 4890 3663 4958 juxta
3724 4892 3798 4945 li-

2189 5002 2345 5058 brum
2378 4997 2654 5057 Samuelis
2693 4993 2993 5048 commovit
3023 4988 3214 5051 David,
3255 4998 3315 5039 ut
3344 4992 3660 5040 muneraret
3701 4998 3806 5054 po-

2190 5097 2378 5167 pulum
2412 5092 2505 5145 Dei
2546 5090 2620 5155 (ll
2655 5087 2784 5157 Reg.
2832 5084 3001 5152 xxiv).
3055 5082 3124 5137 Et
3168 5081 3466 5150 Apostolus
3513 5078 3805 5146 loquitur:

2192 5172 2413 5255 tradere,
2440 5180 2802 5249 huiuscemodi
2835 5178 3051 5233 Satanae
3098 5175 3154 5228 in
3196 5173 3462 5227 interitum
3503 5172 3695 5231 carnis.
3746 5179 3808 5224 stt

2192 5281 2407 5354 spiritus
2438 5278 2612 5331 salvus
2650 5274 2740 5341 ﬁat
2763 5272 2807 5340 (Ι
2849 5269 2972 5324 Cor.
3003 5283 3069 5334 v,-
3094 5266 3171 5338 5).
3208 5264 3308 5322 llic
3346 5274 3531 5319 autem
3565 5266 3679 5331 ipse
3721 5262 3811 5317 fu-

2192 5353 2307 5441 ror,
2338 5383 2395 5429 et
2429 5371 2509 5426 ira
2537 5366 2742 5425 furoris
2791 5361 3009 5420 Domini
3048 5361 3187 5415 nihil
3215 5373 3321 5417 suo
3357 5358 3518 5414 faciet
3543 5353 3807 5423 arbitrio,

2264 5573 2291 5612 ά
2350 5574 2529 5642 Atque
2569 5570 2658 5626 hic
2697 5566 2890 5623 iisdcm
2930 5563 3021 5642 de,
3045 5560 3229 5642 causis
3274 5566 3638 5629 contextoque
3675 5555 3811 5627 ipso

2190 5633 2599 5718 esigt‘lllﬂ:ﬂox,
2631 5656 2727 5712 pro
2750 5654 2847 5718 rex
2868 5633 3234 5718 restituitnns.
3310 5716 3313 5718 ἓ
3400 5700 3415 5718 ’
3535 5701 3548 5718 ι
3576 5717 3579 5718 ν
3606 5716 3637 5718 Α
3672 5700 3767 5718 Α...
3792 5700 3806 5714 _

2266 5700 2312 5757 ευ
2335 5720 2389 5772 ιη
2420 5700 2597 5773 varie;
2614 5700 2644 5780 ,’
2664 5716 2871 5786 sapiens
2893 5710 2932 5780 ﬂ
2952 5722 3105 5786 immo
3127 5721 3143 5769 ;
3164 5700 3642 5786 quemadmodum
3668 5700 3809 5756 alibi

2178 5808 2299 5864 ,non
2331 5805 2441 5847 uno
2476 5789 2530 5844 in
2564 5773 2684 5844 loco
2724 5773 2996 5853 scriptum
3050 5776 3119 5831 ab
3160 5773 3499 5855 Hieronymo
3541 5773 3811 5830 observa-

2190 5878 2338 5921 mus.
