4014 6478
203 345 312 406 353

757 340 1405 403 COMMENTARIORUM
1448 343 1516 401 IN
1555 342 1796 403 ISAIAM
1832 342 2258 402 PROPllETAM
2300 345 2434 402 LIB.
2475 344 2547 402 X.
2587 344 2742 404 CAP.
2786 343 2979 404 XXXI.

3404 349 3514 408 554

203 457 300 513 sed
352 454 500 525 quod
545 455 651 512 sibi
696 456 860 513 fuerit
911 460 1268 527 imperatum.
1315 458 1472 514 Unde
1520 459 1803 529 sequitur:
1834 460 2005 523 Ααιςι
2029 474 2138 530 quo
2166 476 2265 531 per
2292 462 2575 531 Assyrium
2612 461 2887 517 diabwlum
2920 458 3308 535 intelligamus.
3346 459 3514 516 Deni-

204 550 490 621 Eloquium
516 552 772 606 labiorum
800 553 933 621 eius,
964 553 1225 623 eloquium
1247 554 1340 608 ire
1372 552 1602 620 plenum.
1633 552 1809 621 Spiri-

206 654 296 699 tus
321 659 537 713 quoque
565 643 686 713 ejus
710 646 864 714 quasi
892 660 1031 715 aqua
1073 648 1128 699 in
1159 645 1322 708 valle,
1358 644 1586 699 trahens
1617 646 1809 700 veniet

205 751 382 805 usque
411 736 477 790 ad
509 736 746 806 collum,
789 747 845 791 ut
878 736 1142 808 supplicia
1177 753 1342 806 super
1386 747 1702 807 peccatores
1732 737 1813 791 fa-

204 828 315 884 ciat
344 827 679 883 redundare.
708 828 811 896 Qui
840 828 1116 883 dividetur
1147 844 1245 898 pro
1283 830 1548 900 qualitate
1581 836 1809 884 merito-

204 934 352 985 rum,
387 929 449 974 ut
481 920 675 988 perdat
702 937 863 991 atque
894 922 1191 977 conturbet
1228 930 1442 992 grutes,
1478 937 1616 993 quas
1642 937 1813 978 vanus

202 1027 364 1068 error
397 1015 717 1077 seduxerat,
744 1023 801 1068 et
829 1031 889 1068 se
920 1014 1235 1085 intelligant
1260 1016 1661 1085 supplantatas.
1703 1015 1815 1072 Un-

202 1106 272 1163 de
298 1108 368 1161 ad
407 1107 782 1177 hujuscemodi
815 1108 1063 1163 homines
1108 1108 1331 1174 dicitur,
1382 1110 1472 1180 qui
1526 1111 1579 1164 in
1625 1109 1816 1164 mundi

203 1202 367 1270 hujus
398 1203 639 1273 putentia
671 1203 1062 1273 pnevaleliant,
1089 1212 1142 1258 et
1163 1218 1263 1259 suo
1284 1202 1704 1259 delectabantur
1725 1219 1815 1259 er-

199 1311 356 1356 rore,
388 1308 496 1348 non
535 1308 634 1350 eus
661 1310 883 1365 semper
914 1297 1017 1349 huc
1041 1308 1165 1349 (δεῦε
1195 1293 1456 1350 facturos.
1501 1294 1812 1361 Pl‘iPClplle'

200 1404 310 1460 que
341 1390 521 1443 locum
553 1388 721 1443 istum
750 1397 805 1443 et
833 1399 1002 1443 totam
1045 1388 1437 1444 continentiam
1468 1391 1690 1459 capituli
1722 1389 1819 1444 ad-

204 1499 402 1539 versus
425 1484 713 1540 haereticos
739 1493 795 1537 et
837 1484 1018 1538 omnia
1059 1482 1340 1552 dogmata,
1374 1499 1495 1552 quae
1529 1493 1655 1537 sunt
1686 1498 1818 1536 cun-

205 1578 380 1634 traria
414 1579 651 1643 teritati,
681 1578 821 1633 dicta
840 1579 1060 1650 quidam
1094 1587 1409 1634 nostrorum
1437 1587 1643 1648 putant,
1673 1578 1816 1648 quod

203 1686 333 1727 cum
374 1670 571 1738 judicii
622 1682 836 1742 tempus
887 1672 1200 1738 advenerit,
1250 1653 1593 1743 nequaquam
1640 1674 1818 1742 ingre-

1910 567 2016 620 que
2045 554 2291 622 sequitur
2318 571 2330 606 :
2369 553 2434 606 Et
2463 554 2558 606 erit
2581 555 2833 607 transitus
2856 555 3014 623 virgte
3037 554 3292 621 fundatus
3316 595 3331 618 ,
3358 569 3514 621 quant

1910 645 2228 715 requiescere
2256 647 2411 716 faciet
2437 643 2691 700 Dominus
2727 663 2882 719 super
2902 661 3040 699 eum.
3074 644 3142 699 Et
3172 653 3258 701 est
3283 661 3514 701 sensus:

1912 737 2259 810 Nequaquam
2295 755 2420 794 eum
2450 742 2596 811 virga
2642 756 2741 812 per
2778 742 2936 802 utiet.
2983 752 3037 795 et
3070 755 3190 795 eam
3222 755 3412 795 rursus
3443 741 3522 796 le-

1914 830 2084 897 vabit,
2110 847 2173 885 ac
2205 848 2356 887 more
2381 833 2712 888 caadeutium
2743 834 2908 887 linem
2943 832 3109 888 faciet
3143 833 3521 901 verberaudi;

1913 925 2008 980 sed
2035 925 2190 993 quasi
2221 924 2496 980 fundatam
2522 935 2579 981 et
2604 927 2714 981 alta
2745 928 2930 981 radice
2957 926 3212 989 defixam,
3249 927 3301 979 in
3344 926 3522 995 poenis

1916 1017 2039 1087 ejus
2068 1015 2227 1089 421
2274 1017 2435 1072 faciet
2485 1033 2831 1088 permanere.
2873 1019 3031 1087 Quod
3063 1019 3108 1073 si
3157 1019 3232 1073 ita
3264 1018 3523 1090 intelligi-

1917 1117 2027 1173 tur,
2054 1111 2140 1164 ubi
2172 1110 2279 1164 erit
2312 1110 2633 1180 pmuiteutia
2654 1111 2861 1165 diaboli
2896 1129 2908 1165 :
2945 1115 3252 1180 praesertim
3282 1127 3404 1167 cum
3435 1110 3521 1166 di-

1916 1214 2073 1257 catur
2123 1201 2553 1271 peccatoribus:
2604 1201 2686 1257 Ite
2714 1205 2768 1257 in
2815 1204 2988 1272 ignem
3046 1217 3317 1270 teternum,
3372 1220 3524 1276 quem

1918 1296 2231 1367 preparavit
2264 1295 2403 1350 Deus
2432 1296 2641 1350 diabolo
2670 1306 2716 1349 et
2752 1294 2951 1367 angelis
2980 1298 3093 1367 ejus
3126 1296 3346 1368 (Matth.
3387 1312 3520 1363 λιν,

1917 1388 2036 1456 41).
2073 1390 2128 1443 lu
2157 1390 2431 1460 tympanis
2460 1399 2517 1444 et
2547 1389 2600 1443 itt
2634 1388 2885 1452 citharis,
2933 1398 2994 1445 et
3023 1389 3185 1445 bellis
3236 1390 3527 1463 pra-cipuis

1918 1482 2249 1552 expugnabit
2277 1499 2395 1547 eos,
2428 1482 2708 1538 dmmnnvs
2734 1483 2993 1538 videlicet
3022 1492 3076 1538 et
3108 1498 3301 1539 omnes
3332 1485 3529 1553 impios

1919 1593 2042 1632 cum
2073 1577 2272 1648 gaudio
2300 1580 2543 1633 omnium
2577 1579 2839 1633 Dominus
2883 1578 3246 1647 expugnabit.
3278 1577 3364 1633 Ab
3407 1580 3526 1635 heri

1920 1672 2122 1741 quippe
2160 1683 2216 1725 et
2245 1689 2274 1724 a
2304 1673 2586 1741 pra-terito
2615 1682 2868 1741 tempore
2900 1683 3203 1740 praeparata
3231 1684 3313 1725 est
3342 1688 3372 1727 a
3400 1687 3528 1742 rege

204 1765 435 1820 diautur
482 1774 674 1821 sancta
702 1769 821 1835 ejus
852 1776 907 1820 et
954 1776 1221 1831 montem,
1274 1766 1323 1819 id
1374 1776 1462 1821 est
1512 1765 1819 1822 Ecclesiam
1928 1766 2162 1820 Domino
2189 1774 2214 1801 ⁸
2247 1764 2542 1833 Tliophetli,
2574 1766 2625 1820 id
2653 1776 2762 1827 est,
2794 1766 2900 1819 lata
2923 1777 2973 1819 et
3001 1766 3236 1831 spatiosa
3265 1765 3530 1836 geltenna,

206 1858 426 1915 Domini
454 1877 471 1915 :
500 1875 568 1914 ne
597 1861 702 1913 sub
730 1860 1012 1929 religionis
1057 1858 1277 1913 nomine
1317 1858 1540 1913 divitias
1580 1874 1818 1926 etingre-
1847 1863 1894 1924 B
1921 1876 2045 1931 qua:
2069 1878 2165 1915 eos
2189 1859 2412 1915 aiteruis
2440 1870 2562 1915 urat
2593 1859 2908 1914 ardoribus.
2955 1857 3360 1914 Nutrimenttnn
3411 1860 3530 1927 ejus

202 1961 362 2025 gent,
401 1953 801 2023 abutunturqne
848 1954 1083 2016 luxuria,
1115 1951 1273 2023 quasi
1307 1952 1523 2007 Domini
1564 1951 1699 2008 festa
1728 1968 1821 2005 ce—
1918 1964 1973 2009 et
2007 1953 2179 2008 fomes
2232 1955 2370 2023 ignis
2399 1966 2502 2017 e5t.
2550 1964 2605 2009 et
2637 1954 2785 2025 ligna
2838 1953 3031 2011 multa.
3083 1953 3136 2007 id
3169 1962 3276 2015 est.
3305 1952 3524 2009 ﬂamma

203 2046 312 2102 leltt
329 2058 513 2102 antes.
541 2046 711 2101 .Iudtei
739 2046 808 2102 de
828 2046 944 2117 (ἕως
965 2060 1019 2103 et
1046 2046 1235 2118 Mugug
1254 2048 1534 2117 gentibus,
1561 2062 1694 2116 quas
1723 2062 1819 2114 ptl-

206 2148 330 2195 tant
352 2141 421 2195 ab
455 2142 723 2210 Aquilone
754 2152 1036 2202 venturas,
1070 2140 1124 2194 id
1148 2151 1253 2200 est.
1282 2143 1348 2194 de
1374 2138 1618 2211 Scythia:
1655 2139 1821 2209 parti-

204 2234 336 2300 bus,
390 2233 506 2288 h.ec
535 2234 869 2304 intelligunt,
920 2232 1085 2306 520
1122 2248 1289 2303 super
1320 2232 1522 2303 quibus
1568 2229 1821 2287 Ezechiel

211 2328 433 2400 plenius
466 2328 702 2397 loquitur
744 2324 957 2399 (ΕιονεΙι.
998 2326 1135 2398 xix).

280 2421 465 2491 (Vers.
497 2419 568 2475 50
596 2422 780 2491 seqq.)
840 2418 907 2473 Et
934 2420 1171 2473 auditam
1218 2418 1374 2489 faciet
1419 2415 1677 2473 Dominus
1706 2415 1824 2487 glo-

203 2513 348 2567 riam
401 2511 536 2566 vocis
584 2513 717 2582 ejus,
766 2521 815 2565 et
848 2522 1091 2565 terrorem
1132 2510 1328 2565 brachii
1368 2512 1447 2564 sui
1495 2509 1729 2563 ostendet
1770 2508 1824 2562 in

207 2606 617 2662 comminatione
651 2606 849 2677 furoris
878 2617 925 2660 et
953 2606 1169 2676 ﬂamma
1193 2606 1328 2676 ignis
1353 2604 1647 2659 derorantis
1670 2603 1826 2657 :alli—

208 2700 299 2755 det
320 2702 374 2752 in
407 2699 610 2753 turbine
634 2709 683 2752 et
709 2700 763 2752 in
805 2697 984 2770 lapide
1008 2697 1305 2771 grandinis.
1340 2700 1383 2751 Α
1411 2713 1528 2750 voce
1551 2696 1688 2750 enim
1721 2693 1827 2748 Do-

207 2791 342 2845 mini
388 2790 590 2863 pavebit
622 2790 782 2844 Assur
824 2790 977 2861 virga
1021 2804 1316 2860 percussus,
1365 2797 1414 2842 et
1444 2788 1545 2843 erit
1576 2786 1826 2841 transitus

208 2887 375 2959 virga:
406 2883 659 2953 fundatus
694 2900 714 2940 :
740 2901 894 2955 quam
925 2885 1247 2953 requiescere
1276 2884 1431 2956 faciet
1462 2882 1721 2937 Dominus
1742 2900 1829 2937 su-

209 2996 306 3052 per
334 2996 451 3033 eum
476 2979 531 3055 in
559 2980 820 3051 tymp'tnis
852 2988 900 3032 et
930 2981 983 3033 in
1009 2978 1248 3043 citharis,
1281 2990 1331 3033 et
1371 2980 1428 3032 in
1458 2977 1608 3032 bellis
1640 2976 1828 3042 prteci-

210 3073 333 3143 puis
380 3070 699 3144 expugnabit
750 3086 856 3125 eos.
914 3068 1225 3142 Prmparata
1286 3078 1362 3125 est
1409 3068 1548 3121 enim
1598 3068 1663 3122 ob
1717 3068 1830 3123 lteri

214 3165 526 3234 Thnpheth.
551 3182 584 3219 a
612 3181 731 3237 rege
752 3174 1053 3234 praeparata
1082 3162 1349 3236 profunda
1387 3174 1435 3217 et
1464 3163 1707 3226 dilatata,
1734 3178 1830 3215 nu-

1921 2056 2184 2117 perpetua
2214 2059 2269 2101 et
2296 2046 2564 2114 supplicia
2595 2057 2967 2116 peccatorum.
2997 2044 3064 2100 Et
3100 2047 3359 2116 quoniam
3386 2046 3529 2099 sicut

1920 2139 1990 2195 de
2011 2139 2227 2194 camino
2247 2149 2301 2194 et
2332 2140 2549 2195 fornace
2572 2140 2717 2209 ignis
2733 2138 3001 2204 ardentis,
3033 2138 3391 2208 propheticus
3413 2153 3531 2193 ser-

1924 2251 2013 2288 mo
2055 2234 2404 2303 prmdixerat.
2438 2243 2623 2288 servat
2653 2233 3049 2304 metaphoram,
3087 2242 3145 2286 ut
3177 2232 3307 2288 ﬂatu
3336 2240 3391 2286 et
3415 2232 3530 2303 spi-

1922 2328 2031 2383 ritu
2064 2343 2127 2382 ac
2169 2329 2449 2382 voluntate
2492 2326 2709 2381 Domini
2762 2328 2903 2381 hanc
2951 2327 3212 2381 sucrentli
3263 2326 3529 2391 sciamus,

1923 2421 2404 2489 mixtusulplntre,
2457 2420 2601 2490 quod
2666 2419 2940 2488 ﬂammas,
2994 2419 3218 2482 excitat,
3272 2429 3330 2473 ιιι
3367 2418 3530 2475 faciat

1925 2516 2138 2569 acriora
2171 2524 2463 2569 tormenta.
2513 2515 2685 2568 l'urro
2716 2513 2859 2582 quod
2905 2512 3063 2582 juxta
3109 2512 3255 2568 LXX
3285 2514 3530 2569 dicitur:

1926 2606 2008 2659 Ad
2047 2621 2218 2659 vocem
2258 2603 2471 2658 Domini
2508 2605 2895 2674 superabantur
2941 2604 3147 2676 Assyrii
3196 2604 3377 2677 plaga,
3416 2622 3535 2660 cum

1925 2702 2238 2775 percusserit
2264 2718 2373 2767 eos,
2408 2711 2456 2755 et
2482 2704 2582 2757 erit
2600 2703 2646 2756 ei
2667 2703 2721 2755 in
2743 2702 2963 2756 circuitu
2986 2703 3124 2769 unde
3152 2703 3320 2770 fuerat
3343 2681 3406 2756 el
3415 2719 3534 2772 spes

1926 2797 2145 2860 auxilii,
2168 2797 2224 2850 in
2250 2812 2350 2863 quo
2377 2794 2668 2860 conﬁdebat
2689 2811 2708 2849 :
2741 2796 2844 2862 ipsi
2865 2810 2985 2849 cum
3009 2798 3273 2868 tympanis
3305 2805 3353 2849 et
3374 2793 3542 2849 citha-

1927 2903 1988 2941 ra
2018 2888 2317 2959 pugnabunt
2358 2886 2633 2941 aduersum
2675 2904 2795 2942 eum
2835 2902 2900 2942 ea:
2944 2888 3371 2951 commutatione,
3403 2886 3540 2943 illud

1929 2981 2219 3051 significat,
2245 2980 2390 3051 quod
2420 2979 2712 3034 adversum
2744 2978 3023 3034 diabolum
3058 2990 3415 3049 consurgant,
3447 2979 3542 3050 qui

1928 3075 1977 3129 ei
2002 3072 2272 3143 quondam
2301 3074 2505 3127 subditi
2538 3072 2781 3135 fuerant,
2803 3082 3002 3127 etcum
3028 3072 3232 3142 gaudio
3257 3083 3419 3142 atque
3445 3073 3543 3126 lte-

1932 3166 2047 3221 titia
2076 3166 2339 3221 dimicent
2366 3179 2555 3221 contra
2583 3182 2706 3221 eum
2737 3182 2803 3221 ex
2845 3168 3283 3221 commutatione
3312 3165 3497 3220 subita
3525 3180 3540 3220 :

216 3261 463 3315 trimentn
496 3262 611 3332 ejus
633 3260 791 3329 ignis,
821 3267 869 3312 et
899 3258 1045 3328 ligna
1086 3261 1252 3311 multa
1280 3274 1299 3312 :
1326 3257 1484 3327 ﬂatus
1514 3253 1727 3309 Domini
1755 3256 1826 3307 εἰ·
1857 3249 1903 3312 C
1934 3260 2064 3315 dum
2099 3258 2468 3329 intelligentes
2500 3274 2745 3315 errorem
2787 3274 2973 3319 suum,
3022 3259 3312 3312 destruunt
3357 3272 3481 3312 eum
3515 3272 3548 3311 a

215 3362 308 3408 cut
334 3365 539 3406 torrens
570 3349 842 3424 sulphuris
881 3352 1200 3404 succendens
1241 3366 1374 3404 eam.
1408 3347 1555 3404 LXX
1592 3365 1605 3401 :
1641 3346 1710 3401 Et
1742 3364 1838 3401 au—

215 3448 387 3502 ditam
421 3447 582 3519 faciet
614 3448 868 3501 Dominus
907 3445 1140 3517 gloriam
1180 3445 1318 3499 uocis
1347 3459 1479 3509 sua,
1530 3452 1578 3498 et
1607 3446 1838 3513 furorem

216 3538 425 3595 brachii
454 3540 537 3593 sui
561 3538 799 3594 ostendet
826 3554 947 3592 cum
977 3538 1157 3607 furore
1177 3548 1224 3591 et
1244 3539 1324 3592 ira
1350 3552 1370 3591 :
1398 3546 1447 3592 et
1473 3537 1686 3607 ﬂamma
1702 3535 1840 3607 ignis

215 3634 507 3687 devorante
536 3632 827 3700 fulminabit
856 3634 1192 3694 vehementer.
1218 3641 1263 3685 et
1281 3630 1417 3684 sicut
1443 3646 1582 3702 aqua
1606 3639 1653 3684 et
1679 3645 1839 3699 gran-

219 3724 296 3795 do
329 3723 571 3798 descende
588 3741 649 3778 ns
676 3739 793 3776 cum
821 3723 892 3777 vi.
922 3722 1002 3777 Ad
1026 3739 1198 3778 vocent
1220 3722 1358 3791 enim
1389 3721 1598 3793 Domini
1628 3736 1844 3791 supera—

218 3817 424 3873 bantur
451 3817 653 3888 Assyrii
682 3817 840 3888 plnga
867 3833 969 3884 qua
1017 3817 1268 3889 percutiet
1314 3832 1427 3879 eos.
1455 3827 1504 3870 ct
1536 3816 1634 3870 erit
1679 3816 1727 3869 ei
1752 3831 1842 3883 per

219 3911 531 3972 circuitum,
563 3912 701 3965 unde
730 3908 947 3963 habebnt
977 3925 1114 3981 spem
1144 3909 1353 3975 auxilii,
1400 3910 1456 3963 in
1479 3926 1584 3980 quo
1610 3908 1842 3971 conlide-

220 4004 344 4066 bat,
373 4004 474 4069 ipsi
518 4020 631 4055 cum
678 4003 937 4075 tympanis
985 4011 1033 4056 et
1075 4002 1278 4057 cithara
1331 4002 1637 4076 pugnabunt
1666 4012 1845 4055 contra

223 4114 351 4153 eum
380 4114 447 4152 ea:
476 4109 896 4154 commutatione.
942 4096 1021 4151 Tu
1049 4099 1184 4153 enim
1226 4108 1355 4165 ante
1377 4096 1489 4152 dies
1514 4097 1794 4166 decipieris
1825 4114 1845 4153 :

223 4192 492 4264 numquid
518 4203 563 4246 et
596 4191 688 4246 tibi
716 4208 932 4265 regnum
958 4200 1198 4265 paratum
1228 4201 1305 4245 est
1332 4191 1359 4245 i’
1394 4189 1599 4246 Vallem
1624 4195 1848 4263 profun-

226 4286 382 4347 dam,
414 4284 559 4356 ligna
590 4286 782 4354 posita,
816 4286 982 4354 ignem
1030 4295 1078 4338 et
1137 4285 1279 4355 ligna
1328 4283 1661 4349 multorum;
1699 4284 1849 4349 furor

227 4378 479 4441 Domini,
512 4380 645 4432 sicut
670 4377 820 4433 vallis
844 4376 1095 4447 sulphure
1124 4393 1393 4431 succensa.
1422 4376 1675 4432 Poteram
1693 4374 1847 4445 juxta

228 4470 571 4529 llehruicum
620 4470 747 4542 quid
782 4454 913 4526 mihi
963 4469 1242 4526 videretur
1270 4484 1502 4525 currens
1547 4466 1851 4539 legentibus

229 4563 335 4619 ittd
361 4580 524 4628 care;
554 4563 649 4619 sed
681 4564 808 4634 quid
861 4566 1052 4619 iaciam
1090 4564 1451 4635 quarumdqu
1492 4561 1717 4630 studiis,
1757 4561 1850 4632 qui

1938 3367 2049 3425 quo
2086 3353 2299 3422 decepti
2347 3351 2583 3406 fut-rant.
2616 3352 2937 3421 Diciturque
2971 3349 3039 3404 ad
3080 3350 3251 3415 illum,
3299 3349 3444 3419 quod
3474 3350 3544 3405 ab

1941 3448 2097 3505 initio
2154 3464 2216 3503 se
2257 3449 2375 3517 ipse
2430 3448 2748 3517 deceperit.
2792 3461 3017 3517 regnum
3070 3460 3229 3499 suum
3270 3445 3546 3499 arbitrans

1939 3544 2359 3612 sempiternum,
2389 3540 2478 3596 cui
2509 3550 2693 3612 parata
2721 3539 2793 3594 sit
2821 3540 3070 3611 gehenna
3099 3547 3155 3594 et
3180 3549 3386 3593 aeterna
3413 3552 3545 3608 sup-

1942 3635 2129 3706 plicia.

2014 3726 2168 3797 (Cap.
2194 3725 2390 3782 XXXI.
2419 3755 2493 3767 ——
2515 3724 2671 3779 Vers.
2699 3723 2937 3795 lseqq.)
2976 3722 3067 3778 Vat
3091 3722 3181 3795 qui
3223 3722 3547 3777 descendunt

1942 3820 1997 3874 in
2028 3818 2322 3891 lEgyptum
2364 3823 2433 3871 ad
2479 3834 2573 3871 oua
2587 3817 2756 3883 ilium,
2808 3819 2862 3870 in
2889 3816 3030 3886 cauis
3065 3825 3351 3887 sperantes,
3377 3824 3426 3870 et
3451 3815 3547 3870 Ita-

1945 3913 2117 3967 bentes
2147 3912 2396 3982 ﬁduciam
2421 3927 2576 3979 super
2598 3909 2888 3983 quadrigis.
2923 3909 3047 3974 quia
3070 3908 3245 3964 multa!
3284 3910 3385 3963 sint
3422 3908 3546 3981 [ΑΙ.

1944 4002 2108 4076 sunt],
2141 4012 2187 4056 ct
2211 4018 2367 4072 super
2392 4001 2670 4072 equitibus,
2703 4001 2825 4069 quia
2848 3998 3119 4072 prteralidi
3159 4002 3333 4065 nimis,
3359 4012 3404 4055 et
3442 4017 3548 4056 non

1945 4106 2065 4152 sunt
2106 4096 2291 4164 con/isi
2326 4111 2479 4167 super
2513 4094 2769 4151 Sanctum
2800 4091 3010 4148 Israel:
3046 4104 3093 4147 et
3129 4092 3409 4148 Damnum
3447 4110 3552 4149 non

1945 4187 2307 4258 requisierunt.
2342 4184 2466 4256 Ipse
2513 4197 2686 4241 autem
2717 4187 2926 4255 sapiens
2969 4186 3189 4240 adduxit
3239 4189 3457 4244 malum.
3508 4195 3556 4241 et

1946 4281 2100 4336 uerba
2125 4296 2220 4334 sua
2241 4297 2343 4334 non
2369 4280 2605 4347 abstulit,
2631 4290 2680 4333 et
2718 4290 2995 4350 consurget
3022 4293 3202 4335 contra
3214 4281 3421 4335 domum
3438 4296 3558 4351 pes-

1948 4374 2218 4439 simorum,
2266 4386 2311 4427 et
2340 4381 2517 4428 contra
2541 4371 2800 4427 auxilium
2830 4374 3173 4445 operantium
3204 4374 3555 4443 iniquitatem.

1952 4464 2220 4539 λΕρῃρηιι
2262 4464 2416 4520 homo
2441 4475 2492 4522 et
2522 4483 2625 4521 non
2648 4467 2818 4522 Deus:
2848 4476 2895 4520 et
2929 4468 3047 4527 emi
3085 4483 3263 4529 eorum
3314 4484 3459 4532 caro,
3510 4478 3560 4522 et

1953 4577 2057 4615 non
2077 4564 2290 4629 spiritus
2306 4576 2325 4614 :
2352 4572 2399 4613 et
2432 4558 2690 4614 Dominus
2714 4560 2988 4631 inclinabit
3009 4559 3118 4633 [AL
3140 4559 3432 4633 inclinarit]
3453 4576 3564 4614 nta-

229 4655 351 4711 nisi
382 4667 435 4708 et
468 4653 612 4710 LXX
638 4656 999 4725 lnterpretum
1025 4654 1325 4711 editionem
1373 4654 1709 4721 disserui-ro,
1749 4653 1851 4708 im-
1881 4655 1928 4716 D
1954 4669 2077 4707 num
2115 4669 2284 4717 suout,
2317 4660 2363 4706 et
2383 4661 2588 4706 corruet
2636 4652 2942 4713 auxiliator.
2983 4660 3030 4706 et
3058 4653 3205 4707 cadet
3231 4668 3313 4707 cut
3347 4663 3564 4725 prtcsta-

233 4749 552 4823 pcrfertum
582 4767 720 4818 Opus
752 4768 837 4807 me
865 4751 1180 4807 habiturum
1213 4767 1335 4808 esse
1361 4752 1688 4808 denuntiant
1708 4752 1731 4805 ’ἰ
1755 4749 1856 4808 Se-
1956 4756 2041 4801 tur
2065 4746 2341 4808 auxilium,
2370 4746 2628 4818 simulque
2656 4761 2835 4799 omnes
2855 4756 3241 4801 consuntentur.
3268 4747 3399 4803 Post
3419 4764 3560 4803 unus

233 4862 388 4919 qoar
410 4847 573 4916 igitur
601 4855 819 4913 ceptum
849 4844 1097 4902 ordinem
1112 4832 1454 4905 disserendi.
1488 4846 1601 4900 Vox
1637 4845 1832 4901 Dumiu

1955 4843 2333 4913 jumentorutn
2365 4840 2575 4905 Austri,
2605 4847 2661 4891 et
2690 4852 2792 4892 eos
2812 4838 2905 4907 qui
2933 4841 3229 4905 portabant
3259 4844 3311 4895 in
3358 4838 3567 4911 Egyp-

238 4947 421 5009 atque
450 4950 780 5010 przrceptum
812 4942 1071 4996 omnibus
1115 4952 1240 4995 nota
1285 4940 1438 5008 ﬁent,
1487 4950 1540 4995 et
1591 4939 1858 4996 fortitudo
1963 4944 2074 4987 tuin
2106 4932 2327 4986 divitias
2354 4944 2485 4985 suas
2514 4930 2581 4983 ad
2606 4928 2891 5000 pupulum,
2924 4929 3019 4999 qui
3042 4931 3126 4982 eis
3152 4930 3417 4999 prodesse
3456 4948 3565 4987 non

240 5032 473 5088 brachii
506 5032 649 5087 illius
679 5033 889 5087 cunctis
921 5032 1163 5103 patebit.
1212 5033 1433 5103 quando
1478 5031 1859 5087 retributionis
1962 5034 2199 5098 poterat,
2231 5022 2324 5093 qui
2355 5024 2652 5093 Sperabam
2676 5024 2941 5078 auxilium
2970 5021 3135 5096 422
3163 5028 3213 5077 in
3244 5023 3565 5081 fortitudine

242 5136 482 5194 tempus
509 5124 815 5187 advenerit.
852 5126 1088 5180 llaman
1107 5134 1163 5180 et
1187 5126 1445 5190 turbinis,
1469 5126 1859 5197 grandinisque
1965 5117 2292 5181 Pharaonis,
2315 5127 2372 5172 et
2402 5116 2679 5172 habebant
2710 5115 2964 5172 liducnam
2998 5119 3050 5172 in
3085 5119 3275 5173 umbra
3319 5116 3567 5191 Egypti,

245 5218 658 5287 magnitudine,
688 5228 743 5273 et
773 5218 1015 5288 poitdere
1062 5217 1300 5285 lapidum
1344 5217 1653 5274 deseretur.
1684 5219 1862 5286 Super
1967 5214 2068 5267 sub
2098 5211 2289 5281 specie
2317 5209 2653 5265 revi-rsiunis
2682 5210 2736 5264 iu
2762 5209 3097 5279 Jerusalem,
3136 5221 3193 5267 et
3239 5212 3575 5281 captivitatis

242 5328 376 5385 quo
403 5311 651 5367 Ezechiel
687 5313 739 5367 in
784 5312 1092 5383 prophetia,
1137 5318 1197 5367 ut
1222 5312 1482 5376 diximus,
1527 5310 1643 5383 Gog
1673 5321 1728 5366 et
1754 5311 1863 5366 Ma-

242 5421 393 5479 gog,
419 5407 581 5474 p'enn
605 5422 863 5462 sermone
881 5406 1072 5462 scribit
1096 5406 1315 5461 (Ezech.
1333 5421 1564 5468 xxxrnt,
1589 5418 1633 5459 et
1652 5406 1865 5477 xxux).

249 5501 349 5557 Ad
388 5502 539 5555 vocis
564 5500 681 5571 ejus
713 5501 1004 5566 imperium
1029 5500 1439 5570 pavubitAssur
1464 5502 1613 5570 virga
1646 5514 1874 5571 pensus.
1974 5493 2287 5547 nuntiarat:
2316 5506 2460 5546 nunc
2491 5496 2786 5546 revertitur
2815 5490 2882 5544 ad
2919 5490 3170 5553 eosdem,
3201 5492 3271 5546 ad
3302 5510 3439 5563 quos
3480 5509 3577 5549 sn-

252 5607 390 5651 sus.
429 5593 617 5649 Omnis
644 5593 873 5661 impius,
907 5593 1088 5649 omnis
1114 5591 1360 5648 imitator
1388 5592 1567 5664 gentis
1601 5593 1873 5647 inimicae:
1980 5602 2072 5657 pra
2108 5588 2322 5641 lucultts
2346 5590 2525 5642 luerat
2551 5602 2618 5640 ne
2647 5585 3051 5641 descenderent
3079 5587 3132 5640 in
3166 5585 3485 5659 Egyptum.
3514 5589 3581 5645 Et

254 5700 386 5744 non
423 5700 534 5757 quo
563 5684 623 5742 in
652 5686 743 5742 die
766 5684 959 5757 jndicii
1013 5688 1163 5743 solus
1190 5686 1263 5741 sit
1290 5683 1573 5743 feriendus
1597 5682 1878 5755 Assyrius,
1983 5683 2088 5739 hoc
2117 5683 2263 5740 inter
2289 5691 2623 5756 praesentem
2653 5681 2834 5739 locum
2853 5689 2938 5738 est
2963 5690 3021 5737 et
3050 5684 3410 5752 praeteritum,
3430 5684 3583 5756 quod

1972 5404 2212 5467 perlecta
2261 5395 2533 5467 justurum
2592 5395 2933 5450 beatitudine
2984 5412 3170 5453 sermo
3224 5398 3576 5469 propheticus

341 5851 381 5883 ⁸
407 5822 581 5903 Antea
614 5853 732 5901 erat
780 5843 1086 5917 Theopheth
1108 5861 1130 5901 :
1179 5859 1314 5906 mss.
1359 5860 1491 5906 vero
1525 5845 1763 5920 Thopeth
1794 5845 2002 5919 legunt.

1904 6041 1941 6060 κ

1966 5304 2217 5361 laxanda:
2243 5303 2348 5379 sub
2376 5302 2539 5374 Cyto,
2569 5302 2638 5357 de
2664 5306 3144 5359 consummatione
3173 5305 3383 5367 saeculi,
3423 5317 3478 5360 et
3503 5305 3573 5362 de
3662 5306 3673 5313 “
