4004 7036
512 311 621 370 359

1779 296 1839 356 S.
1881 291 2159 373 EDSEBII
2196 293 2580 354 HIERONYMI

3717 293 3816 353 360

510 433 764 490 rissimos
792 426 976 482 fontes
1012 420 1222 478 invenit
1258 419 1310 475 in
1346 418 1599 485 deserto;
1645 426 1700 473 et
1735 419 1826 490 qui
1869 420 1921 473 in
1954 418 2117 474 vehe-
2144 435 2193 498 Α
2225 419 2469 473 ﬁdelibus
2511 418 2724 473 salvare
2763 417 2990 486 cupiens
3037 431 3145 472 non
3195 417 3516 481 credentes;
3557 421 3614 470 ct
3660 415 3819 470 stabit

513 527 683 583 menti
713 537 848 579 (Batti
876 520 1007 574 solis
1034 518 1231 572 ardore
1259 527 1449 570 cuncta
1486 525 1752 578 torrente,
1784 516 1886 568 sub
1914 513 2116 584 promi-

513 616 662 674 nenti
697 626 830 667 SJXO
863 608 1215 678 requieverit.
1248 605 1350 662 Ubi
1396 620 1495 659 nos
1537 605 1777 659 diximus
1813 622 1825 657 :
1858 605 1990 658 sicut
2023 604 2117 657 rivi

511 726 764 782 aquarum
798 709 851 760 in
889 707 998 768 siti,
1034 702 1389 769 Septuaginta
1422 703 1817 758 transtulerunt
1843 717 1856 752 :
1887 709 1934 752 ct
1955 715 2119 771 appa-

509 808 639 861 rebit
666 808 719 857 in
751 802 882 858 Sion
903 801 1052 870 quasi
1087 798 1272 869 ﬂuvius
1300 812 1529 849 currens.
1565 793 1803 850 Verbum
1836 794 1980 848 enim
2012 792 2115 847 lle.

509 898 780 955 braicmn,
804 894 873 948 de
897 909 1004 964 quo
1034 907 1198 962 supra
1221 888 1638 957 diSputavimus,
1662 902 1881 942 ΒΑςΛιυΝ
1905 883 2116 975 (ΠἺΒΞ).

509 994 655 1068 quod
689 993 896 1045 dicitur
926 989 977 1040 in
1005 987 1115 1049 siti,
1147 988 1264 1039 sive
1295 985 1350 1037 in
1385 983 1640 1040 siccitate.
1669 991 1726 1036 ct
1754 983 1807 1035 in
1837 981 1994 1044 invio,
2021 980 2120 1034 Se-

513 1087 796 1161 ptuaginta
845 1090 900 1137 et
943 1079 1274 1142 Theodotiu,
1307 1077 1361 1130 in
1405 1075 1537 1131 Sion
1569 1075 1909 1145 interpretati
1942 1080 2070 1127 sunt
2101 1088 2114 1126 :

511 1197 611 1254 pro
639 1194 814 1242 suos,
848 1177 900 1232 id
927 1184 1031 1241 est,
1063 1175 1172 1238 siti,
1205 1175 1448 1243 legentes
1477 1186 1616 1236 δίου,
1649 1185 1770 1239 quae
1798 1167 2005 1223 eisdem
2032 1167 2119 1220 lit-

511 1274 648 1331 teris
697 1271 976 1326 scribitur.
1021 1266 1153 1321 Cum
1207 1280 1336 1333 ergo
1385 1262 1640 1316 Christus
1691 1259 2018 1330 regnaveiit,
2066 1268 2120 1313 et

512 1370 788 1442 principi-3
811 1365 930 1435 ejus
973 1361 1288 1432 profuerint
1319 1359 1372 1412 in
1395 1357 1626 1427 judicio,
1663 1373 1773 1411 non
1803 1355 2118 1423 caligabunt

511 1461 654 1517 oculi
688 1467 714 1495 ει
743 1458 1106 1516 credentium,
1150 1462 1205 1507 et
1248 1467 1410 1505 aures
1452 1449 1784 1503 audientium
1825 1447 2118 1512 diligenter

509 1553 817 1616 attendent,
851 1566 969 1619 qu.e
1005 1548 1156 1620 prius
1197 1545 1378 1600 surdae
1414 1552 1595 1608 erant,
1623 1551 1679 1596 et
1723 1557 1819 1596 cor
1840 1540 2116 1609 quondam

509 1647 807 1704 stultnrum
843 1641 1112 1710 intelliget
1143 1637 1453 1700 scientiuu,
1488 1647 1542 1690 et
1589 1633 1764 1705 lingua
1809 1633 2114 1688 balbutien-

509 1746 646 1799 tium
677 1751 840 1807 atque
869 1748 1166 1795 mutorum,
1200 1749 1321 1802 quae
1352 1729 1629 1784 Christum
1661 1743 1858 1782 sonare
1888 1743 1992 1781 non
2021 1741 2115 1796 po-

2226 529 2392 584 super
2434 513 2602 567 duces
2650 527 2778 584 suos
2810 513 3122 579 Apostolus.
3155 527 3385 580 quorum
3428 509 3495 564 ad
3541 525 3706 562 unum
3739 509 3818 562 lo-

2221 608 2401 676 quitur
2427 623 2439 659 :
2468 604 2550 660 Tu
2593 617 2764 659 autem
2787 604 2937 658 homo
2967 604 3246 661 unanimis.
3280 603 3388 657 dua:
3409 618 3549 656 meus
3588 611 3636 655 et
3673 610 3820 655 notus

2221 699 2556 768 mcus(l’sal.
2600 715 2708 764 ων,
2757 698 2868 769 14).
2925 698 3048 752 llaec
3088 699 3249 768 juxta
3281 696 3628 762 llebraicum,
3661 711 3690 749 a
3717 711 3821 764 quo

2222 793 2368 848 LXX
2410 811 2512 849 non
2542 796 2719 849 solum
2749 793 2950 856 verbis,
2976 794 3070 848 sed
3096 803 3151 847 et
3180 793 3436 849 sensibus
3465 792 3518 848 in
3549 793 3821 862 plerisque

2221 891 2556 947 discordant.
2577 892 2710 948 Cum
2745 895 2886 947 enim
2912 909 3006 948 rex
3031 892 3212 963 justus
3235 893 3569 962 regnaverit,
3597 902 3650 946 et
3681 892 3823 961 prin-

2221 985 2369 1052 cipes
2415 985 2562 1039 illius
2618 985 3006 1055 ituperavetittt
3055 1001 3178 1042 cum
3224 985 3454 1055 judicio,
3508 987 3616 1039 erit
3663 985 3822 1040 homo

2221 1076 2558 1132 abscondens
2605 1093 2888 1132 sermones
2918 1093 3070 1142 suos,
3104 1078 3266 1131 hoino
3293 1077 3384 1148 qui
3425 1092 3523 1148 per
3570 1085 3819 1132 naturam

2221 1168 2363 1224 Deus
2389 1183 2493 1235 est,
2527 1180 2580 1224 et
2607 1172 2908 1225 abscondet
2937 1185 3218 1240 sermones
3240 1186 3386 1239 suos,
3420 1172 3648 1241 loquens
3671 1173 3751 1226 eis
3776 1174 3820 1228 in

2222 1265 2495 1333 parabolis
2523 1263 2736 1334 (Matth.
2775 1281 2868 1331 xx,
2900 1264 2992 1325 9.1,
3021 1264 3112 1331 25,
3141 1262 3235 1329 24,
3262 1276 3309 1319 et
3333 1263 3483 1334 nr).
3511 1263 3823 1321 Ahscondet

2221 1365 2402 1409 autem
2431 1358 2585 1428 quasi
2617 1359 2686 1410 ab
2713 1373 2854 1425 aqua
2882 1369 3160 1421 currente,
3193 1374 3220 1410 a
3256 1359 3454 1428 populo
3492 1358 3710 1413 sciliCet
3737 1358 3824 1413 Ju-

2218 1449 2480 1513 dtPOt‘lllll,
2507 1453 2597 1520 qui
2627 1451 2798 1505 instar
2825 1465 2976 1520 aqum
3005 1466 3105 1517 pro
3134 1454 3517 1519 magistrorum
3545 1451 3822 1508 voluntate

2221 1542 2326 1597 huc
2355 1544 2589 1612 iIIquue
2621 1543 2790 1598 l'ertur
2807 1553 2862 1599 et
2891 1545 3142 1598 trahitur.
3163 1544 3262 1612 Qui
3293 1543 3460 1598 homo
3483 1545 3824 1601 abscondens

2219 1638 2359 1707 apud
2393 1638 2702 1692 incredulos
2733 1654 3016 1693 sermones
3055 1653 3207 1702 suos,
3254 1638 3538 1708 apparebit
3572 1639 3628 1693 in
3673 1638 3820 1704 Sion,

2221 1731 2323 1784 hoc
2349 1742 2450 1793 est.
2483 1733 2532 1785 in
2575 1731 2812 1787 Ecclesia
2845 1734 3001 1803 quasi
3033 1731 3230 1786 ﬂuvius
3262 1733 3515 1803 inclytus,
3546 1743 3598 1787 et
3633 1733 3823 1787 decur-

511 1846 672 1894 terat.
701 1833 859 1902 pleno
890 1837 1186 1901 apertoque
1214 1838 1472 1879 sermone
1508 1822 1796 1875 Dominum
1826 1817 2114 1874 conlitebi-
2143 1827 2190 1888 Β
2216 1840 2345 1879 reus
2367 1825 2420 1879 in
2446 1835 2586 1878 terra
2612 1825 2834 1880 sitienti.
2864 1827 3156 1896 Apparebit
3185 1828 3331 1881 enim
3352 1826 3638 1897 gentilium
3659 1842 3820 1898 pupu-

513 1938 620 1983 lnr.
670 1925 791 1980 Non
833 1920 1095 1978 vocabitur
1137 1916 1277 1970 ultra
1313 1916 1357 1968 is
1401 1915 1488 1985 qui
1533 1915 1723 1968 stultus
1755 1921 1846 1974 est,
1881 1912 2116 1982 princeps

509 2022 556 2093 (l
587 2019 708 2077 ϐων.
743 2017 803 2090 ι).
834 2013 1065 2071 Stultaiu
1094 2011 1238 2064 enini
1273 2007 1402 2063 fecit
1429 2008 1569 2060 lteus
1597 2006 1920 2074 sapientiam
1961 2002 2118 2070 hujus

508 2114 719 2173 sareuli.
773 2110 954 2179 Neque
999 2105 1363 2178 fraudulentus
1399 2102 1595 2155 doctor
1637 2111 1798 2167 atque
1831 2111 2117 2167 perversus

509 2207 856 2283 appellabitur
896 2217 1112 2275 magnus
1145 2202 1197 2252 in
1232 2196 1446 2267 populs
1484 2213 1496 2225 ·
1529 2193 1737 2250 Set-ilia:
1776 2192 2032 2246 t'tdeltcel
2062 2198 2116 2244 et

511 2301 800 2365 Pharisaei,
823 2296 1021 2367 quibus
1051 2291 1313 2348 Dominus
1337 2287 1690 2355 loquebatur:
1716 2283 1877 2340 Slulti
1899 2293 1945 2336 et
1970 2283 2112 2346 caeci,

510 2395 636 2466 quid
669 2394 840 2459 maius
881 2399 974 2452 est,
1017 2400 1201 2439 aurum
1231 2398 1299 2434 an
1341 2379 1590 2442 tcmplum
1635 2376 1775 2448 quod
1821 2373 2114 2442 sanctiﬁcat

507 2503 692 2542 aurum
727 2482 943 2555 (Matth.
975 2493 1130 2536 χχιιι.
1168 2476 1278 2547 t7).
1314 2473 1514 2528 Fatuus
1542 2471 1690 2523 enim
1742 2469 1886 2522 fatua
1921 2468 2111 2534 loque-

507 2588 615 2646 tur,
655 2595 753 2647 pro
784 2592 891 2640 ulla
932 2574 984 2628 in
1020 2571 1284 2647 llebraico
1328 2567 1595 2635 scriptum
1652 2571 1779 2618 est:
1820 2577 1990 2618 NABM.
2018 2576 2114 2615 ΝΑ-

503 2645 889 2732 nauatoauosn
911 2673 1056 2736 (πλην
1087 2648 1222 2724 .15.:
1241 2645 1385 2722 Lltiti).
1417 2660 1530 2712 Ilue
1572 2658 1826 2721 (Ιίοἰιιιιις,
1860 2667 1917 2710 ιιι
1949 2653 2108 2709 verba

503 2770 718 2840 Abigail
770 2774 1130 2834 exponamus,
1179 2754 1413 2810 dicentis
1459 2752 1529 2806 de
1567 2750 1738 2806 Nabal
1777 2749 2107 2840 Carmelio:

507 2838 811 2917 Secundum
839 2869 1020 2909 nomen
1045 2865 1195 2905 suum
1225 2848 1473 2918 insipiens
1495 2856 1566 2898 est
1594 2844 1634 2916 (1
1664 2842 1792 2914 Reg.
1823 2857 1960 2907 XXV,
1990 2838 2108 2911 9.5).

500 2955 644 3011 Vere
664 2952 809 3009 enim
841 2950 1026 3004 fatuus
1054 2950 1199 2997 l'atna
1228 2943 1500 3008 loquetur,
1524 2945 1578 2991 rt
1598 2953 1692 2990 cor
1715 2936 1833 3006 ejus
1865 2934 2112 3005 perﬁciet

499 3048 871 3114 iniquitatem,
905 3040 997 3110 qui
1023 3039 1092 3092 ibi
1118 3037 1296 3090 timuit
1317 3035 1409 3088 ubi
1441 3031 1608 3104 428
1637 3048 1743 3083 non
1778 3039 1896 3084 erat
1922 3029 2105 3093 timor,

502 3153 554 3198 et
585 3138 913 3193 abutebatur
945 3133 1172 3186 stultitia
1203 3145 1301 3200 pro
1332 3142 1626 3196 sapeuita,
1660 3125 1852 3178 dicens
1881 3142 1892 3176 :
1930 3122 2035 3177 Hic
2063 3123 2108 3177 si

2222 1917 2402 1986 lo,qui
2425 1918 2574 1986 prius
2597 1918 2844 1972 veritatis
2869 1919 3177 1987 patiebatur
3193 1920 3362 1984 sitim;
3393 1927 3448 1974 et
3476 1920 3678 1987 rigabit
3701 1934 3821 1974 arra

2219 2011 2457 2066 sitientia
2487 2011 2675 2064 lltltitt~
2876 2011 2988 2075 Dei,
3013 2013 3078 2064 de
3105 2027 3212 2082 quo
3239 2013 3508 2081 Scriptum
3534 2022 3621 2066 est
3649 2029 3662 2064 :
3690 2010 3821 2065 Flu-

2218 2106 2370 2158 minis
2392 2106 2608 2176 impetus
2633 2104 2864 2175 la'uﬁcat
2885 2106 3138 2159 civitatem
3174 2107 3265 2158 Dei
3289 2105 3442 2178 (Paul
3485 2123 3615 2170 XLV,
3644 2108 3725 2174 Δ).
3767 2106 3823 2162 Et

2218 2198 2271 2252 in
2299 2200 2571 2252 alioltiCo:
2597 2197 2812 2252 Flumen
2836 2196 2933 2252 Dei
2955 2200 3202 2268 repletum
3222 2208 3296 2252 est
3320 2215 3458 2266 aqut-
3493 2197 3820 2270 (Ρεαωδιιν,

2220 2289 2330 2359 10).
2368 2289 2486 2361 Ipse
2514 2293 2661 2344 enim
2693 2293 2930 2361 loquitur
2961 2293 3011 2346 itt
3054 2293 3387 2362 Evangelio:
3424 2293 3529 2358 Qui
3569 2294 3702 2353 sitit,
3749 2310 3824 2346 ve-

2215 2385 2322 2436 nia!
2345 2387 2412 2436 ad
2433 2401 2532 2451 me,
2555 2396 2601 2436 et
2623 2384 2780 2438 bibat.
2828 2385 2930 2452 Qui
2967 2387 3128 2440 credit
3152 2387 3203 2440 in
3235 2403 3333 2443 me.
3359 2387 3492 2441 sicut
3514 2387 3648 2442 dicit
3679 2389 3821 2442 Scri-

2216 2490 2385 2547 ptura,
2426 2479 2647 2547 [lumina
2681 2477 2744 2531 de
2777 2491 2951 2532 ventre
2971 2496 3083 2544 eius
3116 2481 3276 2549 ﬂuent
3304 2495 3454 2549 aqua:
3476 2481 3603 2534 υἱον
3637 2477 3817 2548 (li-an.

2213 2586 2309 2631 vn.
2345 2570 2458 2643 58).
2490 2573 2640 2626 'l‘unc
2663 2587 3006 2642 nequaquam
3041 2573 3318 2627 habebunt
3345 2574 3597 2628 ﬁduciam
3632 2574 3687 2627 in
3712 2591 3820 2629 ma-

2212 2665 2429 2736 gistris;
2473 2667 2567 2722 sed
2619 2667 2942 2736 przcbebunt
2980 2683 3142 2721 aures
3191 2683 3319 2722 suas
3362 2668 3430 2724 ad
3489 2669 3817 2725 audiendum

2203 2760 2540 2826 ·Ι)οιυίηιιιη;
2572 2773 2626 2814 et
2657 2775 2764 2815 tam
2796 2763 2961 2816 corde
2988 2778 3148 2828 quam
3176 2764 3353 2833 lingua
3389 2779 3582 2833 paceni
3609 2762 3818 2818 Domini

2212 2851 2544 2920 fatebuntur,
2577 2855 2892 2909 deserentes
2917 2856 3112 2911 stultos
3139 2858 3417 2927 principes
3447 2868 3504 2911 et
3537 2859 3819 2913 minisuos

2211 2961 2422 3006 eorum,
2454 2947 2545 3014 qui
2585 2947 2935 3001 credentibus
2962 2950 3013 3001 in
3041 2948 3250 3012 Jesum,
3281 2950 3630 3019 imperabant
3661 2953 3823 3005 silen-

2213 3038 2367 3093 timn.
2400 3040 2529 3106 Qua-
2560 3049 2884 3107 sequuntur,
2909 3041 3161 3096 eumdem
3197 3057 3364 3111 pr0pe
3386 3057 3638 3108 sensum,
3665 3059 3819 3114 quem

2211 3143 2265 3188 et
2296 3133 2643 3200 llebt‘aicum,
2686 3136 3002 3199 continent;
3040 3147 3093 3191 et
3130 3150 3358 3205 possunt
3412 3137 3698 3194 lia-reticis
3739 3155 3824 3194 co-

501 3248 567 3288 ex
617 3230 724 3283 Deo
755 3237 909 3292 esset,
943 3241 1045 3278 non
1095 3225 1312 3276 solveret
1341 3222 1608 3273 sabbatum
1659 3215 1838 3285 (Joan.
1885 3231 1960 3279 Ix,
1997 3215 2104 3284 16).
2138 3222 2183 3286 C
2216 3225 2410 3294 aptari.
2445 3225 2509 3280 lli
2539 3226 2685 3281 enim
2720 3227 3016 3298 loquuntur
3047 3238 3240 3284 coiitra
3273 3230 3563 3285 Dominum
3599 3233 3822 3286 menda-

501 3325 658 3396 Quod
702 3338 872 3393 usque
919 3319 1079 3373 hodie
1129 3316 1262 3370 facit
1308 3321 1564 3384 magster
1597 3325 2020 3382 sy.-agogat'utn,
2055 3317 2110 3362 ut

502 3419 752 3495 perlici.it
784 3413 1207 3473 simulationem,
1242 3423 1340 3479 pro
1382 3424 1486 3477 qua
1520 3407 1572 3460 in
1625 3405 1890 3460 llebraico
1920 3403 2110 3458 scribi-

502 3527 592 3572 tur
621 3527 795 3570 oxern
842 3511 1016 3598 (εμπ),
1059 3506 1112 3560 id
1159 3515 1263 3565 est.
1308 3503 1598 3578 ὑπόκρισις.
1632 3498 1786 3598 Uiide
1817 3496 2014 3598 smpi‘us
2043 3496 2106 3552 ad

500 3609 632 3667 Ρῑιςιι
651 3609 810 3663 ismos
834 3589 1038 3658 dicitur
1063 3617 1074 3650 :
1103 3597 1195 3652 νω
1220 3597 1356 3650 vobis
1379 3595 1575 3650 Scriba:
1599 3605 1643 3644 et
1665 3589 1920 3644 Pharisaei
1938 3592 2101 3658 hypo-

501 3703 651 3758 crita!
677 3695 898 3768 (Matth.
933 3708 1080 3756 unt,
1116 3689 1229 3760 14).
1270 3690 1331 3742 Et
1371 3687 1633 3752 loquatur,
1669 3683 1862 3751 inquit,
1895 3681 1963 3736 ad
2003 3679 2109 3735 Do-

502 3797 702 3850 minum
733 3786 1092 3860 fraudulenter
1124 3799 1141 3837 :
1178 3779 1452 3854 Magister.
1506 3781 1694 3831 scimus
1723 3779 1845 3842 quia
1889 3791 1953 3829 ea:
1997 3772 2110 3828 Deo

503 3905 593 3953 es,
649 3896 695 3940 et
747 3883 884 3953 quod
925 3879 994 3934 ad
1046 3890 1094 3931 te
1130 3892 1231 3929 non
1264 3875 1485 3945 pertinet
1509 3871 1572 3924 de
1610 3868 1939 3929 hominibus.
1990 3869 2110 3922 licet

501 3979 710 4038 censum
742 3977 859 4032 dari
893 3975 1110 4033 Cccsari,
1137 3986 1204 4024 an
1235 3984 1335 4022 non
1363 3965 1552 4039 (Ibid.,
1583 3980 1716 4022 χιιι,
1747 3961 1834 4026 16,
1870 3961 1982 4034 ιτ).
2007 3963 2106 4028 Qui

506 4073 890 4132 vacuo-faciunt
914 4065 1127 4120 animas
1153 4060 1448 4115 esurientis
1481 4057 1686 4128 populi.
1719 4065 1775 4111 et
1803 4064 1984 4125 potum
2016 4069 2111 4108 au-

507 4168 689 4224 ferunt
717 4161 1026 4219 sitientibus
1049 4156 1244 4215 turbis,
1272 4167 1372 4207 nec
1403 4152 1505 4220 ipsi
1537 4154 1824 4212 intrantes,
1853 4163 1953 4202 nec
1974 4146 2110 4200 auos

507 4262 717 4318 intrare
750 4257 1037 4325 patientes.
1065 4245 1416 4304 Frautlulenti
1440 4246 1585 4298 enim
1617 4243 1860 4296 doctoris
1884 4250 1939 4295 et
1961 4241 2111 4309 prin-

509 4354 650 4422 cipis
687 4347 866 4403 omnia
899 4359 1021 4398 vasa
1055 4350 1109 4395 et
1133 4355 1280 4394 arma
1312 4337 1420 4410 [ΑΙ.
1455 4332 1662 4407 amara]
1687 4341 1814 4388 sunt
1846 4336 2107 4400 pessima;

510 4445 600 4516 qui
639 4443 933 4497 concinnat
961 4435 1116 4490 ilolos
1157 4432 1222 4486 ad
1267 4429 1570 4499 perdendos
1597 4427 1871 4495 simplices
1902 4425 1957 4479 in
1997 4440 2112 4478 ser-

510 4554 672 4594 mone
697 4527 986 4591 mendacii,
1015 4527 1207 4581 tlicens
1228 4525 1293 4577 ad
1316 4523 1603 4589 deceptum
1636 4519 1891 4589 pupuluut
1914 4536 1927 4572 ι
1951 4519 2112 4571 Scru-

2213 3317 2382 3380 cium,
2408 3328 2463 3370 et
2493 3329 2809 3387 pervertunt
2838 3321 3051 3374 animas
3081 3321 3390 3377 esurientes
3424 3334 3593 3393 atque
3632 3325 3824 3379 sitien-

2214 3416 2314 3471 tes,
2351 3419 2404 3464 et
2435 3426 2631 3466 vacuas
2652 3411 2804 3468 abire
2827 3414 3059 3480 faciunt;
3092 3424 3149 3470 ut
3177 3416 3342 3471 etiam
3367 3416 3414 3471 si
3442 3419 3578 3487 quid
3611 3429 3825 3473 nitura-

2211 3501 2338 3558 liter
2387 3503 2512 3558 boni
2574 3506 2840 3572 habeant,
2889 3509 3277 3579 magistrorum
3334 3512 3592 3566 amittant
3651 3515 3818 3581 vitio,

2211 3613 2442 3668 quorum
2471 3614 2633 3654 omne
2663 3601 2954 3656 consilium
2986 3610 3092 3668 est,
3125 3613 3180 3658 ut
3205 3603 3430 3671 perdant
3455 3604 3696 3660 humiles
3726 3607 3824 3661 ini-

2212 3689 2335 3758 quis
2363 3693 2732 3758 sermonibus,
2763 3701 2819 3746 et
2845 3693 3112 3764 dissipent
3135 3697 3303 3749 verba
3339 3695 3624 3752 humilium
3659 3698 3716 3752 in
3745 3700 3824 3767 ju-

2212 3781 2378 3838 dieiu.
2411 3784 2466 3838 In
2512 3801 2620 3854 qtto
2654 3790 2855 3850 pariter
2881 3788 3274 3854 annotandum,
3315 3789 3460 3860 quod
3496 3791 3590 3858 qui
3629 3792 3705 3848 ab
3748 3793 3824 3848 eis

2213 3878 2390 3948 decipi
2417 3887 2616 3946 poteSI,
2652 3879 2870 3934 humilis
2898 3883 2990 3949 sit,
3021 3891 3076 3936 et
3097 3892 3260 3937 terra:
3287 3883 3603 3940 cohterens.

2288 3969 2467 4042 (Vers.
2499 3970 2534 4026 9
2565 3973 2746 4041 seqq.)
2775 3970 3022 4026 Muliercs
3045 3975 3327 4042 apulentaz,
3351 3977 3547 4047 surgite
3576 3987 3630 4033 et
3671 3981 3823 4034 audi-

2209 4072 2262 4118 te
2293 4080 2461 4118 vocem
2515 4081 2678 4118 meam
2708 4081 2727 4120 :
2752 4066 2880 4135 ﬁlias
2919 4068 3260 4135 confidentes,
3299 4071 3550 4140 percipite
3607 4075 3821 4129 auribus

2215 4157 2474 4226 eloquium
2506 4175 2692 4212 meum.
2729 4158 2855 4214 Past
2879 4161 2988 4215 dies
3036 4172 3082 4216 et
3105 4180 3323 4228 annum,
3349 4175 3395 4218 et
3424 4182 3515 4220 vos
3539 4170 3825 4221 conturba-

2214 4250 2394 4304 bimini
2431 4252 2748 4322 conﬁdentes
2792 4269 2812 4306 :
2839 4268 3198 4310 consummata
3219 4269 3292 4312 est
3321 4258 3458 4312 enim
3511 4259 3821 4314 vindemia:

2215 4343 2451 4399 collectio
2474 4343 2611 4398 ultra
2646 4361 2750 4400 non
2780 4347 2963 4401 veniet.
2999 4347 3358 4420 Obstupescat:
3387 4350 3676 4423 opulentte,
3704 4369 3824 4408 con-

2217 4437 2495 4492 turbamini
2539 4437 2906 4500 conﬁdentes:
2949 4442 3123 4496 exuite
3156 4459 3266 4507 vos,
3311 4457 3358 4498 et
3411 4447 3820 4515 ccnfundimini.

2216 4531 2322 4586 Pro
2351 4546 2460 4600 quo
2491 4533 2856 4602 Symmachus
2900 4534 3296 4604 interpretatus
3336 4546 3454 4598 est.
3489 4541 3773 4594 nudainini
3805 4554 3821 4592 :

509 4643 618 4688 tare
638 4640 687 4686 et
720 4627 855 4689 vide,
883 4621 1127 4690 quoniam
1157 4617 1422 4690 Propheta
1458 4615 1520 4666 de
1548 4610 1772 4667 Galila’a
1809 4628 1910 4665 non
1939 4619 2112 4682 surget

2217 4625 2485 4693 sequitur.
2511 4622 2778 4696 Accingite
2807 4623 3010 4680 lumbos
3045 4641 3261 4694 vestros,
3289 4647 3450 4701 super
3477 4636 3637 4685 ubera
3668 4633 3820 4703 plan-

509 4725 624 4798 [ΑΙ.
657 4716 908 4792 resurget]
939 4715 1123 4780 (Joau.
1160 4727 1258 4774 vn,
1287 4710 1404 4781 52).
1437 4707 1566 4762 Cum
1600 4705 1891 4772 loqueretur
1921 4705 1986 4758 ad
2018 4719 2114 4798 eos

509 4796 539 4856 ί)
569 4828 766 4885 pauper
794 4809 1078 4883 judicium,
1115 4806 1204 4874 qui
1237 4819 1355 4858 cum
1405 4801 1555 4855 dives
1598 4809 1761 4865 eSset,
1814 4812 1913 4867 pro
1959 4796 2114 4851 nobis

510 4923 719 4981 pauper
751 4904 926 4956 laetus
965 4911 1048 4954 est
1075 4898 1145 4966 (Il
1171 4897 1291 4950 Cor.
1326 4895 1462 4962 VIII).
1497 4893 1638 4948 Vere
1670 4908 1811 4946 enim
1847 4890 2111 4960 judicium

511 5003 595 5056 eis
623 4997 895 5060 Christus,
927 5003 984 5046 et
1007 4989 1270 5059 justitiam
1303 4988 1640 5058 loquebatur,
1675 4986 1900 5040 dicens:
1926 4985 2114 5040 Sinon

509 5093 652 5166 facio
681 5104 838 5162 opera
864 5085 1040 5140 Patris
1073 5083 1190 5149 mei,
1214 5083 1374 5136 nolite
1410 5081 1618 5135 credere
1656 5079 1784 5133 mihi
1807 5095 1825 5132 :
1852 5080 1898 5133 si
1938 5089 2114 5132 autem

511 5189 674 5260 facio.
703 5194 727 5222 ε
750 5192 799 5236 et
833 5180 876 5235 si
914 5179 1038 5231 mihi
1077 5193 1177 5230 non
1196 5177 1362 5242 pultis
1396 5174 1625 5238 credere,
1648 5175 1884 5244 aperibus
1923 5173 2114 5226 credite

514 5278 696 5352 (toan.
738 5290 795 5338 ι,
843 5272 957 5340 2.7).
1004 5269 1112 5326 Iste
1153 5283 1355 5338 pauper
1398 5267 1489 5336 qui
1549 5268 1787 5334 loquitur
1827 5265 2110 5334 judicium,

511 5375 769 5444 princeps
813 5376 869 5420 et
922 5363 1204 5422 Dominus,
1237 5377 1298 5414 ea
1343 5374 1462 5430 quae
1497 5359 1741 5448 principe
1785 5357 1944 5427 digna
1985 5369 2114 5412 sunt

509 5463 794 5534 Cogitabit,
821 5459 1050 5514 dicens:
1085 5454 1207 5510 Non
1247 5454 1359 5506 veni
1403 5453 1500 5506 nisi
1521 5452 1590 5504 ad
1621 5467 1736 5504 oves
1765 5452 1994 5522 perditas
2015 5452 2111 5506 do-

511 5575 628 5615 mus
657 5553 828 5612 Israel
853 5551 1073 5626 (Mattlt.
1099 5564 1189 5614 xv,
1219 5545 1330 5615 14).
1375 5544 1442 5600 Et
1477 5544 1744 5598 sollicitus
1770 5547 1876 5599 erit
1907 5560 2004 5614 pro
2030 5545 2112 5601 in-

581 5787 609 5817 ι
633 5775 834 5838 Vatia,
862 5771 1001 5828 oculi
1018 5766 1331 5838 videntium,
1354 5770 1400 5816 et
1427 5776 1597 5829 aures,
1623 5769 1729 5816 etc.

579 5847 611 5892 δ
639 5849 698 5908 1η
726 5836 921 5905 eodem
948 5855 1144 5914 pauper
1172 5836 1534 5893 desideratur.

2213 4716 2351 4788 gite,
2381 4732 2536 4786 super
2582 4717 2792 4789 regione
2830 4719 3188 4786 desiderabili,
3215 4737 3372 4793 super
3415 4722 3565 4775 vinea
3617 4721 3780 4786 fertili
3808 4738 3825 4774 .·

2213 4824 2369 4879 super
2393 4811 2604 4861 humum
2635 4808 2816 4877 papuli
2865 4812 2962 4865 inci
2993 4812 3146 4876 spina
3192 4821 3241 4866 et
3283 4829 3460 4884 vepres
3491 4817 3777 4868 ascendent
3805 4829 3824 4866 :

2215 4913 2407 4972 quanto
2425 4903 2589 4973 magis
2610 4920 2770 4972 super
2791 4922 2965 4959 omnes
2986 4907 3166 4962 domos
3188 4907 3372 4981 gaudii
3395 4910 3624 4965 civitatis
3646 4908 3826 4965 exsul-

2216 4996 2415 5049 tantis?
2441 4994 2633 5050 Domus
2663 4998 2797 5050 enim
2829 4997 3045 5052 dimissa
3081 5009 3157 5053 est
3200 5016 3219 5054 :
3247 5000 3530 5054 multitudo
3566 5002 3714 5056 urbis
3739 5019 3823 5056 re-

2215 5084 2339 5140 licta
2363 5096 2434 5140 est
2457 5102 2476 5140 :
2500 5088 2724 5142 tenebraz
2752 5099 2798 5142 et
2823 5088 3056 5161 palpatio
3086 5096 3242 5162 [actm
3274 5105 3392 5147 sunt
3429 5111 3588 5163 super
3613 5093 3827 5166 spelun-

2215 5195 2302 5233 cas
2344 5196 2502 5247 usque
2550 5181 2606 5233 in
2653 5192 2905 5236 wlernum
2935 5185 3226 5252 :gaudium
3268 5200 3584 5258 onagrorunt
3631 5202 3828 5256 pascua

2212 5288 2443 5344 gregum.
2477 5271 2651 5327 Donec
2679 5272 2982 5340 e/fundatur
3004 5292 3158 5342 super
3187 5293 3281 5332 nos
3315 5279 3530 5346 spiritus
3561 5279 3627 5333 de
3651 5277 3829 5333 excel-

2213 5379 2270 5415 so
2305 5379 2323 5416 :
2344 5371 2393 5417 et
2419 5364 2514 5417 erit
2545 5363 2803 5418 desertum
2831 5365 2883 5419 in
2912 5363 3179 5432 Charmel,
3208 5380 3253 5422 et
3286 5367 3532 5424 Charmcl
3553 5373 3605 5423 in
3626 5372 3825 5424 saltum

2213 5456 2553 5528 reputabitur.
2590 5457 2653 5511 Et
2673 5457 2920 5512 habitabit
2953 5459 3005 5512 in
3030 5459 3313 5516 solitudine
3327 5461 3620 5534 judicium,
3642 5474 3692 5517 et
3710 5466 3828 5531 ists-

2214 5551 2328 5605 titia
2348 5551 2403 5606 in
2430 5549 2668 5607 Charmel
2695 5552 2908 5606 sedebit.
2938 5551 3007 5606 Et
3045 5555 3144 5609 erit
3173 5570 3304 5627 Opus
3329 5557 3558 5628 justitia:
3597 5572 3710 5628 pax
3731 5571 3751 5611 .'
3780 5565 3827 5610 et

2284 5771 2306 5800 ⁸
2338 5760 2458 5816 Duo
2481 5760 2682 5828 Vatic.,
2711 5771 2758 5815 et
2784 5761 2911 5816 mihi
2941 5778 3044 5818 non
3066 5762 3244 5830 vultis,
3275 5772 3382 5822 etc.
