4004 7026
168 356 253 418 561
673 351 1335 416 COMMENTARIORUM
1371 350 1441 413 IN
1479 351 1715 414 lSAIAM
1753 348 2180 413 PROPHE'I‘AM
2219 351 2351 413 LIB.
2400 353 2470 413 X.
2512 351 2665 414 ﬂAP.
2708 353 2932 415 XXXII.

3327 358 3437 417 56!

165 475 316 532 cultus
334 472 550 545 justitiat
575 471 838 530 silentium
864 491 885 531 :
911 487 960 530 et
980 477 1227 532 securitas
1261 492 1420 548 usque
1456 476 1510 530 in
1550 476 1738 546 sentpi-
1763 477 1819 537 Α
1845 472 2002 546 (Luc.
2042 491 2134 540 xv,
2164 475 2280 548 55).
2331 476 2503 550 Adyta
2532 478 2780 550 Templi,
2813 489 2867 534 et
2890 484 3099 536 secreta
3145 481 3432 552 mysteria,

164 580 362 626 ternum.
394 565 456 620 lt't
492 566 687 622 sedebit
715 569 941 637 populus
967 584 1109 625 meus
1138 570 1195 625 in
1224 569 1613 643 pulchritudine
1638 585 1737 640 pa-

160 661 243 724 eis,
262 669 306 715 et
340 660 393 714 in
424 660 772 716 tabernaculis
813 660 1044 733 ﬁducita,
1069 671 1118 717 et
1158 663 1213 717 in
1251 662 1423 735 requie
1461 664 1731 733 opulenta.

160 754 351 810 στωιάο
381 763 553 811 autem
586 755 644 811 in
670 750 1000 813 descensione
1036 756 1223 816 saltus,
1247 766 1296 812 et
1325 756 1617 811 humilitate
1635 754 1734 810 Itu-

156 846 419 903 miltabitur
446 847 646 904 ciuitas.
671 846 837 922 ‘30
859 846 1008 904 Beati
1029 849 1117 919 qui
1152 849 1418 904 seminatis
1440 865 1599 918 super
1623 865 1735 904 om-

156 959 233 1000 nes
251 960 426 1016 aquas,
446 944 777 999 imminentes
807 944 988 1014 pedem
1021 945 1161 999 bovis
1188 956 1236 998 et
1256 944 1418 1001 asini.
1437 943 1608 1011 LXX,
1635 960 1734 1015 pro

155 1036 359 1093 tenebris
383 1047 432 1091 et
453 1036 778 1110 palpatione,
805 1054 922 1108 quis
945 1037 1100 1109 factm
1124 1047 1249 1093 sunt
1271 1054 1430 1109 super
1458 1039 1735 1109 speluncas

154 1144 295 1198 usque
320 1129 375 1182 in
422 1129 821 1197 sempiternum.
863 1130 1287 1198 transtulerunt,
1320 1143 1366 1185 et
1406 1140 1556 1186 erunt
1596 1131 1735 1186 villa:

154 1230 241 1276 tua:
277 1218 536 1292 spelunca
581 1238 742 1293 usque
786 1223 842 1277 in
879 1235 1133 1278 (sternunt
1163 1222 1351 1296 :quod
1380 1223 1435 1278 in
1467 1223 1735 1281 llebraico

153 1316 331 1374 dicitur
349 1332 529 1374 OPBEI.
554 1300 707 1388 bay)
729 1328 786 1375 et
822 1333 960 1375 sses
981 1321 1149 1409 qm),
1185 1334 1321 1391 quas
1351 1318 1568 1375 Hebraei
1599 1319 1736 1375 duas

154 1421 315 1466 turres
344 1412 397 1465 in
428 1410 737 1469 Jerusalem
773 1412 942 1469 fuisse
979 1415 1335 1479 arbitrantur,
1371 1414 1618 1469 excelsas
1648 1422 1734 1469 at-

152 1520 243 1575 que
288 1504 656 1569 ﬁrmissimas,
690 1522 813 1576 quas
860 1507 942 1561 bis
982 1508 1331 1577 appellantur
1398 1507 1733 1564 nominibus.

150 1596 369 1664 Quarum
425 1613 576 1668 prior
611 1599 1008 1670 interpretatur
1032 1600 1272 1665 tenebrat,
1315 1605 1434 1657 sive
1472 1600 1733 1668 nubilum,

150 1688 273 1759 quod
303 1703 477 1761 usque
504 1690 572 1744 ad
604 1690 780 1748 nubes
819 1691 1059 1762 erigeret
1089 1702 1273 1763 caput.
1306 1693 1515 1756 Altera,
1548 1693 1736 1766 proba-

150 1793 358 1837 ntentum
407 1793 465 1839 et
511 1783 753 1852 ﬁrmitas,
788 1784 927 1851 sive,
955 1795 1014 1842 ut
1040 1786 1403 1859 Symmachus
1433 1791 1619 1853 vertit,
1649 1788 1734 1842 in-

1841 567 2143 638 palpabiles
2175 569 2414 625 tenebra-
2441 572 2893 641 possederunt,et
2917 571 3053 627 facta
3076 581 3203 627 sunt
3233 588 3438 644 nequa-

1836 677 1997 732 quam
2025 661 2249 717 cellaria
2282 678 2531 718 vasorum
2558 664 2795 732 Domini,
2828 664 2925 721 sed
2955 665 3230 735 spelunca:
3265 681 3438 737 usque

1836 752 1891 808 in
1917 755 2332 825 sempiternum.
2353 755 2656 813 Audierant
2678 759 2825 815 enim
2847 774 2876 814 a
2902 759 3135 815 Domino
3152 759 3439 818 Salvatore

1839 845 2058 920 (Matth.
2085 863 2197 908 ιιι.
2231 849 2358 922 15);
2387 849 2585 905 Domus
2615 849 2796 906 Patris
2819 852 2951 919 mei,
2978 854 3161 908 domus
3186 853 3437 908 orationis

1839 944 2103 998 vocabitur
2122 960 2142 998 .°
2163 958 2252 999 vos
2268 956 2442 999 autem
2457 946 2658 1015 fecistis
2685 962 2800 1001 eam
2820 949 3119 1020 speluncam
3149 946 3432 1003 latronum.

1808 1033 2123 1100 .Guudium,
2159 1038 2357 1104 inquit,
2389 1055 2727 1109 onagrorum,
2759 1057 2953 1111 pascua
2996 1057 3229 1115 gregum.
3279 1040 3438 1108 Quod

1837 1131 1920 1186 vel
1944 1133 2098 1201 juxta
2129 1133 2370 1188 litteram
2401 1133 2819 1204 intelligendum
2847 1146 2954 1199 est,
2987 1151 3053 1191 ιο
3081 1136 3225 1206 quod
3251 1135 3439 1192 deser-

1841 1232 1891 1279 ta
1920 1227 2031 1280 sint
2058 1226 2274 1293 omnia;
2300 1226 2387 1281 vel
2424 1226 2803 1296 Spiritualiter,
2835 1230 2978 1300 quod
3008 1229 3236 1299 expulso
3264 1229 3441 1286 Israe-

1836 1317 1912 1383 le,
1940 1316 2040 1373 feri
2070 1319 2322 1375 homines
2350 1332 2403 1376 et
2437 1319 2534 1375 Dei
2558 1321 2805 1376 uoritiam
2837 1338 2942 1376 non
2973 1321 3256 1384 habentes.
3284 1321 3438 1379 habi-

1840 1421 1957 1469 tent
1992 1411 2048 1468 in
2088 1412 2297 1469 indica.
2327 1413 2396 1469 Et
2441 1413 2543 1468 hoc
2580 1413 2675 1469 ﬁat
2711 1415 2888 1471 donec
2934 1414 3245 1472 ell‘undatnr
3274 1431 3439 1486 super

1841 1523 1943 1563 nos
1968 1508 2194 1577 spiritus
2222 1508 2291 1564 de
2307 1509 2547 1576 excelso,
2580 1525 2743 1581 quem
2767 1512 3017 1566 Salvator
3043 1512 3343 1567 ascendens
3368 1510 3439 1567 ad

1840 1599 2081 1669 Patrem,
2114 1601 2469 1657 credentibus
2517 1618 2627 1673 rep:
2642 1594 2854 1668 omisit,
2885 1603 3075 1659 dicens
3108 1622 3121 1657 :
3166 1602 3299 1660 Ecce
3346 1619 3440 1678 ego

1839 1689 1997 1757 vado,
2024 1701 2070 1746 et
2116 1696 2321 1748 mittam
2365 1694 2507 1749 vobis
2534 1694 2873 1750 Paracletum
2920 1696 3184 1766 Spiritum
3211 1697 3442 1754 ueritatis

1840 1782 2025 1857 (John.
2057 1785 2198 1857 XVI).
2235 1786 2304 1840 Et
2336 1802 2551 1842 rursum
2586 1805 2599 1842 :
2637 1787 2815 1843 Donec
2844 1788 3123 1855 accipiatis
3154 1792 3220 1843 dc
3243 1788 3448 1845 excelso

150 1877 340 1947 quisitio
366 1891 389 1932 :
411 1890 484 1933 eo
529 1877 674 1949 quod
736 1880 792 1934 in
848 1881 1276 1951 contemplanda
1318 1879 1561 1935 culmine
1616 1879 1737 1951 ejus
1766 1884 1816 1945 Β
1843 1879 2084 1933 virtutem
2110 1883 2131 1951 (
2157 1878 2285 1934 Luc.
2314 1895 2462 1947 xxiv,
2493 1879 2564 1937 49
2590 1880 2631 1952 ).
2677 1882 2944 1953 Quodque
2980 1898 3145 1953 supra
3175 1885 3389 1939 dixerat
3423 1901 3438 1941 :

150 1970 277 2026 ouili
304 1970 653 2028 fallerentur.
684 1971 743 2027 In
777 1971 886 2028 line
915 1988 1132 2045 quoque
1167 1971 1390 2044 capituli
1439 1974 1511 2029 ita
1555 1972 1731 2029 inter-

153 2064 325 2134 pretati
353 2072 488 2120 sunt
513 2081 528 2118 :
550 2062 700 2119 Beati
720 2065 810 2137 qui
835 2069 1093 2122 seminam
1111 2083 1269 2140 super
1290 2082 1492 2122 omnem
1521 2082 1732 2136 aquam,

154 2155 225 2210 ubi
255 2157 338 2212 bos
362 2166 416 2212 et
445 2157 625 2212 asinus
667 2160 898 2214 calcant.
930 2158 1061 2215 Post
1091 2158 1434 2216 vocationem
1465 2168 1735 2231 gentium,

153 2250 349 2321 quando
395 2250 654 2306 Christus
693 2266 787 2309 res
841 2253 1194 2322 imperaverit
1236 2267 1359 2308 cum
1398 2252 1650 2323 justitia,
1680 2258 1737 2306 et

151 2347 409 2417 principes
440 2345 581 2417 ejus,
607 2346 859 2419 Apostoli
883 2358 938 2404 et
959 2348 1244 2419 apostolici
1280 2349 1383 2404 viri
1419 2345 1739 2417 praefuerit"

153 2436 485 2494 credentibus
531 2455 656 2495 cum
684 2439 917 2511 judicio,
941 2440 1207 2513 dirigetur
1234 2455 1419 2497 sermo
1464 2439 1739 2511 propheti-

154 2543 236 2587 cus
278 2532 343 2588 ad
388 2534 656 2591 mulieres
685 2535 999 2606 opulentas,
1028 2550 1165 2607 quas
1200 2536 1289 2593 vel
1320 2535 1485 2591 nrbes
1509 2521 1736 2601 ludo-te,

154 2626 228 2681 vel
251 2639 560 2698 synagogas
587 2627 736 2683 illius
773 2628 1058 2698 temporis,
1091 2628 1175 2684 vel
1209 2639 1264 2683 ut
1310 2628 1559 2698 plerique
1595 2628 1741 2682 arbi—

154 2728 363 2789 trantur,
388 2735 680 2779 matronas
723 2723 959 2778 divitum
996 2722 1272 2793 quondam
1303 2722 1485 2793 populi
1516 2720 1739 2777 Judaeu-

155 2830 259 2871 rum
279 2817 545 2874 debemus
564 2819 842 2885 accipere,
873 2818 1072 2890 quibus
1098 2821 1250 2890 quasi
1273 2815 1587 2888 jacentibus
1613 2814 1744 2870 dici-

158 2918 232 2965 tttr
251 2922 362 2979 post
391 2913 615 2968 ruinam
637 2912 919 2986 :Surgite;
936 2925 993 2970 et
1014 2912 1375 2968 nihilominus
1396 2911 1744 2982 appellantur

159 3004 267 3073 lilia:
291 3007 650 3081 confidentes,
682 3008 803 3065 sive
842 3019 1112 3081 sperantes
1143 3025 1162 3064 :
1192 3006 1619 3079 praecipiturque
1658 3004 1745 3061 eis

158 3108 211 3155 ttt
233 3102 456 3159 audiant
478 3117 766 3158 sermones
799 3101 1038 3167 Domini,
1064 3113 1120 3158 et
1151 3100 1511 3156 recordentur
1529 3098 1740 3155 dierum

159 3204 205 3249 et
230 3199 367 3265 anni,
408 3198 484 3253 de
519 3214 632 3269 quo
662 3199 714 3252 in
746 3196 1212 3269 consequentibus
1232 3200 1260 3230 ⁸
1286 3196 1486 3252 dicturi
1523 3209 1737 3260 sumus,

1837 1974 2024 2028 Adhuc
2055 1974 2340 2039 modicum,
2362 1984 2411 2029 et
2438 1976 2536 2030 erit
2561 1974 2794 2031 Libanus
2819 1977 2875 2031 in
2899 1976 3170 2043 Cbarmel,
3197 1988 3247 2033 et
3272 1977 3439 2033 Char-

1839 2065 1941 2121 mel
1961 2069 2015 2122 in
2041 2067 2236 2123 saltum
2259 2070 2586 2135 reputabitur
2614 2087 2635 2126 :
2665 2081 2714 2125 et
2736 2072 2951 2126 audient
2976 2074 3031 2126 in
3058 2072 3146 2126 die
3172 2070 3265 2126 illa
3292 2072 3441 2127 surdi

1837 2161 1989 2216 uerba
2018 2160 2159 2226 libri,
2190 2172 2237 2217 et
2272 2161 2338 2217 de
2383 2163 2625 2229 tenebris,
2654 2174 2701 2218 et
2733 2162 2958 2233 caligine
2997 2166 3136 2220 oculi
3184 2183 3442 2223 caecorum

1838 2254 2083 2308 videbunt
2102 2252 2326 2326 (Supra,
2355 2259 2531 2326 sm);
2557 2270 2702 2312 nunc
2736 2256 2860 2311 aliis
2882 2258 3066 2312 verbis
3090 2258 3327 2329 idipstnn
3358 2276 3446 2318 re.

1841 2348 1999 2419 petit,
2028 2347 2172 2418 quod
2202 2349 2442 2405 stilitudo
2470 2358 2717 2420 gentium
2746 2363 2998 2407 vertatur
3033 2353 3086 2407 in
3119 2353 3340 2410 divitias
3367 2357 3447 2413 ls-

1841 2443 1953 2497 rael
1977 2458 1993 2507 ;
2017 2451 2073 2497 et
2098 2442 2262 2497 Israel
2291 2454 2575 2511 reputetur
2604 2445 2657 2498 in
2686 2458 2910 2514 gentes:
2937 2460 3047 2516 quo
3069 2453 3319 2517 tempore
3352 2448 3446 2503 ha-

1839 2534 2103 2591 bitaverit
2124 2534 2174 2589 in
2202 2535 2427 2591 deserto
2446 2535 2736 2606 judicium,
2771 2536 3036 2594 Dominus
3066 2551 3231 2611 atque
3258 2541 3446 2598 Salta.

1843 2638 1951 2694 tor.
1982 2630 2075 2686 cui
2117 2629 2279 2686 Pater
2323 2630 2475 2687 dedit
2514 2648 2678 2689 omne
2712 2633 2978 2702 judicium
3010 2633 3194 2708 (Joan.
3239 2634 3345 2704 tn).
3374 2635 3445 2692 Et

1832 2723 2048 2797 justitia
2077 2724 2133 2777 in
2161 2722 2401 2779 Charmel
2444 2726 2758 2793 requiescet,
2803 2726 2873 2781 de
2896 2742 2999 2795 qua
3031 2742 3197 2797 supra
3235 2731 3444 2786 dictum

1842 2824 1929 2869 est
1960 2832 1974 2869 :
2004 2814 2068 2869 Et
2098 2816 2195 2871 erit
2217 2818 2271 2871 in
2300 2814 2544 2872 Charmel
2569 2817 2850 2883 desertum,
2880 2820 3022 2889 quod
3054 2820 3321 2891 judicium
3362 2832 3446 2877 at-

1843 2923 1950 2978 que
1962 2910 2175 2979 justitia
2198 2908 2401 2967 habitet
2428 2911 2480 2965 in
2499 2912 2745 2980 deserto,
2776 2923 2832 2966 et
2859 2916 3165 2984 requiescat
3188 2932 3238 2970 ιη
3263 2915 3440 2971 Char-

1844 3003 1977 3066 mel,
2009 3004 2099 3073 qui
2142 3006 2291 3073 prius
2315 3007 2696 3076 appellabatur
2726 3008 3191 3077 desertum.0pns
3221 3025 3442 3081 quoque

1837 3094 2065 3166 justitiae
2083 3098 2190 3151 erit
2212 3112 2336 3167 pax,
2360 3113 2503 3168 qum,
2530 3098 2685 3167 justa
2705 3101 3053 3163 Apostolum,
3075 3118 3291 3156 omnem
3316 3118 3442 3159 sen-

1844 3204 1966 3245 suut
1992 3202 2289 3258 exsuperat
2319 3190 2584 3264 (Philipp.
2624 3191 2716 3264 tv).
2749 3190 2817 3246 Et
2850 3194 3022 3248 cultus
3045 3195 3258 3259 iustitia:
3280 3193 3443 3250 silen-

160 3287 262 3357 ipso
294 3289 582 3347 Salvatore
632 3291 850 3347 dicente
881 3289 1156 3348 :Satritus
1197 3288 1408 3344 Domini
1441 3303 1599 3361 super
1637 3302 1735 3353 me,
1766 3280 1814 3346 C
1846 3284 1998 3347 tium,
2032 3294 2090 3337 ut
2133 3300 2241 3338 non
2284 3287 2474 3339 tnnltdc
2498 3286 2629 3355 quio
2664 3284 3000 3352 Julia-orum,
3044 3288 3140 3343 scd
3178 3288 3444 3346 brevitate

160 3396 347 3458 prapter
367 3387 515 3457 quod
545 3387 697 3442 unxit
734 3402 816 3442 me
836 3402 858 3442 :
883 3386 1238 3460 euangelizare
1268 3383 1581 3458 pauperibus
1610 3381 1747 3435 irrisit

162 3496 266 3535 me:
293 3481 585 3550 prtedicare
607 3480 824 3553 captiuis
852 3479 1236 3541 remissionem,
1261 3490 1308 3533 et
1343 3478 1493 3531 circis
1528 3477 1694 3531 visunt
1725 3489 1746 3530 :

161 3586 322 3629 vocare
339 3587 541 3627 annum
566 3571 774 3625 Domini
790 3569 1159 3635 acceptabilem
1174 3567 1326 3642 (Luc.
1351 3584 1425 3627 tv.
1448 3569 1541 3630 18,
1565 3565 1674 3635 l9),
1690 3575 1745 3621 et

161 3664 260 3735 ipsa
288 3664 602 3723 recordatio
634 3665 729 3719 liat
758 3666 842 3721 eis
857 3665 1012 3735 juxta
1042 3660 1397 3734 Septuaginta
1422 3661 1476 3716 in
1498 3660 1744 3715 dolorem

161 3771 265 3813 cum
310 3775 433 3829 spe,
472 3770 524 3813 ut
568 3758 830 3829 plangant
881 3773 943 3813 se
988 3756 1277 3812 Dominum
1329 3755 1663 3823 denegasse,
1692 3762 1748 3809 et

161 3862 295 3920 spem
329 3850 574 3908 habeant
601 3852 821 3915 salutis,
844 3850 891 3906 si
916 3853 1130 3922 egerint
1172 3847 1578 3919 paenitentiam.
1609 3846 1750 3902 Dicit

161 3946 289 4000 cnim
333 3945 676 4001 thttiellllttm
726 3958 1187 4009 consunnnatatn,
1228 3954 1286 4001 et
1333 3951 1456 4015 post
1499 3944 1746 3997 ultimam

164 4041 457 4094 vastitatem
473 4078 491 4105 ,
513 4053 637 4109 qua:
659 4038 762 4093 sub
789 4036 1128 4108 Vespasiano
1153 4045 1213 4094 et
1241 4037 1365 4092 Tito
1394 4036 1749 4106 Adrianoque

163 4136 362 4201 accidit,
387 4151 738 4208 nequaquam
777 4135 940 4195 aliam
982 4136 1357 4207 captivitatem
1402 4148 1527 4189 esse
1557 4142 1749 4188 ventu-

163 4242 289 4291 ram.
315 4245 420 4288 nec
446 4243 805 4285 remansuros
826 4228 1016 4284 botros
1039 4230 1092 4284 in
1119 4230 1353 4299 populis,
1376 4227 1467 4300 qui
1490 4226 1750 4297 deinceps

160 4322 439 4394 colligendi
472 4334 601 4379 sunt
651 4321 807 4380 Unde
851 4330 1215 4392 provocat-tur
1253 4321 1323 4376 ad
1368 4323 1668 4392 planctum,
1695 4327 1748 4376 cl

156 4414 401 4485 jubentur
429 4416 642 4474 nudare
675 4425 917 4486 pectora,
944 4423 1004 4471 et
1036 4414 1326 4486 accingere
1354 4414 1569 4470 lumbos
1595 4427 1748 4479 suos,

160 4524 220 4564 eo
244 4513 384 4583 quod
412 4512 571 4583 regio
590 4509 868 4584 quondam
897 4508 1304 4574 desiderabilis,
1327 4518 1384 4566 et
1412 4509 1569 4565 vinea
1597 4505 1752 4562 ferti-

161 4602 239 4674 lis,
255 4605 320 4662 de
345 4623 451 4678 qua
480 4607 747 4674 scriptum
768 4613 884 4660 est:
909 4601 1024 4675 Ego
1053 4603 1288 4677 plantavi
1316 4613 1362 4659 te
1388 4602 1589 4657 vineam
1609 4604 1753 4673 frue-

1846 3377 1973 3432 ﬁdei
2010 3377 2243 3433 adorent
2282 3378 2598 3442 Dominum;
2627 3388 2684 3434 et
2722 3380 2900 3435 securi
2931 3392 3133 3437 aeterna
3187 3399 3319 3452 pace
3361 3401 3445 3441 re-

1846 3475 2153 3543 quiescant,
2185 3483 2243 3529 et
2276 3472 2331 3529 in
2362 3474 2737 3532 tabernaculis
2767 3492 2953 3532 eorum
2987 3476 3097 3533 sint
3118 3477 3152 3532 d
3180 3481 3344 3547 vitiata,
3374 3480 3444 3536 de

1849 3566 2047 3637 quibus
2092 3569 2382 3637 Apostolus
2438 3568 2759 3637 loquebatur
2791 3569 2834 3641 (Ι
2865 3569 3048 3635 Cant,
3093 3571 3191 3643 5):
3237 3571 3445 3629 Gratias

1848 3675 1948 3734 ago
1974 3660 2081 3714 Deo
2099 3677 2211 3715 meo
2231 3677 2324 3734 per
2345 3659 2530 3717 Jesum
2548 3661 2841 3728 Christum,
2863 3666 3107 3734 quoniam
3129 3666 3183 3721 in
3212 3668 3448 3725 omnibus

1847 3753 2010 3828 432
2040 3754 2224 3809 divites
2246 3756 2372 3824 fac'i
2401 3752 2523 3809 estis
2553 3756 2607 3810 in
2630 3773 2713 3821 eo,
2737 3759 2790 3811 in
2825 3759 2965 3813 omni
2987 3762 3156 3829 verba,
3185 3754 3310 3815 etin
3333 3778 3443 3817 orn-

1847 3850 1903 3902 ui
1930 3849 2167 3904 scientia.
2190 3847 2324 3904 Cnnt
2353 3858 2534 3905 autem
2579 3851 2807 3920 populus
2845 3851 3177 3908 christianos
3218 3858 3446 3925 sederit,

1848 3941 1934 3995 vel
1961 3940 2285 3996 habitavc-rit
2317 3943 2369 3995 in
2403 3942 2831 4009 pulchritudine,
2864 3944 2984 4000 sive
3015 3956 3072 4000 ut
3101 3945 3240 4002 LXA
3271 3956 3450 4006 trans-

1853 4036 2119 4101 tulerunt,
2151 4034 2207 4089 in
2246 4034 2455 4090 civitate
2496 4036 2663 4105 pacis,
2690 4035 2830 4092 haud
2857 4039 3078 4094 dubium
3101 4047 3230 4109 quin
3258 4042 3311 4097 in
3348 4044 3451 4100 Ec-

1850 4126 2050 4193 clesia;
2084 4138 2209 4182 tunc
2243 4126 2453 4199 grando
2480 4137 2643 4199 atque
2687 4140 3002 4201 tempestas,
3039 4143 3094 4189 et
3126 4136 3339 4191 Domini
3371 4139 3450 4193 ira

1850 4221 2157 4278 desaeviens
2186 4221 2525 4278 de~ceudent
2553 4221 2607 4277 iu
2647 4223 2867 4290 saltum,
2898 4225 2969 4281 de
2996 4242 3107 4298 quo
3136 4243 3298 4299 supra
3334 4230 3452 4287 dic-

1853 4327 1966 4373 tttm
1995 4324 2113 4372 est:
2137 4315 2205 4371 Et
2229 4314 2470 4373 Charmel
2498 4318 2553 4371 in
2582 4319 2779 4373 saltum
2812 4321 3172 4394 reputabitur;
3195 4336 3249 4379 et
3271 4324 3449 4380 humi-

1852 4408 2080 4463 liabitur
2120 4407 2311 4464 t'iVilas
2356 4407 2689 4476 Jerusalem,
2716 4421 2773 4467 et
2806 4425 2950 4473 iuxta
2992 4415 3152 4470 aliam
3201 4416 3452 4486 Scriptu-

1852 4514 1990 4568 ram,
2032 4500 2100 4556 de
2130 4509 2275 4557 terra
2300 4500 2576 4570 loquetur.
2602 4502 2733 4571 Quae
2760 4518 2885 4560 cum
2914 4504 2989 4561 ita
3014 4521 3075 4563 se
3104 4507 3366 4581 habeant.
3395 4520 3453 4568 et

1854 4591 2210 4648 didicerimus
2254 4593 2514 4649 vaticinio
2563 4595 2892 4665 prophetali,
2917 4610 3122 4667 quanta
3156 4601 3296 4656 bona
3336 4601 3452 4671 *Εε-

162 4698 375 4768 tiferant,
402 4707 565 4755 totam
585 4714 757 4753 veram
783 4712 802 4752 :
828 4696 1087 4763 quomodo
1111 4711 1362 4753 conversa
1387 4711 1441 4750 es
1463 4695 1520 4749 in
1555 4694 1752 4749 amari-
1776 4687 1828 4749 D
1854 4692 2024 4750 clesia
2049 4707 2371 4764 possessura
2403 4694 2497 4760 sit,
2523 4703 2578 4749 et
2598 4705 2802 4763 quanta
2834 4694 2974 4749 mala
3005 4711 3234 4766 passura
3262 4699 3332 4754 sit
3362 4697 3454 4756 Je-

164 4792 386 4850 tudinem
414 4794 536 4848 vitis
576 4792 763 4848 aliena:
783 4789 920 4863 (Jer.
948 4806 1005 4858 tt,
1035 4789 1173 4863 2|)?
1203 4789 1451 4845 Romano
1477 4795 1746 4855 vastante,

160 4883 328 4941 deleta
370 4886 466 4941 sit.
502 4884 678 4953 Super
720 4882 959 4947 humum,
990 4882 1187 4953 inquit,
1216 4879 1400 4955 populi
1436 4882 1559 4945 mei,
1586 4877 1748 4952 531

161 4979 315 5050 spina:
336 4989 389 5036 et
414 4995 614 5052 vepres,
642 4980 764 5034 sive
787 4980 962 5050 fenum
1002 4975 1261 5031 ascendet.
1296 4980 1361 5031 ist
1398 4984 1485 5033 est
1512 4990 1707 5030 sensus
1733 4989 1748 5028 :

162 5072 214 5129 Si
256 5083 461 5130 terram
506 5072 775 5139 iudicatu,
808 5088 929 5142 quae
971 5070 1416 5143 repromissionis
1469 5082 1611 5126 terra
1641 5078 1747 5134 est,

160 5168 322 5238 Spiua:
355 5169 715 5240 repleverunt
742 5175 799 5223 et
830 5182 1045 5237 vepres,
1078 5176 1284 5237 quanto
1312 5165 1482 5237 magis
1509 5163 1642 5218 alias
1669 5162 1751 5219 ci-

159 5261 347 5323 vitates
377 5279 500 5333 qtne
532 5262 710 5332 plnum
737 5272 867 5315 sunt
893 5260 1118 5328 gaudio,
1138 5267 1197 5314 et
1211 5274 1331 5330 quae
1355 5258 1488 5314 illud
1516 5271 1755 5329 evange-

158 5353 316 5411 licum
343 5370 780 5426 consequentur;
824 5353 914 5411 ναν
942 5355 1032 5426 qui
1053 5355 1292 5428 gaudetis
1329 5369 1486 5421 nunc,
1508 5353 1757 5425 quoniam

160 5448 431 5519 plorabitis
445 5448 601 5523 (Luc.
628 5464 703 5505 vt.
731 5448 861 5521 95)!
896 5451 1158 5504 Dominus
1189 5446 1297 5521 [ΑΙ.
1328 5445 1555 5521 Domus]
1583 5451 1754 5516 enim,

1856 4786 2097 4842 rusalem
2128 4802 2142 4839 :
2175 4784 2321 4841 beati
2344 4786 2505 4851 estis,
2537 4785 2807 4855 Apostoli,
2835 4790 3130 4856 cieterique
3159 4790 3447 4861 Doctores,

1854 4881 1948 4952 qui
1977 4878 2267 4935 seminatis
2288 4894 2457 4948 super
2482 4893 2674 4935 omnes
2699 4895 2869 4951 aquas
2895 4881 3191 4953 Seriptur.t.-
3214 4898 3448 4955 εεηυιω,

1857 4972 1909 5028 in
1948 4971 2148 5040 quibus
2186 4969 2365 5026 calcat
2402 4972 2501 5026 bos
2542 4979 2599 5025 et
2632 4972 2844 5026 asinus.
2878 4972 2984 5029 Bos
3028 4977 3288 5033 mundum
3324 4979 3448 5035 ani-

1854 5065 1983 5125 mal.
2018 5078 2247 5135 propter
2267 5064 2597 5120 electionem
2623 5074 2859 5135 patrum,
2893 5065 3086 5121 asinus
3110 5068 3449 5138 immundus,

1854 5168 2076 5230 propter
2099 5156 2471 5214 idololatrian:
2503 5158 2778 5230 quondam
2805 5162 3126 5229 gentilium,
3175 5175 3231 5217 ut
3279 5174 3337 5218 et
3379 5163 3449 5220 do

1855 5252 2291 5311 Circumcisione
2321 5262 2376 5309 et
2395 5253 2465 5308 de
2499 5254 2772 5323 Prwputio
2801 5254 3039 5311 Ecclesia
3059 5250 3283 5312 Domini
3314 5272 3450 5313 con-

1859 5360 2139 5422 gregetnr.
2182 5348 2340 5417 Quod
2388 5364 2576 5421 supra,
2604 5349 2760 5419 juxta
2792 5348 2960 5417 LXX,
3006 5351 3247 5407 dicitur:
3282 5352 3455 5426 Super

1862 5454 2051 5501 terram
2098 5444 2279 5518 pepuli
2310 5443 2408 5497 mei
2453 5446 2621 5512 spinae
2650 5454 2697 5499 et
2739 5448 2915 5516 fenum
2954 5445 3227 5506 ascendet.
3262 5447 3459 5503 referri

162 5544 213 5597 id
238 5556 346 5611 est,
373 5546 637 5615 templum
666 5559 846 5599 nn-um
879 5543 1165 5599 dimissum
1197 5552 1304 5608 est,
1333 5544 1549 5599 dicente
1577 5557 1665 5599 me
1689 5540 1759 5597 ad
1865 5549 2076 5612 potest,
2107 5548 2163 5594 et
2202 5539 2269 5593 ad
2314 5537 2631 5602 haereticos,
2663 5549 2718 5593 et
2767 5537 2832 5591 ad
2886 5537 3166 5608 simplices
3213 5556 3463 5612 quosque

159 5636 485 5707 Apostolos:
512 5637 744 5706 Surqite.
775 5636 1019 5693 abeamus
1049 5638 1168 5692 hinc
1197 5633 1379 5707 (Joan.
1410 5650 1531 5699 xtv,
1556 5635 1682 5706 3i);
1706 5643 1764 5691 et
1863 5633 2229 5699 credentium,
2253 5630 2476 5701 qttinon
2502 5632 2573 5686 ita
2597 5631 2941 5698 Scriptorum
2972 5632 3273 5703 intelligunt
3300 5648 3464 5691 sanc-

160 5730 225 5785 ad
247 5729 961 5803 incredulos:Relinquetur
988 5731 1126 5787 vobis
1154 5732 1337 5786 domus
1364 5739 1534 5785 vestra
1559 5729 1764 5785 deserta
1866 5738 2002 5798 tam,
2031 5738 2093 5785 ut
2122 5728 2272 5785 illius
2299 5730 2563 5785 convenit
2591 5727 2888 5798 maiestati.
2918 5726 3075 5786 Unde
3107 5729 3322 5803 singula
3354 5730 3471 5788 sin-

233 5884 260 5916 ·
290 5876 452 5936 Unus
475 5876 681 5938 Vatic.,
705 5875 763 5929 in
795 5872 1220 5947 consequentibus
1250 5870 1438 5929 lecturi
1453 5886 1654 5929 sumus.

462 5973 750 6036 Panos.
800 5967 1037 6034 XXIV.
2918 5964 3000 6029 η
