4004 7036
1819 358 1878 418 s.
1920 344 2186 420 susse"
2223 358 2603 422 HIERONYMI

3762 350 3853 423 sit

554 482 703 553 gulis
746 476 1154 550 coaptavimus,
1200 481 1257 532 ut
1300 482 1449 532 terra
1488 474 1676 546 populi
1720 474 1837 544 Dei,
1884 477 2165 536 hazretieis
2192 482 2238 542 Α
2268 480 2644 539 Sennacherib
2671 493 2853 553 regem
2880 478 3232 553 Assyriorum
3256 477 3464 536 dictqu
3486 482 3699 549 putant,
3724 482 3855 551 quod

557 577 766 648 spinas,
803 572 1074 642 imperitis
1102 570 1407 641 quibusque
1431 569 1698 626 Ecclesiae
1727 568 1913 625 fenum
1940 570 2151 627 aderat.

633 666 1024 742 (Cap.XXXIll
1051 665 1310 721 .—Vers.
1337 665 1419 736 l.)
1448 663 1542 719 νω
1558 666 1648 734 qui
1686 664 1945 735 pradaris
1977 679 1996 719 :
2025 680 2156 719 non-

556 778 621 819 ne
652 772 704 818 et
734 762 847 834 ipse
872 758 1231 834 praedaberis.’
1252 758 1318 812 Et
1343 758 1434 830 qui
1469 759 1673 829 spernis
1704 773 1722 819 :
1756 773 1927 811 nonne
1970 765 2017 810 et
2042 757 2153 827 ipse

551 853 856 924 sperneris.’
890 851 1022 908 Cum
1046 850 1488 906 consummatteris
1521 849 1982 922 deprtudationem,
2010 857 2035 885 η
2064 848 2153 902 dc-

548 949 873 1023 prwdabcris
906 963 925 1001 :
957 963 1077 1001 cum
1117 947 1369 1019 fatigatus
1399 944 1616 999 desieris
1650 953 1997 1009 contemnere,
2029 958 2157 997 con-

548 1042 810 1098 temncris.
837 1038 1002 1097 LXX:
1038 1038 1135 1094 Va:
1157 1038 1249 1107 qui
1273 1052 1359 1092 vos
1385 1037 1599 1092 miseros
1642 1038 1881 1108 faciunt:
1904 1049 1992 1088 vos
2016 1035 2154 1087 enim

544 1150 699 1189 nemo
728 1134 856 1203 facit
896 1132 1133 1186 miseros.
1180 1129 1250 1184 Et
1280 1130 1369 1199 qui
1408 1128 1686 1201 rcprobant
1722 1142 1832 1194 vos,
1865 1126 1894 1166 δ
1925 1142 2015 1182 uos
2048 1142 2153 1181 non

540 1228 827 1300 rcprobant
861 1240 881 1281 :
916 1227 1190 1296 capientur
1233 1221 1598 1293 reprobantes,
1646 1232 1693 1277 et
1757 1220 2059 1286 tradentur,
2101 1230 2154 1275 et

544 1324 696 1395 quasi
725 1325 865 1377 tinea
903 1326 957 1375 in
987 1320 1293 1375 vestimento
1329 1318 1404 1371 sic
1441 1317 1846 1389 superabantur.
1893 1314 1967 1368 De
1997 1310 2149 1383 Apo-

542 1418 703 1473 stolis
746 1416 983 1478 dixerat,
1018 1423 1075 1470 et
1116 1412 1187 1468 de
1235 1410 1599 1467 ecclesiarum
1625 1406 1917 1481 magistris
1952 1422 1968 1459 :
2002 1403 2153 1461 Beati

543 1511 633 1581 qui
677 1509 935 1565 seminant
975 1521 1132 1579 super
1171 1521 1375 1559 omnem
1404 1517 1613 1573 aquam,
1641 1502 1728 1557 ubi
1772 1501 1862 1555 bos
1891 1506 1940 1553 et
1968 1498 2151 1552 asinus

542 1601 755 1655 calcant
780 1616 800 1655 :
824 1613 969 1654 nunc
1000 1596 1068 1652 ad
1084 1604 1466 1666 persecutores
1482 1606 1674 1648 eorum
1700 1589 2146 1646 maledictionem

540 1697 763 1769 dirigit;
796 1697 964 1751 immo
991 1692 1283 1749 adversum
1304 1690 1612 1762 principem
1634 1684 1957 1756 eorum,qui
1979 1682 2147 1762 corda

543 1790 788 1863 possidet
830 1789 1158 1858 impiorum,
1195 1784 1341 1855 quod
1387 1781 1655 1854 quidquid
1720 1779 1953 1836 iecerint
2002 1777 2147 1832 rcci-

2258 585 2546 647 postquam
2576 576 2764 632 decem
2790 575 3053 642 tribuum,
3078 590 3207 647 quae
3237 574 3657 646 appellabantur
3683 574 3853 645 Israel,

2256 667 2597 725 subverterit
2623 669 2908 735 civitates;
2940 656 2998 725 et
3028 679 3259 741 excepta
3301 667 3639 737 Jerusalem,
3668 667 3855 727 Iudaea:

2257 776 2474 833 quoque
2498 762 2665 819 urhes
2687 763 2920 834 ceperit,
2952 762 3071 834 ipse
3097 774 3414 834 superetur,
3448 773 3507 818 et
3524 762 3855 833 percutienti;

2256 853 2487 925 Angela,
2518 855 2634 926 ejus
2657 855 2912 911 deleatur
2942 858 3243 912 exercitus.
3287 854 3445 912 Unde
3476 869 3623 911 nunc
3648 870 3716 911 ex
3745 871 3853 927 pcr-

2257 961 2390 1001 sona
2424 948 2611 1018 populi
2638 948 2844 1019 gratias
2888 947 3185 1004 referentis
3226 947 3363 1014 beo,
3390 960 3554 1020 atque
3593 947 3853 1004 dicentis:

2259 1037 2502 1107 Domine,
2534 1041 2772 1095 miserere
2801 1042 2987 1105 nostri,
3026 1052 3078 1097 te
3104 1043 3530 1114 exspectavimus,
3562 1043 3684 1098 inec
3731 1042 3855 1098 dicta

2255 1136 2615 1200 contendunt,
2648 1153 2770 1207 qua:
2812 1138 3065 1206 przcseuti
3125 1136 3252 1209 [AL
3284 1137 3541 1209 sequenti
3583 1136 3856 1212 ]capitulo

2253 1226 2420 1301 434
2463 1229 2837 1294 continentur,
2895 1231 3038 1297 quod
3089 1231 3206 1302 ipse
3260 1230 3548 1286 brachium
3601 1232 3769 1287 fuerit
3812 1242 3856 1288 et

2255 1322 2423 1376 robur
2451 1323 2637 1391 populi
2660 1322 2952 1379 obsidione
2973 1322 3161 1379 vallati
3191 1324 3245 1379 in
3277 1334 3530 1394 tempore
3576 1326 3853 1390 matutino,

2255 1423 2310 1469 et
2336 1415 2486 1470 salus
2520 1417 2572 1470 in
2606 1416 2934 1473 necessitate
2958 1427 3015 1473 et
3040 1418 3310 1488 angustia.
3348 1420 3389 1472 Α
3425 1431 3558 1473 voce
3582 1418 3730 1473 enim
3762 1418 3855 1473 Au-

2252 1510 2382 1579 geli,
2416 1525 2578 1581 quem
2629 1510 2997 1583 Symmachus
3041 1513 3114 1568 ita
3148 1523 3204 1568 ut
3236 1516 3287 1569 in
3335 1514 3567 1569 Hebrteo
3597 1515 3850 1585 scriptum

2252 1608 2358 1666 est,
2402 1604 2685 1659 transtulit
2714 1602 2741 1641 ά
2762 1620 2911 1661 una
2939 1607 3117 1696 (pm
3139 1606 3180 1678 ).
3208 1622 3370 1677 quem
3395 1607 3615 1665 Hebraei
3637 1607 3850 1666 Gabrie-

2252 1695 2360 1751 lem
2390 1707 2692 1764 autumant,
2729 1706 2787 1756 et
2815 1695 3021 1755 habere
3044 1700 3432 1773 etymologiam
3470 1701 3689 1775 populi;
3732 1702 3850 1774 fugit

2250 1790 2531 1863 Assyrius,
2563 1802 2617 1847 et
2656 1794 2726 1849 ab
2754 1793 3093 1849 exaltatinne
3123 1794 3239 1860 Dei,
3273 1804 3467 1867 gentes
3489 1812 3613 1866 qua:
3643 1812 3771 1853 cum
3795 1812 3849 1855 eo

538 1881 721 1953 piant;
752 1889 807 1935 et
838 1891 1089 1949 prses-ens
1130 1877 1400 1946 potentia,
1431 1873 1742 1927 futurorum
1789 1870 1862 1925 sit
1910 1867 2139 1923 materia

2249 1895 2426 1951 erant,
2455 1886 2558 1941 huc
2596 1886 2834 1952 illucque
2873 1886 3135 1959 dispersre
3187 1898 3337 1944 sunt.
3383 1888 3595 1957 Quibus
3648 1889 3849 1963 fugien.

537 1982 964 2032 tormentorum.
997 1969 1155 2026 Unde
1177 1969 1336 2039 juxta
1365 1965 1511 2023 LXX
1547 1965 1750 2021 dicitur
1778 1982 1789 2017 :
1835 1962 1923 2016 νω
1957 1963 2029 2018 eis
2053 1963 2143 2033 qui

533 2086 624 2124 eos
656 2069 872 2123 miseros
905 2065 1109 2137 faciunt
1140 2078 1267 2118 :sos
1300 2061 1619 2116 enimnsmo
1651 2060 1775 2130 facit
1802 2058 2041 2112 miseros.
2076 2057 2143 2110 Et

532 2173 620 2219 est
665 2175 864 2217 sensus
898 2177 910 2212 :
939 2167 1205 2229 quamam
1260 2155 1313 2208 in
1367 2153 1479 2208 illis
1525 2161 1645 2217 est,
1684 2150 1906 2220 quando
1955 2164 2144 2219 perse-

532 2264 783 2328 quuntur
812 2267 933 2319 vos,
967 2262 1023 2307 et
1066 2248 1239 2304 variis
1285 2245 1531 2317 altligunt
1575 2244 1738 2317 533
1778 2244 2139 2311 cruciatibus,

532 2349 856 2404 interiectos
884 2356 1046 2416 atque
1074 2341 1349 2398 cruciatos
1380 2338 1618 2396 miseros
1645 2338 2002 2392 arbitrantur.
2032 2337 2139 2392 Sed

531 2444 718 2501 nullus
747 2458 847 2498 vos
873 2448 1057 2513 potest
1093 2439 1274 2494 lacere
1305 2435 1567 2499 miseros,
1597 2447 1706 2487 non
1749 2433 1894 2486 enim
1937 2433 2142 2487 habent

528 2540 585 2594 in
617 2536 798 2592 anima
838 2541 1193 2605 potestatem,
1222 2528 1319 2584 sed
1349 2528 1403 2582 in
1432 2541 1689 2596 corpore.
1723 2523 1792 2579 Et
1818 2526 1911 2594 qui
1942 2539 2140 2593 repro-

529 2633 764 2694 batvos,
801 2643 910 2684 non
941 2640 1043 2683 vos
1073 2621 1355 2693 reprobat,
1381 2619 1479 2675 sed
1518 2624 1647 2674 eut‘u
1689 2617 1783 2686 qui
1820 2632 1918 2671 vos
1965 2616 2138 2679 misit,

524 2724 679 2797 juxta
720 2721 859 2778 illud
895 2718 1039 2791 quod
1070 2716 1340 2787 ,Salvatur
1374 2712 1664 2782 discipulis
1708 2709 1952 2779 loquitur
1987 2726 2001 2760 :
2035 2708 2140 2774 Qui

531 2834 620 2874 uos
650 2815 917 2888 reprobat,
948 2829 1026 2867 nte
1046 2810 1287 2885 reprobat
1314 2824 1334 2863 :
1354 2817 1403 2863 et
1431 2807 1519 2878 qui
1546 2822 1629 2862 nte
1662 2804 1926 2876 reprobat,
1953 2820 2138 2873 repro-

532 2913 619 2968 bat
653 2928 767 2967 eum
793 2913 882 2982 qui
913 2923 995 2961 me
1036 2906 1179 2960 misit
1214 2902 1369 2977 (Luc.
1405 2916 1461 2968 ι,
1496 2899 1611 2969 16).
1642 2897 1944 2968 Capiuntur
1975 2897 2140 2965 igitur

531 3013 953 3077 persecutores,
989 3009 1044 3055 et
1101 2996 1322 3052 aeternis
1372 2993 1659 3049 tradentur
1701 2989 2014 3046 ardoribus.
2073 2988 2139 3042 Et

529 3097 807 3171 quomodo
852 3097 999 3150 tinea
1031 3092 1440 3153 vestimentum,
1472 3085 1544 3140 ita
1580 3086 1706 3140 illos
1735 3085 1879 3155 jugis
1916 3083 2137 3139 ﬂamma

524 3198 836 3250 consumet.
869 3187 1028 3256 Quod
1065 3196 1120 3242 et
1160 3186 1217 3239 in
1250 3184 1359 3239 ﬁne
1396 3182 1563 3252 hujus
1595 3181 1903 3252 prophetia:
1936 3180 2136 3236 scribi-

2249 1976 2415 2038 tibus.
2451 1977 2621 2047 spolia
2656 1987 2980 2050 congregata
3038 1986 3169 2035 sunt
3196 1995 3228 2035 a
3265 1978 3493 2049 Judscis,
3545 1983 3690 2039 sicut
3728 1985 3853 2040 solet

2247 2068 2442 2125 bruchi
2482 2080 2535 2127 et
2580 2073 2912 2128 locustarum
2952 2072 3135 2144 colligi
3170 2074 3486 2144 multitudo,
3516 2092 3641 2133 cum
3674 2079 3729 2134 in
3758 2079 3851 2135 fos-

2246 2178 2335 2216 sas
2365 2175 2703 2221 coucervatm
2735 2167 2954 2224 fuerint.
2987 2168 3045 2223 In
3090 2184 3322 2238 quorum
3354 2173 3586 2228 victoria
3618 2175 3852 2245 magniﬁ-

2244 2264 2399 2310 catus
2425 2268 2506 2311 est
2542 2257 2803 2314 Dominus
2824 2277 2837 2315 :
2860 2271 2912 2315 et
2937 2261 3068 2316 Sion
3093 2263 3314 2333 impleta
3336 2264 3544 2336 judicio
3562 2267 3847 2338 etjustitia,

2247 2360 2298 2406 et
2334 2351 2468 2407 fides
2494 2356 2703 2410 obsessi
2749 2358 2927 2426 populi
2955 2360 3345 2429 comprobata;
3380 2374 3692 2432 omnesque
3728 2363 3849 2418 divi-

2247 2444 2349 2497 tias
2378 2444 2431 2498 in
2452 2447 2719 2516 sapientia
2751 2449 3079 2517 habuerunt,
3112 2462 3166 2507 et
3196 2452 3422 2508 scientia
3453 2457 3545 2511 Dei
3581 2467 3635 2512 et
3667 2457 3850 2513 timore

2248 2536 2487 2604 Domini,
2523 2540 2617 2610 qui
2655 2541 2806 2597 solus
2850 2558 3043 2600 eorum
3093 2545 3383 2604 thesaurus
3432 2548 3554 2606 fuit.
3599 2550 3728 2609 Haec
3782 2553 3847 2609 illi

2240 2631 2393 2699 juxta
2450 2632 2733 2690 historiam
2786 2635 3057 2707 dixerint,
3127 2643 3275 2697 omni
3336 2645 3549 2700 ratione
3599 2647 3845 2715 nitentes,

2243 2722 2447 2780 Christi
2470 2737 2523 2782 et
2558 2726 2945 2799 Apostolorum
2975 2735 3098 2803 ejus
3124 2735 3451 2793 siibvertere
3491 2752 3845 2796 sacramenta.

2241 2818 2353 2875 Nos
2383 2830 2563 2877 autem
2597 2834 2718 2893 po-t
2758 2825 3153 2886 beatitudinem
3182 2831 3602 2901 Apostolorum,
3641 2835 3711 2891 de
3738 2837 3846 2907 qui-

2240 2912 2343 2967 bus
2373 2927 2534 2984 supra
2588 2914 2736 2988 (Ad.
2761 2932 2878 2990 cap.
2906 2933 3058 2985 xm,
3086 2919 3207 2995 20)
3255 2920 3461 2979 dictum
3528 2933 3648 2980 est:
3705 2923 3848 2981 Beati

2239 3008 2327 3077 qui
2356 3010 2612 3075 seminant
2637 3027 2795 3083 super
2822 3030 3021 3069 omnem
3080 3032 3290 3087 aquam,
3341 3016 3433 3073 ubi
3485 3019 3581 3075 bos
3606 3031 3657 3076 et
3681 3023 3846 3077 asinus

2239 3098 2460 3167 calcant,
2486 3108 2543 3156 et
2565 3102 3013 3161 lamentationem
3043 3118 3097 3164 et
3123 3110 3401 3179 planctum
3425 3126 3619 3169 eorum
3643 3116 3732 3186 qui
3760 3129 3847 3170 eos

2239 3197 2510 3263 persecuti
2544 3207 2689 3265 sunt,
2726 3198 3006 3270 dequibus
3036 3200 3091 3256 in
3124 3205 3593 3275 consequentibus
3616 3206 3843 3263 dicitur:

525 3296 637 3343 tur.
680 3283 882 3339 Vermis
918 3295 1100 3335 eorum
1132 3294 1236 3333 non
1277 3277 1552 3342 morietur,
1579 3284 1631 3329 ct
1662 3273 1802 3346 ignis
1832 3288 2008 3327 eorum
2033 3288 2136 3327 non
2162 3271 2212 3338 Ο
2252 3283 2341 3339 γα,
2371 3288 2455 3355 qui
2502 3290 2714 3344 ,πέσεν-οε
2761 3303 2850 3346 νο,
2902 3294 3140 3364 faciam,-
3195 3310 3285 3350 ,οε
3311 3271 3503 3352 ἀπεαπ
3548 3316 3700 3356 ,ωηο
3732 3302 3844 3372 [πει

526 3379 914 3450 εωάιὶηςιιιων.

595 3471 778 3544 (Vers.
803 3469 841 3521 ‘2
869 3466 1056 3537 seqq.)
1105 3461 1349 3526 Domine,
1392 3460 1636 3515 miserere
1685 3459 1849 3514 nostri
1874 3474 1893 3513 :
1923 3468 1972 3512 te
2001 3462 2137 3512 enim

522 3562 929 3634 exspectavimus
948 3574 968 3613 :
1000 3566 1109 3613 esto
1153 3554 1428 3610 brachium
1483 3567 1660 3627 eorum
1689 3549 1820 3623 [AL
1858 3550 2135 3623 nostrum}

519 3661 777 3721 inmane,
824 3665 875 3711 et
926 3654 1069 3708 satus
1095 3659 1275 3706 nostra
1302 3649 1358 3702 in
1398 3657 1629 3715 tempore
1665 3644 2035 3701 tribulationis.
2091 3646 2135 3699 Α

517 3769 640 3809 uoce
659 3751 846 3821 Angcii
863 3749 1107 3820 fugerunt
1135 3743 1341 3814 populi,
1363 3742 1428 3796 ab
1446 3741 1762 3796 exultatione
1776 3752 1867 3794 tua
1888 3741 2135 3812 dispersa

514 3857 638 3903 sunt
679 3854 875 3916 gentes.
933 3840 999 3894 Et
1029 3837 1486 3911 congregabuntur
1535 3835 1709 3905 spolia
1761 3846 1951 3902 vestra,
2000 3836 2134 3889 sicut

520 3940 787 4010 colligitur
813 3933 1065 4001 bruchus,
1096 3934 1234 3986 velut
1270 3945 1387 3984 cum
1416 3928 1574 3998 [osste
1628 3927 1795 3998 plena:
1837 3932 2031 3999 fuerint
2067 3928 2134 3982 dc

518 4052 600 4090 eo.
637 4031 1011 4103 Magniﬁcum
1058 4037 1134 4082 est
1180 4025 1460 4091 Dominus,
1509 4025 1751 4093 quoniam
1776 4023 2029 4078 habitarit
2076 4024 2130 4078 in

518 4130 756 4185 excelso:
783 4124 1019 4190 implevit
1050 4122 1181 4177 Sion
1200 4121 1406 4192 judicio
1442 4129 1492 4174 ct
1510 4119 1741 4193 justitia.
1775 4118 1842 4174 Et
1875 4120 1970 4174 erit
1999 4118 2131 4186 ﬁdes

516 4222 575 4275 in
600 4218 913 4290 temporibus
932 4216 1035 4268 tuis
1062 4228 1079 4268 :
1105 4213 1302 4268 divitia
1316 4213 1505 4266 salutis
1531 4198 1791 4281 sapientia
1813 4222 1860 4264 et
1876 4211 2095 4265 scientia
2108 4226 2129 4264 .-

2240 3380 2487 3434 miseros:
2516 3391 2566 3436 et
2589 3383 2721 3439 sicut
2742 3385 2878 3440 tinea
2906 3386 2963 3441 in
2988 3390 3307 3455 vestimento,
3333 3391 3410 3444 sic
3436 3400 3751 3462 querentur,
3780 3407 3841 3449 ex

2240 3478 2469 3540 persona
2496 3476 2815 3531 eorumdem
2868 3477 3282 3548 Apostolorum.
3324 3483 3693 3556 omniumque
3732 3498 3841 3541 cre-

2238 3562 2482 3620 dentium
2514 3564 2629 3622 bzec
2659 3569 2803 3625 dicta
2833 3572 3232 3630 convincimus.
3278 3576 3349 3631 Et
3371 3587 3457 3632 est
3483 3592 3716 3636 sensus:
3747 3579 3841 3637 Do.

2238 3656 2402 3724 mine,
2433 3659 2485 3713 in
2516 3670 2606 3713 tuo
2629 3664 2970 3731 speravimus
2996 3668 3222 3737 auxilio,
3253 3677 3309 3725 et
3326 3670 3379 3724 in
3402 3680 3456 3727 te
3481 3671 3835 3729 conﬁdimus:

2235 3762 2420 3803 semen
2476 3751 2888 3811 incredulorum
2944 3760 3102 3829 periit
3154 3759 3208 3815 in
3255 3771 3550 3834 mternum,
3587 3777 3646 3822 et
3701 3768 3838 3823 salus

2236 3843 2505 3897 nostrain
2544 3851 2794 3917 tempore
2835 3850 3201 3908 tribulationis
3252 3858 3525 3926 apparuit.
3577 3857 3661 3914 Te
3701 3859 3833 3915 enim

2234 3933 2509 4001 praebente
2549 3938 2838 4006 auxilium,
2902 3943 3087 3999 omnis
3128 3946 3375 4015 gentium
3423 3949 3720 4006 multitudo
3758 3952 3837 4007 di-

2232 4040 2421 4097 spersa
2451 4040 2559 4095 est,
2588 4041 2645 4085 et
2682 4033 2881 4102 praedae
2908 4042 3076 4107 atque
3104 4037 3345 4094 illusioni
3385 4041 3694 4100 victoribus
3721 4042 3831 4100 fuit.

2230 4121 2300 4176 Et
2349 4121 2456 4178 hoc
2501 4123 2705 4180 factum
2744 4136 2868 4181 est:
2900 4129 3028 4199 quia
3074 4143 3295 4188 sanctus
3326 4134 3595 4193 Dominus
3638 4138 3833 4195 habitat

2230 4216 2287 4270 in
2330 4215 2585 4285 excelsis,
2629 4227 2685 4273 et
2731 4220 2939 4290 repleta
2972 4228 3059 4277 est
3102 4224 3235 4281 Sion
3271 4225 3478 4296 judicio
3513 4238 3572 4285 et
3604 4230 3828 4300 justitia,

516 4314 671 4368 timor
716 4309 929 4364 Domini
974 4309 1091 4377 ipse
1146 4304 1422 4359 thesaurus
1475 4306 1612 4377 ejus.
1646 4303 1819 4358 LXX:
1875 4301 2122 4369 Domine,
2226 4310 2297 4367 de
2336 4325 2442 4381 qua
2486 4325 2650 4382 supra
2697 4316 2959 4385 scriptum
3011 4325 3127 4373 est:
3171 4319 3476 4389 chniescet
3527 4325 3582 4377 in
3639 4325 3831 4380 deserto

516 4406 765 4461 miserere
811 4402 994 4466 nostri,
1038 4400 1096 4453 iu
1135 4408 1184 4452 te
1228 4398 1367 4451 enim
1417 4396 1729 4464 conﬁdimus
1760 4413 1780 4450 :
1810 4400 2006 4467 factum
2047 4409 2125 4453 est
2214 4405 2483 4479 judicium
2536 4416 2586 4462 et
2624 4410 2859 4482 justitia.
2894 4411 3013 4483 ipsa
3041 4422 3290 4487 estergo
3333 4416 3486 4483 Sion,
3524 4434 3654 4491 qua:
3693 4420 3832 4491 prius

512 4515 693 4555 sentes
712 4492 1095 4551 incredutorum
1113 4492 1169 4544 in
1196 4489 1559 4559 perditionm,
1584 4488 1725 4545 salus
1749 4497 1921 4543 autem
1948 4499 2125 4545 ηοεινα
2224 4510 2308 4557 est
2334 4502 2605 4581 appellata
2628 4502 2931 4569 desertum,
2958 4515 3014 4562 et
3044 4508 3375 4581 quicumque
3407 4488 3742 4569 habitaverit
3778 4515 3828 4566 in

512 4594 571 4651 in
611 4603 839 4660 tempore
879 4585 1273 4642 tribulationis:
1316 4592 1529 4655 propter
1561 4599 1731 4637 vocem
1787 4586 1988 4641 timoris
2033 4586 2161 4676 alt-7
2223 4610 2309 4662 ea,
2362 4578 2608 4653 tradetur
2657 4600 2707 4654 ei
2765 4600 2857 4655 lex
2910 4602 3214 4674 Evangelii,
3272 4578 3326 4660 in
3366 4606 3523 4676 cujus
3578 4609 3829 4665 thesauro

511 4691 826 4755 stupuerunt
845 4679 1074 4753 populia
1106 4679 1290 4733 timore
1316 4686 1425 4744 tuo,
1454 4686 1503 4732 et
1529 4678 1773 4749 dispersa
1791 4689 1910 4734 sunt
1924 4692 2119 4751 genus.
2152 4675 2206 4737 D
2228 4692 2373 4747 salus
2421 4703 2606 4749 nostra
2648 4703 2753 4759 est,
2786 4705 2842 4751 et
2871 4698 3137 4768 sapientia
3179 4675 3546 4769 credentium,
3590 4713 3650 4759 et
3676 4703 3829 4760 disci-

514 4779 673 4835 Nunc
717 4788 891 4833 autem
933 4772 1386 4847 congregnbuntur
1432 4770 1605 4837 spolia
1656 4783 1821 4829 uestra
1875 4777 2023 4846 parui
2074 4787 2124 4831 et
2226 4786 2374 4856 plina
2404 4796 2460 4842 et
2500 4787 2693 4857 pietas,
2729 4789 2845 4844 sive
2873 4788 3030 4854 ﬁdes,
3084 4806 3205 4863 quae
3244 4795 3468 4865 proprie
3494 4795 3827 4854 Christiano-

510 4874 690 4946 ntagni
710 4889 729 4928 :
758 4884 781 4911 ο
802 4870 1070 4943 quandosi
1087 4869 1202 4937 quis
1217 4876 1491 4939 congreget
1514 4867 1762 4934 lomtal,
1810 4868 2124 4925 sicilludem
2223 4895 2345 4934 rum
2372 4890 2474 4946 est,
2507 4888 2564 4936 et
2599 4882 2762 4936 timor
2793 4882 3033 4955 Domini,
3063 4884 3115 4940 in
3142 4901 3250 4957 quo
3276 4887 3517 4945 thesauri
3544 4893 3826 4962 sapientia

508 4969 651 5025 vobis
675 4984 693 5021 :
722 4977 932 5021 sanctus
963 4963 1103 5016 Deus
1120 4962 1207 5032 qui
1231 4959 1431 5014 habitat
1454 4961 1508 5015 in
1527 4960 1762 5016 excelsis.
1792 4959 2011 5034 Repteta
2041 4974 2121 5018 est
2221 4974 2596 5028 continentur.

509 5063 643 5121 Sion
656 5059 864 5134 judicio
891 5065 940 5109 et
958 5054 1194 5127 justitiu,
1217 5053 1270 5106 in
1312 5050 1425 5124 lege
1454 5052 1744 5120 tradentur,
1774 5055 1829 5108 in
1862 5055 2119 5110 thesauris
2294 5065 2315 5137 (
2346 5065 2496 5120 Vers.
2538 5068 2570 5119 7
2592 5081 2745 5137 seqq.
2777 5070 2795 5138 )
2840 5069 2981 5127 Ecce
3016 5072 3250 5128 videntes
3301 5073 3607 5132 clamabunt
3669 5077 3823 5150 ριήπ

500 5155 647 5210 salus
674 5160 889 5206 nostra:
926 5148 1062 5202 venit
1087 5146 1361 5221 sapientia,
1396 5152 1443 5198 et
1474 5145 1775 5210 disciplina.
1818 5156 1866 5201 et
1896 5148 2059 5216 pietas
2081 5164 2114 5200 α

2245 5156 2577 5231 ιηρειίᾷθδ
2604 5162 2750 5229 pacis
2781 5178 2961 5218 amare
2992 5165 3213 5234 ﬂebunt.
3242 5165 3530 5240 Dissipata!
3555 5145 3679 5226 sunt
3708 5173 3819 5235 sic;

500 5247 753 5311 Domino,
781 5244 867 5298 isti
897 5252 1020 5297 sunt
1048 5240 1279 5295 thesauri
1300 5240 1548 5311 justitiae.
1575 5239 1789 5295 Hebrtei
1810 5240 2109 5310 mpitulum
2214 5252 2429 5305 cessauit
2483 5253 2741 5307 transiens
2796 5271 2888 5324 per
2930 5258 3186 5323 umnam,
3232 5239 3447 5315 irritum
3487 5267 3691 5333 factum
3743 5271 3818 5317 εει

495 5340 778 5410 superius,
807 5338 861 5392 in
901 5351 1011 5405 quo
1040 5333 1269 5404 legitur:
1314 5329 1403 5386 Va:
1437 5332 1527 5397 qui
1556 5332 1843 5399 prastat-is:
1874 5349 2042 5390 nonne
2061 5345 2111 5389 et
2212 5352 2441 5413 pactum,
2462 5345 2681 5413 proiecit
2719 5347 2973 5413 civitates,
2997 5329 3643 5420 nonrcputavithomincs.
3664 5353 3821 5408 Laris

492 5438 607 5507 ipse
650 5431 1010 5504 pradabsris?
1039 5438 1097 5483 et
1124 5428 1339 5498 reliqua
1378 5441 1552 5497 usque
1580 5426 1649 5480 ad
1682 5427 1875 5495 ﬁnem,
1916 5441 2105 5484 contra
2208 5442 2259 5488 et
2279 5432 2510 5505 elanguit
2543 5445 2705 5507 terra,
2737 5443 2986 5510 confusus
3006 5452 3083 5496 cst
3120 5442 3352 5500 Libantts
3376 5454 3426 5501 et
3456 5446 3744 5512 obsurduit,
3764 5456 3818 5502 et

566 5629 593 5659 ι
624 5619 801 5674 Vatic.
835 5614 1016 5685 ρονωάα
1055 5614 1155 5667 eris
1190 5626 1289 5681 pro
1322 5607 1726 5680 depra'daberis,
1761 5608 1908 5679 quod
1956 5611 2096 5668 inira

496 5701 821 5750 conatanter
851 5688 1074 5741 retinet.

558 5761 587 5800 1)
611 5762 765 5817 Alter
795 5755 1101 5824 Vatic.,qui
1121 5770 1174 5806 re
1214 5751 1391 5805 robant
1414 5766 1631 5817 vos,nos
1654 5766 1756 5804 non
1785 5753 2094 5820 reprobant:

564 5828 951 5876 mnmlmndtlm
981 5836 1037 5876 et
1066 5771 1224 5876 nauli)
1250 5820 1479 5876 inferius
1511 5821 1602 5876 ani
1631 5836 1717 5876 vos
1763 5824 1980 5876 miseros
2012 5827 2094 5876 fa-

485 5828 951 5907 quetuatlmodum
981 5820 1037 5880 et
1066 5820 1224 5907 paulo
1250 5820 1479 5876 inferius
1511 5821 1602 5891 qui
1631 5836 1717 5876 vos

486 5899 651 5972 ciunt,
668 5916 763 5959 nos
785 5899 924 5954 enim
948 5910 1121 5959 nemo,
1152 5904 1260 5948 etc.

2556 5621 2677 5709 μιιο
2709 5620 2884 5714 ’Vatic.
2932 5629 3193 5697 quomodo
3224 5632 3270 5684 si
3313 5632 3452 5704 quis,
3487 5642 3595 5690 etc.
3626 5633 3815 5693 Grtcce

2199 5703 2419 5761 quoque
2446 5702 2527 5746 est
2551 5702 2606 5751 ὃν
2635 5702 2846 5772 τρόπον,
3326 5702 3333 5704 τ

2199 5838 2245 5850 -.
2452 5780 2655 5850 WW2
2690 5783 2942 5850 q”“’_"9‘
2976 5773 3197 5850 Prﬂpljie
3247 5776 3454 5830 turbam
3499 5778 3809 5850 signiﬁcat;

1763 5824 1980 5878 ἠίεενοε
2009 5827 2094 5896 Ῐα-
2193 5824 2731 5922 εξξῌξεξςρμγφυέωξ
2752 5824 3810 5922 opus“;muminitiuii’éoiai;

2192 5898 2447 5973 Angclttm
2471 5898 2861 5977 interpretatus
2889 5922 2992 5968 est.

3554 6422 3582 6428 ἡ
3656 6420 3706 6426 κὴ-
3771 6416 3812 6426 κ-
3866 6409 3952 6428 ﬂ
