4004 7064
1528 255 1540 262 υ
1583 242 1605 268 ἃ

1247 280 1406 366 ρ”κ
1434 300 1439 303 ’

574 398 684 462 361
1839 391 1899 449 S.
1939 386 2216 451 EUSEBII
2241 386 2621 450 lilERONYMl
3785 385 3885 446 368

578 519 755 574 anima
780 520 951 571 uestra
979 510 1312 569 meditabitur
1338 508 1594 566 timorem.
1633 508 1736 567 Ubi
1759 519 1881 565 sunt
1919 525 2183 584 gramma-
2212 513 2266 573 Α
2290 490 2494 563 secutus
2518 523 2635 561 sum
2653 502 2945 560 Ecclesium
2973 500 3073 560 Dei
3097 500 3156 573 (1
3185 501 3304 560 Cor.
3327 500 3527 574 xv,9).
3555 499 3883 572 Principium

578 611 705 667 tici?
734 610 821 663 ubi
867 606 1264 663 consiliatores?
1308 606 1395 660 ubi
1440 613 1519 659 est
1567 604 1660 673 qui
1688 611 1927 659 numerat
1955 619 2043 657 eos
2089 602 2181 672 qui
2283 605 2428 659 enim
2472 602 2758 668 sapientiae.
2787 602 2951 655 timor
2980 599 3215 654 Domini.
3271 597 3370 654 Ubi
3409 606 3485 653 est
3530 597 3761 652 Scriba?
3799 598 3877 653 ubi

584 714 612 743 ι
644 706 877 760 nutriunt
915 713 963 757 et
1000 717 1219 775 paruum
1244 709 1289 755 et
1332 715 1579 770 magnunt
1623 697 1916 773 populum?
1969 697 2054 752 cui
2079 712 2185 751 non
2285 695 2414 769 legis
2452 695 2608 751 verba
2638 694 2970 763 ponderum?
2999 694 3085 747 ubi
3112 693 3294 748 doctor
3320 692 3665 761 parvulorum
3697 688 3882 762 (Pror.

582 799 725 854 dedit
745 799 1016 853 consilium
1042 811 1062 851 :
1079 810 1245 863 neque
1265 792 1453 849 sciebat
1478 793 1793 866 profundant
1818 805 1994 845 vocem
2017 790 2182 854 illius,

583 892 666 947 ita
694 901 748 945 ut
777 907 881 946 non
911 890 1115 945 audiret
1152 886 1379 962 papulas
1409 894 1754 959 contemptus,
1786 893 1836 939 et
1866 900 1969 939 non
1993 893 2066 937 est
2087 898 2183 936 atl-

582 983 746 1040 dienti
788 980 1153 1056 intelligentia.
1206 979 1477 1048 Quoniam
1537 978 1820 1047 dissipata:
1880 984 2009 1031 sunt
2060 976 2183 1042 vim,

579 1077 821 1134 cessavit
850 1076 1130 1132 transiens
1158 1088 1256 1143 per
1282 1074 1538 1136 semitas,
1590 1072 1808 1126 irritum
1858 1067 2057 1123 factum
2102 1072 2189 1121 est

581 1179 807 1241 pactum
836 1182 961 1223 cum
998 1167 1199 1238 populo
1231 1165 1571 1231 Jtnlaeorum,
1606 1164 1839 1234 projeeit
1876 1161 2023 1217 Dens
2048 1162 2189 1216 civi-

582 1271 726 1319 tates
749 1278 969 1328 eornm,
1004 1278 1113 1317 non
1146 1262 1417 1331 reputavit
1440 1274 1538 1315 eos
1566 1261 1709 1312 inter
1739 1256 2022 1323 homines;
2055 1271 2186 1327 pro-

584 1364 773 1427 pterea
817 1372 915 1412 vos
944 1357 1036 1427 qui
1071 1356 1233 1428 longe
1260 1357 1422 1421 estis,
1450 1353 1638 1409 audite
1685 1368 1809 1421 qua-
1854 1350 2102 1415 l‘ecerim,
2134 1357 2191 1405 et

580 1451 1021 1520 appropinqttttle
1070 1459 1127 1503 ιιι
1175 1449 1486 1520 agituscalis
1542 1445 1927 1501 fortitudinem
1984 1457 2188 1499 meam.

578 1541 622 1598 C
647 1544 883 1598 -nterriti
914 1552 1064 1605 sunt,
1098 1541 1218 1598 sive
1246 1550 1592 1597 recesserunt
1625 1537 1717 1610 qui
1763 1546 1925 1594 erant
1956 1538 2008 1591 in
2058 1536 2189 1592 Sion

582 1645 905 1705 peccatores
938 1635 1019 1689 vel
1052 1632 1208 1704 impii
1260 1641 1315 1688 et
1346 1643 1553 1687 tretnor
1583 1630 1826 1699 possedit
1848 1625 1974 1701 [Αι.
2014 1625 2193 1699 possi-

585 1725 770 1800 debit]
794 1728 1131 1800 hypocritas,
1165 1725 1367 1795 quibus
1397 1723 1657 1779 Dominus
1690 1724 1744 1778 in
1774 1721 2075 1792 Evangelio
2106 1720 2189 1775 lo-

582 1821 859 1894 quebatur
889 1838 904 1877 :
938 1818 1026 1875 Vae
1069 1817 1209 1873 uobis
1258 1816 1456 1874 Scribi:
1499 1828 1547 1872 et
1602 1813 1859 1870 Phari.~a:i
1902 1812 2193 1886 hypocrita:

2286 804 2362 855 Ix,
2399 789 2502 861 1)?
2547 790 2638 842 ubi
2686 798 2837 855 sunt,
2887 787 3078 857 inquit.
3136 786 3345 845 Scriba:
3373 796 3432 841 et
3466 784 3760 849 Pbar-saai,
3806 786 3884 856 qui

2289 883 2453 952 Leuis
2505 884 2669 939 verba
2702 886 3053 946 trutinantes,
3101 880 3376 936 infelicem
3429 883 3696 952 populum
3748 880 3881 933 deci-

2290 979 2553 1051 plvbttnl?
2584 994 2722 1050 quos
2745 995 2889 1034 nunc
2917 976 3173 1047 parvulos
3198 975 3483 1043 Scriptura
3517 975 3881 1043 cognominat,

2291 1074 2554 1146 parvulos
2583 1088 2774 1138 sensu,
2821 1071 3081 1143 parvulos
3124 1069 3511 1139 intelligentia.
3545 1067 3686 1121 Cum
3718 1076 3882 1123 autem

2296 1166 2442 1223 oculi
2464 1166 2741 1222 credentis
2769 1178 2953 1232 regem
2979 1166 3029 1218 in
3051 1178 3148 1219 sua
3171 1164 3461 1229 majestate
3479 1164 3882 1230 conspexi-rint,

2298 1270 2355 1318 et
2373 1276 2471 1316 cur
2498 1262 2617 1328 ejus
2639 1258 2957 1314 meditatum
2987 1257 3152 1312 fuerit
3181 1260 3457 1320 timorem,
3485 1253 3667 1310 tuncb
3696 1256 3881 1323 impru-

2299 1354 2519 1410 dentem
2554 1354 2807 1423 populum
2841 1368 2951 1408 non
2989 1350 3218 1416 videbit,
3253 1352 3512 1423 populum
3556 1351 3880 1418 Juilmorum,

2300 1450 2420 1507 sive
2450 1447 2899 1520 philnSttpborum
2925 1456 2983 1503 et
3008 1456 3289 1502 oraturum
3313 1444 3523 1514 mundi,
3553 1443 3649 1516 qui
3676 1446 3883 1513 app'au-

2299 1545 2431 1601 dum
2466 1544 2572 1600 sibi
2603 1544 2656 1598 in
2684 1541 2997 1598 eruditione
3023 1551 3080 1596 et
3123 1541 3434 1610 eloquentia
3489 1538 3775 1604 maculari,
3824 1535 3882 1591 de

2300 1639 2503 1710 quibus
2538 1651 2682 1692 nunc
2710 1644 2817 1692 ait:
2844 1635 3112 1705 Populum
3151 1633 3247 1689 alti
3283 1634 3536 1689 sermonis
3557 1633 3672 1688 :ita
3711 1641 3769 1685 ut
3804 1646 3887 1685 non

2295 1734 2462 1807 possis
2487 1733 2784 1803 intelligere
2825 1730 3242 1787 disertitudiuem
3267 1728 3465 1803 lingua
3496 1732 3650 1803 ejus;
3672 1742 3887 1797 quorum

2309 1827 2493 1883 omnis
2521 1838 2754 1882 ornatus
2782 1826 2838 1881 in
2869 1824 3050 1880 verbis
3078 1834 3181 1889 est,
3213 1824 3303 1892 qui
3356 1823 3556 1877 habent
3602 1820 3735 1877 folia
3784 1831 3887 1876 tau—

582 1911 817 1985 (bluttlt.
850 1926 1007 1979 χχιιι,
1055 1910 1161 1982 M)
1188 1911 1202 1965 l
1236 1907 1372 1979 Quis
1417 1907 1626 1979 poterit
1666 1907 1919 1963 habitare
1947 1907 2017 1961 de
2043 1905 2197 1962 vobis

2309 1930 2423 1977 tum
2450 1922 2810 1990 umbramque
2841 1931 3181 1982 sermonum,
3213 1928 3266 1973 et
3293 1917 3537 1974 fructum
3570 1931 3683 1971 non
3733 1915 3890 1983 possi-

578 2023 703 2064 Clllll
734 2023 804 2061 eo
827 2007 920 2077 qui
962 2005 1106 2076 ignis
1130 2015 1217 2059 est
1256 2002 1574 2057 devorans?
1611 2002 1738 2073 quis
1770 2001 2041 2056 habitabit
2064 2013 2192 2055 cum

579 2101 876 2158 ardoribus
906 2098 1295 2169 sempiternis?
1322 2096 1453 2153 Sive
1480 2096 1632 2168 juxta
1662 2094 1807 2151 LXX
1835 2114 1848 2150 :
1871 2094 2009 2164 Quis
2036 2094 2197 2150 vobis

585 2193 939 2247 annuntiabtt
957 2188 1078 2262 [AL
1105 2186 1516 2259 anntintiavit].
1538 2189 1663 2254 quia
1690 2186 1834 2258 ignis
1861 2186 2018 2242 ardet
2034 2195 2196 2242 teter-

587 2303 717 2354 nus,
748 2302 909 2356 quem
946 2284 1275 2356 praeparavit
1304 2283 1448 2338 Deus
1476 2280 1697 2337 diabolo
1724 2282 2007 2352 etnngelis
2038 2279 2197 2350 ejus?

583 2400 706 2454 (ιιιιες
739 2381 907 2453 igitur
935 2390 1138 2451 poterit
1160 2379 1407 2434 habitare
1434 2393 1559 2434 cum
1589 2382 1723 2446 lien,
1752 2377 1841 2433 vel
1869 2380 2196 2432 :inuuntiare

582 2492 816 2535 ventura
843 2474 1150 2546 supplicia?
1174 2473 1370 2530 Omnis
1395 2487 1488 2544 qut
1516 2469 1895 2542 hujuscemodi
1919 2480 2029 2537 est,
2058 2486 2197 2541 qua-

586 2575 696 2631 lem
753 2570 1107 2644 propheticus
1136 2585 1322 2626 sermo
1365 2565 1655 2634 describit,
1710 2566 1803 2636 qui
1845 2566 2088 2620 ambulat
2141 2563 2195 2619 in

587 2667 839 2738 pluribus
858 2664 1108 2735 justitiis,
1141 2673 1199 2719 et
1226 2676 1334 2718 non
1363 2660 1559 2727 semel,
1587 2660 1681 2714 sed
1711 2672 1932 2729 semper
1950 2657 2197 2727 justitias

583 2759 784 2830 diligit.
816 2774 916 2816 nee
947 2772 1056 2814 una
1083 2758 1226 2822 vice,
1259 2755 1356 2810 sed
1380 2756 1585 2825 jngiter
1613 2752 1859 2824 loquitur
1891 2752 2193 2806 veritates:

588 2855 680 2928 qui
715 2850 925 2923 projicit
948 2849 1261 2916 avaritiam,
1285 2863 1407 2921 quae
1433 2856 1521 2904 est
1542 2855 1718 2902 mater
1737 2843 2053 2899 calumnias.
2081 2840 2199 2898 Nisi

592 2945 741 3005 enim
772 2961 900 3002 cum
930 2943 1161 2999 alterius
1203 2941 1407 2997 damno
1435 2949 1490 2997 et
1539 2939 1706 3003 malo,
1740 2937 1990 3010 pecuniae
2040 2933 2199 2989 alteri

594 3057 705 3099 non
752 3046 1165 3097 coacervantur.
1206 3038 1273 3093 Et
1309 3034 1515 3093 excutit
1544 3048 1740 3089 manus
1788 3046 1919 3089 suas
1955 3031 2025 3087 ab
2048 3028 2202 3087 omni

596 3148 842 3191 munere.
873 3132 1092 3189 Munera
1123 3132 1325 3203 quippe
1350 3135 1632 3185 exczecant
1667 3128 1880 3192 oculos,
1910 3124 2079 3182 etiam
2109 3137 2197 3179 sa-

2306 2015 2434 2069 dent
2485 2012 2762 2070 veritatis.
2803 2010 3043 2081 Denique
3080 2010 3366 2082 sequitur:
3396 2008 3609 2079 [aqua
3648 2006 3798 2063 nulla
3830 2016 3890 2063 est

2296 2107 2573 2179 sapientia,
2623 2104 2694 2161 de
2733 2105 2931 2173 quibus
2971 2114 3025 2161 et
3065 2106 3175 2159 alio
3218 2104 3345 2159 loco
3391 2102 3593 2159 dicitur
3625 2121 3640 2158 :
3680 2102 3887 2158 Perdant

2296 2200 2610 2270 sapientiam
2642 2199 2980 2271 sapientium.
3011 2208 3059 2253 et
3099 2198 3422 2253 intellectum
3454 2198 3790 2267 prudentium
3823 2212 3890 2253 rc-

2298 2292 2525 2361 probabo
2551 2291 2605 2363 (I
2632 2289 2754 2346 Cor.
2773 2307 2815 2356 ι,
2853 2292 2914 2348 l9
2935 2293 2975 2361 ).
3006 2289 3161 2345 Cur?
3184 2291 3313 2361 quia
3343 2290 3565 2346 Stultum
3590 2288 3763 2364 ωε
3784 2289 3893 2346 fecit

2300 2385 2447 2441 Deus
2475 2384 2799 2453 sapientiam
2831 2382 2992 2450 hujus
3012 2383 3221 2439 surculi.

2376 2475 2570 2551 (Vere.
2602 2474 2676 2532 20
2713 2478 2903 2547 seqq.)
2928 2474 3148 2545 Respice
3175 2474 3306 2531 Sion
3325 2476 3585 2531 civitatem
3606 2475 3893 2531 solemnia.

2298 2574 2366 2628 tis
2393 2584 2589 2627 nostra:
2612 2587 2631 2626 :
2655 2569 2797 2626 oculi
2819 2570 2895 2625 tui
2922 2570 3169 2625 uidebunt
3186 2551 3892 2640 Jerusalem,'habitatiancnt

2298 2669 2599 2736 apulentam
2625 2681 2645 2720 :
2667 2664 3062 2720 tabernaculum
3097 2663 3237 2730 quod
3264 2679 3595 2735 nequaquam
3634 2662 3890 2733 transferri

2298 2759 2516 2831 poterit.
2551 2774 2644 2813 nec
2679 2757 2982 2826 auferentur
3023 2756 3159 2813 clavi
3200 2755 3311 2828 ejus
3343 2757 3399 2811 in
3431 2757 3825 2826 sempiternum,
3855 2765 3894 2811 et

2300 2866 2483 2905 omnes
2514 2849 2741 2922 funiculi
2770 2853 2884 2925 ejus
2911 2866 3019 2905 non
3036 2861 3371 2919 rumpentur.
3409 2850 3544 2916 Ostia
3576 2850 3888 2906 solummodo

2302 2944 2377 2998 ibi
2413 2955 2435 2984 ο
2467 2944 2779 3014 magniﬁcus
2810 2953 2885 2999 est
2917 2943 3175 2999 Dominus
3206 2955 3385 2999 noster
3412 2961 3431 2999 :
3455 2944 3603 2999 locus
3630 2946 3893 3016 ﬂuviorum

2298 3040 2396 3095 rivi
2428 3041 2673 3095 latissimi
2700 3050 2750 3096 et
2782 3050 3036 3112 patentes,
3080 3047 3187 3095 nan
3217 3040 3465 3094 transibit
3496 3055 3591 3109 per
3618 3055 3738 3096 eum
3769 3038 3891 3093 naris

2299 3135 2556 3209 remigum
2581 3152 2600 3189 :
2622 3151 2793 3206 neque
2839 3134 3067 3190 triremis
3100 3133 3123 3208 [
3146 3134 3227 3190 Al.
3274 3134 3447 3189 trieris
3470 3132 3703 3208 ]mngna
3734 3144 3889 3188 trans-

598 3228 865 3301 pientium
937 3227 1042 3297 Qui
1069 3227 1293 3282 obturat
1343 3238 1506 3280 aures
1532 3220 1701 3295 538
1741 3235 1870 3275 anas
1901 3233 1972 3275 ne
2014 3216 2203 3273 audiat
2301 3229 2568 3300 gredietur
2595 3245 2732 3283 eam.
2762 3227 3023 3285 Dominus
3064 3230 3206 3284 enim
3231 3229 3403 3301 judea:
3425 3238 3622 3294 noster,
3657 3226 3895 3283 Dominus

590 3324 861 3395 judicium
892 3320 1196 3393 sanguinis.
1227 3318 1423 3375 Omnis
1451 3319 1711 3387 iniquitas
1743 3323 1797 3371 et
1828 3311 2118 3384 Oppressit)
2141 3320 2197 3367 et

2308 3322 2485 3395 legifer
2511 3335 2712 3390 noster,
2741 3322 2997 3379 Dominus
3018 3340 3111 3379 rea:
3132 3333 3335 3389 noster,
3359 3319 3385 3360 δ
3410 3323 3524 3391 ipse
3544 3322 3771 3378 salvabit
3794 3337 3890 3377 nos.

596 3415 891 3489 iniustitia,
933 3414 1202 3485 judicium
1250 3411 1533 3482 sanguinis
1561 3416 1775 3463 est:et
1831 3406 1963 3461 licet.
2016 3405 2205 3477 gladio

602 3526 712 3568 non
745 3509 983 3575 occidat,
1025 3509 1304 3564 voluntate
1354 3517 1535 3558 tamen
1566 3501 1849 3558 interﬁcit.
1893 3498 1963 3555 Et
2006 3498 2208 3555 claudit

521 3610 528 3620 '
602 3601 787 3661 oculos
808 3619 929 3659 suos
958 3617 1022 3656 ne
1042 3582 1227 3656 uideat“
1249 3596 1466 3653 malum.
1498 3594 1650 3652 Felix
1680 3594 2036 3661 conscientia,
2084 3607 2208 3664 quae

602 3717 711 3758 non
741 3701 915 3766 audit,
965 3712 1069 3752 nec
1110 3694 1312 3766 aspicit
1342 3694 1565 3749 malum.
1595 3690 1701 3759 Qui
1750 3690 1916 3762 igitur
1946 3687 2071 3743 talis
2096 3694 2206 3751 est,

601 3796 721 3865 ipse
752 3790 1024 3849 habitabit
1055 3789 1110 3847 in
1153 3788 1427 3853 excelsis,
1459 3786 1566 3842 hoc
1594 3794 1712 3852 est,
1747 3788 1801 3840 in
1836 3800 2003 3855 regno
2038 3784 2209 3841 cteln-

606 3903 752 3955 rum,
784 3868 903 3941 sive
929 3888 981 3939 in
1025 3882 1242 3940 excelsa
1274 3884 1535 3953 spelunca
1566 3891 1736 3951 petra:
1775 3878 2115 3942 fortissimae,
2151 3876 2208 3932 in

604 3981 831 4037 Christo
854 3980 984 4036 Jesn
1010 3993 1169 4048 :qua:
1193 3984 1347 4046 petra
1372 3974 1539 4031 Israel
1570 3973 1833 4044 populum
1857 3973 2206 4042 sequebatur,

606 4087 666 4133 ιιι
699 4074 910 4131 biberet
937 4072 1007 4129 de
1032 4087 1121 4138 ea,
1163 4081 1220 4128 et
1262 4070 1412 4126 illius
1450 4067 1767 4125 tortitudine
1810 4077 2206 4138 protegeretur.

609 4165 774 4223 Panis
820 4166 873 4220 ei
922 4164 1163 4229 dabitur,
1211 4173 1268 4218 et
1295 4176 1451 4230 aquae
1500 4161 1620 4230 ejus
1666 4159 1857 4215 lldeles
1902 4168 2212 4229 suumque

609 4259 899 4333 gentilium
930 4257 1131 4313 fabula:
1159 4258 1214 4313 in
1247 4255 1521 4311 ambrosia
1542 4268 1598 4309 et
1621 4260 1847 4310 nectare
1876 4253 2209 4324 intelligunt.

613 4355 724 4411 Nos
764 4366 949 4408 autem
979 4366 1147 4420 panes
1185 4363 1240 4406 et
1271 4364 1442 4420 aquas
1481 4347 1850 4412 ﬁdelissimus,
1895 4346 2070 4418 legem
2112 4346 2211 4402 Dei

2307 3416 2492 3474 Lutati
2531 3427 2656 3473 sunt
2680 3418 2903 3488 funiculi
2942 3420 3037 3476 tui.
3067 3428 3115 3472 et
3143 3433 3247 3471 non
3286 3415 3644 3490 pran'alebunt
3667 3433 3689 3471 :
3710 3416 3785 3471 sic
3807 3414 3889 3467 erit

2308 3510 2480 3566 malus
2506 3521 2649 3579 tuus,
2670 3520 2725 3565 ut
2752 3511 2977 3567 dilatare
2995 3512 3204 3585 signum
3231 3526 3473 3582 nequeas.
3503 3510 3654 3565 Tunc
3673 3508 3892 3563 dit-iden-

2308 3613 2395 3659 tur
2434 3602 2605 3671 spolia
2642 3606 2937 3672 praedarum
2984 3605 3274 3660 multarum
3295 3621 3315 3660 :
3337 3604 3513 3660 claudi
3541 3604 3791 3676 diripient
3818 3618 3891 3655 ru-

2307 3697 2509 3769 pinam.
2545 3695 2658 3751 Nec
2684 3696 2826 3752 dicet
2853 3698 3077 3759 vicinus.
3108 3698 3320 3769 elangut‘
3347 3712 3369 3753 :
3393 3699 3625 3769 populus
3650 3698 3739 3767 qui
3765 3694 3893 3750 [tabi-

2308 3797 2381 3844 tat
2407 3790 2466 3843 in
2504 3805 2565 3843 ea
2591 3792 2857 3860 auferetur
2884 3788 2950 3844 ab
2977 3806 3037 3844 eo
3075 3790 3345 3858 iniquitas.
3390 3788 3535 3845 LXX
3559 3808 3572 3843 :
3599 3787 3736 3844 Ecce
3778 3787 3896 3845 Sion

2315 3884 2515 3938 civitas.
2554 3886 2787 3939 salutare
2816 3893 3055 3940 nostrum
3083 3899 3104 3939 :
3129 3885 3272 3939 oculi
3300 3885 3377 3939 tui
3413 3883 3662 3940 videbunt
3701 3883 3896 3937 λιι-ιιι·

2313 3975 2429 4031 lem.
2466 3977 2651 4031 civitas
2674 3976 2837 4039 dives,
2872 3978 3210 4033 tabernacula
3243 3994 3359 4047 qua:
3384 3993 3488 4032 non
3532 3976 3896 4033 mouebantur:

2311 4085 2407 4124 nec
2430 4073 2735 4141 auferantur
2753 4069 2944 4140 paxilli
2964 4070 3292 4126 tabernaculi
3312 4070 3424 4141 ejus
3446 4070 3502 4124 in
3526 4072 3893 4143 sempiternum,

2313 4172 2363 4218 et
2392 4162 2622 4232 funiculi
2648 4162 2762 4235 ejus
2791 4179 2895 4217 non
2920 4163 3238 4230 diripientur
3260 4179 3280 4217 :
3301 4164 3425 4233 quia
3454 4178 3648 4218 nomen
3678 4174 3896 4235 maguum

2316 4257 2531 4313 Domini
2569 4258 2713 4312 vobis
2735 4274 2755 4313 :
2781 4258 2925 4313 locus
2961 4267 3128 4313 vester
3168 4259 3269 4312 erit
3297 4258 3518 4329 ﬂumina
3546 4267 3596 4313 et
3636 4258 3735 4311 riui
3773 4254 3897 4311 latis-

2312 4354 2434 4408 simi
2462 4362 2511 4408 et
2538 4352 2757 4419 spatiosi
2781 4367 2801 4407 :
2820 4369 2921 4407 non
2943 4352 3269 4421 ingredietur
3298 4366 3389 4422 per
3416 4365 3533 4404 eam
3553 4351 3703 4405 nauis
3722 4348 3896 4421 agitata

613 4445 1125 4518 interpretabimur.
1159 4442 1262 4511 Qui
1312 4443 1477 4512 igitur
1507 4442 1632 4496 talis
1661 4451 1769 4504 est,
1819 4456 2005 4513 regem
2053 4440 2217 4497 Cltri-
2316 4447 2531 4520 remigio
2564 4464 2581 4502 :
2610 4445 2751 4503 Deus
2776 4444 2896 4521 [AL
2930 4444 3220 4519 Dominus]
3242 4446 3376 4500 enim
3398 4462 3545 4499 meus
3572 4462 3784 4516 magnus
3805 4448 3895 4495 est:

610 4551 756 4599 stnm
802 4540 857 4596 in
891 4554 987 4595 sua
1018 4537 1274 4595 claritate
1310 4537 1640 4605 conspiciet,
1662 4536 1733 4590 de.
1770 4551 1879 4607 quo
1905 4551 2066 4602 supra
2097 4534 2217 4607 (Ad
2318 4561 2422 4600 non
2447 4543 2683 4598 transibit
2708 4558 2788 4597 me
2814 4540 3068 4597 Darninus
3084 4541 3252 4612 judge
3279 4550 3475 4603 noster,
3508 4537 3761 4594 Domim

614 4654 734 4710 cap.
770 4651 941 4698 χχιιι,
975 4634 997 4690 1
1026 4631 1048 4705 )
1080 4631 1322 4688 dicitur:
1346 4629 1480 4686 Ecce
1522 4646 1617 4685 rea:
1645 4631 1813 4697 iustus
1860 4631 2112 4703 regnabit.
2168 4639 2217 4685 ιι
2317 4653 2438 4711 ceps
2468 4650 2662 4701 noster,
2699 4635 2952 4693 Dominus
2978 4653 3075 4692 rex
3112 4648 3309 4702 noster,
3336 4632 3597 4689 Dominus
3623 4636 3734 4707 ipse
3753 4634 3897 4688 salu-

614 4732 875 4805 principes
901 4732 957 4785 in
974 4727 1183 4803 judicio
1213 4736 1497 4801 paverunt.
1532 4724 1598 4781 Et
1622 4725 1764 4781 oculi
1790 4725 1909 4793 ejus
1951 4724 2211 4781 videbunt
2238 4713 2293 4777 D
2317 4731 2388 4786 bii
2420 4748 2533 4786 ηοε,
2570 4728 2809 4797 Disrupu'
2829 4726 2946 4802 [AL
2997 4727 3229 4803 direpti]
3265 4736 3388 4783 sum
3418 4728 3650 4797 funiculi
3677 4726 3767 4785 m‘,
3792 4722 3898 4793 quia

609 4836 818 4883 terram
844 4825 913 4879 de
944 4823 1126 4893 longe,
1159 4834 1324 4891 quam
1364 4818 1539 4874 multo
1584 4828 1831 4889 tempore
1864 4817 2217 4874 desiderave-
2312 4841 2417 4881 non
2442 4825 2867 4898 prmaluerunt:
2896 4821 3065 4877 malus
3110 4834 3232 4878 tuus
3259 4822 3549 4877 inclinatus
3577 4831 3682 4883 est,
3712 4831 3735 4860 ε
3755 4829 3802 4874 ut
3831 4816 3900 4871 die

608 4925 758 4981 rant,
808 4928 1015 4972 terrain
1062 4915 1275 4968 mitium
1303 4919 1359 4968 et
1400 4926 1834 4973 num-'uemrutn.
1882 4911 1953 4968 de
2001 4927 2104 4982 qua
2157 4912 2212 4967 in
2318 4917 2486 4971 mittat
2532 4918 2819 4970 vela:non
2848 4915 3066 4970 eleuabit
3097 4916 3329 4987 signum,
3377 4914 3550 4970 donec
3591 4918 3816 4971 tradatur
3851 4913 3896 4963 in

611 5011 913 5080 Evangelio
958 5010 1223 5079 Scriptum
1267 5015 1355 5063 est
1378 5024 1393 5063 :
1415 5006 1566 5064 Bentl
1604 5008 1774 5071 mites,
1822 5008 2072 5080 quoniam
2107 5008 2210 5079 ipsi
2317 5010 2631 5066 vastitatem.
2666 5006 2825 5063 Multi
2851 5008 3014 5083 igitur
3042 5010 3220 5063 claudi
3248 5010 3457 5081 praedas
3484 5010 3678 5080 fas-ient
3708 5020 3789 5064 :st
3812 5019 3898 5058 Μ

614 5106 951 5178 possidebunt
978 5112 1165 5160 terram
1188 5101 1415 5175 (Matth.
1440 5119 1494 5169 v,
1519 5100 1586 5175 4)
1606 5121 1617 5157 :
1641 5105 1757 5157 sive
1782 5103 1834 5157 in
1856 5104 1997 5158 cmlt-
2026 5103 2209 5173 pusiti,
2319 5101 2512 5163 dicent,
2544 5101 2813 5164 laborabo,
2838 5101 3064 5171 populus
3088 5102 3181 5173 qui
3208 5100 3410 5156 ltubitat
3440 5105 3493 5178 in
3518 5103 3618 5165 eis,
3644 5100 3898 5155 dimittetur

611 5210 831 5257 terrena
863 5198 1193 5266 despicient.
1226 5195 1330 5251 Cor
1354 5206 1501 5250 tuum
1547 5172 1885 5250 meditabitur
1928 5172 2164 5251 timorem
2195 5210 2214 5249 :
2320 5197 2395 5251 eis
2419 5195 2685 5250 delictum.
2713 5195 2946 5261 Ojusle,
2969 5195 3059 5250 cui
3082 5172 3246 5265 supra
3273 5172 3483 5251 dictum
3517 5207 3603 5248 est
3631 5211 3651 5249 :
3678 5203 3899 5249 cortu!!!

606 5304 670 5351 ut
688 5309 812 5350 cum
835 5291 1022 5347 omnia
1040 5288 1204 5346 lueris
1223 5296 1575 5355 consecutus,
1598 5286 1749 5344 dicas
1767 5304 1889 5343 cum
1917 5288 2212 5356 Apostolo:
2324 5290 2657 5344 meditabitur
2686 5290 2957 5355 timorem;
2987 5299 3064 5353 et,
3100 5291 3351 5359 populum
3381 5289 3756 5356 imprudentem
3783 5284 3894 5358 [ΔΙ-

608 5388 715 5458 Qui
759 5403 864 5443 non
893 5402 1007 5441 sum
1032 5384 1218 5456 dignus
1259 5383 1437 5440 uocari
1474 5381 1781 5453 Apostolus,
1818 5383 2064 5452 quoniam
2097 5399 2219 5453 per-
2320 5380 2710 5456 impudentem]
2742 5399 2843 5438 non
2865 5382 3057 5439 uidebis
3075 5399 3095 5451 ,°
3124 5394 3178 5440 et
3207 5383 3300 5455 qui
3331 5393 3490 5439 antea
3521 5382 3787 5445 audieras,
3829 5390 3898 5432 η-

669 5610 697 5640 l
735 5599 891 5689 unus
923 5594 1127 5658 Vatic.,
1155 5594 1245 5666 qui
1272 5590 1599 5652 nutriuntur,
1630 5588 1784 5661 juxta
1807 5588 2060 5646 Graecum
2090 5592 2213 5652 τοὺς

603 5690 970 5753 τρεφ’μενονς.
1197 5736 1210 5749 ⁸
2039 5733 2051 5746 ⁸

671 5744 700 5783 ι’
741 5744 889 5799 Iolen
940 5737 1139 5804 Vatic.,
1192 5736 1567 5808 impudentem.
1612 5732 1820 5790 Recole
1867 5746 2210 5804 superiorem

2396 5587 2422 5628 ἀ
2463 5587 2789 5646 Amovimns
2837 5587 2966 5644 hinc
2998 5602 3192 5645 vocem
3227 5586 3512 5647 Dominus.
3545 5602 3703 5662 quam
3740 5595 3898 5656 neque

2322 5677 2455 5718 mss.
2484 5664 2678 5725 nostri,
2712 5675 3079 5733 neqnesacer
3109 5671 3293 5715 textus
3322 5664 3599 5733 agnoscit.

2396 5743 2419 5771 ε·
2460 5733 2517 5789 In
2550 5732 2842 5789 vein-tinri
2878 5731 3057 5788 Vatw.
3092 5731 3379 5789 contrario
3403 5749 3570 5790 sensu
3599 5742 3678 5788 est
3702 5749 3714 5781 τ
3737 5740 3783 5784 et
3806 5742 3898 5780 non

599 5816 1043 5872 annotatiooem.
1124 5800 1134 5804 ⁷
1267 5800 1278 5808 ’
1937 5800 1953 5804 ⁷
2319 5805 2537 5860 dimittet
2581 5807 2737 5862 uela:
2762 5810 2990 5862 omnino
3033 5808 3223 5862 verius
3269 5805 3340 5862 ad
3368 5803 3626 5864 Graecum
3666 5807 3719 5860 οὐ
3743 5800 3899 5875 χαλά-

599 5885 871 6031 "431's.
927 5881 1177 5953 Magnus.
1208 5878 1481 5939 Hebraice
1520 5885 1705 5937 autem
1732 5886 1822 5937 est
1847 5890 1887 5937 ’ἢ
1911 5884 2011 5948 'lst,
2057 5878 2197 5934 valde

2317 5898 2399 5933 est
2417 5878 2483 5934 τὰ
2503 5878 2661 5936 ἱστία.
