4004 7028
115 360 196 418 369

592 356 1250 420 COMMENTARIORUM
1289 363 1357 421 IN
1393 363 1630 424 ISAIAM
1668 364 2095 427 PROPHE'I‘AM
2133 369 2268 427 LIB.
2309 371 2380 428 Χ.
2419 309 2581 431 ΩΑΡῖ
2614 370 2862 431 XXXIV.

2489 139 2496 148 ε

2505 159 2534 182 κ.

2476 185 2803 278 dx

3291 378 3398 434 570

112 495 204 553 gem
225 477 279 532 in
299 477 484 534 decore
503 495 597 533 suo
625 479 871 534 uidebunt
890 481 1031 535 oculi
1051 481 1147 546 tui,
1171 481 1544 548 contemplare
1565 481 1696 539 Sion
1725 487 1780 549 Α
1801 484 1872 543 de
1919 486 2146 543 interitu
2173 488 2416 545 omnium
2467 489 2667 547 dicitur
2713 493 3022 558 nationum,
3043 491 3206 568 αι
3229 501 3287 551 et
3329 494 3400 552 de

114 576 282 629 urbem
310 572 678 628 solemnitatis
708 582 934 640 nostra},
977 574 1100 632 vide
1131 574 1430 632 Ecclesium
1464 576 1690 644 Christi,

110 669 151 726 in
174 683 276 739 qua
315 676 400 724 est
429 683 558 725 vera
589 670 908 725 solemnitas
937 687 952 724 :
977 671 1126 726 oculi
1161 672 1235 726 tui
1269 685 1491 728 cernent
1524 672 1688 728 visio-

109 783 208 822 nein
240 767 410 832 pacis,
443 778 499 822 et
524 766 742 822 divitias
788 769 1116 838 insperatus,
1163 785 1303 840 quas
1333 770 1528 826 oculus
1577 787 1686 825 non

112 861 248 924 vidit,
283 875 384 915 nec
409 862 560 916 auris
591 862 832 931 audivit,
878 878 979 918 nec
1009 864 1062 918 iit
1106 879 1204 918 cor
1235 866 1472 921 hominis
1501 882 1696 921 ascen-

108 954 305 1019 derunt,
333 969 383 1010 er
413 954 832 1011 tabernaculum
857 957 1002 1026 quod
1033 974 1378 1028 nequaquam
1403 959 1694 1014 transferri

109 1064 304 1122 patefit.
359 1049 517 1104 Prius
549 1051 696 1106 enim
729 1052 1141 1107 tabernaculum
1190 1053 1331 1120 quod
1364 1053 1554 1108 biltttit
1599 1070 1698 1124 po-

108 1146 245 1215 pulus
285 1141 622 1210 Judcorum,
669 1143 992 1199 translatum
1040 1154 1126 1199 est
1173 1155 1338 1214 atque
1385 1146 1686 1200 sublatum.

110 1244 197 1300 Nec
241 1245 578 1299 movebuntur
601 1246 736 1299 clavi
763 1248 876 1318 ejus
906 1245 962 1299 in
1000 1246 1389 1316 sempiternum,
1428 1255 1477 1299 et
1516 1261 1694 1300 omnes

108 1337 311 1410 funiculi
351 1341 467 1409 ejus
493 1338 635 1408 ﬁrmi
665 1351 852 1404 erunt;
899 1341 971 1393 ita
1007 1351 1061 1392 ut
1093 1338 1355 1394 Dominus
1392 1341 1600 1394 habitet
1643 1340 1696 1394 in

110 1447 180 1494 eo.
235 1436 327 1499 qui
381 1432 535 1488 luetis
566 1441 650 1488 est
682 1436 928 1487 omnium
976 1431 1288 1497 ﬂuviorum,
1343 1434 1696 1504 rivorumque

107 1526 444 1584 currentium.
496 1541 591 1594 per
621 1541 762 1596 quos
802 1525 967 1599 M0
994 1526 1177 1582 nullus
1221 1525 1475 1581 adversa:
1527 1529 1696 1596 partis

108 1618 286 1688 poterit
315 1635 347 1671 n
367 1617 573 1679 ivigate
600 1635 612 1670 :
642 1634 810 1688 neque
837 1619 1066 1672 triremis
1111 1635 1322 1692 magna,
1355 1634 1480 1689 qua:
1523 1619 1697 1674 inter-

106 1721 332 1781 pretatur
352 1709 631 1776 diabolus,
659 1725 785 1765 eum
821 1712 1124 1784 transgredi
1160 1713 1361 1781 poterit
1393 1732 1401 1762 :
1430 1715 1553 1782 quia
1590 1715 1696 1767 Do-

107 1821 146 1859 ut
167 1820 262 1859 nus
289 1807 402 1873 ipse
422 1805 715 1872 t-stjudex.
739 1815 792 1859 et
818 1821 1096 1874 princeps,
1121 1817 1173 1861 et
1199 1820 1318 1870 rex,
1346 1817 1400 1862 et
1430 1804 1688 1862 Salvator

1795 585 2269 642 Consummatione
2301 587 2510 653 mundi,
2541 604 2666 659 qua:
2705 600 2789 645 est
2822 591 2873 644 iii
2905 591 2995 646 die
3025 595 3206 646 lutura
3250 591 3398 662 judi-

1796 677 1889 733 cii.
1924 676 2078 733 Umlo
2100 694 2296 734 omnes
2327 693 2518 752 gentes
2544 694 2592 736 et
2624 683 2807 752 populi
2840 693 3000 739 terra:
3031 697 3082 739 et
3113 685 3398 756 plenitudo

1794 770 1937 842 ejus,
1960 773 2112 828 orbis
2140 783 2196 828 et
2224 783 2419 830 cum-ta
2448 775 2721 844 geniinina
2747 781 2886 841 eius,
2926 787 3033 831 tam
3073 794 3195 849 qua:
3242 777 3276 833 h
3316 778 3398 833 bi-

1799 877 1983 922 tantur
2015 870 2154 934 loca,
2187 885 2352 937 quam
2383 888 2504 942 quae
2533 871 2912 926 inhabitabilta
2947 888 3073 928 sunt
3109 874 3400 929 nimietate

1797 959 2018 1033 frigoris
2059 973 2109 1017 et
2145 965 2368 1028 caloris,
2402 967 2659 1034 prbentur
2686 967 2898 1033 audire,
2931 981 2987 1023 et
3013 982 3134 1038 quzn
3165 976 3399 1022 ventura

1797 1065 2072 1108 suntctim
2105 1059 2251 1109 omni
2299 1058 2496 1112 mentis
2546 1067 2786 1114 tremore
2836 1073 3176 1127 cognoscere
3248 1057 3398 1113 Indi-

1796 1147 1979 1218 gnatio
2002 1149 2148 1203 enim
2172 1148 2388 1204 Domini
2420 1165 2762 1220 nequaquam
2790 1167 2956 1221 super
2983 1167 3144 1206 unam
3175 1159 3397 1222 gentem

1795 1239 2061 1299 Judaeatn.
2093 1252 2145 1294 et
2180 1244 2438 1314 Assyrios
2489 1254 2655 1312 atque
2701 1243 3014 1307 Clialdzeus,
3077 1241 3393 1315 Egyptios,

1799 1331 2086 1395 Moabitas,
2110 1335 2546 1403 etAmnionitas,
2565 1347 2621 1392 et
2645 1336 2995 1412 Philistliacps
3023 1355 3037 1392 :
3063 1340 3157 1392 sed
3185 1352 3240 1392 et
3261 1353 3399 1394 cnn-

1799 1436 1879 1483 tra
1905 1446 2099 1486 omnes
2121 1445 2335 1501 gentes,
2366 1444 2422 1488 et
2449 1448 2616 1503 super
2646 1434 2957 1490 universam
2983 1433 3259 1500 militiam,
3286 1435 3402 1492 sive

1801 1534 1858 1577 ut
1881 1521 2025 1578 LXX
2058 1526 2479 1591 transmlo-runt,
2515 1545 2784 1582 numerum
2811 1545 3014 1588 earum.
3039 1541 3272 1584 ventura
3295 1533 3396 1584 de-

1800 1618 2079 1681 scribitur,
2115 1633 2237 1685 quzn
2277 1619 2566 1673 interﬁciat
2593 1636 2706 1680 eas.
2740 1634 2791 1676 et
2826 1620 3059 1676 fetorem
3099 1637 3401 1689 corporum

1801 1703 2230 1779 putrescentium
2257 1712 2307 1764 iu
2327 1711 2497 1766 altum
2529 1713 2830 1767 ascendere
2865 1713 3029 1767 faciat
3055 1714 3404 1784 :svgnilicans

1796 1814 2018 1874 peccata
2062 1818 2308 1858 omnium
2358 1818 2639 1858 uatonum
2677 1822 2692 1860 :
2727 1807 2798 1860 ita
2831 1817 2887 1858 ut
2920 1806 3080 1862 sanie
3109 1822 3300 1861 earum
3343 1817 3405 1862 et

106 1909 293 1958 noster.
316 1908 371 1952 et
391 1897 491 1952 illo
515 1909 860 1967 protegente,
888 1898 1092 1953 nullius
1118 1912 1423 1954 metuemus
1447 1899 1692 1956 insidias.
1727 1889 1775 1950 Β
1802 1895 2088 1965 spurcitia,
2116 1912 2180 1950 ac
2199 1898 2467 1965 Sanguine
2497 1909 2711 1952 montes
2741 1897 3058 1968 repleantur
3087 1915 3102 1953 :
3134 1898 3402 1954 sublimes

107 1990 215 2046 llzec
241 1991 388 2044 dicta
413 1999 540 2044 sunt
569 1991 636 2044 de
657 1989 790 2046 Sion
824 1992 957 2046 urbe
983 1990 1350 2046 Solemnitatis
1384 2004 1612 2054 nostrae,
1639 2001 1693 2045 et

107 2086 161 2141 de
177 2084 476 2142 Jerusalem
501 2085 838 2142 habitatione
859 2087 1157 2153 ditissima,
1185 2102 1346 2158 quam
1373 2087 1488 2156 ipse
1515 2085 1696 2141 homi-

107 2197 190 2236 nus
218 2180 399 2236 lluviis
423 2180 543 2235 suis
569 2181 935 2235 circumdabit
961 2191 1123 2253 atque
1145 2182 1392 2237 vallabit.
1427 2182 1576 2236 Nunc
1597 2198 1694 2238 au-

105 2282 197 2331 teat
243 2276 309 2328 ail
358 2285 637 2330 terrenam
682 2274 928 2345 loquitur
963 2273 1290 2341 Jerusalem,
1330 2277 1474 2347 quod
1523 2276 1694 2330 laxati

104 2371 199 2425 sint
224 2367 453 2422 funiculi
482 2367 814 2421 tabernaculi
848 2368 992 2436 ejus,
1016 2378 1071 2423 et
1095 2367 1386 2423 tentorium
1416 2372 1692 2425 ~u5tinere

105 2474 196 2516 non
225 2463 521 2529 quiverint,
554 2467 609 2515 et
653 2459 826 2514 malus
872 2461 1008 2527 ejus,
1061 2461 1113 2514 in
1160 2477 1268 2532 quo
1318 2461 1692 2530 pulcherrima

105 2558 352 2627 qiondam
399 2557 518 2612 vela
565 2555 897 2624 pendebant,
932 2560 1106 2626 ruptis
1141 2557 1363 2612 funibus
1395 2556 1693 2625 ceciderit,

106 2661 156 2706 ut
180 2666 278 2704 uoo
304 2654 480 2704 s0luin
514 2649 581 2703 ad
609 2651 1044 2718 navigatioiiein,
1077 2650 1172 2706 sed
1204 2651 1272 2705 ad
1303 2652 1525 2722 signum
1555 2666 1694 2720 quo-

108 2760 200 2814 que
227 2744 427 2798 inutilis
456 2743 549 2798 sit.
585 2744 876 2813 Postquam
903 2754 1086 2798 autem
1115 2745 1268 2798 navis
1295 2759 1485 2799 eorum
1530 2743 1698 2798 fuerit

107 2837 371 2902 dissoluta,
421 2847 476 2893 et
525 2840 937 2894 tabernaculum
995 2838 1345 2910 dissipatum,
1401 2839 1474 2893 ita
1526 2849 1585 2893 ut
1638 2838 1692 2892 in

109 2945 376 3004 utramque
401 2940 611 3003 partem
637 2933 866 2989 funiculi
897 2933 1340 3000 ilisrompantur,
1377 2933 1555 3003 pra-da
1583 2934 1697 2989 vic-

106 3027 296 3084 toribus
318 3027 593 3082 dividetur
617 3027 735 3091 ειιιιί
762 3038 868 3079 tam
890 3025 1143 3082 iinbeciili
1166 3036 1328 3081 erunt
1357 3026 1590 3095 protriis
1620 3025 1700 3078 vi-

107 3121 265 3178 ribus.
294 3130 350 3174 ut
375 3121 560 3176 claudi
589 3121 964 3191 appellt'lllur;
1006 3131 1058 3172 et
1095 3119 1449 3175 nihilominus
1474 3116 1571 3173 Dei
1615 3118 1693 3172 ira

108 3216 363 3270 tribuente
386 3216 470 3269 eis
499 3213 902 3277 fortitudino-m,
931 3212 1134 3266 nullam
1168 3211 1546 3266 inﬁrmitatem
1570 3228 1695 3268 seu-

108 3311 250 3368 tient.
274 3326 373 3366 nec
394 3310 577 3366 dicent
600 3309 885 3363 :laborovi.
917 3307 1018 3375 Qui
1039 3309 1186 3362 enim
1217 3305 1382 3363 fuerit
1404 3309 1546 3363 inter
1571 3323 1689 3374 eos,
1718 3281 1764 3346 C

108 3409 367 3460 auferetur
397 3406 468 3458 ab
497 3422 563 3460 eo
594 3405 854 3474 iniquitas
892 3415 1058 3475 atque
1089 3415 1396 3475 peccatum,
1439 3405 1564 3475 quia
1598 3401 1695 3459 Dei

109 3508 378 3555 exsecutus
419 3509 505 3555 est
529 3499 894 3552 voluntatem.

177 3591 336 3662 (Cap.
376 3590 860 3646 XXXIV.—Vcrs
929 3591 983 3659 1,
1022 3589 1474 3662 Seqq.)Accedfte
1498 3599 1694 3660 gentes,

109 3695 150 3739 et
175 3684 360 3743 audite.
387 3694 433 3738 et
454 3684 635 3756 populi
658 3682 909 3738 attendite
935 3699 953 3738 :
981 3681 1168 3736 audiat
1191 3693 1328 3736 terra
1349 3693 1396 3736 et
1425 3681 1695 3751 plenitudo

106 3781 232 3849 ejus,
256 3776 388 3832 orbis
417 3788 463 3831 et
503 3793 652 3832 omne
672 3795 878 3851 germen
905 3781 1039 3851 ejus.
1073 3777 1210 3845 Quia
1239 3776 1531 3842 indignatio
1575 3776 1688 3828 Do-

110 3872 225 3925 mini
251 3889 401 3937 super
428 3887 602 3927 omnes
624 3883 818 3945 gentes,
845 3884 891 3926 et
925 3876 1073 3942 furor
1101 3888 1257 3936 super
1278 3871 1573 3925 universam
1600 3870 1698 3924 mi-

110 3963 263 4018 litiam
300 3981 475 4019 earum
499 3965 622 4037 [ΑΙ.
654 3963 864 4037 eorum]
893 3982 910 4019 :
940 3965 1206 4037 interfecit
1237 3981 1346 4028 eas,
1391 3975 1440 4017 et
1471 3964 1615 4016 dedit
1641 3963 1696 4016 in

110 4058 428 4112 occ'sioneoi.
465 4057 636 4110 Occisi
681 4074 859 4112 earum
895 4059 1239 4131 projicientur
1263 4072 1281 4110 :
1303 4067 1350 4110 et
1389 4055 1452 4109 de
1481 4055 1700 4110 Cadave-

111 4150 245 4202 ribus
263 4166 440 4204 eorum
467 4149 707 4204 ascendet
732 4155 868 4220 [tr-tor
893 4169 909 4204 :
931 4150 1188 4204 tubescrnt
1225 4161 1422 4204 montes
1449 4149 1705 4220 sanguine

114 4257 299 4298 earum.
328 4241 396 4299 Et
429 4244 650 4298 tabescet
673 4248 838 4298 omnis
863 4244 1050 4298 militia
1073 4250 1316 4299 cce/arum
1339 4261 1357 4299 :
1378 4245 1702 4313 replicabitu-

115 4341 191 4386 tur
219 4337 356 4403 (sive
396 4335 568 4402 compl
591 4337 884 4406 cubuntur)
916 4339 1052 4391 sicut
1096 4338 1226 4391 liber
1257 4339 1369 4392 (ωιὶ
1393 4354 1410 4390 .·
1443 4347 1491 4391 et
1538 4337 1704 4391 omnis

117 4427 288 4482 militia
319 4447 495 4484 rarum
525 4431 738 4502 deﬂuet.
769 4433 903 4486 sicut
954 4433 1139 4502 defluit
1170 4433 1357 4500 folium
1387 4435 1450 4486 de
1478 4433 1626 4488 vinea
1654 4442 1704 4486 et

120 4521 179 4576 de
201 4523 318 4592 ﬁcu,
363 4529 610 4595 quoniam
654 4525 933 4579 inebriatus
957 4537 1030 4579 est
1060 4527 1112 4579 in
1152 4525 1280 4580 caelo
1302 4525 1508 4598 gladius
1539 4542 1702 4581 meus.

119 4617 245 4672 Ecce
289 4639 444 4687 super
493 4620 784 4678 Iduma'am
831 4625 1126 4690 descendet,
1159 4638 1206 4678 et
1252 4641 1409 4698 super
1456 4628 1706 4693 populum

118 4712 471 4784 interfectionis
512 4732 638 4769 mea:
667 4719 734 4769 ad
773 4717 1061 4790 judicium.
1113 4716 1337 4772 Gladius
1390 4719 1595 4772 Domini
1623 4737 1708 4773 re-

120 4804 270 4873 pletus
306 4820 380 4861 est
429 4810 707 4879 sanguine,
759 4810 1076 4866 incratsatus
1125 4812 1324 4882 adipe;
1347 4813 1410 4866 de
1454 4814 1708 4883 sanguine

120 4913 354 4970 agnorum
377 4915 423 4954 et
449 4901 738 4966 hircorum,
763 4905 826 4958 de
856 4905 1113 4975 sanguine
1143 4903 1550 4960 medullatorum
1576 4907 1710 4960 arie-

123 5001 256 5059 tum;
295 4997 497 5050 victima
538 4997 675 5050 enim
725 4996 935 5052 Domini
981 4997 1034 5050 in
1085 4994 1250 5051 Basra
1277 5013 1295 5051 :
1326 5007 1372 5052 et
1419 4997 1709 5069 interfectio

123 5101 296 5156 magna
335 5090 389 5142 in
421 5099 563 5142 terra
610 5089 800 5144 Edoni.
833 5086 900 5142 Et
933 5089 1241 5144 descendent
1284 5091 1565 5145 unicornes
1595 5107 1712 5145 cum

125 5179 208 5243 eis,
251 5194 292 5234 ei
331 5183 468 5236 tauri
514 5199 629 5237 cum
658 5183 973 5254 potentibus.
1024 5180 1376 5238 Inebriabitur
1423 5194 1560 5238 terra
1589 5200 1712 5238 san-

126 5274 266 5341 guine
305 5292 513 5340 eorum,
555 5287 604 5332 et
635 5279 819 5333 [minus
846 5295 1023 5332 eorum
1066 5279 1221 5346 adipe
1254 5280 1548 5352 pinguium.
1582 5279 1715 5334 Post

123 5370 448 5426 eversionem
477 5371 779 5426 Jerusalem
808 5381 863 5427 et
893 5373 1234 5442 naufragium
1263 5374 1544 5442 quondam
1579 5373 1714 5428 soli-

127 5457 349 5518 dlSSllniﬂ
372 5466 550 5532 navis,
584 5467 933 5536 przedamque
956 5467 1140 5520 outnis
1162 5465 1518 5535 supellectilis
1543 5467 1712 5534 illius,

193 5615 218 5642 “
248 5607 476 5663 Verbum
516 5608 838 5662 arbitran'ur
863 5606 1126 5674 espungit
1163 5604 1460 5666 Victorius,
1493 5615 1604 5660 tum
1641 5619 1724 5660 se-

131 5676 204 5750 [ξε
245 5690 498 5735 euut-nua
553 5680 681 5750 legit
728 5695 842 5733 vere
879 5677 972 5732 ltus
1018 5678 1221 5734 stellas.
1265 5678 1540 5746 quomodo
1581 5690 1630 5731 et
1671 5678 1724 5732 iu

133 5744 298 5805 Vatic.
334 5771 430 5806 ms.
463 5768 586 5807 esse
607 5744 750 5805 'mox
785 5755 1049 5805 Illct‘lllllS.
1088 5750 1150 5803 Et
1182 5744 1366 5801 Verior
1395 5751 1612 5816 quidem
1640 5758 1727 5804 est

133 5833 336 5888 sensus.
369 5840 492 5879 cum
524 5838 630 5876 non
666 5821 766 5876 nia
795 5823 932 5878 duas
963 5822 1032 5876 de
1063 5820 1210 5874 veris
1239 5835 1432 5888 nempe
1458 5821 1634 5875 stellis
1662 5836 1728 5876 ac

134 5887 196 5949 de
224 5897 505 5968 mysticis,
535 5897 827 5968 opiniones
873 5894 1238 5964 Hieronymus
1289 5887 1476 5962 ponat,
1509 5902 1562 5950 et
1604 5907 1726 5963 qua:

1212 6090 1241 6099 ρ-

1738 4678 1792 4740 Ι)

1798 2005 2044 2060 ιιιιςιοιιιιτθ
2089 1989 2320 2046 virtutes
2361 2001 2424 2066 et,
2461 1991 2677 2062 Angeli,
2724 1994 2814 2059 qui
2859 1991 3091 2061 singulis
3138 1993 3400 2062 gentibus

1799 2083 2192 2154 praesidebant;
2227 2097 2281 2140 et
2312 2085 2553 2140 talie~cat
2579 2085 2759 2139 omnis
2793 2086 2983 2140 militia
3017 2086 3097 2140 vel
3127 2084 3402 2143 fortitudo

1796 2179 2062 2233 caelorum
2091 2193 2104 2230 :
2130 2178 2485 2248 replicentur,
2521 2179 2638 2233 sive
2663 2177 3072 2248 complicentur
3099 2181 3226 2236 cteli
3255 2181 3403 2234 sicut

1799 2271 1960 2326 liber.
2001 2280 2057 2324 et
2096 2270 2274 2324 omnis
2317 2269 2506 2324 militia
2537 2281 2592 2325 et
2639 2270 2920 2326 exim-itus
2961 2287 3177 2331 eorum.
3232 2282 3404 2342 atque

1801 2375 1861 2420 ut
1894 2363 2038 2421 LXX
2072 2365 2576 2430 transtulerunt,et
2607 2369 2772 2422 stellae
2795 2368 3047 2438 d«ﬂuant,
3075 2371 3126 2423 in
3152 2369 3413 2424 similitu-

1798 2460 1981 2516 dinem
2009 2459 2291 2526 l‘oliorum,
2317 2477 2460 2532 quae,
2485 2462 2958 2533 appropinquante
2987 2463 3210 2535 frigore,
3241 2480 3408 2521 aren-

1799 2553 1870 2609 tia
1916 2567 2080 2624 atque
2109 2566 2388 2612 contracta
2424 2557 2490 2610 de
2522 2557 2678 2612 vinea
2706 2570 2760 2612 et
2801 2558 2906 2612 lit-u
2933 2558 3199 2613 ili-limini.
3233 2558 3392 2626 Quod

1797 2646 2019 2716 quidem
2050 2659 2106 2703 et
2151 2647 2404 2703 Salvator
2449 2649 2692 2718 loquitur
2738 2653 2788 2702 iu
2824 2650 3124 2721 Evangelia
3173 2669 3185 2704 :
3222 2649 3407 2707 Stella

1800 2741 1986 2795 cadent
2033 2741 2098 2794 de
2141 2742 2287 2808 caelo,
2326 2752 2374 2795 et
2405 2744 2615 2796 virtutes
2660 2741 2905 2797 calorum
2959 2744 3316 2807 movebuntur,
3357 2754 3408 2799 et

1800 2844 1922 2890 tunc
1948 2836 2212 2908 apparebit
2244 2838 2450 2908 signant
2485 2833 2614 2892 Filii
2645 2839 2866 2892 hominis
2916 2842 2969 2893 in
3012 2837 3138 2894 τωιο
3167 2840 3184 2909 (
3211 2837 3402 2894 Matth.

1799 2947 1950 2994 xxiv,
1981 2932 2073 2995 29,
2097 2931 2222 3004 50).
2257 2931 2325 2986 Ει
2357 2932 2460 2987 hoc
2486 2933 2972 2998 Considerandum,
3006 2935 3152 3000 quod
3183 2951 3292 2989 non
3320 2935 3403 2989 di-

1797 3035 1883 3080 cat
1917 3028 2140 3082 interire
2184 3029 2374 3090 caelos,
2421 3027 2518 3082 sed
2564 3030 2844 3097 replicar't,
2895 3032 3012 3084 sive
3054 3029 3402 3099 complicari,

1797 3122 1951 3189 qttasi
2005 3120 2225 3182 libi-um,
2275 3133 2326 3175 ut
2375 3132 2657 3191 postquam
2707 3124 2891 3177 omnia
2942 3134 3161 3191 peccata
3209 3133 3399 3185 aperta

1798 3212 2004 3268 fuerint
2027 3225 2083 3270 et
2108 3214 2332 3279 relecta,
2355 3215 2757 3284 complicentur
2787 3219 2875 3286 qui
2911 3218 3062 3287 prius
3084 3221 3255 3289 aperti
3282 3218 3400 3274 fue-

1796 3320 1942 3372 rant,
1987 3321 2043 3363 ut
2076 3326 2418 3382 nequaquam
2451 3311 2592 3366 ultra
2638 3312 2946 3366 scribantur
2975 3312 3028 3366 in
3069 3315 3150 3368 eis
3191 3313 3396 3369 delicta

1797 3402 2118 3459 multorum.
2172 3403 2250 3458 De
2300 3404 2679 3475 hujuscemodi
2732 3405 2885 3459 libris
2949 3404 3139 3462 Daniel
3195 3407 3249 3461 iii
3298 3421 3402 3461 suo

1796 3494 2074 3549 volumine
2099 3494 2338 3566 loquitur
2369 3513 2383 3552 :
2406 3493 2676 3551 Iudicium
2699 3496 2856 3558 sedit,
2885 3507 2932 3551 et
2955 3497 3074 3552 Lbri
3096 3509 3266 3568 aperti
3292 3507 3418 3554 sunt

1797 3585 1818 3654 (
1845 3586 1978 3640 Dan.
2012 3601 2106 3648 vti.
2138 3586 2266 3654 10),
2300 3588 2351 3641 in
2382 3591 2582 3658 quibus
2603 3589 2881 3660 tlescripta
2909 3599 3067 3644 erant
3096 3605 3264 3660 opera
3290 3591 3410 3646 sin-

1798 3680 2073 3749 gulorum.
2106 3679 2306 3736 Stellas
2335 3691 2517 3736 autc-nt
2545 3681 2746 3736 cadere
2793 3682 3044 3754 plerique
3068 3692 3094 3720 α
3124 3685 3402 3740 arbitran-

1801 3782 1912 3839 tur,
1935 3773 2091 3844 juxta
2119 3774 2508 3842 Apocalypsini
2536 3774 2767 3830 Joannis
2791 3776 3036 3847 (Apocal.
3058 3791 3176 3833 vtet
3195 3778 3334 3848 vni).
3355 3789 3410 3834 et

1801 3864 1932 3919 illud
1965 3864 2108 3933 quod
2137 3865 2266 3920 alibi
2297 3867 2560 3934 scriptum
2580 3877 2693 3920 est:
2718 3866 2904 3922 Strllte
2927 3868 3180 3924 universa
3219 3868 3411 3924 arden-

1803 3971 1877 4016 tes
1896 3961 2176 4022 solventur,
2200 3970 2247 4015 et
2267 3961 2449 4015 calum
2470 3979 2531 4014 ac
2557 3971 2694 4016 terra
2715 3964 3006 4016 transibunt
3030 3964 3048 4031 (
3069 3961 3196 4018 Luc.
3220 3979 3278 4021 x.
3302 3964 3337 4017 2
3358 3963 3407 4034 ).

1805 4053 2055 4111 Praeterit
2085 4056 2230 4110 enim
2281 4056 2448 4126 ﬁgura
2485 4055 2647 4124 hujus
2670 4054 2882 4110 mutuli.
2916 4056 3146 4123 Quidam
3169 4055 3196 4095 ι)
3222 4057 3290 4112 de
3323 4057 3410 4112 his

1803 4148 1984 4205 stellis
2011 4148 2116 4202 dici
2150 4159 2362 4218 putant,
2405 4164 2526 4219 qum
2556 4149 2606 4202 iu
2635 4149 2777 4206 coelo
2807 4149 3052 4208 rutilant.
3087 4159 3146 4204 ut
3174 4150 3228 4204 in
3258 4164 3418 4217 parte

1807 4253 2140 4297 mon~tretur
2186 4251 2243 4298 et
2274 4253 2471 4309 totum,
2521 4244 2667 4314 quod
2721 4243 2933 4298 scilicet
2963 4259 3080 4314 'per
3121 4245 3415 4300 stellarum

1805 4336 2020 4391 ruinam
2053 4335 2214 4390 etiam
2253 4335 2518 4391 ('(Blt‘l‘lllll
2549 4337 2805 4391 interitus
2837 4335 3165 4392 ostendatur
3191 4351 3204 4402 t
3227 4336 3418 4395 llCor.
3477 4385 3486 4400 .

1807 4431 1933 4500 vn).
1973 4429 2075 4485 Alii
2104 4443 2234 4484 vero
2256 4427 2421 4501 442
2445 4426 2544 4482 has
2567 4429 2755 4484 stellas
2781 4438 2973 4496 putant
2997 4444 3124 4486 e~se
3148 4435 3414 4500 ruituras,

1809 4522 1878 4579 de
1903 4523 2100 4594 quibus
2131 4533 2180 4578 et
2208 4521 2409 4577 Paulus
2442 4521 2736 4592 Apostolus
2763 4522 2958 4578 scribit
2982 4540 2996 4576 :
3024 4521 3146 4577 Non
3174 4533 3248 4578 est
3269 4524 3418 4578 nobis

1815 4628 2070 4672 certamen
2101 4618 2344 4671 adversus
2377 4616 2677 4686 sanguinem
2709 4623 2758 4668 et
2791 4632 3019 4680 carnem,
3052 4618 3142 4670 sed
3173 4615 3419 4671 adversus

1819 4714 2160 4785 principatus,
2202 4719 2447 4767 adversus
2477 4721 2772 4779 potestates,
2806 4713 3057 4767 adversus
3084 4724 3310 4769 rectores
3347 4725 3422 4770 te-

1814 4807 2086 4862 nebrarum
2115 4807 2358 4870 istarum,
2382 4805 2628 4858 adversus
2659 4804 2958 4876 spiritualia
2983 4806 3226 4871 nequitia:
3247 4807 3299 4860 in
3319 4822 3419 4862 ca:-

1815 4898 2025 4953 les'ibtts
2053 4896 2274 4967 (Ephes.
2305 4911 2376 4958 vt,
2413 4896 2478 4950 12
2501 4894 2540 4965 ).
2571 4896 2680 4950 Nec
2712 4898 2908 4950 mirum
2938 4897 2984 4951 si
3008 4897 3286 4953 tltemoues
3323 4901 3420 4965 qui

1819 4991 1870 5045 in
1899 5005 2025 5046 aere
2057 4989 2319 5053 habitant,
2352 4989 2605 5044 dicantur
2632 5005 2754 5044 esse
2782 4991 3063 5056 cmlestes,
3096 5009 3219 5047 cttm
3253 4991 3422 5049 etiam

1819 5087 2072 5139 volucres
2105 5085 2256 5149 caeli,
2289 5099 2405 5154 qua:
2439 5085 2625 5153 utique
2653 5099 2760 5140 non
2790 5086 2842 5140 in
2869 5087 3036 5151 coelo.
3080 5089 3173 5142 sed
3210 5087 3263 5143 in
3294 5105 3425 5146 aere

1821 5179 2074 5243 volitant,
2134 5177 2412 5249 Scriptura
2485 5179 2859 5248 cognomiuet.
2921 5179 3057 5235 Nam
3101 5191 3156 5237 et
3193 5181 3428 5238 Satanas

1824 5274 2244 5342 transﬁgttratnr
2303 5274 2354 5326 in
2400 5277 2664 5341 Auge'um
2722 5275 2858 5330 lucis
2888 5274 2971 5344 (ll
2994 5272 3118 5331 Cor.
3150 5291 3202 5332 lt
3232 5275 3270 5346 ),
3303 5277 3436 5333 Stel-

1826 5371 1933 5426 lam
1981 5385 2041 5425 se
2072 5384 2196 5425 esse
2223 5369 2512 5425 simulans.
2548 5368 2610 5424 Et
2643 5368 2902 5425 Salvator
2943 5369 3073 5424 vidit
3117 5386 3242 5424 eum
3275 5371 3432 5438 quasi

1830 5463 2012 5534 fulgur
2042 5463 2112 5518 de
2135 5465 2279 5518 caelo
2310 5460 2598 5517 Cildt‘nlt'lll
2628 5461 2783 5536 (Luc.
2811 5461 2890 5533 ι).
2918 5461 2989 5518 Ει
3012 5463 3348 5534 tropologice
3369 5464 3439 5522 de

1834 5602 2059 5658 adibit-it
2098 5602 2406 5654 testimonia
2443 5598 2654 5654 duabus
2696 5607 2904 5654 tantum
2947 5603 3298 5665 conveniant,
3330 5618 3441 5658 non

1837 5675 2040 5740 tribus;
2074 5673 2322 5739 praestitit
2352 5681 2533 5727 tamen
2561 5673 2630 5727 de
2657 5671 2764 5737 his,
2793 5681 3050 5726 contextu
3084 5673 3317 5745 integro,
3351 5675 3441 5731 ad-

2009 5765 2131 5798 lee.

1834 5762 2318 5884 ωῗιὸιιῗὲελῖθιίεη
2359 5812 2491 5873 Vere
2519 5816 2614 5872 luis
2640 5814 2818 5872 stellas
2842 5815 2948 5872 dici
2974 5827 3180 5889 putant,
3203 5827 3308 5878 etc.
