4004 7036
554 366 652 423 571

1819 363 1878 421 Β.
1922 362 2191 422 EUSEBII
2233 363 2628 422 HIEBUNYMI

3750 367 3836 423 312

553 499 624 537 eo
663 482 821 552 quasi
853 481 924 538 de
965 480 1122 535 stella
1165 494 1356 549 magna
1387 479 1623 535 dicitur:
1659 479 1932 547 Quomodo
1962 479 2149 534 cecidit
2177 481 2231 544 Α
2255 491 2301 536 et
2333 479 2761 550 perpendiculum
2809 482 2862 534 in
2909 480 3298 536 desolationem.
3354 479 3572 534 Nobiles
3619 484 3728 554 ejus
3753 499 3836 538 non

559 577 776 647 Lucifer
817 575 907 646 qui
959 591 1110 630 mane
1149 573 1409 629 oriebatur
1457 571 1612 641 (Isa.
1661 589 1790 637 xuv,
1834 573 1970 642 ιεηι
2027 573 2156 628 Haec

560 672 816 725 universa
847 670 1014 732 tient,
1049 669 1174 740 quia
1209 668 1512 724 inebriatus
1543 677 1628 724 est
1673 669 1726 724 in
1755 669 1898 724 caelo
1941 667 2154 738 gladius

558 766 712 835 ejus,
765 779 923 832 poena
955 772 1121 834 atque
1164 764 1464 827 sententia,
1489 772 1544 819 et
1571 763 1703 818 ultio
1735 764 1786 817 in
1815 775 2152 832 peccatores,

557 873 678 927 qua:
734 857 1003 924 profertur
1041 872 1070 910 a
1113 856 1364 910 Domino.
1399 857 1500 923 Qui
1550 855 1764 926 gladius
1804 865 1856 910 et
1885 856 2152 910 machaera

557 950 611 1004 in
661 949 918 1005 Ezechiel
966 949 1192 1019 (Ezeels.
1247 950 1375 1021 XXI)
1428 958 1620 1004 contra
1669 950 1865 1020 impios
1934 949 2156 1002 exttcui—

559 1051 681 1107 tur,
731 1057 795 1095 ac
839 1041 1088 1110 plurimis
1131 1040 1457 1106 interfectis,
1503 1041 1751 1109 vaginam
1805 1055 1954 1092 suam
1994 1039 2154 1108 jube-

555 1143 646 1188 tur
696 1135 924 1189 intrare.
959 1132 1206 1204 Cumque
1255 1133 1554 1188 inebriatus
1598 1133 1758 1187 fuerit
1797 1142 1853 1187 et
1909 1137 2157 1200 repletus

556 1229 795 1295 incesto,
831 1227 932 1282 hoc
961 1238 1066 1290 est,
1102 1229 1153 1281 in
1187 1243 1333 1288 acie,
1361 1228 1448 1297 qui
1481 1227 1881 1281 consuetudine
1913 1225 2156 1295 Scriptu-

555 1339 736 1378 rarmu
769 1323 967 1378 caelum
991 1321 1212 1386 dicitur,
1251 1331 1380 1375 tunc
1420 1320 1484 1375 ad
1516 1319 1802 1374 ldumtcam
1833 1333 2068 1388 quoque,
2105 1317 2156 1372 id

556 1427 660 1483 est,
681 1418 747 1473 ad
771 1431 986 1473 terrena
1006 1417 1331 1472 descendet:
1353 1427 1408 1470 ιιι
1435 1427 1554 1486 post
1575 1431 1794 1487 poenam
1818 1415 2151 1477 dazmonum,

555 1513 722 1568 etiam
757 1512 1035 1567 hominum
1081 1513 1276 1566 anima:
1308 1510 1643 1579 iudicentur.
1673 1509 1913 1564 Idumtea
1958 1509 2158 1578 quippe

554 1608 609 1662 in
657 1608 838 1677 lingua
890 1618 1076 1662 nostra
1127 1618 1380 1662 terrenam
1430 1617 1607 1660 sonat.
1658 1605 2029 1676 Repletusque
2074 1613 2159 1658 est

555 1701 846 1770 sanguine,
874 1711 929 1756 et
955 1703 1286 1756 incrassatus
1307 1701 1466 1771 adipe
1486 1715 1750 1771 agnorum
1775 1707 1831 1753 i-t
1857 1699 2156 1762 hircorum,

556 1793 1089 1864 medullatorumque
1145 1795 1382 1848 arietum
1432 1804 1597 1864 atque
1643 1802 1920 1847 taurorum
1958 1811 1968 1844 :
2004 1801 2059 1844 ut
2105 1800 2159 1844 et

2253 581 2405 627 erunt
2435 572 2504 625 ibi
2537 590 2554 627 :
2582 588 2749 643 regem
2783 574 2952 637 potius
2978 573 3308 634 inuocabunt.
3332 583 3379 626 et
3405 589 3582 628 omnes
3608 575 3839 644 principes

2255 665 2365 734 ejus
2393 677 2540 718 erunt
2567 665 2617 718 in
2651 664 2824 720 nihili.
2853 665 2917 718 Et
2937 665 3168 718 orientur
3193 665 3247 718 in
3277 665 3431 718 domo
3461 663 3574 737 [AL
3605 665 3839 738 domibus]

2256 759 2370 826 ejus
2391 757 2576 825 spissat.
2601 767 2649 809 et
2677 759 2878 822 artic-az,
2905 767 2952 810 et
2977 757 3213 828 paliurus
3240 757 3293 810 in
3319 757 3688 810 munitionibus
3708 759 3840 826 ejus:

2257 859 2303 900 et
2335 850 2430 903 erit
2457 850 2624 905 cubile
2653 850 2960 917 draconum,
2991 861 3038 906 et
3065 868 3260 923 pascua
3287 851 3662 906 struthionuus.
3690 850 3753 905 Et
3772 869 3842 906 oc-

2257 951 2462 996 current
2485 943 2742 998 (immania
2769 946 3156 1008 onocentauris,
3183 954 3229 999 et
3250 944 3449 1017 pilosus
3469 945 3710 1000 clamabit
3733 947 3842 999 alter

2259 1034 2327 1086 ad
2353 1037 2698 1091 alterum:ibi
2726 1037 2932 1091 cubabit
2964 1035 3074 1108 [AL
3109 1035 3349 1108 cubauit]
3375 1037 3611 1101 lamio,et
3646 1038 3844 1093 inueniet

2261 1124 2368 1197 [AL
2393 1126 2607 1199 invenit]
2629 1129 2722 1181 sibi
2762 1131 3010 1197 requiem.
3029 1129 3108 1184 lbi
3122 1128 3298 1183 habuit
3313 1133 3517 1195 foveam
3543 1129 3785 1194 ltericius,
3805 1142 3845 1185 et

2261 1221 2467 1274 nutriuit
2499 1223 2718 1287 catulos,
2746 1234 2792 1277 et
2819 1224 3175 1294 circumfudit,
3199 1236 3243 1279 et
3270 1227 3395 1294 fovit
3427 1229 3480 1281 in
3504 1227 3691 1283 umbra
3711 1231 3842 1300 ejus:

2259 1317 2386 1372 illuc
2407 1320 2702 1388 congregati
2733 1331 2849 1373 sunt
2882 1322 3042 1386 milvi,
3073 1321 3206 1378 alter
3233 1321 3301 1376 ad
3329 1323 3576 1378 alterum.
3604 1321 3847 1392 Requirite

2261 1409 2533 1480 diligenter
2565 1411 2616 1464 in
2647 1411 2778 1465 libro
2811 1411 3043 1477 Domini,
3075 1423 3124 1468 et
3172 1413 3351 1486 legite,
3383 1430 3541 1468 unum
3575 1429 3638 1468 ea:
3667 1414 3740 1467 eis
3762 1429 3846 1469 non

2261 1502 2446 1574 defuit,
2478 1504 2606 1558 alter
2635 1505 2705 1558 ad
2748 1506 2968 1562 alterum
3017 1523 3119 1562 non
3147 1508 3386 1580 qumivil
3417 1524 3436 1562 :
3481 1509 3604 1578 quia
3646 1508 3777 1576 quod
3798 1524 3849 1563 es

2259 1613 2347 1651 ore
2377 1613 2490 1652 meo
2509 1600 2761 1669 procedit,
2795 1601 2883 1654 ille
2914 1600 3199 1664 mandauit,
3231 1610 3281 1656 et
3307 1601 3520 1672 spiritus
3543 1604 3680 1673 ejus,
3712 1597 3848 1670 ipse“

2260 1691 2585 1762 congregavit
2605 1709 2684 1746 ea.
2718 1691 2912 1761 Etipse
2931 1693 3073 1749 misit
3098 1695 3172 1748 eis
3199 1693 3307 1765 [ΑΙ.
3339 1693 3406 1766 ei]
3437 1702 3646 1757 sortem,
3694 1705 3739 1748 et
3759 1712 3850 1748 nta-

2263 1802 2356 1840 nus
2381 1789 2495 1858 ejus
2525 1787 2698 1842 divisit
2730 1805 2841 1842 eam
2872 1789 2978 1842 illis
3005 1789 3057 1842 in
3089 1806 3354 1856 mensura,
3387 1808 3551 1860 usque
3582 1792 3635 1844 iis
3679 1791 3850 1859 sempi-

553 1889 828 1957 principes
876 1898 930 1956 et
966 1890 1221 1955 populum
1263 1890 1470 1960 pariter
1500 1888 1774 1959 signiticet
1824 1887 2154 1955 puniendos.

2269 1885 2466 1932 ternum
2504 1879 2840 1948 possidebunt
2867 1899 2978 1936 eam
3009 1898 3027 1936 :
3057 1883 3110 1936 in
3144 1884 3476 1954 generatione
3512 1893 3560 1936 et
3586 1884 3853 1955 generatio-

557 1980 788 2036 Victima
821 1982 966 2035 enim
991 1983 1204 2036 Domini
1241 1985 1291 2036 in
1318 1983 1509 2046 Bosra,
1542 1991 1600 2037 et
1630 1981 1944 2036 interfectio
1969 1997 2161 2050 magna

559 2073 616 2128 in
664 2082 806 2127 terra
839 2073 1038 2128 Edam.
1076 2074 1148 2128 De
1179 2090 1280 2144 qua
1316 2075 1483 2128 Bosra
1530 2083 1584 2128 et
1634 2073 1872 2127 ldumtca
1905 2076 2072 2127 etiam
2108 2075 2161 2128 in

561 2167 1021 2235 censequentibus
1067 2165 1178 2233 (Ad
1203 2182 1351 2226 uni.
1379 2167 1402 2221 Ι
1429 2167 1447 2235 )
1472 2166 1612 2220 idem
1639 2166 1907 2235 Propheta
1934 2174 2166 2221 teetatur

562 2257 751 2313 dicens-
779 2278 792 2312 :
824 2259 951 2324 Quis
969 2271 1040 2312 est
1067 2261 1162 2312 iste
1185 2261 1274 2330 qui
1302 2261 1435 2314 venit
1457 2261 1521 2313 de
1551 2260 1714 2314 Edam
1736 2277 1755 2315 :
1777 2269 1803 2297 ι
1827 2261 1982 2314 rubra
2007 2261 2166 2315 uesti-

561 2362 734 2404 menta
764 2355 875 2423 ejus
911 2352 975 2405 de
1007 2350 1212 2406 Bosra?
1252 2352 1318 2407 Et
1361 2353 1608 2408 nonnulli
1657 2354 1994 2412 existimant.
2040 2353 2164 2423 quia

560 2443 750 2507 Bosor,
778 2461 897 2498 caro
926 2444 1142 2510 dicitur,
1179 2461 1272 2516 per
1303 2446 1579 2502 victimam
1624 2447 1838 2503 Domini
1876 2449 1926 2502 in
1971 2448 2164 2514 Bosra,

561 2545 835 2591 tormenta
881 2539 1123 2594 omnium
1158 2538 1208 2592 in
1241 2553 1404 2592 earnc
1449 2538 1903 2609 monstrari:qui
1951 2540 2039 2609 pio
2087 2538 2168 2592 la-

561 2629 765 2684 lntntur
812 2644 1023 2685 errore.
1072 2630 1130 2686 In
1185 2631 1440 2698 prirsenti
1471 2632 1616 2686 enim
1645 2633 1764 2685 loco
1799 2649 1904 2685 non
1933 2647 2030 2702 per
2083 2648 2165 2686 sm

559 2723 822 2784 litteram,
855 2739 975 2793 quae
1008 2726 1059 2778 in
1089 2740 1256 2780 aeson
1285 2725 1492 2797 (πω),
1520 2725 1623 2780 hoc
1649 2736 1755 2791 est,
1789 2727 1838 2780 in
1861 2744 2034 2786 carne.
2071 2742 2167 2796 po-

563 2817 710 2872 nitur
742 2819 873 2874 :sed
919 2834 1015 2888 per
1038 2835 1171 2875 sane
1200 2821 1480 2884 scribitur,
1511 2831 1567 2876 et
1604 2836 1768 2877 sonu
1809 2823 2023 2893 (om)
2064 2840 2166 2890 ap-

566 2909 832 2977 pellatur,
902 2927 1023 2979 qu:e
1077 2911 1230 2981 juxta
1276 2914 1460 2968 Jesmn
1509 2924 1563 2968 et
1608 2916 1902 2969 Jeretniam
1953 2931 2059 2970 non
2114 2917 2165 2971 in

567 3001 762 3064 Edunt,
796 3003 846 3056 id
880 3011 986 3065 est,
1021 3003 1286 3069 lduuuea;
1321 3007 1414 3061 sed
1442 3006 1495 3060 in
1533 3015 1677 3061 terra
1705 3007 1860 3062 Moab
1893 3008 2167 3063 Invenitur

570 3091 799 3161 (Jerem.
840 3097 1063 3166 xum).
1109 3093 1276 3150 Bosra
1303 3109 1485 3152 autem
1521 3098 1572 3153 in
1604 3100 1782 3169 lingua
1819 3111 2004 3155 nostra
2049 3118 2165 3154 mu-

569 3192 731 3246 nitam
764 3202 921 3248 sonat
950 3204 1113 3265 atque
1162 3194 1561 3258 circumdatam,
1605 3194 1720 3248 sive
1767 3196 2026 3262 firmatam
2062 3213 2080 3250 :
2111 3205 2169 3249 ut

2266 1985 2378 2022 nem
2407 1970 2708 2025 habitabant
2733 1973 2784 2025 in
2812 1990 2893 2028 ea.
2926 1973 3162 2037 Hebraei,
3191 1985 3250 2028 ut
3278 1991 3440 2041 supra
3467 1974 3730 2035 diximus.
3759 1981 3853 2028 nate

2265 2061 2335 2116 de
2363 2061 2606 2120 Romano
2630 2065 2858 2133 imperio
2889 2067 3209 2136 pr0plietata
3243 2068 3607 2131 contendunt,
3631 2078 3684 2122 et
3710 2066 3854 2139 ω

2267 2155 2318 2210 ἱιι
2352 2155 2610 2211 ultionem
2638 2157 2770 2213 Sion
2795 2200 2810 2224 ,
2844 2160 3154 2214 vastitatem
3185 2161 3458 2229 quondam
3493 2163 3644 2232 regni
3680 2171 3855 2231 poten-

2267 2250 2460 2306 tissimi
2495 2252 2804 2321 prirtlicari,
2838 2254 2978 2318 quod
3005 2255 3156 2323 juxta
3193 2255 3430 2309 litteram
3462 2256 3712 2326 plerique
3741 2270 3853 2309 nos.

2267 2353 2474 2398 trorum
2506 2346 2666 2399 etiam
2700 2347 2752 2400 in
2781 2348 3103 2418 Apocalypsi
3129 2348 3354 2404 Joannis
3373 2353 3634 2422 scriptum
3657 2360 3851 2420 pulsnt.

2266 2435 2376 2491 Nos
2405 2448 2586 2492 autem
2619 2453 2684 2493 ex
2733 2454 2799 2492 eo
2838 2440 2980 2510 quod
3010 2441 3234 2506 dicitur,
3269 2441 3381 2496 dies
3408 2443 3625 2497 ultionis
3665 2441 3854 2497 Domini

2266 2547 2432 2586 annus
2489 2531 2883 2587 retributionum
2929 2535 3121 2606 judicii
3167 2535 3298 2592 Sion
3348 2537 3490 2592 hunc
3543 2536 3856 2593 arbitramur

2269 2638 2498 2686 annum,
2531 2624 2598 2679 de
2626 2639 2734 2694 quo
2766 2625 3005 2695 loquitur
3029 2630 3142 2698 ipse
3165 2629 3417 2684 Salvator
3447 2648 3460 2684 :
3497 2629 3728 2700 Spiritus
3767 2629 3855 2683 Da-

2279 2717 2404 2771 niini
2431 2735 2584 2779 super
2613 2735 2719 2785 uie,
2749 2735 2807 2774 eo
2837 2721 2976 2790 quod
3006 2723 3151 2776 unxit
3175 2740 3269 2783 me.
3301 2725 3652 2794 evniigelizare
3678 2740 3852 2794 paupe-

2268 2809 2408 2863 ribus
2439 2811 2576 2864 misit
2601 2827 2700 2872 me,
2735 2814 3018 2878 prwdicare
3052 2817 3263 2881 caminis
3299 2818 3669 2879 remissionem.
3699 2827 3743 2872 et
3769 2833 3852 2872 ctr-

2266 2901 2339 2953 cis
2370 2912 2424 2954 ut
2449 2902 2674 2967 rideant,
2717 2920 2898 2957 uocare
2937 2922 3129 2959 annum
3160 2905 3368 2960 Domini
3397 2908 3776 2976 acceptubilein,
3814 2917 3856 2963 et

2271 2996 2403 3048 diem
2431 2995 2785 3050 retributionis
2818 2997 2929 3052 Deo
2961 3011 3135 3052 uestro
3158 3018 3176 3055 ;
3201 3002 3458 3056 consolari
3480 3018 3656 3058 omnes
3685 3005 3848 3073 lugeo.

2272 3098 2366 3153 tes,
2400 3098 2445 3141 et
2479 3088 2602 3144 dare
2646 3089 3007 3163 plangentibus
3053 3091 3182 3147 Sion
3212 3094 3428 3162 gloriam
3467 3092 3620 3165 (Luc
3667 3110 3738 3159 Iv,
3778 3095 3855 3161 l8,

2274 3183 2338 3237 19
2365 3185 2396 3254 ,ξ
2425 3182 2553 3238 lsai.
2598 3201 2709 3248 Litt,
2754 3186 2870 3258 1-5)
2910 3205 2921 3240 :
2961 3197 3014 3242 et
3053 3187 3122 3242 de
3166 3204 3272 3256 quo
3319 3203 3478 3257 supra
3511 3187 3711 3244 dictum
3747 3200 3855 3245 eat:

570 3287 758 3341 orbein
786 3297 1052 3342 terrarum
1089 3289 1300 3342 Domini
1335 3289 1614 3342 voluntate
1645 3287 1838 3342 doceat
1858 3287 2022 3360 ωε
2045 3304 2166 3344 esse

2275 3275 2521 3332 Mulieres
2553 3278 2811 3343 apulenta:
2840 3257 3033 3348 surgite
3065 3278 3222 3351 (Isai.
3258 3294 3431 3340 xxxii,
3456 3278 3554 3350 5):
3585 3289 3643 3336 et
3661 3280 3857 3336 dierum

570 3377 884 3444 solidatum,
907 3380 1058 3446 juxta
1095 3380 1226 3434 illud
1260 3379 1406 3450 quod
1438 3382 1488 3434 in
1523 3381 1731 3450 psalmo
1763 3382 2005 3446 canitur;
2046 3380 2171 3446 Ipse

570 3488 725 3541 super
754 3473 918 3526 maria
947 3473 1186 3543 fundavit
1219 3491 1356 3535 enm,
1385 3483 1430 3527 et
1459 3490 1616 3542 super
1642 3475 1860 3542 fluntina
1890 3476 2167 3529 collocavit

569 3565 714 3618 illum
739 3567 756 3636 (
781 3566 873 3622 l’s.
908 3582 1060 3633 χχιιι,
1107 3568 1215 3635 2);
1263 3578 1317 3622 et
1348 3566 1417 3620 de
1450 3566 1707 3622 lirmitate
1750 3577 1908 3622 terra:
1940 3585 2006 3622 ex
2042 3583 2167 3637 per—

572 3673 703 3712 sona
736 3659 828 3712 Dei
861 3659 1094 3712 dicitur:
1126 3657 1237 3729 Ego
1280 3659 1485 3727 ﬁrmavi
1514 3656 1787 3712 columnas
1831 3661 1942 3729 ejus
1973 3659 1990 3728 (
2017 3658 2164 3714 Psal.

574 3765 750 3814 LXXIV,
783 3751 816 3805 5
839 3755 876 3818 ).
906 3750 1155 3821 Cumque
1188 3750 1402 3806 victima
1437 3751 1651 3806 Domini
1682 3751 1848 3806 fuerit
1876 3753 1926 3804 in
1971 3752 2166 3818 Bosra,

569 3849 621 3892 et
656 3840 960 3897 iutcrl‘eCtio
990 3843 1113 3912 ejus
1143 3842 1195 3898 in
1232 3842 1487 3904 Idumam.
1521 3841 1855 3898 descendent
1884 3844 2170 3900 unicornes

563 3944 687 3982 cum
723 3932 891 3984 tauris
924 3932 1260 3999 potentibus,
1310 3945 1469 4001 rcges
1521 3932 1775 3985 videlicet
1805 3943 1859 3986 et
1894 3933 2172 4002 principes

573 4034 733 4077 terrm
766 4022 888 4095 [ΑΙ.
914 4024 1099 4098 ejus];
1138 4033 1194 4080 et
1221 4029 1402 4080 omnia
1426 4024 1848 4090 interfectionis,
1872 4035 1926 4080 et
1955 4027 2174 4097 sangui-

575 4115 656 4168 nis
702 4115 1078 4186 rcplehuutur,
1114 4127 1167 4174 et
1197 4117 1356 4185 adipe
1384 4118 1664 4188 quondam
1711 4117 1939 4172 divitum
1972 4135 2037 4176 ac
2077 4136 2174 4189 po-

573 4217 802 4261 tentum.
837 4208 939 4262 Per
969 4224 1093 4280 qua:
1144 4210 1332 4274 verba,
1361 4210 1512 4279 juxta
1546 4209 1840 4265 humanam
1872 4226 2173 4269 consuetu-

572 4301 776 4366 dinem,
812 4310 1080 4357 terrorem
1128 4304 1472 4359 audientibus
1519 4304 1867 4370 iucutientia,
1899 4306 1950 4360 in
1982 4323 2176 4366 omnes

573 4390 849 4462 principes
885 4409 948 4448 ac
981 4405 1248 4464 potentes,
1304 4395 1644 4466 populosque
1697 4411 1761 4452 ac
1809 4413 2005 4460 parvos
2055 4414 2172 4457 tor-

575 4491 758 4540 menta
791 4495 1179 4540 monstrantur.
1231 4484 1424 4550 Bosra,
1474 4486 1525 4541 id
1560 4499 1670 4550 est,
1703 4493 1978 4555 munitam,
2014 4502 2174 4562 atque

575 4575 854 4644 firmatam,
879 4583 936 4631 et
958 4575 1154 4643 Edom,
1181 4578 1298 4632 sive
1329 4577 1518 4642 Duma,
1546 4589 1598 4633 et
1623 4577 1937 4646 ldumzcam,
1965 4583 2174 4640 .ludzco-

575 4683 692 4720 rum
742 4668 981 4739 magistri
1036 4668 1265 4726 Romam
1301 4669 1529 4740 intelligi
1560 4670 1770 4737 volunt,
1805 4681 1861 4727 et
1891 4676 2078 4731 omnia
2105 4678 2174 4734 de

574 4761 690 4829 ipsa
723 4759 825 4814 dici
851 4777 973 4831 quae
1000 4762 1249 4833 sequenti
1280 4761 1521 4830 capitulo
1548 4765 1919 4822 continentur.

650 4851 832 4924 (Vers.
866 4855 898 4908 8
931 4853 1111 4928 seqq.)
1149 4856 1283 4922 Quia
1323 4856 1434 4909 dies
1475 4857 1693 4912 ultionis
1743 4857 1974 4926 Domini,
2007 4879 2176 4917 annus

574 4944 968 5000 retributionnm
1003 4947 1194 5015 judicii
1225 4947 1374 5002 Sion.
1411 4945 1479 5001 Et
1523 4959 1885 5006 convertentur
1924 4962 2175 5010 torrentes

575 5040 684 5110 ejus
715 5038 772 5091 in
804 5040 986 5106 picem,
1021 5049 1066 5094 et
1089 5040 1272 5094 humus
1317 5045 1432 5112 ejus
1457 5041 1508 5095 in
1536 5043 1758 5115 sulphur
1782 5061 1800 5098 :
1828 5054 1875 5100 et
1910 5046 2004 5100 erit
2040 5058 2178 5104 terra

574 5131 689 5202 ejus
715 5129 770 5182 in
798 5130 959 5200 picem
989 5132 1273 5188 ardentem.
1305 5131 1472 5186 Nocte
1501 5144 1548 5188 et
1575 5136 1657 5189 die
1693 5153 1794 5190 non
1826 5139 2175 5210 extinguetur,

575 5224 628 5276 in
661 5225 1030 5293 sempiternum
1067 5226 1304 5281 ascendet
1331 5229 1504 5299 fumus
1531 5231 1640 5301 ejus
1669 5245 1688 5284 :
1714 5246 1745 5282 a
1775 5235 2098 5302 generatione
2124 5235 2178 5291 in

578 5321 959 5394 generationem
991 5320 1332 5386 desolabitur,
1370 5323 1423 5375 in
1462 5324 1706 5378 swculum
1736 5327 2044 5380 saeculorum
2076 5345 2179 5384 non

580 5414 670 5465 erit
712 5415 962 5468 transiens
995 5430 1085 5483 per
1110 5430 1243 5468 eam.
1277 5413 1340 5468 Et
1368 5416 1696 5487 possidebunt
1728 5417 1874 5471 illam
1911 5431 2183 5474 onocrota-

582 5505 684 5571 lus,
713 5515 760 5559 et
791 5506 1033 5570 hericius,
1064 5517 1110 5561 et
1141 5507 1266 5574 ibis,
1301 5519 1346 5561 et
1374 5524 1555 5563 corvus
1596 5508 1899 5564 habitabant
1929 5513 1983 5564 in
2019 5529 2099 5577 ea,
2131 5523 2180 5568 et

577 5597 884 5650 extendetur
911 5614 1064 5666 super
1091 5614 1203 5652 eam
1225 5615 1467 5654 mensura
1491 5614 1510 5654 :
1541 5611 1594 5654 ut
1621 5601 1886 5672 redigatur
1912 5602 1982 5656 ad
2002 5605 2174 5674 nihili,

652 5741 674 5768 η
705 5731 869 5787 lidcm
899 5749 1018 5807 cum
1049 5735 1232 5805 Vulg.,
1263 5737 1432 5791 tinctis
1472 5738 1690 5792 vestibus
1722 5737 1785 5792 de
1822 5738 2020 5807 Bosra;
2059 5749 2171 5798 tum

580 5802 767 5866 Bosar,
803 5819 898 5872 pro
924 5802 1092 5860 Bosor
1120 5802 1456 5863 constanter.

646 5873 670 5914 δ
699 5877 871 5932 Antea
905 5887 1022 5932 erat
1067 5879 1433 5951 congregabit;
1483 5890 1537 5937 et
1577 5895 1724 5951 mox,
1773 5897 1956 5940 manus
1991 5883 2167 5940 divisit

2272 3370 2396 3423 anni
2429 3370 2793 3424 recordamini
2820 3371 2873 3426 in
2901 3372 3091 3427 dolore
3113 3387 3238 3426 cum
3267 3387 3382 3444 spe,
3407 3388 3472 3426 ac
3503 3389 3602 3441 per
3629 3372 3733 3427 hoc
3753 3379 3860 3442 post

2271 3460 2582 3528 generalem
2641 3460 2805 3515 t0tius
2866 3463 3018 3518 oxbis
3083 3467 3616 3520 cunsntnmationem
3678 3464 3859 3520 reverti

2271 3551 2614 3620 Scriptorum
2642 3554 2706 3607 ad
2737 3554 3066 3617 JeruSaIem,
3097 3556 3182 3610 cui
3217 3557 3311 3610 illo
3340 3566 3588 3627 tempore
3619 3558 3859 3629 loqueba-

2271 3652 2378 3705 tur.
2408 3652 2465 3698 et
2486 3646 2796 3700 vastitatem
2823 3647 2940 3715 ejus
2975 3647 3136 3714 pleno
3153 3663 3409 3705 sermone
3437 3651 3668 3706 describi
3694 3669 3706 3703 :
3730 3648 3862 3720 quod

2271 3736 2487 3792 scilicet
2515 3747 2800 3808 postquam
2840 3750 3053 3810 tempus
3084 3741 3344 3797 Romana:
3386 3742 3693 3800 obsidionis
3717 3743 3865 3798 adve-

2274 3829 2437 3896 nerit,
2469 3831 2589 3900 pice
2616 3842 2668 3885 et
2700 3832 2966 3901 sulphure
2995 3843 3051 3888 et
3077 3833 3310 3889 flainmis
3350 3836 3674 3892 ardentibus
3699 3836 3863 3892 omnia

2273 3922 2672 3991 compleantur,
2702 3934 2757 3980 et
2786 3924 2966 3980 fumus
2991 3927 3369 3984 illiusmaneat
3394 3932 3446 3985 in
3472 3939 3757 3994 :rternum,
3777 3930 3866 3984 hae

2274 4016 2556 4086 hitentque
2582 4017 2656 4070 ibi
2688 4020 3043 4076 onocrotalus
3073 4032 3128 4076 et
3159 4023 3421 4089 hericius,
3440 4033 3497 4080 et
3527 4025 3652 4090 ibis,
3681 4034 3732 4082 et
3751 4039 3862 4080 cor-

2274 4128 2397 4179 vus,
2431 4128 2551 4183 qutc
2594 4113 2898 4168 animantia
2931 4114 2985 4168 in
3013 4115 3247 4172 desertis
3298 4118 3433 4173 locis
3465 4117 3707 4175 habitare
3745 4133 3864 4172 con-

2274 4217 2597 4263 sueverunt:
2629 4217 2683 4262 et
2713 4207 2817 4264 hoc
2846 4207 2957 4272 ﬁat,
2995 4211 3120 4280 quia
3160 4209 3437 4269 funiculus
3469 4213 3681 4269 Domini
3715 4225 3862 4282 atque

2278 4299 2745 4370 perpendiculum,
2798 4301 2850 4355 id
2899 4312 3002 4368 est,
3041 4306 3312 4360 sententia
3358 4305 3503 4359 illius
3549 4323 3655 4361 non
3699 4306 3862 4360 valeat

2277 4392 2575 4446 immutari.
2607 4391 2825 4447 Nobiles
2854 4393 2996 4463 ejus,
3038 4393 3088 4448 id
3131 4404 3244 4462 est,
3277 4395 3523 4464 Apostoli
3554 4408 3714 4469 stquc
3751 4411 3862 4452 cre-

2279 4485 2474 4540 dentes
2520 4499 2626 4538 non
2665 4495 2823 4541 erunt
2856 4485 2953 4550 ibi,
2988 4501 3090 4541 nec
3121 4486 3461 4556 perditorum
3491 4505 3717 4545 numero
3741 4504 3861 4544 con—

2274 4577 2572 4648 jungentur
2611 4595 2624 4631 :
2659 4577 2752 4632 sed
2783 4593 2963 4646 regem
3011 4579 3189 4648 potius
3215 4579 3489 4635 Christum
3525 4582 3859 4639 invocaliunt.

2202 4641 2485 4727 Dbmnes
2513 4680 2690 4726 autem
2744 4671 3019 4741 principes
3068 4673 3234 4735 illius.
3282 4673 3488 4729 Scriba:
3538 4675 3776 4730 videlicet
3808 4681 3861 4727 et

2283 4763 2567 4828 Pharismi,
2603 4764 2918 4834 redigentur
2945 4765 2996 4820 in
3043 4764 3222 4834 nihili,
3252 4767 3388 4822 etin
3432 4768 3684 4826 domibus
3705 4782 3861 4840 quon-

2281 4857 2406 4912 dam
2438 4857 2803 4912 ornatissimis
2831 4859 3004 4928 spinze
3036 4869 3089 4914 et
3121 4861 3308 4914 urticae
3335 4870 3390 4916 et
3411 4861 3658 4932 paliurus
3691 4862 3858 4916 ovicu-

2283 4960 2389 5007 tur.
2423 4950 2646 5020 Eritque
2691 4949 2870 5006 Cubile
2899 4949 3224 5016 draconum,
3272 4961 3328 5006 et
3373 4967 3570 5022 pascua
3617 4948 3860 5007 struthio-

2284 5058 2438 5111 nom,
2487 5059 2606 5114 qua:
2653 5051 2707 5098 et
2737 5043 2852 5113 ipsa
2885 5043 3038 5111 signa
3070 5052 3196 5098 sunt
3241 5052 3499 5100 extremae
3546 5042 3858 5100 solitudinis.

2285 5137 2349 5192 Et
2380 5144 2672 5191 occurrent
2705 5135 2808 5190 sibi
2839 5135 2890 5190 in
2920 5152 2979 5190 ea
3001 5178 3013 5201 ,
3042 5136 3196 5207 juxta
3240 5137 3385 5192 LXX
3417 5138 3633 5194 diversa
3676 5137 3860 5191 damo-

2286 5247 2413 5286 num
2449 5229 2847 5300 phantasmata,
2881 5229 2998 5285 sive
3044 5243 3097 5284 ut
3128 5247 3319 5286 omnes
3346 5231 3440 5285 alii
3467 5232 3620 5300 juxta
3650 5227 3860 5286 llchiai-

2284 5339 2406 5377 cum
2440 5323 2858 5388 transtulerunt,
2885 5337 2990 5377 suis
3020 5323 3193 5395 (mut)
3226 5333 3280 5379 et
3308 5339 3381 5378 ιιιι
3416 5325 3618 5394 (nam),
3647 5335 3861 5377 unoccu-

2288 5418 2449 5484 tauri,
2479 5427 2534 5471 et
2565 5417 2745 5488 pilosi.
2779 5426 2833 5472 et
2865 5415 3023 5470 lamia
3051 5460 3064 5481 ,
3090 5433 3209 5487 qua:
3240 5417 3541 5474 Gentilium
3571 5419 3774 5479 labuke,
3804 5423 3860 5470 et

2287 5521 2568 5582 poetarum
2611 5511 2861 5579 ﬁgmenta
2891 5509 3226 5564 describunt.
3264 5509 3534 5564 lluricium
3567 5523 3762 5579 quoque
3785 5503 3858 5558 ibi

2289 5605 2533 5658 enutrirc
2582 5603 2815 5670 catulos,
2857 5612 2914 5658 et
2944 5603 3232 5657 stationem
3274 5603 3475 5658 habere
3507 5603 3794 5658 ﬁdissimsm
3842 5613 3859 5648 :

2281 5741 2488 5812 absque
2511 5740 2802 5812 interiecto
2829 5742 2940 5805 eius
2967 5757 2987 5795 :
3013 5740 3158 5806 quod
3186 5755 3318 5796 mss.
3348 5741 3636 5798 emendant
3659 5754 3716 5795 ac
3737 5748 3860 5808 sup-

2279 5815 2427 5881 plent
2457 5811 2523 5866 ad
2556 5814 2698 5867 sacri
2726 5821 3014 5868 contextus
3037 5812 3227 5868 ﬁdenti.
