4004 7084
217 366 351 427 535'

743 366 1405 429 COMMENTARIORUM
1442 366 1511 425 IN
1551 364 1785 426 lSAlAM
1821 366 1823 421 l

1928 362 2249 424 JPIIBTAM
2280 368 2412 424 LIB.
2456 367 2525 425 X.
2568 367 2723 427 CAP.
2767 368 2987 427 XXXV.

3422 369 3529 426 5⁷4

217 485 350 542 illuc
393 488 722 560 congregari
766 488 986 554 milvos,
1018 486 1433 556 rapacissimum
1470 500 1650 551 avem,
1698 499 1823 555 qu.e
1851 487 1903 547 Α
1931 483 2227 557 Illyricum,
2256 485 2396 543 alius
2423 488 2489 542 ad
2519 487 2786 544 Grieciam
2819 497 3073 559 pergeret
3104 507 3117 544 :
3146 496 3203 544 et
3228 491 3539 560 unusquis-'

219 577 496 635 Hchraice
544 580 851 653 appellatur
886 592 1090 637 ustor!
1146 578 1352 650 (mn).
1402 578 1521 634 sive
1570 589 1628 632 ut
1676 575 1821 632 LXX

217 674 620 729 transtulerunt
647 688 844 737 emes,
879 672 948 727 de
977 671 1177 742 quibus
1208 672 1348 726 intra
1376 672 1646 726 dicemus.
1676 670 1824 726 Inter

216 779 345 835 qua
370 765 646 836 Propheta
677 766 919 835 loquitur
943 763 1334 820 audientibus:
1364 762 1411 819 Ο
1437 765 1685 819 homines
1709 761 1819 835 [ΑΙ.

216 859 441 932 omnes]
458 861 551 930 qui
573 875 662 917 me
681 861 882 916 auditis
914 861 1250 928 loquentem,
1282 875 1403 929 quae
1434 870 1663 914 ventura
1697 874 1824 929 pro-

216 953 441 1022 nuntio,
474 955 638 1011 rebus
683 954 865 1010 omnia
893 951 1336 1023 complebantur.
1383 951 1549 1025 445
1599 952 1653 1005 In
1683 952 1823 1007 libro

214 1045 367 1101 enim
414 1048 619 1117 scripta
667 1055 799 1102 sunt
828 1046 1073 1113 Domini,
1116 1057 1172 1101 et
1206 1044 1352 1100 illius
1380 1045 1649 1099 sententia
1690 1043 1821 1098 deli-

216 1141 354 1207 nita,
384 1150 444 1197 et
472 1156 542 1197 ne
566 1155 736 1197 unum
761 1140 980 1213 quidem
1010 1140 1220 1195 irritum
1250 1140 1377 1195 erit.
1404 1138 1540 1194 Nam
1571 1138 1715 1208 quod
1754 1138 1825 1194 de

221 1247 352 1288 meo
380 1247 481 1288 ore
507 1234 773 1303 procedit,
809 1233 901 1288 ille
929 1232 1227 1297 mandavit,
1257 1231 1310 1286 id
1337 1243 1443 1299 est,
1475 1246 1578 1301 ego
1604 1230 1822 1302 quidem

208 1325 447 1395 loquor;
481 1325 579 1381 sed
609 1325 773 1381 verba
801 1333 930 1380 sunt
955 1324 1194 1391 Domini,
1223 1324 1490 1394 etspiritu
1522 1322 1631 1394 [ΑΙ.
1663 1323 1827 1394 spiri-

215 1417 327 1490 tus]
359 1418 510 1473 illius
533 1417 802 1488 quidquid
832 1418 1038 1474 dictum
1065 1426 1154 1474 est
1187 1417 1618 1488 perpetrabitur.
1647 1416 1826 1486 Ipsius

213 1510 446 1567 decreto
486 1522 650 1581 atque
693 1525 949 1567 mensura
993 1512 1207 1580 singula
1253 1510 1679 1582 complebuntur
1715 1527 1727 1563 :
1770 1520 1827 1564 et

218 1617 397 1675 usque
425 1603 482 1658 in
525 1603 910 1674 generationes
956 1604 1322 1674 sempiternas
1364 1618 1524 1659 suum
1573 1601 1826 1657 ordinem

215 1711 325 1753 non
360 1698 696 1766 relinquent.
744 1697 874 1753 llam
915 1697 1077 1766 juxta
1104 1697 1434 1753 chraicum
1483 1704 1541 1753 ct
1566 1697 1825 1768 euplana-

221 1791 429 1847 tionem
462 1791 785 1848 historicum
811 1792 956 1848 dicta
982 1792 1116 1847 sint.
1160 1789 1431 1847 Ceterum
1456 1792 1828 1863 qui,tropolo—

1926 592 2032 648 quo
2051 578 2105 631 in
2121 577 2399 649 Evangelii
2422 581 2502 634 sui
2527 581 2965 650 atqnedoctrina-
2989 580 3268 651 provincia
3288 583 3544 652 requies-.

1926 679 2097 723 ceret.
2126 669 2258 738 Quae
2286 685 2385 725 nos
2405 685 2571 742 super
2594 672 2895 728 Jerusalem
2918 673 3156 729 diximus
3186 674 3530 746 propltetarl,

1926 776 1978 821 et
2005 765 2177 821 Judaei
2198 767 2267 822 de
2294 766 2541 823 Romano
2567 768 2710 825 dicta
2740 769 2969 840 imperio
2998 771 3370 840 suSpicantur,
3395 785 3539 827 non-

1926 859 2064 912 nulli
2105 858 2172 914 ad
2219 859 2410 915 orbem
2444 860 2707 928 referunt,
2744 877 2813 918 ne
2850 877 2881 916 a
2913 861 3192 933 prioribus
3217 862 3535 934 discrepare

1927 952 2235 1009 videantur.

2000 1043 2155 1119 (Cap.
2188 1044 2406 1102 XXXV.
2438 1077 2508 1089 —
2539 1047 2700 1103 Vers.
2732 1050 2785 1115 i,
2808 1048 2894 1121 2.)
2929 1048 3219 1105 Laetabitur
3248 1050 3457 1104 deserta
3487 1058 3538 1103 et

1926 1138 2088 1200 invia,
2103 1148 2148 1192 et
2160 1139 2440 1194 exsultabit
2460 1140 2714 1207 solitudo,
2728 1151 2777 1196 et
2793 1143 2997 1213 ﬂorebit
3015 1144 3164 1214 quasi
3186 1144 3377 1198 lilium.
3402 1141 3534 1198 Ger-

1928 1232 2132 1284 minans
2145 1231 2493 1303 germinabit:
2521 1242 2568 1288 et
2587 1232 2866 1289 exsultabit
2882 1235 3181 1290 la’tabunda
3206 1246 3256 1290 et
3284 1236 3534 1291 laudans.

1931 1322 2112 1380 Gloria
2139 1325 2328 1381 Libani
2349 1327 2474 1383 data
2492 1338 2572 1383 est
2591 1331 2641 1384 ei
2660 1371 2673 1394 ,
2702 1330 2858 1384 decor
2879 1328 3105 1385 Carmeli
3128 1340 3176 1385 et
3195 1329 3390 1386 Saron.
3420 1328 3538 1399 Ipsi

1929 1418 2171 1472 videbunt
2188 1420 2413 1489 gloriam
2431 1418 2682 1476 Domini:
2699 1430 2749 1476 et
2775 1424 3010 1478 decorem
3035 1422 3131 1477 Dei
3153 1424 3336 1476 nostri.
3368 1419 3538 1477 LXX:

1930 1509 2138 1565 Laetare
2166 1510 2429 1566 desertum
2458 1514 2661 1581 sitiens,
2689 1524 2739 1570 et
2764 1517 2983 1570 exsultet
3005 1513 3258 1581 solitudo,
3282 1525 3329 1568 et
3351 1516 3541 1585 ﬂoreat

1929 1610 2078 1679 quasi
2098 1609 2291 1663 lilium.
2338 1609 2631 1665 Florebant
2659 1622 2707 1665 et
2733 1611 3073 1667 exsultabant
3114 1612 3320 1665 deserta
3344 1608 3542 1664 Iorda-

1933 1703 2013 1756 nis
2037 1717 2057 1757 :
2081 1701 2254 1774 gloria
2282 1702 2476 1758 Libani
2506 1705 2631 1759 data
2663 1716 2739 1761 est
2788 1706 2865 1771 ei,
2919 1716 2968 1760 et
3003 1704 3170 1759 honor
3198 1701 3428 1759 Carmeli
3450 1718 3471 1757 :
3492 1711 3542 1758 et

1934 1794 2154 1865 populus
2183 1811 2325 1849 meus
2354 1795 2544 1851 videbit
2568 1796 2791 1869 gloriam
2826 1797 3072 1865 Domini,
3101 1806 3151 1851 et
3197 1796 3539 1851 altitudinem

211 1886 360 1954 giam
421 1894 750 1953 sequuntur,
800 1885 1031 1953 expulso
1086 1886 1289 1955 populo
1335 1885 1650 1941 Judaeurnm
1717 1885 1821 1940 sub
1856 1886 1902 1947 Β
1936 1885 2029 1940 Dei
2066 1888 2253 1942 nostri.
2290 1888 2558 1956 Quoniam
2591 1888 2898 1945 Jerusalem
2942 1904 3210 1945 conversa
3239 1889 3407 1944 estin
3447 1888 3528 1959 pi-

211 1978 519 2034 bestiarum
549 1987 608 2035 et
639 1986 1019 2048 portentorum
1044 1978 1391 2044 nominibus,
1425 1978 1747 2033 idololatras
1773 1987 1830 2035 et

213 2070 388 2127 variis
428 2071 912 2139 superstitionibus
949 2071 1260 2127 servientes
1286 2070 1341 2126 in
1385 2069 1688 2127 Jerusalem
1726 2071 1822 2127 ha-

213 2162 490 2219 bitatnros
514 2176 640 2218 esse
684 2163 1016 2219 conﬁrmant
1048 2181 1062 2217 :
1096 2172 1150 2219 et
1178 2161 1281 2217 bos
1311 2176 1437 2218 esse
1480 2163 1832 2220 onocmtalos

210 2264 267 2310 et
294 2254 563 2320 liericios,
592 2255 703 2311 ibin
729 2262 785 2310 et
813 2271 1067 2321 corvum,
1092 2255 1363 2312 dracones
1385 2266 1441 2311 et
1462 2254 1825 2324 struthiones,

203 2356 259 2402 et
278 2357 693 2404 onocentauros
711 2389 726 2413 ,
752 2356 812 2403 et
831 2348 1128 2416 daemonia,
1161 2356 1217 2417 et
1241 2348 1468 2416 pilosus,
1493 2356 1550 2404 et
1582 2349 1826 2417 Iamiam,

204 2454 328 2512 qua
374 2440 644 2496 Hebraice
670 2440 873 2496 dicitur
908 2455 1088 2496 LlLl'l‘ll
1116 2415 1341 2510 (113555);
1379 2450 1433 2495 et
1461 2453 1494 2495 a
1523 2439 1642 2495 solo
1669 2415 1829 2511 S‘me

207 2533 410 2591 macho
437 2535 700 2592 translata
726 2543 813 2592 est
828 2536 1009 2603 lamia,
1040 2549 1199 2604 quam
1222 2533 1440 2605 quidam
1469 2535 1825 2592 Hebraeorum

207 2628 428 2704 ἐραννήν,
459 2628 511 2684 id
541 2641 647 2697 est,
679 2631 878 2703 furiam
906 2630 1278 2700 suspicantur.
1314 2629 1380 2687 Et
1406 2645 1595 2687 revera
1624 2631 1668 2689 si
1695 2645 1826 2687 con-

205 2719 526 2777 sideremus
556 2721 627 2779 de
661 2721 897 2778 diversis
938 2722 1196 2793 gentibus
1221 2720 1486 2779 adductas
1524 2721 1827 2780 Jerusalem

206 2813 484 2881 colonias,
514 2822 574 2869 et
609 2814 773 2884 juxta
803 2814 970 2870 ritum
1003 2814 1408 2885 provinciarum
1439 2828 1684 2883 suarum,
1716 2814 1825 2870 sine

206 2905 370 2978 gulas
399 2904 641 2963 familias
672 2906 1020 2977 propriorum
1066 2907 1376 2963 daemonum
1417 2906 1651 2961 coluisse
1696 2921 1827 2977 por-

207 3010 391 3067 tenta,
427 3002 546 3058 hate
590 2994 861 3057 omnia’in
904 3001 1213 3059 Jerusalem
1266 3000 1544 3058 habitasse
1586 3002 1830 3060 ﬁrmabi-

207 3109 355 3150 nius.
399 3094 667 3166 Quodque
701 3093 848 3151 LXX
892 3095 1295 3152 transtulerunt
1326 3114 1339 3150 :
1372 3093 1458 3149 Ibi
1497 3095 1828 3152 obt'iaverunt

205 3189 307 3244 sibi
335 3189 497 3256 cerui,
520 3198 572 3245 et
598 3191 837 3246 viderunt
863 3191 1022 3261 [acies
1045 3207 1168 3246 suas
1193 3205 1213 3246 :
1238 3205 1455 3245 nurnero
1485 3192 1824 3259 transierunt,

1933 1993 2052 2033 cem
2073 1989 2130 2033 et
2155 1979 2406 2034 ascendit
2427 1978 2608 2036 fumus
2638 1981 2787 2037 illius
2817 1981 3189 2051 sempiternus
3216 2022 3232 2048 ,
3261 1990 3318 2036 et
3369 1980 3530 2036 habi-

1934 2078 2051 2125 tant
2092 2069 2147 2125 in
2188 2086 2253 2127 ea
2291 2073 2648 2129 onocrotalus
2685 2083 2738 2130 et
2780 2073 3048 2138 hericius,
3073 2070 3184 2129 ibis
3206 2081 3263 2129 et
3285 2088 3525 2141 corvus,

1933 2162 2202 2219 dracones
2227 2173 2281 2219 et
2295 2155 2656 2232 struthiones,
2678 2166 2951 2221 dannonia
2976 2174 3032 2222 et
3054 2166 3437 2232 onoccntauri,
3464 2162 3550 2221 la.

1935 2259 2040 2313 mia
2088 2267 2143 2311 et
2168 2258 2331 2330 pilosi
2376 2276 2390 2313 :
2430 2269 2486 2316 et
2517 2260 2741 2316 Domini
2770 2273 2938 2331 super
2971 2276 3093 2316 eam
3121 2260 3349 2331 impleta
3403 2274 3536 2315 sen-

1936 2351 2106 2406 tentia
2136 2360 2220 2405 est
2266 2367 2279 2404 :
2311 2349 2654 2422 Relinquetur
2694 2351 2836 2407 vobis
2874 2353 3061 2406 domus
3110 2360 3281 2406 vestra
3333 2351 3540 2407 deserto

1934 2443 2089 2517 (Luc.
2124 2460 2238 2510 sui,
2267 2446 2362 2517 55)
2393 2464 2406 2500 ;
2434 2456 2725 2516 ιιιιομιοινθιι
2756 2461 2882 2517 quae
2906 2448 3055 2515 prius
3077 2446 3297 2501 deserta
3327 2445 3534 2514 fuerat,

1930 2535 2000 2593 de
2028 2552 2133 2608 qua
2162 2538 2214 2593 in
2247 2538 2461 2607 psalmo
2485 2538 2687 2594 dicitur
2715 2560 2728 2594 :
2768 2536 2885 2593 Vox
2928 2536 3138 2592 Domini
3185 2538 3539 2594 concutientis

1930 2629 2262 2684 solitudinem
2299 2627 2409 2702 [ΑΙ.
2439 2630 2696 2685 desertum
2722 2629 2762 2703 ],
2806 2640 2855 2685 et
2890 2630 3225 2685 commovebil
3272 2628 3535 2685 Dominus

1933 2723 2193 2777 desertum
2222 2722 2410 2778 Cades.
2462 2721 2579 2779 Vos:
2613 2721 2831 2778 Domini
2869 2724 3213 2793 prwparantis
3234 2739 3441 2788 cervos;
3486 2732 3538 2778 et

1932 2814 2174 2869 reuelabit
2202 2814 2463 2870 condensa
2487 2816 2738 2871 silvarum
2774 2814 2949 2884 (Psal.
2984 2831 3183 2882 xxvttt,
3213 2819 3266 2885 8,
3303 2814 3386 2887 9),
3413 2833 3536 2870 mu.

1931 2910 2135 2965 tabitur
2165 2910 2219 2966 in
2248 2924 2432 2965 rerum
2470 2911 2718 2966 omnium
2749 2909 3167 2976 abundantiam,
3198 2917 3259 2964 et
3286 2924 3539 2981 pugnauc

1931 3004 2076 3059 tibus
2113 3005 2314 3070 cervis,
2340 3004 2410 3060 de
2439 3005 2713 3059 universis
2741 3002 2969 3059 saltibus
3002 3006 3287 3058 nationum
3316 3002 3533 3071 bestiae,

1930 3113 2051 3169 quae
2081 3112 2177 3153 eas
2208 3096 2362 3167 prius
2392 3097 2774 3166 possederant,
2808 3097 3179 3167 expellenlur,
3211 3104 3272 3151 ut
3299 3096 3534 3167 implea-

1933 3200 2018 3244 tur
2049 3190 2179 3245 illud
2206 3188 2352 3261 quod
2374 3191 2425 3244 in
2442 3189 2547 3246 hoc
2568 3189 2760 3246 eodem
2782 3189 3054 3260 Propheta
3077 3188 3279 3245 dicitur
3299 3207 3312 3243 ς
3332 3187 3536 3246 Lwtore

206 3299 347 3337 unus
377 3298 443 3338 ea
472 3282 599 3352 ipsis
632 3298 735 3338 non
765 3283 943 3355 periit,
969 3299 1059 3337 nec
1096 3283 1333 3354 quasivit
1361 3284 1605 3337 alterunt.
1638 3282 1821 3338 Domi-
1851 3282 1899 3346 C
1928 3284 2141 3350 sterilis,
2172 3298 2291 3353 qua:
2328 3297 2429 3338 non
2460 3283 2600 3355 paris
2628 3299 2647 3338 :
2672 3298 2881 3355 erumpe
2905 3292 2954 3337 et
2997 3280 3170 3336 clama
3200 3320 3215 3348 ,
3258 3298 3378 3353 qua:
3427 3298 3533 3339 non

203 3392 306 3430 nus
334 3376 475 3431 enim
502 3376 747 3448 praecepit
769 3377 865 3440 eis,
894 3384 945 3431 et
966 3376 1182 3446 spiritus
1213 3379 1325 3449 ejus
1348 3377 1677 3448 congregavit
1696 3393 1779 3432 eos
1802 3393 1823 3431 .'

204 3479 257 3523 et
285 3468 399 3540 ipse
424 3466 573 3524 dedit
601 3468 676 3522 eis
703 3477 867 3523 sortes
886 3508 901 3534 ,
931 3476 979 3522 et
1015 3484 1199 3522 manus
1230 3465 1373 3522 illius
1403 3467 1595 3522 dividet
1621 3469 1740 3529 eis;
1769 3478 1824 3523 ut

202 3572 494 3633 pascantur
518 3561 573 3616 in
593 3561 988 3629 sempiternum,
1008 3569 1058 3614 et
1084 3560 1384 3631 possideant
1410 3562 1463 3616 in
1492 3562 1822 3631 generatione

202 3655 621 3728 generatiouum,
655 3663 704 3707 et
731 3655 1057 3726 requiescant
1082 3656 1133 3707 in
1171 3669 1231 3708 ett
1259 3670 1278 3709 :
1306 3655 1386 3709 sic
1416 3654 1711 3724 allegorice
1740 3654 1821 3709 itt-

203 3747 663 3817 terpretahimur,
698 3757 755 3802 ut
791 3749 1089 3803 doceamus
1117 3763 1335 3815 cervos,
1368 3749 1420 3804 id
1452 3752 1555 3813 est,
1589 3751 1816 3820 Aposto-

199 3840 313 3907 los,
345 3851 402 3898 et
426 3851 647 3899 sanctos
667 3856 914 3914 quosque
938 3842 1217 3909 doctores,
1244 3842 1312 3898 de
1334 3844 1534 3913 quibus
1555 3845 1817 3915 scriptum

198 3940 295 3989 est
341 3950 357 3986 :
403 3934 537 3989 sicut
569 3933 831 3988 desiderat
875 3951 1056 3990 cervus
1101 3936 1169 3989 ad
1188 3936 1368 4004 fontes
1398 3953 1655 4006 aquarum
1695 3954 1713 3991 :
1744 3937 1819 3993 ita

197 4026 471 4082 desiderat
488 4029 664 4083 anima
686 4044 797 4082 mea
819 4028 888 4083 ad
916 4036 985 4097 te,
1019 4028 1157 4083 Deus
1175 4027 1295 4100 (Ps.
1324 4045 1433 4096 χιι,
1460 4027 1543 4099 1);
1568 4036 1623 4082 et
1644 4029 1774 4084 alibi
1800 4049 1814 4083 :

208 4118 332 4175 Vox
365 4118 577 4175 Domini
606 4121 924 4191 perﬁcientis
945 4137 1118 4177 cervos
1143 4120 1262 4194 (Ps.
1286 4137 1476 4187 xxvut,
1501 4120 1556 4192 9)
1581 4138 1597 4187 ;
1621 4130 1677 4177 ct
1698 4139 1817 4177 rur-

199 4229 337 4269 eum
368 4211 598 4269 :Ceruus
627 4215 871 4269 amicitia:
897 4224 946 4271 et
973 4215 1150 4288 pullus
1179 4217 1472 4288 gratiarum
1505 4226 1710 4271 tuarum
1737 4216 1817 4271 lo-

197 4318 439 4380 quantur
466 4308 561 4363 tibi
582 4306 785 4381 .(Prov.
822 4308 915 4380 v);
946 4319 1001 4365 et
1039 4311 1091 4363 in
1132 4308 1235 4364 Job
1270 4327 1283 4363 :
1317 4306 1599 4364 Custodisti
1646 4319 1818 4364 autem

196 4418 411 4458 minus
458 4418 768 4470 cervorum,
819 4411 873 4458 et
935 4413 1119 4472 partus
1187 4419 1364 4456 eorum
1413 4404 1613 4460 emittes
1666 4401 1813 4471 (Job.

196 4510 402 4563 xxxix,
423 4495 520 4567 2);
550 4503 606 4551 et
626 4497 680 4551 in
701 4494 924 4551 Cantica
951 4496 1305 4553 Canticorum
1334 4497 1534 4552 dicitur
1561 4515 1574 4551 :
1612 4495 1815 4553 Similis

194 4598 279 4644 est
305 4584 577 4659 fratruelis
606 4604 750 4642 meus
776 4603 999 4659 caprew,
1030 4588 1107 4643 vel
1128 4586 1352 4643 [tinnula
1376 4604 1637 4643 cervorum
1658 4605 1815 4658 super

1927 3377 2200 3446 parturis;
2249 3376 2497 3444 quoniam
2543 3375 2719 3446 plures
2763 3384 2884 3429 sunt
2934 3371 3034 3442 ﬁlii
3063 3373 3320 3440 desertae,
3367 3374 3533 3445 magis

1924 3485 2078 3539 quam
2123 3472 2240 3541 ejus
2269 3484 2386 3538 ante
2415 3466 2569 3523 habet
2598 3469 2767 3523 virum
2816 3466 2974 3539 (Isai.
3004 3483 3114 3522 LIV.
3151 3466 3227 3539 1).
3255 3466 3380 3522 llmc
3411 3475 3534 3524 erat

1926 3563 2076 3632 prius
2098 3562 2311 3629 sitiens,
2338 3562 2459 3615 sive
2485 3562 2661 3630 invia,
2693 3575 2799 3615 non
2838 3560 3046 3615 habens
3075 3560 3275 3614 vitales
3326 3573 3525 3627 aquas,

1924 3663 1980 3708 et
2012 3654 2270 3707 Dominus
2302 3669 2408 3707 non
2440 3652 2796 3724 gradiebatur
2835 3649 2944 3724 [AL
2973 3649 3406 3724 ingrediebatur]
3430 3665 3528 3721 per

1923 3763 2065 3811 eam,
2097 3764 2217 3816 quae
2241 3762 2387 3802 nunc
2418 3746 2636 3802 ﬂorebit
2663 3748 2717 3802 in
2744 3746 2943 3813 lilium,
2973 3745 3089 3802 sive
3122 3756 3181 3801 ut
3207 3747 3528 3817 signiﬁcau-

1924 3843 2029 3896 tius
2055 3842 2336 3909 expressit
2357 3840 2571 3910 Aquila.
2600 3849 2625 3878 ⁸
2649 3842 2967 3905 καλύκωσις,
3001 3856 3163 3909 quam
3197 3856 3297 3894 nos
3326 3849 3531 3896 tumen-

1922 3943 2020 3987 tem
2049 3949 2218 3987 rosam
2235 3941 2291 3988 et
2311 3932 2546 3987 necdum
2572 3932 2718 3988 loliis
2740 3932 2982 3988 dilatatis
3006 3947 3293 4002 possumus
3313 3932 3519 3989 dicere.

1920 4026 2159 4082 Florcbit
2183 4038 2391 4093 autem,
2419 4038 2476 4081 ut
2501 4041 2625 4081 cum
2661 4025 2930 4095 Apostolo
2958 4027 3281 4097 pronuntiet
3316 4044 3328 4080 :
3362 4024 3518 4081 Citri-

1917 4125 1985 4177 sti
2030 4123 2194 4177 bonus
2232 4122 2361 4176 odor
2404 4137 2585 4175 sumus
2607 4121 2660 4173 in
2691 4120 2833 4174 omni
2859 4120 2974 4175 loco
3007 4120 3023 4185 (
3043 4119 3088 4174 ll
3110 4118 3236 4175 Cor.
3265 4119 3346 4189 tt},
3397 4118 3513 4190 i5).

1919 4217 1986 4272 Et
2027 4216 2160 4271 illud
2188 4214 2398 4271 Cantici
2441 4213 2792 4269 Canticorum
2826 4212 3025 4286 ε447
3055 4211 3243 4273 Flores
3273 4214 3367 4268 visi
3394 4223 3517 4268 sunt

1914 4311 1970 4364 in
1999 4319 2135 4363 terra
2159 4307 2184 4346 δ
2217 4325 2230 4361 :
2254 4307 2622 4380 mandragorae
2646 4305 2900 4361 dederunt
2928 4307 3141 4361 odorem
3160 4321 3314 4362 suum
3339 4303 3518 4377 (Cant.

1916 4416 2010 4466 vn,
2045 4398 2265 4471 12,15).
2296 4398 2561 4467 Quodque
2593 4400 2646 4453 in
2668 4398 2815 4453 LXX
2844 4398 3088 4469 ponitur,
3116 4411 3162 4452 et
3178 4397 3520 4454 exsultabant

1916 4496 2113 4549 deserta
2140 4492 2412 4560 Iordanis,
2445 4494 2497 4547 in
2545 4492 2819 4548 [‘lebraico
2869 4493 3089 4563 quidem
3120 4509 3228 4548 non
3259 4492 3515 4557 habetur,

1915 4588 2009 4643 sed
2044 4600 2333 4658 possumus
2354 4586 2540 4641 dicere
2569 4584 2799 4641 Joannis
2826 4603 2839 4638 :
2867 4586 2923 4639 in
2945 4584 3183 4640 Jordane
3206 4583 3372 4640 ﬂuvio
3401 4598 3519 4654 pai—

196 4691 408 4737 montes
435 4689 731 4735 aromatum
761 4678 941 4752 (Cant.
970 4680 1143 4753 11,9);
1178 4681 1429 4737 obviasse
1450 4681 1554 4737 sibi
1582 4682 1634 4736 in
1656 4681 1813 4737 Jeru-
1839 4673 1894 4732 D
1921 4683 2161 4736 nitentize
2182 4680 2510 4750 baptismum
2532 4678 2924 4742 demonstrari,
2944 4678 3090 4747 quod
3124 4677 3387 4733 Dominus
3416 4692 3519 4734 suo

196 4774 381 4831 salem
411 4782 468 4829 et
498 4783 719 4829 mutuos
749 4773 951 4829 vidisse
980 4790 1327 4847 conspectus,
1363 4786 1415 4831 et
1446 4776 1709 4832 transisse
1748 4793 1812 4833 ac

198 4866 504 4937 reliquisse
523 4880 667 4933 eam,
689 4875 746 4923 et
770 4865 839 4923 ad
867 4866 1116 4923 diversas
1138 4869 1447 4939 provincias
1480 4870 1810 4941 pet-rexisse,

198 4963 337 5033 quia
385 4960 649 5021 Dominus
682 4961 1023 5017 mandaverit
1053 4963 1134 5017 eis
1166 4980 1180 5016 :
1212 4961 1293 5017 Ite
1334 4973 1384 5019 et
1432 4964 1609 5020 docete
1652 4961 1821 5037 446

198 5072 389 5111 omnes
408 5064 586 5127 gentes
609 5056 929 5124 baptizantes
945 5072 1032 5112 eas
1053 5058 1108 5112 in
1130 5058 1338 5113 nomine
1368 5056 1563 5123 Patris,
1590 5066 1635 5111 et
1662 5056 1814 5122 Filii,

198 5160 255 5211 et
286 5148 519 5221 Spiritus
542 5147 727 5204 Sancti
749 5148 971 5221 (Matth.
998 5165 1191 5213 xsvm.
1211 5150 1334 5222 i9);
1359 5163 1410 5206 et
1436 5150 1659 5222 spiritus
1677 5150 1821 5207 illius

200 5244 629 5312 cuttgregavcrit
654 5256 774 5308 eos,
804 5242 1128 5313 dederitque
1177 5244 1260 5299 eis
1291 5256 1469 5300 sortes
1496 5256 1657 5314 atque
1683 5244 1823 5299 divi-

202 5335 370 5399 serit,
403 5340 462 5388 ut
486 5333 630 5387 alius
659 5332 727 5390 ad
754 5333 940 5401 indos,
971 5335 1112 5390 alius
1140 5334 1207 5391 ad
1236 5336 1545 5405 Hispanias,
1579 5337 1719 5391 alius
1748 5335 1816 5390 ad

283 5476 310 5505 ⁸
368 5464 728 5524 Restituimus
774 5471 1063 5532 καλύκωσις
1098 5514 1112 5535 ,
1167 5471 1308 5539 quod
1363 5481 1417 5524 et
1473 5470 1827 5525 Martianmus

203 5540 564 5611 coniecerat,
611 5557 944 5611 quamquam
1004 5543 1057 5596 in
1113 5550 1265 5597 textu
1323 5545 1622 5598 retitmerit
1649 5543 1825 5607 κάλυξ.

209 5614 331 5667 1)υο
365 5627 396 5666 e
426 5610 602 5668 Vatic.
636 5610 770 5667 mss.
818 5622 1158 5681 KATKQCIC,
1193 5616 1394 5683 quibus
1425 5617 1830 5669 vetustissnnus

204 5683 713 5752 Sangcrmanensls
740 5696 883 5741 teste
906 5684 1276 5741 Monti'aucon.
1304 5684 1832 5756 sullragatorﬂnds

207 5756 451 5828 Palatio.
470 5763 804 5812 KAtKnCtC;
834 5757 931 5812 sed
949 5769 1001 5813 et
1025 5772 1162 5828 quos
1185 5758 1433 5812 Martiali.
1461 5755 1727 5828 inspexit,
1753 5770 1834 5812 re-

208 5826 456 5899 positam
491 5828 782 5899 lectionem
826 5826 1083 5898 probant.

288 5927 363 5938 —
384 5896 574 5973 Aquila
600 5896 907 5970 κνλύκωᾱις,
930 5910 1034 5957 etc.
1064 5900 1119 5956 lu
1148 5898 1309 5972 editis
1336 5907 1498 5957 antea
1522 5899 1675 5956 libris
1701 5898 1837 5976 legi-

1920 4776 2139 4830 lavacro
2168 4774 2404 4844 signavit
2434 4782 2597 4841 atque
2625 4769 2882 4824 ﬁrmavit.
2919 4769 2986 4824 Et
3019 4769 3144 4840 quia
3196 4771 3266 4826 de
3318 4768 3539 4825 solitum

1921 4868 2046 4923 dine
2078 4866 2378 4937 ﬁguraliter
2406 4863 2646 4929 dicitur,
2678 4876 2800 4931 qua:
2845 4860 3087 4917 refertur
3115 4862 3183 4917 ad
3213 4872 3433 4933 gentes,
3461 4860 3520 4917 itt

1919 4977 2023 5033 qua
2054 4962 2152 5015 t'uit
2172 4962 2413 5015 Joannes
2434 4999 2448 5023 ,
2481 4965 2891 5026 consequenter
2915 4954 3076 5026 juogi
3108 4963 3283 5025 potest
3323 4953 3522 5010 Jorda-

1920 5056 2023 5121 nis,
2057 5064 2112 5109 ut
2141 5068 2236 5122 per
2260 5052 2540 5106 desertum
2583 5047 2830 5119 gentium
2867 5049 3155 5103 veniamus
3196 5047 3262 5103 ad
3316 5048 3520 5118 baptis-

1920 5164 2064 5202 mum
2097 5142 2418 5201 Salvatoris.
2470 5142 2736 5212 Quodque
2784 5140 3068 5212 sequitur,
3112 5139 3282 5214 gloria
3329 5139 3518 5194 Libani

1916 5243 2041 5295 data
2061 5248 2133 5293 est
2156 5238 2226 5306 ei,
2250 5248 2299 5292 et
2327 5238 2483 5292 decor
2528 5234 2755 5290 Carmeli
2783 5244 2827 5288 et
2853 5233 3049 5299 Saron,
3073 5232 3230 5304 juxta
3277 5232 3517 5302 priorem

1918 5334 2361 5403 esplatmtioncm
2391 5329 2661 5386 debemus
2702 5328 2961 5398 accipere
2985 5369 2999 5393 ,
3048 5328 3102 5382 in
3152 5341 3260 5398 qua
3285 5324 3527 5381 diximus

1935 5481 2054 5522 mus
2088 5468 2155 5528 ὡς
2180 5467 2335 5531 κάλυξ
2355 5507 2370 5531 ,
2400 5463 2499 5520 sed
2521 5463 2575 5518 in
2598 5477 2732 5518 mss.
2758 5461 3041 5517 coditibus
3073 5460 3310 5528 positum
3345 5459 3527 5513 inveni

1934 5546 2251 5597 IAV'CQCIC
2285 5530 2370 5591 vel
2402 5551 2671 5592 naucssrs
2696 5575 2711 5599 ,
2764 5535 2908 5589 unde
2956 5530 3209 5600 conjiciu.
3239 5532 3530 5602 legi-udum

1939 5612 2273 5670 καλύκωσιςέ
2306 5619 2362 5663 at
2383 5626 2502 5663 tum
2528 5608 2686 5672 κάλυξ
2713 5606 3179 5674 signillcetrosam
3212 5607 3443 5657 clausam
3477 5612 3537 5658 et.

1939 5699 2095 5754 quasi
2124 5691 2333 5746 tectmn,
2365 5697 2488 5754 quae
2528 5670 2679 5733 folia
2706 5670 2943 5731 nondum
2995 5670 3153 5730 habet
3176 5690 3455 5754 animosa.
3481 5683 3538 5729 ct

1942 5744 2191 5817 dilatata,
2228 5744 2449 5805 vet-bum
2479 5752 2530 5803 in
2554 5759 2814 5802 Cttltlt'Xlll
2849 5758 3093 5803 veterum
3125 5744 3423 5801 editionum
3452 5760 3541 5817 po-

1944 5828 2108 5881 situm
2140 5825 2432 5879 immutare
2456 5821 2627 5875 nolui.
2668 5819 2942 5874 MARTIAN.

2016 5896 2043 5935 δ
2068 5894 2329 5952 lit-Vatis.
2361 5893 2600 5963 additur,
2625 5902 2825 5957 nostra.
