4004 7080
487 349 596 409 διδ

1761 343 1822 402 8.
1861 339 2139 401 EUSEBII
2175 338 2564 398 HIERONYMI

3678 335 3778 395 576

484 469 754 526 Libanum
786 466 1073 537 Templum
1113 467 1229 521 sive
1251 464 1557 523 Jerusalem
1582 461 1834 534 intelligi.
1867 460 2085 518 dicente
2113 462 2160 523 Α
2189 467 2251 515 ιιι
2291 457 2523 515 salutem
2570 472 2693 516 cum
2732 459 3090 516 credentibus
3145 459 3397 532 Apostoli
3438 459 3626 515 dicant
3679 457 3780 515 sibi

492 559 755 618 Zacltaria
792 559 988 632 :Aperi
1011 601 1025 623 ,
1061 557 1276 621 Libane,
1308 566 1486 628 portas
1508 564 1624 610 tuas
1647 553 1834 624 (Zaclt.
1866 569 1942 618 tu.
1995 552 2082 624 i);

501 665 559 712 ιιι
590 654 838 710 Ezechiel
869 671 882 706 :
909 663 936 691 *ι
968 653 1160 724 Aquila
1193 669 1383 724 magna
1400 667 1714 722 magnarum
1740 647 1948 704 alarum
1979 651 2089 716 ple-

498 765 571 803 na
613 746 894 820 unguibus,
937 761 1050 815 qua:
1076 745 1221 799 habet
1249 745 1462 799 ductum
1488 744 1722 798 intrandi
1750 744 1801 798 in
1834 742 2088 798 Libanum

505 849 557 895 et
579 838 874 894 Carntelum
900 838 919 911 (
948 837 1134 894 Ezech.
1181 854 1316 894 xvu.
1351 838 1423 907 5)
1454 854 1467 893 :
1502 839 1738 908 priorem
1771 837 2090 908 signiﬁcare

497 936 790 1007 populum,
808 934 875 987 de
892 948 1180 1003 quosnpra
1195 933 1402 988 dictum
1425 942 1508 987 est
1530 952 1541 983 :
1566 932 1627 985 Et
1642 933 1736 986 erit
1760 931 2016 986 desertum
2035 932 2089 985 in

501 1026 729 1093 Carmel,
746 1038 793 1080 et
822 1025 1025 1080 Carmel
1048 1028 1101 1080 in
1121 1026 1313 1080 saltum
1328 1027 1650 1097 reputabitur
1675 1025 1809 1098 (lsa.
1837 1025 2086 1095 xxttt,9);

501 1135 556 1177 et
577 1120 756 1177 Saron
799 1121 1052 1176 eamdem
1085 1121 1286 1175 habere
1323 1120 1764 1189 intelligentiam,
1805 1118 2087 1188 Scriptura

493 1213 715 1270 dicente
736 1231 748 1268 :
771 1214 963 1268 Factus
987 1225 1060 1268 est
1087 1213 1260 1269 Saron
1278 1213 1411 1267 sicut
1425 1214 1704 1268 desertum.
1722 1210 1913 1268 Omnis
1931 1212 2092 1282 igitur

491 1308 723 1372 candor,
751 1308 934 1362 cultus
951 1307 1065 1369 Dei.
1093 1319 1148 1361 et
1164 1307 1602 1363 circumcisionis
1625 1308 1875 1371 εεὶριιιιιει,
1892 1320 1941 1362 et
1972 1306 2090 1360 loca

492 1401 772 1458 uberrima
806 1415 972 1472 atque
995 1404 1350 1471 campestria,
1385 1417 1506 1470 qua:
1529 1401 1874 1470 appellantur
1892 1399 2089 1466 Soron,

489 1510 594 1566 pro
650 1493 850 1562 quibus
901 1495 1268 1566 Symmachus
1314 1494 1708 1565 interpretatus
1739 1506 1822 1549 eat
1864 1509 2090 1564 campos,

497 1590 777 1646 dabuntur
805 1589 1044 1646 desertae
1073 1589 1352 1662 quottdatn
1382 1588 1663 1655 Ecclesiae,
1713 1598 1769 1643 et
1820 1587 2092 1642 habitato-

496 1698 586 1737 res
615 1682 764 1736 illius
795 1682 1057 1737 tidebunt
1082 1682 1310 1751 gloriam
1346 1680 1576 1748 Domini,
1605 1690 1660 1737 et
1681 1680 1938 1737 decorem
1970 1681 2092 1735 sive

495 1776 842 1833 altitudinem
870 1777 964 1831 Dei
992 1777 1188 1831 nostri.

2190 568 2314 609 esse
2335 569 2701 610 communem.
2739 551 2885 610 Tunc
2928 558 3224 628 aperientur
3251 555 3392 611 oculi
3421 571 3672 610 cocorum
3694 597 3710 619 ,
3738 567 3780 612 et

2191 665 2345 704 aures
2388 650 2668 704 surdorum
2715 650 2982 723 patebunt.
3031 649 3174 705 Tunc
3199 650 3351 706 saliet
3395 651 3524 704 sicut
3575 665 3779 716 certius,

2191 742 2412 797 claudus
2442 760 2462 798 .·
2493 753 2540 798 ει
2565 754 2754 811 aperta
2777 744 2872 799 erit
2899 744 3080 818 lingua
3103 755 3381 798 mutorum.
3414 743 3570 811 Quod
3593 759 3782 812 quam-

2191 853 2354 906 quam
2387 851 2668 907 SIgnornm
2685 837 3063 908 magnitudine
3089 839 3428 907 completum
3453 837 3545 904 sit,
3576 837 3783 909 quando

2196 929 2457 985 Dominus
2498 931 2820 1002 loquebatur
2850 931 3131 995 discipulis
3155 932 3417 998 .loztnuis,
3450 933 3539 1002 qui
3566 932 3634 986 ad
3666 948 3782 986 eum

2195 1023 2345 1078 missi
2378 1025 2595 1078 fuerant
2617 1043 2626 1076 :
2647 1023 2844 1078 Euntes
2859 1025 3155 1080 renuntiate
3166 1022 3361 1079 Joanni
3373 1042 3488 1094 ᾳιιιε
3507 1025 3727 1079 audistis
3741 1037 3784 1080 et

2194 1120 2394 1176 vidistis
2417 1136 2436 1175 :
2465 1123 2589 1176 eteci
2617 1120 2793 1176 vident
2817 1137 2836 1176 :
2865 1121 3040 1176 claudi
3063 1119 3327 1176 ambulant
3359 1137 3378 1176 :
3410 1121 3607 1194 leprosi
3635 1136 3782 1175 mun-

2196 1213 2392 1269 dantur
2413 1231 2432 1270 :
2461 1216 2608 1268 surdi
2634 1217 2856 1269 audiunt
2889 1231 2907 1269 :
2945 1215 3136 1269 mortui
3173 1225 3454 1288 resurgunt
3487 1230 3506 1270 :
3537 1230 3783 1288 pauperes

2196 1310 2613 1380 evattgelizantur
2628 1308 2783 1381 (Luc.
2811 1325 2907 1376 vn,
2927 1309 3020 1380 22)
3038 1327 3054 1374 ;
3075 1317 3256 1364 tamen
3279 1309 3522 1380 quotidie
3542 1309 3785 1379 eitpletur

2198 1402 2249 1456 in
2281 1404 2558 1472 gentibus.
2587 1403 2806 1475 quando
2823 1404 2912 1473 qui
2944 1405 3093 1474 prius
3120 1406 3251 1458 caeci
3279 1412 3456 1467 erant,
3483 1413 3539 1459 et
3563 1406 3614 1456 itt
3650 1402 3784 1473 ligna

2196 1504 2251 1550 et
2277 1495 2489 1564 lapides
2513 1497 2886 1567 impingebant
2914 1537 2928 1559 .
2983 1496 3234 1552 veritatis
3285 1497 3468 1552 lumen
3496 1497 3781 1567 aspiciunt.

2198 1587 2265 1642 Et
2311 1588 2404 1660 qui
2456 1590 2867 1659 Scripturarum
2923 1590 3088 1645 verba
3117 1590 3302 1646 surdis
3335 1590 3562 1646 auribus
3603 1590 3786 1645 audire

2200 1699 2308 1738 non
2366 1691 2655 1754 poterant,
2712 1699 2856 1739 nunc
2899 1682 2968 1738 ad
3027 1684 3121 1740 Dei
3172 1691 3445 1754 prtucepta
3498 1683 3784 1749 laetantur;

2199 1775 2418 1847 quando
2447 1775 2537 1847 qui
2565 1777 2721 1847 prius
2749 1775 2925 1833 claudi
2953 1786 3133 1841 erant,
3157 1787 3211 1831 et
3235 1785 3439 1832 rectam
3496 1776 3638 1830 viam
3685 1789 3784 1831 non

567 1871 750 1940 (Vers.
783 1873 840 1935 5.
869 1869 952 1942 4.)
982 1869 1286 1941 Confortate
1321 1887 1505 1925 manus
1535 1871 1835 1937 dissolutas,
1857 1879 1904 1924 et
1925 1885 2094 1944 genua
2125 1868 2172 1928 B
2200 1870 2490 1938 tenebant,
2525 1871 2727 1926 saliunt
2781 1870 2924 1926 sicut
2967 1869 3116 1924 cervi
3144 1910 3160 1936 ,
3213 1868 3491 1923 imitantes
3529 1867 3782 1923 doctores

495 1965 690 2020 debilia
740 1965 994 2020 roborate.
1055 1966 1221 2019 Dicite
1267 1963 1618 2038 pusillanimis
1650 1965 1791 2030 (sive
1823 1963 2092 2017 meticulo-

494 2062 613 2132 sis).
631 2061 1017 2133 confortantini,
1048 2071 1096 2115 et
1124 2062 1285 2115 nolite
1305 2062 1504 2126 timere,
1529 2075 1643 2114 ecce
1664 2059 1806 2113 Deus
1830 2069 1994 2114 vester
2014 2058 2093 2112 ul-

491 2154 684 2209 tionem
713 2154 936 2207 adducet
968 2153 1320 2207 retributionis
1349 2167 1366 2205 :
1396 2150 1537 2205 Deus
1558 2151 1669 2222 ipse
1700 2151 1883 2216 veniet,
1915 2159 1964 2204 et
1985 2149 2096 2204 sal-

493 2248 630 2303 uubit
683 2265 772 2302 vos
823 2249 963 2316 (sive
1014 2259 1071 2302 ut
1107 2247 1249 2303 LXX
1291 2246 1719 2309 transmlernnt,
1753 2243 1888 2318 nos).
1950 2242 2097 2297 Tunc

495 2342 794 2407 aperientur
841 2339 978 2393 oculi
1006 2355 1282 2400 caecorum.
1303 2348 1351 2393 et
1368 2355 1519 2393 aures
1549 2339 1828 2392 surdorum
1852 2337 2097 2408 patebunt

495 2432 617 2506 (vel
649 2433 926 2505 audient).
966 2433 1113 2488 Tunc
1159 2435 1308 2488 saliet
1339 2435 1474 2488 sicut
1518 2449 1696 2488 cervus
1744 2432 1992 2498 claudus,
2048 2441 2096 2485 et

495 2537 678 2597 aperta
697 2528 793 2582 erit
825 2528 1002 2601 lingua
1026 2539 1304 2591 mutorum,
1331 2530 1454 2598 quia
1480 2531 1660 2583 scisste
1681 2538 1799 2582 sunt
1817 2529 1871 2581 in
1893 2527 2096 2583 deserto

495 2637 676 2691 aqua,
712 2631 758 2675 et
786 2632 1039 2677 torrentes
1066 2623 1118 2675 in
1151 2621 1429 2676 solitudine
1448 2663 1460 2685 .
1497 2633 1544 2675 et
1571 2637 1688 2692 quia
1718 2631 1828 2676 erat
1871 2621 2022 2673 arida
2046 2621 2099 2674 in

493 2724 733 2782 stagnum
759 2714 898 2787 (sive
928 2714 1190 2787 paludes).
1210 2725 1258 2768 et
1282 2716 1464 2768 sitiens
1486 2715 1538 2768 in
1556 2717 1722 2786 fontes
1737 2729 2015 2782 aquarum.
2032 2712 2097 2767 In

496 2806 750 2862 cubilibus
773 2849 788 2870 ,
820 2809 873 2861 in
901 2808 1084 2876 quibus
1116 2807 1262 2877 prius
1298 2807 1546 2861 dracones
1587 2808 1907 2874 habitabant,
1961 2809 2098 2862 orie-

497 2911 582 2954 tur
603 2902 740 2954 uiror
761 2901 950 2955 calami
979 2911 1026 2955 et
1052 2902 1199 2972 junci
1225 2900 1468 2972 (proquo
1493 2899 1634 2956 LXX
1668 2902 2096 2956 transtulerunt:

497 2992 615 3048 Erit
637 2996 705 3048 ibi
722 2994 899 3048 ltetitia
922 2995 1115 3057 avium,
1141 3005 1189 3049 et
1218 2995 1384 3049 caulte
1402 2993 1659 3068 gregum).
1694 2993 1760 3047 Et
1786 2995 1883 3047 erit
1911 2995 1984 3047 ibi
2010 3010 2096 3048 se-

503 3087 630 3141 mita
651 3097 698 3140 et
732 3089 814 3139 via
852 3087 993 3159 (sive
1034 3089 1116 3141 via
1146 3088 1361 3158 munda)
1402 3101 1449 3142 et
1480 3089 1563 3143 via
1584 3099 1766 3143 sancta
1807 3090 2096 3157 vocabitur,

500 3197 605 3235 non
633 3181 867 3236 transibit
899 3199 990 3252 per
1017 3198 1126 3237 eam
1145 3182 1397 3254 pollutus.
1436 3185 1502 3237 Et
1540 3190 1647 3240 haec
1693 3187 1791 3239 erit
1837 3186 1984 3240 nobis
2012 3186 2098 3238 di-

2198 1979 2350 2030 suos,
2384 1975 2438 2021 et
2465 1973 2655 2033 aperta
2681 1964 2793 2020 erit
2820 1963 3002 2034 lingua
3035 1975 3334 2026 mutorum,
3366 1947 3598 2031 quoruni
3631 1958 3786 2033 449

2199 2058 2432 2115 Satanas
2466 2074 2564 2113 ora
2623 2056 3007 2120 concluserat,
3041 2070 3109 2111 ne
3141 2064 3363 2125 possent
3397 2068 3565 2108 unum
3615 2052 3788 2107 Domi-

2203 2170 2330 2210 nttm
2361 2151 2633 2209 conliteri.
2658 2150 2870 2207 idcirco
2915 2159 3097 2204 autem
3129 2147 3446 2220 aperientur
3477 2146 3650 2212 oculi,
3699 2160 3788 2200 au-

2201 2263 2291 2304 res
2322 2248 2568 2312 audient,
2591 2247 2794 2300 salieut
2812 2243 3019 2311 claudi,
3042 2255 3094 2298 et
3121 2254 3312 2313 aperta
3335 2243 3439 2297 erit
3467 2239 3651 2311 lingua
3682 2253 3787 2293 ntu-

2203 2354 2405 2408 tornnt,
2437 2343 2563 2413 quia
2597 2341 2788 2396 scissa:
2815 2349 2960 2404 sunt,
3015 2340 3132 2393 sive
3162 2344 3461 2406 eruperunt
3493 2333 3547 2388 itt
3579 2332 3787 2388 deserto

2199 2435 2474 2509 quendam
2531 2433 2792 2490 Ecclesia:
2838 2447 2993 2503 aquae
3037 2425 3345 2501 baptismib
3395 2426 3692 2491 salutaris,
3741 2434 3789 2480 et

2202 2542 2478 2588 torrentes
2506 2544 2568 2585 ac
2595 2529 2694 2585 rivi
2729 2529 2785 2582 in
2815 2525 3144 2591 solitudine,
3175 2523 3407 2579 diversa:
3437 2520 3654 2577 scilicet
3676 2533 3789 2591 gra-

2202 2627 2290 2681 tite
2317 2622 2636 2694 Spit-ituali-s
2667 2640 2678 2676 :
2715 2629 2771 2676 et
2797 2636 2918 2691 quae
2947 2627 3065 2673 erat
3091 2617 3266 2678 arida,
3319 2617 3372 2670 in
3405 2625 3661 2684 stagnmn
3707 2627 3790 2679 pa—

2203 2720 2464 2790 ludesque
2493 2732 2758 2774 conversa
2785 2727 2890 2782 est,
2917 2724 2972 2770 ut
3007 2731 3114 2769 non
3147 2713 3324 2768 solum
3352 2720 3578 2767 careret
3607 2708 3788 2764 ardore

2202 2815 2323 2869 sitis
2349 2813 2446 2868 sed
2479 2809 2803 2880 navigabilis
2830 2818 2976 2864 esset
3005 2817 3061 2863 et
3085 2806 3307 2876 irrigua,
3339 2816 3396 2860 et
3420 2802 3643 2858 haberet
3676 2800 3786 2856 l‘on-

2205 2917 2287 2963 tes
2316 2906 2597 2975 plttt-imos.
2625 2918 2762 2975 quos
2782 2917 2980 2958 cerrus
3007 2900 3320 2966 desiderat,
3350 2913 3489 2968 quos
3519 2898 3611 2964 qui
3641 2895 3778 2949 bibeo

2203 3000 2293 3064 rit,
2323 3005 2506 3070 potest
2545 2997 2872 3052 benedicere
2921 2994 3192 3059 Domino,
3249 2991 3404 3062 juxta
3467 2989 3604 3044 illud
3651 2985 3787 3059 quod

2201 3096 2467 3164 scriptum
2493 3104 2574 3148 est
2607 3111 2618 3146 :
2653 3089 2957 3144 Beuedicite
2995 3086 3224 3142 Domino
3258 3085 3326 3140 de
3356 3083 3586 3156 fontibus
3632 3079 3788 3136 Israel

2207 3188 2327 3261 (Ps.
2362 3202 2528 3254 uvn,
2556 3186 2670 3258 ‘27).
2701 3184 2758 3240 ln
2790 3183 3064 3240 cubilibus
3089 3181 3395 3236 animarum
3422 3177 3784 3251 gentiliunt,in

502 3290 641 3330 recta
668 3278 749 3329 nia
780 3294 799 3330 :
824 3277 896 3331 ita
923 3287 976 3330 ut
1021 3276 1170 3332 stulti
1216 3295 1318 3332 non
1343 3290 1510 3333 errent
1543 3296 1632 3346 per
1653 3279 1819 3352 M8
1845 3297 1958 3335 eam
1985 3281 2096 3353 (vel
2128 3266 2174 3331 C
2205 3281 2402 3353 quibus
2434 3280 2583 3351 prius
2615 3279 2888 3334 dracones
2916 3277 3234 3331 habitabant
3253 3317 3266 3338 ,
3291 3284 3450 3330 erunt
3473 3272 3712 3328 calamus
3740 3277 3786 3324 et

503 3377 563 3424 ut
581 3367 724 3422 LXX
753 3370 1167 3434 transtulerunt,
1193 3388 1354 3442 neque
1378 3373 1474 3426 erit
1495 3371 1565 3425 ibi
1584 3373 1665 3427 via
1692 3373 1981 3436 immunda,
2013 3374 2104 3444 qui

503 3470 674 3516 autem
707 3463 927 3530 dispersi
953 3474 1092 3520 sunt.
1126 3465 1417 3520 transibunt
1443 3483 1533 3537 per
1562 3483 1674 3521 eam
1696 3509 1708 3529 ,
1745 3477 1789 3520 et
1821 3484 1921 3521 non
1957 3483 2104 3520 erra-

504 3554 669 3609 buntt.
697 3554 821 3610 Non
843 3558 957 3620 erit,
991 3556 1186 3627 inquit,
1220 3558 1291 3612 ibi
1309 3560 1417 3624 leo,
1447 3571 1494 3614 et
1522 3561 1660 3614 mala
1709 3560 1868 3616 bestia
1896 3579 1997 3616 non
2020 3579 2104 3616 as-

505 3646 681 3701 cendet
714 3664 803 3713 per
833 3665 968 3708 eam.
993 3667 1084 3703 nec
1103 3651 1392 3706 invenietur
1413 3654 1504 3716 ibi,
1537 3656 1627 3709 scd
1653 3656 1988 3709 ambulabunt
2014 3673 2104 3729 per

503 3756 635 3801 eam.
665 3743 753 3810 qui
779 3741 986 3796 liberati
1024 3743 1235 3812 fuerint.
1280 3744 1345 3799 Et
1368 3747 1620 3814 redempti
1666 3765 1697 3800 a
1732 3747 1953 3803 Domino
1983 3765 2104 3802 cou-

502 3841 780 3900 vertentur,
809 3846 855 3889 et
872 3836 1073 3889 venient
1104 3837 1154 3889 in
1186 3837 1316 3891 Sion
1337 3855 1453 3892 cum
1476 3841 1652 3906 laude,
1679 3853 1724 3895 et
1749 3842 1934 3896 ltetitia
1961 3859 2099 3897 sem-

506 3925 710 3995 piterna
739 3944 893 4000 super
912 3938 1068 4000 caput
1103 3945 1297 3984 eorum.
1329 3931 1588 3986 Gaudium
1617 3943 1664 3987 et
1704 3934 1936 3988 lwtitiam
1967 3936 2101 3989 obti-

505 4024 697 4075 nebunt
718 4033 796 4076 :et
810 4024 974 4098 fugiet
993 4025 1144 4079 dolor
1157 4037 1204 4080 et
1223 4029 1465 4096 gemitus.
1485 4027 1786 4100 Utramque
1804 4030 2100 4084 editionem

505 4115 847 4176 miseriintns.
886 4134 952 4172 ne
1005 4119 1054 4172 itt
1104 4122 1472 4189 propone-udis
1525 4124 1790 4194 singuis,
1841 4123 2102 4177 libroruin

502 4211 818 4278 magnitudo
843 4211 1119 4277 tendutur,
1151 4214 1396 4286 quae[Al.
1427 4216 1576 4289 quia]
1599 4222 1707 4281 iam
1741 4218 1958 4272 modum
1980 4219 2104 4274 bre-

504 4303 691 4355 vitatis
732 4305 968 4358 nxcetlit.
1015 4305 1311 4373 Apo~tolis,
1363 4309 1430 4362 de
1457 4310 1654 4378 quibus
1691 4325 1854 4379 supra
1896 4311 2100 4367 dictum

506 4405 632 4450 est:
665 4394 780 4465 Ipsi
835 4397 1080 4451 videbunt
1109 4400 1330 4470 gloriam
1366 4401 1575 4457 Domini
1609 4414 1655 4458 et
1711 4403 1952 4459 decorem
2005 4404 2104 4460 Dei

504 4491 687 4550 nostri.
719 4489 1054 4558 prmcipttnr,
1088 4506 1144 4545 ut
1171 4494 1478 4550 confortent
1535 4512 1728 4551 manus
1765 4498 1817 4551 in
1851 4499 2102 4568 gentibus

505 4593 834 4655 ιοτςειηιικε,
866 4592 922 4638 et
950 4599 1124 4654 genua
1157 4587 1355 4641 debilia
1394 4589 1650 4644 roborent
1677 4607 1690 4655 ;
1734 4599 1793 4645 ut
1831 4593 1920 4662 qtti
1951 4593 2102 4662 prius

2201 3379 2422 3447 juncus,
2449 3375 2647 3446 quibus
2669 3373 2942 3428 scribatur
2972 3371 3106 3426 tides
3137 3370 3378 3436 Domini,
3431 3379 3489 3424 et
3521 3369 3574 3424 in
3603 3367 3786 3440 quibus

2208 3468 2347 3524 fessa
2385 3469 2533 3539 prius
2579 3465 2824 3522 membra
2873 3464 3410 3536 requiescant;sive
3459 3462 3569 3518 erit
3615 3458 3784 3515 laetitia

2206 3564 2412 3638 avium,
2441 3574 2497 3618 et
2527 3562 2698 3617 caulae
2726 3576 2951 3633 gregum
2987 3579 2997 3614 :
3033 3570 3089 3615 ut
3114 3566 3400 3616 assumant
3433 3558 3550 3612 alas
3588 3556 3783 3611 colum-

2206 3659 2308 3727 bae,
2337 3668 2390 3713 et
2423 3657 2646 3712 ltumilia
2699 3656 3093 3725 relinquentes,
3129 3653 3195 3708 ad
3250 3652 3467 3707 excelsa
3521 3649 3782 3712 festinent.

2208 3752 2524 3824 possintque
2573 3767 2696 3805 cum
2747 3750 3034 3805 Psalrnista
3085 3748 3292 3816 dicere,
3323 3747 3583 3802 Dominus
3636 3744 3785 3818 pascit

2207 3862 2307 3905 me.
2339 3855 2384 3900 et
2409 3845 2541 3899 nihil
2585 3845 2714 3898 mihi
2742 3843 2904 3898 deerit
2931 3859 2950 3898 :
2977 3845 3030 3896 in
3063 3842 3174 3897 loco
3204 3857 3411 3913 pascuw
3436 3841 3509 3895 ibi
3539 3855 3618 3895 me
3641 3836 3784 3892 collo-

2207 3941 2340 3996 cnvit
2374 3956 2392 3995 :
2417 3957 2572 4012 super
2588 3956 2748 4009 aquas
2772 3939 3072 4010 refectionis
3090 3939 3325 3992 educavit
3349 3953 3448 3991 me.
3479 3937 3557 3992 lbi
3586 3941 3687 3991 erit
3711 3949 3783 3990 se-

2209 4039 2363 4104 mita,
2390 4047 2446 4094 et
2473 4039 2555 4092 via
2587 4036 2944 4092 mundissima
2964 4077 2978 4102 ,
3010 4051 3129 4105 qum
3155 4045 3342 4088 sancta
3379 4033 3696 4097 vocabitur,
3737 4042 3783 4086 et

2207 4151 2332 4204 quae
2354 4131 2490 4187 dicit
2513 4132 2626 4201 ipsa
2658 4130 2726 4185 de
2774 4145 2832 4184 se
2863 4146 2876 4182 :
2919 4127 3034 4198 Ego
3058 4143 3175 4182 sum
3202 4127 3284 4180 eia
3315 4125 3532 4200 (Joann.
3580 4140 3688 4191 χιιι,
3711 4122 3780 4190 6),

2207 4244 2305 4298 per
2336 4241 2501 4297 quam
2550 4225 2641 4294 qui
2691 4224 2928 4294 pollutus
2967 4231 3090 4282 est.
3128 4220 3364 4275 transire
3419 4234 3530 4273 non
3581 4217 3779 4289 poterit.

2208 4319 2364 4376 Unde
2387 4330 2444 4374 et
2477 4319 2528 4373 itt
2556 4314 3002 4388 psalmodicitur,
3049 4313 3199 4368 Beati
3253 4312 3584 4367 immaculati
3615 4311 3669 4366 in
3713 4310 3781 4362 ria

2207 4411 2327 4486 (Ps.
2359 4428 2510 4474 CXIII.
2547 4410 2623 4482 l).
2657 4411 2722 4466 Et
2744 4409 2858 4464 haec
2888 4407 2973 4462 via
3001 4407 3110 4463 erit
3155 4406 3345 4472 nobis,
3401 4404 3453 4460 id
3504 4414 3590 4460 est
3613 4445 3628 4471 ,
3660 4402 3780 4456 Deus

2208 4517 2416 4574 noster,
2448 4516 2555 4559 tam
2581 4513 2727 4560 recta
2755 4513 2810 4559 et
2843 4502 2997 4572 plana
3026 4511 3193 4569 atque
3219 4499 3566 4569 campesuis,
3598 4508 3651 4552 ut
3679 4494 3779 4551 nul-

2207 4603 2317 4656 lunt
2367 4599 2564 4654 habent
2590 4612 2836 4652 errorem
2870 4614 2881 4650 :
2921 4604 2974 4650 et
3006 4594 3158 4650 stulti
3189 4604 3352 4664 atque
3383 4593 3646 4646 vecordes
3699 4603 3777 4659 per

506 4678 760 4731 manibus
781 4677 1071 4733 dissitlutis
1093 4695 1230 4749 opus
1253 4681 1346 4735 Dei
1383 4682 1560 4737 facere
1595 4699 1700 4738 non
1736 4659 1985 4753 poterant
2004 4729 2018 4752 ,
2045 4698 2099 4742 et
2128 4659 2179 4718 Ῑ)
2207 4707 2327 4748 eam
2356 4690 2568 4763 ingredi
2597 4691 2812 4744 valeant
2841 4730 2856 4754 ,
2885 4687 3085 4758 quibus
3113 4687 3167 4740 in
3215 4659 3523 4740 Proverbiis
3564 4682 3780 4754 loquitur

502 4769 712 4823 aridam
746 4771 1020 4827 habebant
1050 4772 1357 4842 dexteram,
1384 4775 1687 4831 extendant
1716 4794 1834 4833 eam
1866 4780 1930 4834 ad
1958 4784 2098 4835 bona

499 4875 690 4931 opera.
727 4862 786 4917 Et
818 4863 912 4934 qui
961 4865 1168 4920 dudum
1200 4867 1343 4922 inter
1380 4869 1521 4923 idola
1548 4871 1780 4927 diversis
1819 4875 2098 4930 erroribus

498 4955 908 5017 clautljcabant.
936 4957 1091 5011 ﬁrmo
1117 4975 1283 5028 super
1302 4961 1590 5016 veritatem
1622 4965 1870 5019 ἰιιειιᾱειιιι
1895 4968 2062 5036 gradu
2088 4987 2097 5022 :

496 5059 552 5106 et
583 5053 964 5119 pusillanimes
987 5055 1101 5112 sive
1141 5057 1535 5114 formidolosus
1566 5062 1671 5118 tide
1707 5063 1918 5118 Dotnini
1965 5081 2098 5120 con-

493 5145 800 5214 tinuantes,
830 5150 1029 5204 faciant
1065 5167 1172 5205 non
1209 5152 1422 5216 timere.
1469 5157 1739 5226 uniu~que
1784 5157 1880 5213 Dei
1915 5168 2090 5214 metus

494 5241 736 5293 universi
795 5244 1006 5296 erroris
1049 5243 1283 5313 expellat
1320 5246 1564 5302 timores.
1594 5247 1770 5302 Causa
1802 5263 1980 5304 autem
2014 5261 2099 5307 est

492 5331 806 5386 securitatie
825 5345 988 5404 atque
1013 5339 1360 5402 consmntiai,
1385 5339 1510 5406 quia
1542 5352 1804 5394 venturus
1827 5352 1912 5396 est
1932 5342 2096 5398 Cbri-

492 5433 630 5491 stris,
662 5430 748 5479 rut
782 5427 941 5483 Pater
961 5429 1115 5483 dedit
1140 5447 1302 5486 omne
1326 5431 1631 5503 judicium;
1662 5447 1716 5490 et
1747 5435 1940 5491 reddet
1975 5437 2094 5492 uni-

487 5519 692 5587 cuique
720 5525 1023 5576 Secttudutn
1057 5537 1224 5593 opera
1255 5541 1349 5580 sua
1381 5526 1566 5599 (.loan.
1593 5527 1675 5599 v).
1702 5526 1828 5598 Ipse
1851 5530 2015 5583 veniet
2045 5539 2092 5584 et

483 5615 703 5670 salvabit
733 5633 843 5686 vos,
875 5619 1076 5690 quibus
1103 5619 1330 5690 dicitur,
1366 5624 1538 5678 nolite
1564 5622 1757 5680 timere
1789 5642 1800 5678 :
1827 5624 1942 5680 sive
1974 5639 2088 5694 nos,

506 5894 518 5907 .
549 5835 575 5862 ι
599 5823 698 5907 Hie
709 5839 935 5907 quoque
951 5840 1017 5907 ex
1041 5841 1173 5907 _mss.
1198 5827 1510 5907 sulTecimus
1533 5848 1740 5907 magna,
1756 5833 1826 5888 de
1839 5848 1944 5907 qua
1971 5851 2062 5889 vo-

467 5897 551 5950 cis
572 5897 916 5949 restitutione
943 5897 1180 5951 diximus
1209 5913 1372 5967 supra
1401 5903 1467 5956 ad
1497 5897 1742 5970 cap.'35,
1779 5920 1830 5962 v.
1851 5897 1920 5959 ’7.

2206 4783 2482 4852 Sapientia
2517 4802 2527 4836 :
2556 4782 2618 4838 Si
2646 4783 2760 4853 quis
2790 4789 2865 4836 est
2896 4781 3166 4852 parvuhss,
3201 4778 3369 4833 veniat
3390 4777 3460 4831 ad
3487 4795 3584 4832 me.
3615 4776 3678 4831 Et
3713 4778 3780 4829 irt-

2201 4877 2506 4947 sipientibus
2532 4875 2704 4930 locuta
2735 4884 2829 4937 est,
2863 4873 3030 4928 uenite
3045 4882 3094 4926 et
3112 4872 3362 4926 comedite
3383 4887 3574 4943 panem
3604 4884 3775 4932 meum,

2201 4982 2250 5026 et
2278 4971 2434 5025 bibite
2461 4970 2638 5022 vinum
2666 4965 2807 5038 quod
2848 4965 3030 5019 miscui
3062 4965 3224 5018 vobis.
3271 4963 3570 5035 Relinquite
3621 4963 3779 5033 infau-

2199 5069 2345 5128 tiam,
2368 5072 2418 5118 et
2448 5061 2599 5116 vivite
2624 5102 2636 5122 .
2679 5069 2726 5113 et
2753 5057 3018 5112 ambulate
3051 5055 3216 5130 450
3243 5073 3334 5128 per
3358 5056 3470 5110 vias
3507 5054 3778 5126 prudentie

2201 5156 2389 5229 (Prov.
2442 5170 2494 5220 v,
2521 5151 2664 5224 4-6).
2709 5150 2886 5206 Stulta
2910 5155 3056 5204 enim
3100 5150 3292 5204 tnundi
3342 5148 3507 5219 elegit
3563 5147 3700 5202 Deus
3739 5139 3776 5215 (Ι

2203 5250 2322 5305 Cor.
2351 5249 2391 5322 t)
2434 5267 2446 5304 :
2506 5263 2735 5319 quorum
2783 5248 3076 5301 stultorum
3132 5247 3390 5314 princeps
3448 5244 3685 5312 loquitur
3733 5241 3775 5294 in

2200 5344 2436 5416 psalmo,
2471 5341 2606 5396 Deus
2644 5351 2698 5394 tu
2751 5340 2852 5394 scis
2883 5338 3236 5410 insipientiam
3271 5353 3455 5390 meam.
3483 5331 3552 5388 Et
3581 5334 3774 5388 stultitnt

2199 5436 2298 5492 Dei
2348 5436 2635 5507 sapientius
2684 5443 2759 5488 est
2813 5433 3107 5487 hominibus
3137 5430 3257 5505 (Ps.
3293 5445 3478 5490 uvm.
3511 5430 3588 5500 6).
3639 5426 3772 5485 Unde

2197 5530 2341 5589 LXX
2375 5530 2765 5586 transtulerunt
2819 5545 2832 5580 :
2862 5526 2932 5580 Et
2963 5528 3052 5598 qui
3107 5526 3331 5593 dispersi
3358 5527 3565 5598 {ueram
3590 5521 3630 5596 (Ι
3660 5519 3763 5576 Cor.

2193 5630 2280 5699 tt),
2313 5635 2368 5683 et
2388 5641 2418 5681 a
2449 5625 2714 5681 societate
2737 5622 2952 5679 Domini
2976 5622 3238 5694 separati,
3264 5635 3604 5693 nequaquam
3631 5630 3762 5674 erra-

2244 5833 2271 5872 λ
2315 5833 2432 5892 Duo
2456 5832 2872 5908 mssgbaptismi
2897 5831 3060 5888 Salva
3074 5833 3226 5887 toris.
