4004 6962
205 376 306 436 577

701 373 1358 437 COMMENTARIORUM
1397 375 1466 435 IN
1502 375 1737 437 ISAIAM
1779 379 2202 443 PROPIIE'I‘AM
2242 385 2372 444 LIB.
2419 384 2510 444 XI.
2551 385 2706 446 CAP.
2752 389 2998 450 XXXVI.

3393 397 3502 457 I78

202 494 376 552 bunt.
409 493 696 567 Sequitur,
740 493 864 550 Non
884 496 987 552 erit
1033 492 1103 552 ibi
1132 495 1214 552 leo
1240 513 1253 552 :
1281 494 1630 552 adversarius
1661 512 1788 554 nos-
1820 519 1872 581 Α
1901 514 2001 572 per
2042 511 2203 573 caput
2233 517 2464 573 eorum,
2488 515 2548 561 ut
2580 515 2870 580 postquam
2898 508 3157 566 szeculum
3217 510 3494 583 vicerint,

195 598 278 646 ter
319 592 613 654 diabolus,
661 592 752 663 qui
802 591 1002 646 circuit
1049 592 1309 662 rugiens,
1343 591 1621 660 quomodo
1650 591 1794 649 ovile

197 681 415 738 Domini
467 683 637 754 possit
690 683 896 738 intrare
927 682 976 754 tl
1000 682 1229 755 Petr.v).
1274 683 1342 740 Et
1368 684 1528 740 mala:
1562 684 1752 740 bestiae
1777 726 1791 749 ,

193 777 465 833 satellites
496 779 638 843 eius,
665 794 770 833 non
805 778 1110 834 ascenderit
1133 795 1226 848 per
1259 794 1399 834 eam.
1436 779 1620 851 Neque
1643 797 1788 835 enim

191 872 487 940 vestigium
516 872 722 926 colubri
757 871 813 927 in
848 883 1000 940 petra
1035 873 1266 927 inveniri
1301 882 1500 943 potest.
1529 875 1791 930 Ambula-

189 961 325 1017 hont
352 975 536 1016 autem
569 979 666 1033 per
688 979 808 1020 eam
842 966 934 1034 qui
963 965 1174 1020 liberati
1205 965 1409 1019 iuerint
1436 965 1504 1019 de
1553 965 1790 1021 vinculis

191 1066 590 1127 peccatorum,
639 1067 696 1112 et
726 1057 996 1128 redempti
1027 1057 1294 1130 sztnguine
1339 1057 1648 1114 Salvatoris
1674 1101 1688 1123 ,
1740 1067 1795 1115 et

189 1161 409 1220 egerint
433 1151 848 1222 paenitentiam;
898 1159 954 1207 et
1002 1155 1255 1208 venerint
1297 1152 1351 1206 in
1383 1153 1540 1219 Sion,
1573 1152 1641 1208 de
1690 1169 1793 1224 qua

186 1247 390 1312 Strpilb
443 1245 686 1299 diximus
712 1261 728 1299 :
756 1245 1053 1300 Accessistis
1099 1246 1169 1299 ad
1209 1245 1343 1302 Sion
1363 1257 1611 1309 montem,
1641 1254 1690 1301 et
1721 1249 1792 1300 civ

186 1337 398 1393 vitalem
433 1338 534 1392 Dei
573 1339 788 1394 viventis
829 1337 1120 1395 Jerusalem
1168 1340 1419 1394 caelestem
1468 1337 1656 1410 (Hebr.
1692 1354 1788 1408 xtt,

184 1430 318 1501 21);
354 1446 424 1487 ne
458 1446 610 1486 more
648 1432 876 1487 Jndaico
909 1447 1133 1486 auream
1156 1446 1468 1501 quaeramus
1520 1430 1685 1495 Sion,
1737 1440 1792 1486 et

181 1533 518 1594 gemmatam
548 1524 857 1580 Jerusalem
879 1565 893 1586 ,
949 1540 1070 1596 qua:
1098 1523 1251 1596 juxta
1283 1524 1631 1595 ριόιιιιιιιίειυι
1687 1525 1793 1580 Da-

182 1618 372 1684 uielis,
399 1619 452 1672 in
480 1629 718 1674 aeternos
767 1618 984 1674 cineres
1014 1619 1278 1675 dissoluta
1306 1631 1390 1674 est
1417 1617 1649 1688 (Daniel.
1685 1618 1788 1691 tx).

182 1710 419 1778 Eritque
449 1711 636 1767 laetitia
655 1713 986 1782 sempiterna
1021 1713 1360 1768 laudantium
1383 1713 1668 1767 hominum
1699 1729 1788 1767 su-

1899 593 2112 667 p0ssiat
2137 611 2264 652 cum
2314 598 2578 665 ApOstulo
2606 611 2662 654 et
2683 599 2964 671 Propheta
3014 602 3207 661 dicere
3237 623 3249 659 :
3276 603 3502 662 Cursum

1895 693 2269 756 consummavi,
2293 693 2688 764 ﬁdemsert'avi,
2709 697 2773 751 de
2796 709 2987 754 cetera
3015 700 3244 769 reposita
3267 691 3504 756 estmilti

1893 803 2086 842 corona
2103 789 2331 858 justitiw
2375 789 2445 858 (II
2483 790 2619 845 Tim.
2651 808 2724 852 tv,
2760 793 2815 858 7,
2844 793 2902 865 8)
2940 811 2959 848 .'
2981 803 3073 860 et,
3135 793 3386 862 Domine,
3442 807 3500 851 ut

1887 894 2032 938 scuto
2056 883 2203 939 bona
2243 885 2523 940 voluntatis
2556 896 2659 942 tua:
2687 889 2949 942 coronasti
2994 905 3088 943 nos
3115 887 3233 960 (Ps.
3267 905 3300 944 v
3327 931 3342 955 ,
3379 891 3494 962 13).

1890 977 2049 1034 Tunc
2075 979 2405 1036 succedente
2432 980 2630 1049 gaudio
2655 992 2818 1052 atque
2841 984 3030 1038 ltrtitia
3049 1025 3063 1048 ,
3097 983 3273 1054 fugiet
3325 986 3492 1042 dolor

1890 1084 1941 1128 et
1969 1077 2228 1144 gemitus,
2263 1074 2480 1144 quando
2516 1075 2730 1132 venerit
2759 1093 2824 1133 ex
2855 1077 2988 1134 Sion
3020 1094 3109 1150 qut
3137 1087 3315 1134 eruat.
3355 1080 3490 1148 Qua:

1891 1170 2075 1223 omnia
2106 1185 2204 1224 nos
2223 1170 2378 1240 juxta
2402 1173 2708 1240 apostolum
2738 1171 2968 1228 I’aulunt
3017 1173 3068 1228 in
3099 1177 3278 1245 primo
3307 1175 3497 1231 Salva-

1892 1264 2024 1319 toris
2061 1264 2492 1335 interpretamur
2515 1269 2751 1322 adventu
2778 1285 2793 1324 :
2818 1268 2990 1325 Juda'i
3021 1279 3204 1326 autem
3235 1280 3286 1327 et
3319 1271 3491 1326 nostri

1893 1358 2272 1424 iudaizantes,
2299 1359 2366 1413 ad
2391 1362 2694 1416 secundum
2720 1363 2988 1426 referunt,
3021 1363 3179 1416 unius
3207 1366 3499 1419 occasione

1896 1450 2184 1519 versiculi,
2216 1450 2586 1507 convertentur
2612 1462 2662 1508 et
2691 1453 2897 1508 venient
2923 1454 2975 1508 in
3007 1452 3138 1510 Sion
3157 1470 3275 1508 cum
3306 1453 3488 1520 laude,

1893 1545 2194 1601 ltOStiarum
2223 1548 2546 1617 sanguinem
2565 1589 2579 1608 ,
2616 1557 3055 1614 cunctarumque
3099 1550 3346 1616 gentium
3377 1562 3494 1605 ser-

1891 1639 2144 1707 vitutem,
2173 1647 2228 1695 et
2259 1653 2490 1696 uxorum
2514 1639 2981 1711 pulchritudinem
3012 1641 3419 1699 desiderantes.

1069 1929 1552 2039 LIBER
1644 1926 2063 2039 UNDE
2077 1926 2363 2036 61M
2383 1925 2594 2036 US.

248 2215 614 2292 ἀει-452
634 2215 883 2283 Difﬁcile,
907 2215 1074 2271 immo
1095 2214 1432 2285 impossibile
1459 2220 1543 2269 est
1567 2213 1788 2284 placere
1818 2211 1866 2272 B
1893 2209 2014 2281 bus,
2046 2222 2102 2268 ut
2144 2223 2455 2271 sanctarum
2492 2213 2901 2282 Scripturarum
2934 2216 3142 2274 veritas
3173 2217 3503 2290 negligatur,

174 2315 438 2370 omnibus
467 2327 483 2368 :
517 2327 617 2370 nec
667 2323 814 2368 tanta
858 2313 1127 2377 vultuum,
1163 2318 1361 2378 quanta
1403 2309 1791 2366 sententiarum

175 2405 474 2463 diversitas
503 2417 612 2462 est.
650 2405 706 2462 In
746 2407 1130 2476 explanatione
1168 2404 1454 2462 duodecim
1503 2405 1796 2474 propheta-

180 2517 306 2560 rum
345 2501 558 2571 longior
585 2499 910 2567 quibusdam
949 2501 1096 2555 visus
1131 2515 1249 2554 sum
1274 2541 1288 2564 ,
1324 2515 1483 2569 quam
1519 2501 1789 2566 oportuit;

177 2605 234 2653 ει
263 2595 337 2649 ob
365 2594 503 2650 hanc
531 2609 750 2650 causam
781 2597 832 2650 in
857 2592 1332 2651 Commentariolis
1357 2593 1592 2649 Danielis
1618 2593 1788 2648 brevi-

177 2689 280 2749 tati
307 2687 511 2756 ~tudui,
542 2696 739 2756 praeter
763 2689 1010 2743 ultimam
1038 2697 1094 2744 et
1117 2687 1472 2757 penultimam
1504 2687 1786 2752 visionem,

180 2781 234 2838 in
262 2782 462 2852 quibus
493 2798 578 2836 me
611 2797 834 2838 necesse
868 2780 966 2836 fuit
999 2789 1026 2818 α
1057 2781 1125 2835 ob
1149 2779 1496 2836 obscuritatis
1527 2779 1792 2848 magnitu-

179 2875 372 2934 dinem
399 2891 709 2933 sermonem
753 2875 984 2932 tendere
1022 2893 1035 2931 :
1073 2875 1449 2945 praecipueque
1489 2872 1541 2928 in
1573 2872 1792 2940 exposi-

180 2971 332 3026 tione
354 2981 565 3040 septem
589 2979 646 3026 et
670 2969 950 3040 sexaginta
975 2967 1204 3023 duarum
1233 2975 1287 3024 et
1320 2967 1475 3020 unius
1500 2965 1794 3023 hebdoma-

179 3065 398 3129 darum,
433 3065 485 3120 in
516 3065 716 3134 quibus
745 3063 1082 3120 dis~erendis
1107 3061 1236 3134 quid
1269 3059 1557 3116 Africanus
1585 3073 1794 3128 tempo-

177 3170 301 3213 rum
318 3158 580 3227 scriptor.
600 3156 727 3226 quid
748 3156 1028 3228 Origenes.
1054 3168 1104 3211 et
1122 3155 1475 3210 Cwsariensis
1501 3154 1789 3224 Eusebius,

178 3246 436 3306 Clemens
456 3263 674 3318 quoque
698 3247 1082 3305 Alexandrina:
1109 3248 1368 3304 Ecclesia?
1401 3249 1703 3321 presbyter,
1737 3257 1794 3304 ct

179 3341 518 3409 Apollinaris
558 3338 926 3398 Laodiceuus.
973 3340 1397 3412 Hippolytusque
1421 3383 1435 3406 ,
1466 3349 1521 3396 et
1553 3341 1785 3407 llebrai,

176 3443 232 3492 et
277 3433 655 3491 Tertullianus
692 3433 1007 3502 senserint,
1057 3433 1298 3490 breviter
1343 3434 1785 3505 comprehendi:

176 3530 405 3590 lectoris
433 3529 663 3585 arbitrio
684 3529 1072 3597 derelinquens
1101 3529 1225 3596 quid
1259 3528 1326 3602 de
1357 3529 1600 3600 pluribus
1624 3529 1791 3599 elige-

1899 2324 2000 2366 nec
2026 2310 2298 2381 general‘s
2324 2309 2619 2381 disputatio
2648 2313 2810 2367 unius
2842 2323 2866 2353 ο
2898 2327 3144 2380 personae
3171 2315 3366 2384 injuria
3396 2323 3505 2370 est.

1896 2403 2026 2473 Qu:e
2072 2421 2194 2459 cum
2229 2405 2467 2478 benigno
2516 2421 2764 2462 meorum
2813 2407 2996 2463 studio
3047 2419 3374 2475 caveretur,
3409 2407 3506 2464 Dei

1891 2501 2096 2571 judicio
2128 2509 2350 2570 repente
2381 2501 2592 2556 sublata
2618 2511 2700 2556 est
2731 2518 2746 2555 :
2780 2511 2835 2556 ut
2865 2502 3162 2557 amicorum
3195 2501 3248 2557 in
3282 2516 3369 2557 tne
3390 2513 3506 2557 Stu-

1895 2594 2016 2659 dia,
2050 2603 2102 2650 et
2137 2595 2460 2650 tumulorum
2503 2595 2714 2650 insidia:
2744 2605 3196 2652 manstrareutur.
3234 2595 3344 2651 Sed
3387 2595 3503 2654 lta‘c

1894 2687 2073 2743 alias:
2105 2703 2246 2744 nunc
2286 2689 2426 2755 quod
2464 2689 2733 2748 C(Bl'IlltllB
2772 2704 3126 2756 ext-quamur.
3168 2687 3501 2747 Undecimus

1896 2780 1947 2834 in
1978 2777 2170 2834 Isaiam
2209 2779 2347 2835 liber
2369 2822 2383 2844 ,
2425 2797 2456 2834 ο
2487 2783 2640 2847 virgo
2685 2780 2889 2837 Christi
2938 2781 3296 2838 Eustochium
3323 2825 3336 2841 .
3371 2783 3498 2854 quia

1895 2887 2142 2943 magnam
2169 2881 2376 2943 partem
2401 2870 2640 2928 historiae
2663 2872 2994 2929 disserturus
3021 2884 3126 2941 est,
3158 2872 3368 2945 facilior
3397 2874 3504 2931 erit

1896 2965 1948 3021 in
1984 2965 2290 3036 principiis,
2317 2977 2368 3021 et
2398 2982 2570 3038 usque
2597 2967 2662 3020 ad
2692 2967 2827 3022 duas
2848 2968 2928 3022 sui
2958 2978 3159 3038 partes,
3190 2971 3396 3032 reliqua
3422 2967 3500 3022 si-

1894 3059 2008 3116 mili
2033 3075 2183 3116 niore
2210 3059 2458 3115 dictanda
2488 3070 2614 3116 sunt
2639 3078 2651 3115 :
2679 3073 2730 3116 et
2759 3061 2839 3116 sic
2865 3060 3193 3118 smdeudum
3227 3060 3501 3130 brevitati,

1893 3163 1954 3210 ut
1983 3153 2188 3210 nullum
2211 3152 2468 3210 damnum
2502 3155 2592 3210 liat
2620 3153 3013 3225 intelligentiae.

1964 3344 2119 3417 (Cap.
2150 3343 2392 3402 XXXVI.
2420 3343 2674 3400 —Vers.
2721 3344 2746 3399 I
2782 3344 2977 3415 seqq.)
3011 3342 3082 3398 Et
3111 3347 3306 3417 factum
3343 3353 3418 3399 est
3447 3343 3502 3400 in

1891 3447 2076 3508 quarto
2100 3436 2296 3492 decimo
2326 3453 2467 3492 anno
2493 3437 2632 3510 regis
2683 3434 2946 3500 Ezechias,
3002 3438 3235 3491 ascendit
3291 3436 3503 3492 Semiu-

1894 3529 2065 3585 clterib
2089 3546 2180 3585 rex
2199 3529 2529 3601 Assyriorum
2561 3545 2718 3597 super
2744 3545 2924 3584 omnes
2951 3529 3184 3584 civitates
3213 3525 3359 3582 Juda
3388 3545 3504 3583 mu-

176 3635 281 3682 ret.
312 3623 501 3690 Itaque
520 3623 662 3694 quod
689 3640 786 3678 nos
806 3623 1133 3680 verecundia
1167 3621 1392 3678 fecimus
1410 3622 1710 3692 iudicandi,
1736 3632 1793 3678 et
1819 3610 1865 3675 Ο
1897 3625 2033 3678 nitas
2085 3634 2136 3680 et
2184 3625 2318 3690 cepit
2343 3641 2450 3677 eos.
2480 3622 2547 3678 Et
2573 3623 2711 3677 misit
2735 3639 2828 3677 rex
2866 3623 3198 3694 Assyriorum
3227 3621 3498 3677 Rubsacen

174 3737 369 3778 eorum
398 3719 609 3776 honore
630 3721 722 3792 qui
756 3720 945 3776 lecturi
974 3728 1150 3784 erant,
1179 3717 1497 3789 quibusdam
1522 3717 1660 3774 forte
1684 3733 1790 3774 non

173 3815 411 3885 placeat,
443 3815 535 3884 qui
562 3831 667 3870 non
701 3817 1060 3886 Antiquorum
1084 3813 1396 3878 Opiniones,
1424 3813 1518 3868 sed
1550 3825 1788 3868 nostram

171 3909 507 3966 sententiam
537 3909 678 3967 scire
702 3909 1034 3966 desiderant.
1067 3909 1276 3977 Quibus
1305 3907 1478 3964 facilis
1507 3908 1791 3976 responsio

170 4014 278 4067 est,
313 4003 560 4058 noluisse
585 4018 670 4058 me
699 4002 778 4058 sic
810 4018 975 4058 unum
1005 4003 1280 4071 recipere,
1315 4011 1374 4056 ut
1407 3999 1625 4056 viderer
1653 4001 1791 4055 alios

169 4099 568 4155 Condemnare.
616 4095 687 4152 Et.
733 4104 883 4152 certe
936 4097 980 4150 si
1024 4095 1159 4150 tanti
1206 4105 1260 4151 et
1302 4105 1410 4150 tam
1452 4093 1646 4147 eruditi
1688 4091 1788 4150 viri

173 4190 483 4247 l’amidiosis
511 4190 812 4246 lectoribus
842 4190 1160 4261 displicent.
1194 4189 1322 4260 quid
1367 4188 1436 4244 de
1472 4203 1559 4243 me
1599 4185 1789 4242 tacturi

170 4295 358 4349 erant,
379 4285 470 4355 qui
497 4301 593 4356 pro
617 4285 877 4342 tenuitat’e
904 4285 1158 4354 ingenioli
1183 4283 1487 4339 invidorum
1518 4282 1789 4338 morsibus

169 4377 383 4450 patec?
419 4377 516 4434 Sin
549 4387 730 4432 autem
770 4378 1115 4446 supradictus
1144 4376 1324 4443 viros,
1358 4376 1647 4445 magistros
1689 4375 1792 4430 Ec-

167 4475 358 4532 clesize
402 4473 706 4539 nominavi,
742 4472 873 4530 illud
908 4473 1247 4545 intelligant,
1277 4487 1364 4527 me.
1403 4488 1510 4525 non
1542 4469 1784 4525 omnium

167 4568 414 4640 probare
445 4567 625 4632 iidem,
658 4566 748 4637 qui
773 4577 922 4623 certe
950 4568 1091 4622 inter
1118 4582 1178 4622 se
1207 4565 1464 4621 contrarii
1491 4575 1616 4620 sunt
1642 4581 1656 4627 ;
1691 4563 1786 4619 sed

165 4663 239 4717 ad
284 4660 696 4716 distinctionem
735 4658 763 4698 ι)
800 4658 1058 4731 Josepbi,
1110 4659 1506 4733 Porphyriique
1558 4657 1784 4725 dixisse,

165 4755 262 4828 qui
303 4755 372 4811 de
402 4754 504 4810 hac
530 4755 836 4825 qua'suone
870 4756 1099 4823 plurima
1141 4755 1509 4820 disputarunt.
1550 4754 1704 4822 Quod
1738 4753 1784 4810 si

161 4847 223 4904 in
256 4848 607 4915 expositione
635 4855 829 4903 statuat
863 4847 1171 4919 pedumque
1200 4848 1316 4920 ejus
1338 4889 1352 4910 ,
1401 4858 1456 4904 et
1487 4847 1782 4919 digitorum

163 4939 562 5009 discrepantia.
597 4939 798 4996 l'errum
831 4949 888 4996 et
918 4950 1113 4997 testam
1149 4957 1312 5004 super
1342 4941 1587 4996 Romano
1617 4955 1786 5010 regno

1897 3717 1960 3770 de
1986 3714 2171 3770 Lachis
2198 3717 2252 3771 in
2274 3715 2568 3770 Jerusalem
2597 3716 2667 3769 ad
2695 3731 2868 3784 regem
2912 3713 3191 3769 Ezechiam
3241 3715 3294 3769 in
3341 3731 3497 3770 manu

1895 3810 2062 3878 gravi.
2095 3821 2143 3864 et
2165 3809 2300 3862 stetit
2332 3809 2383 3861 in
2408 3810 2712 3880 aqnwductu
2736 3807 2953 3877 piscina!
2977 3806 3283 3874 superioris.
3316 3807 3370 3859 in
3407 3807 3492 3860 via

1893 3902 2010 3974 agri
2040 3899 2273 3972 fullonis.
2314 3898 2379 3954 Et
2424 3915 2662 3972 egressus
2711 3906 2784 3952 est
2836 3897 2905 3952 ad
2947 3913 3064 3952 eum
3097 3896 3319 3952 Eltacim
3350 3897 3496 3967 ﬁlius

1895 3995 2115 4056 Helcite,
2148 3997 2368 4065 quierat
2423 4008 2579 4062 super
2631 3992 2841 4046 domum
2868 4008 2880 4045 :
2906 4002 2955 4046 et
3004 3991 3182 4047 Sobna
3219 3993 3410 4050 scriba.
3445 4002 3496 4046 et

1892 4087 2062 4143 Joahe
2087 4085 2231 4157 ﬁlius
2254 4083 2418 4158 453
2451 4083 2626 4148 Asaph
2675 4101 2706 4136 α
2737 4083 3141 4145 commentariis,
3184 4093 3234 4139 et
3263 4083 3396 4139 dizit
3425 4083 3494 4139 ad

1893 4199 1978 4236 eos
2009 4179 2267 4234 Rabsaees
2298 4196 2314 4232 :
2339 4176 2509 4232 Dicite
2523 4175 2763 4231 Ezechiaz
2783 4193 2801 4231 :
2819 4175 2954 4231 ‘Htcc
2980 4176 3106 4231 dicit
3131 4193 3226 4232 rex
3252 4194 3490 4246 magnus,

1891 4290 1984 4328 rex
2011 4273 2340 4344 Assyriorum
2371 4287 2388 4326 :
2421 4270 2548 4339 Qua?
2597 4280 2673 4324 est
2727 4271 2826 4324 ista
2853 4269 3048 4340 ﬁducia
3078 4287 3179 4342 qua
3233 4271 3498 4338 conﬁdis?

1891 4379 1981 4423 aut
2003 4385 2104 4442 quo
2126 4367 2344 4433 consilio
2392 4376 2438 4419 et
2463 4365 2768 4435 fortitudine
2804 4365 3058 4427 rebellare
3103 4365 3377 4433 disponis?
3407 4382 3496 4419 su-

1893 4480 1984 4533 per
2007 4478 2156 4532 quem
2192 4459 2350 4514 Iubes
2378 4459 2652 4530 ﬁduciam,
2683 4459 2807 4530 quia
2855 4457 3113 4512 recessisti
3139 4475 3169 4508 η
3196 4474 3276 4512 me
3301 4459 3324 4512 ?
3357 4457 3492 4512 Ecce

1889 4557 2109 4628 conﬁdis
2154 4571 2312 4627 super
2362 4551 2598 4608 baculum
2639 4552 2990 4607 arundmeunt
3048 4555 3371 4623 cauri-artum
3418 4552 3487 4606 is-

1888 4662 2016 4713 tum,
2045 4667 2201 4720 super
2229 4647 2527 4720 Ai’gyptum
2558 4664 2576 4701 :
2599 4647 2684 4700 cui
2715 4645 2761 4699 si
2787 4646 2997 4700 innixus
3031 4645 3185 4715 fixerit
3211 4645 3388 4702 homo.
3412 4645 3494 4700 in-

1890 4743 2042 4798 trabit
2072 4743 2124 4795 in
2151 4756 2365 4796 manum
2388 4743 2525 4812 ejus,
2559 4749 2604 4790 et
2625 4735 2907 4806 perforabit
2936 4752 3050 4790 eam
3083 4751 3102 4790 :
3132 4736 3207 4790 sic
3237 4749 3311 4789 est
3340 4734 3490 4792 Plia-

1886 4855 1978 4892 rao
2007 4852 2099 4890 rex
2137 4834 2364 4906 eEgypti
2394 4832 2630 4886 omnibus
2685 4830 2773 4897 qui
2800 4828 3066 4890 conﬁdunt
3117 4830 3172 4883 in
3221 4846 3301 4884 eo.
3338 4831 3491 4898 ριιοά

1886 4931 1932 4985 si
1960 4929 2287 5002 responderis
2312 4926 2463 4987 mihi,
2492 4929 2544 4978 in
2578 4921 2802 4976 Domino
2827 4920 2935 4976 Deo
2952 4932 3126 4976 nostra
3153 4923 3489 4994 conﬁdimus,

161 5035 569 5101 interpretatus
600 5049 744 5101 sum,
768 5035 910 5103 quod
935 5037 1168 5106 primum
1199 5036 1356 5097 forte.
1391 5036 1515 5090 dein
1541 5034 1784 5089 imbecil-

1894 5039 2062 5077 nonne
2084 5022 2198 5092 ipse
2221 5030 2295 5074 est
2321 5022 2470 5088 cujus
2498 5016 2708 5072 abstulit
2745 5014 2995 5070 Ezechias
3025 5016 3226 5070 excelsa
3257 5027 3306 5070 et
3355 5018 3490 5070 alta-

159 5114 282 5181 Ium
325 5127 605 5196 Scriptura
653 5129 967 5198 portendit,
1009 5143 1118 5184 non
1166 5127 1296 5184 mihi
1345 5128 1644 5198 iniputent,
1687 5127 1783 5182 sed

155 5219 477 5294 Prophetas.
521 5220 711 5294 Neque
733 5225 878 5278 enim
911 5222 993 5278 sic
1022 5220 1354 5278 adulandum
1394 5230 1478 5277 est
1520 5219 1784 5292 principi-

240 5390 271 5419 ι
309 5376 643 5434 Coucinuius
682 5377 794 5433 duo
825 5376 1039 5443 Vatic.,
1081 5393 1175 5446 pro
1207 5375 1531 5432 obscuritatis
1570 5373 1774 5448 magni-

154 5453 367 5510 tudine.

235 5524 272 5564 ιι
302 5523 494 5580 Nullus
542 5536 674 5577 vero
705 5520 930 5580 .Iosephi
955 5521 1024 5577 de
1053 5537 1158 5576 LXX
1180 5517 1645 5582 Hebdomadibus,
1687 5525 1782 5571 aut

151 5605 347 5654 exstat
367 5596 525 5657 liber,
549 5607 643 5649 aut
669 5593 947 5650 exstitisse
976 5608 1229 5659 umquam
1261 5592 1496 5658 videtur.
1533 5587 1777 5655 nisiqnid

150 5666 350 5725 simile
380 5667 504 5720 inde
533 5667 602 5720 ab
629 5681 696 5720 eo
733 5666 958 5733 colligas
995 5665 1159 5721 fuisse
1196 5667 1597 5731 conscriptum,
1636 5659 1778 5733 quod

150 5741 234 5796 de
269 5739 437 5809 gestis
467 5736 745 5793 Monobazi
781 5731 1071 5793 Adiabenae
1101 5737 1246 5805 regis
1272 5753 1330 5789 se
1357 5735 1631 5809 dirturum
1664 5731 1782 5809 pol-

147 5805 365 5868 licetur
392 5811 488 5867 lib.
521 5826 591 5866 xx
619 5810 910 5880 Antiquit.,
941 5825 992 5864 c.
1024 5809 1084 5872 ‘2,
1106 5817 1199 5862 aut
1226 5806 1452 5880 quodin
1486 5805 1777 5880 protentio,

151 5896 211 5952 et
265 5881 466 5950 IthV,
494 5881 605 5952 ρπβ
632 5923 647 5948 ,
671 5889 738 5952 et
761 5878 839 5937 xx
862 5919 875 5946 ,
904 5893 954 5936 c.
985 5882 1052 5947 9,
1087 5895 1146 5936 se
1174 5880 1318 5952 velle
1345 5878 1454 5952 ait:
1485 5878 1588 5952 hoe
1615 5889 1780 5943 opere

153 5944 463 6016 absoluto.
510 5944 870 6019 alleaoricam
903 5944 1170 6008 theoriam
1203 5949 1383 6018 legum
1424 5945 1776 6004 .ltttlaicaritm

1885 5119 2001 5182 ria;
2056 5127 2102 5169 et
2133 5116 2264 5169 dixit
2311 5112 2471 5167 Judw
2521 5122 2569 5166 et
2597 5109 2890 5166 Jerusalem
2919 5125 2937 5163 :
2963 5108 3151 5165 Coram
3182 5109 3342 5164 altari
3393 5111 3490 5166 isto

1884 5211 2210 5269 adorabitis?
2234 5209 2300 5265 Et
2330 5225 2465 5264 nunc
2516 5206 2662 5263 trade
2692 5215 2740 5262 te
2768 5203 2996 5260 Domino
3037 5220 3149 5259 meo
3178 5205 3288 5276 regi
3322 5205 3487 5277 Assy-

1883 5367 2143 5441 singulari
2171 5367 2375 5441 scripto
2408 5367 2727 5441 in_qttat_no_r
2756 5365 2878 5420 libr.
2908 5364 3107 5441 tributo
3129 5365 3400 5441 persequi.

1959 5436 1999 5480 θ’
2023 5436 2295 5511 Appo~ite
2345 5438 2562 5502 coniicit
2609 5438 2991 5511 Tillemontius
3035 5436 3144 5511 diei
3183 5437 3252 5491 ab
3290 5437 3488 5511 Hiero-

1885 5507 2086 5587 nymo,
2113 5507 2256 5566 hanc
2289 5512 2391 5567 sibi
2430 5511 2897 5587 v_cd_t_t_is~e_e_rea_te
2942 5507 3195 5587 invidiam
3215 5510 3492 5587 adversa-

1884 5580 1996 5640 rios
2030 5600 2182 5650 suos,
2211 5593 2263 5637 ul
2293 5599 2415 5636 eunt
2446 5582 2697 5639 Stilieoni
2737 5580 2968 5634 barbaro
3003 5580 3250 5648 principi,
3287 5589 3343 5636 et
3372 5581 3491 5635 bar-

1885 5657 2139 5710 barorum
2183 5657 2234 5710 iu
2267 5656 2603 5710 occidentale.
2641 5654 2926 5720 imperium
2968 5650 3240 5707 init-benti
3280 5653 3490 5719 copias,
3580 5661 3581 5664 ‘

1885 5728 2143 5798 injurium
2173 5726 2434 5783 facerent.
2471 5727 2642 5798 Quam
2687 5723 3012 5779 calumniam
3052 5722 3148 5798 Dei
3167 5725 3378 5798 judicio
3403 5741 3488 5779 re-

1888 5795 2038 5874 pente
2057 5801 2314 5874 sublatam
2333 5799 2466 5874 dixit
2489 5798 2550 5874 S‘.
2573 5796 2766 5874 doctor
2787 5804 2964 5851 morte
2982 5795 3482 5874 _ipsius'S_tilici.nis,

1889 5865 2048 5944 quem
2075 5873 2382 5929 Honoratus
2403 5870 2566 5943 jussit
2593 5867 2767 5928 occidi
2796 5881 2940 5926 anno
2969 5865 3106 5939 408,
3136 5867 3238 5926 sub
3259 5867 3487 5942 Augusti

1888 5944 2095 6000 mensis
2121 5944 2306 5999 linem.
