4004 6900
519 367 657 431 579:
702 386 715 393 '

1796 358 1858 415 s.
1901 351 2174 417 ausam
2212 350 2598 417 utcnouvut
3667 347 3768 421 aut

514 490 738 552 riarum,
766 495 815 543 et
841 486 977 543 dabo
1007 484 1097 541 tibi
1128 485 1232 540 duo
1263 482 1431 538 millia
1483 493 1755 552 equorum,
1786 490 1878 551 nec
1921 471 2120 547 poteris
2146 472 2193 530 Α
2224 469 2551 555 bovin‘maau
2578 468 2715 537 ejus,
2742 475 2792 523 et
2817 465 2915 520 erit
2933 461 3083 534 quasi
3104 466 3254 535 pater
3276 459 3595 517 habitantium
3616 462 3664 518 in
3681 462 3756 520 Je-

520 596 587 637 ea'
613 589 659 637 te
687 580 912 649 praebere
937 592 1234 633 ascensores
1262 590 1459 630 eorum.
1523 570 1588 626 Et
1613 568 1868 642 quomodo
1898 565 2121 623 sustine-

525 672 604 727 bis
626 673 813 744 {aciem
840 671 1040 744 judicis
1067 670 1219 726 unius
1247 668 1347 723 loci
1378 682 1442 721 ea:
1473 665 1634 721 servis
1658 659 1868 717 Domini
1894 659 1996 715 mei
2023 658 2122 713 mi-

520 763 924 832 noribus?qnod
953 764 995 817 si
1022 762 1242 832 conﬁdis
1270 762 1322 819 in
1351 758 1580 832 A'ngpto
1605 773 1624 815 :
1652 766 1701 814 et
1744 756 1801 821 in
1826 752 2119 828 quadrigis,

521 870 570 915 et
597 861 654 915 in
685 860 939 930 equitibus
967 868 1055 917 :et
1077 874 1210 913 nunc
1235 852 1491 926 numquid
1522 852 1633 907 sine
1661 849 1884 905 Domino
1913 845 2123 901 escendi

521 954 593 1011 ad
621 964 814 1007 terram
843 953 1018 1012 istam.
1052 960 1104 1006 ut
1132 948 1485 1022 disperderem
1516 946 1663 1002 eam?
1695 934 1947 997 Dominus
1988 938 2123 994 dixit

522 1045 593 1100 ad
623 1060 702 1099 me
731 1060 750 1099 :
776 1043 1004 1099 Ascende
1035 1059 1191 1114 super
1222 1050 1415 1096 terram
1442 1040 1618 1102 istam,
1642 1049 1689 1093 et
1712 1032 1955 1105 disperde
1987 1048 2121 1087 eam.

528 1139 772 1198 Historia
807 1138 1090 1195 manifesta
1122 1147 1229 1205 est,
1266 1145 1323 1191 et
1355 1131 1805 1204 interpretatione
1850 1144 1954 1182 non
1986 1124 2125 1182 indl-

526 1242 618 1300 get
651 1252 662 1286 :
691 1233 1016 1304 pleniusque
1065 1232 1117 1287 in
1169 1231 1376 1302 Regum
1405 1237 1463 1285 et
1503 1226 1721 1282 Dicrum
1762 1220 2126 1279 voluminibus

532 1324 651 1382 haec
679 1325 868 1382 eadem
898 1323 1102 1395 scripta
1134 1323 1467 1389 referuntur,
1503 1318 1646 1391 quod
1681 1332 1825 1373 anno
1871 1315 2031 1372 tertio
2054 1315 2128 1371 0—

529 1413 624 1476 See
654 1418 747 1477 lilii
781 1419 915 1477 llela
956 1419 1101 1491 regis
1128 1417 1315 1483 Israel,
1348 1417 1656 1488 regnaverit
1686 1411 1953 1470 Ezechias
1986 1409 2129 1467 filius

531 1511 715 1569 Acltaz
742 1510 886 1582 regis
913 1509 1072 1567 Juda.
1102 1508 1303 1580 Viginti
1350 1508 1602 1580 quinque.
1646 1504 1845 1578 inquit,
1871 1519 2127 1559 annorum

530 1612 777 1657 eratcum
803 1618 1020 1675 regnare
1068 1601 1324 1672 erupisset,
1373 1609 1420 1654 et
1447 1597 1628 1671 viginti
1664 1606 1710 1651 et
1751 1611 1930 1650 novem
1976 1593 2129 1649 annis

535 1694 765 1764 regnavit
791 1695 843 1747 in
868 1693 1194 1758 Jerusalem,
1226 1701 1272 1746 et
1300 1692 1420 1760 fecit
1440 1689 1579 1761 quod
1603 1700 1712 1743 erat
1740 1689 1927 1743 bonum
1958 1702 2129 1741 coram

537 1784 786 1850 Domino,
828 1787 983 1858 juxta
1015 1785 1188 1839 omnia
1230 1800 1346 1855 qua:
1388 1786 1580 1854 fecerat
1611 1780 1783 1836 David
1810 1789 1956 1853 pater
1995 1781 2127 1850 ejus.

2225 544 2472 627 tionem;
2506 573 2554 618 et
2573 561 2751 617 domui
2776 558 2944 624 Iuda,
2977 567 3034 615 et
3059 565 3282 615 cetera.
3317 555 3436 612 ﬂare
3485 566 3646 617 autem
3691 558 3759 615 di-

2225 664 2420 710 cuntur
2449 653 2515 708 ad
2548 653 2811 716 Subitam,
2845 651 3091 721 quiante
3119 664 3246 705 eum
3292 649 3592 720 prapositus
3630 648 3759 706 Tem-

2228 746 2300 817 pli
2348 746 2467 810 fuit.
2526 745 2593 802 de
2648 758 2756 817 quo
2805 744 2859 799 in
2906 741 3096 799 eadem
3144 740 3403 814 scriptum
3438 749 3516 795 est
3544 741 3757 798 visione:

2233 837 2380 894 Vade
2404 847 2450 893 et
2488 837 2759 909 ingredere
2785 835 2854 890 ad
2899 851 3016 891 eum
3038 836 3128 908 qui
3160 834 3355 889 habitat
3381 834 3432 887 in
3451 832 3762 903 tabernaculo,

2226 932 2297 985 ad
2327 930 2557 987 Sobnam
2576 929 2914 1002 preposition
2938 926 3139 998 Templi
3160 924 3353 997 (Ibid..
3384 922 3488 997 i5),
3513 940 3656 995 quem
3676 936 3779 1002 tra-q

2228 1027 2363 1082 dunt
2414 1024 2625 1082 Hebra-i
2677 1023 2943 1080 Rabsacis
2991 1021 3421 1081 comminatione
3457 1021 3763 1093 perterritum

2233 1119 2526 1177 tradidisse
2577 1134 2772 1174 manus
2820 1116 3095 1190 Assyriis,
3146 1126 3201 1171 et
3259 1113 3560 1171 inferiorem
3595 1124 3765 1183 partem

2228 1213 2533 1271 Jerusalem
2567 1211 2903 1268 adversariis
2933 1208 3267 1282 prodidisse,
3315 1216 3632 1277 exceptaque
3666 1220 3767 1263 arce

2229 1306 2356 1362 Sion
2387 1314 2443 1362 et
2473 1305 2724 1375 Templo.
2777 1304 2913 1360 nihil
2966 1303 3112 1359 aliud
3160 1301 3488 1357 remansisse
3523 1298 3653 1370 quod
3681 1312 3765 1355 non

2231 1399 2474 1456 tenuerit
2521 1397 2805 1470 Assyrius.
2861 1394 3021 1454 Unde
3068 1401 3259 1450 errant
3299 1392 3388 1465 qui
3437 1389 3769 1460 Sobuam,qui

2233 1508 2378 1548 nunc
2398 1508 2523 1548 cum
2556 1491 2811 1557 Eliaeim,
2839 1497 2898 1545 et
2917 1488 3092 1545 Joahe
3118 1489 3184 1541 ad
3210 1486 3490 1542 Rabsaceu
3518 1482 3768 1555 egreditur,

2230 1586 2484 1643 eumdem
2536 1593 2729 1656 putant
2777 1599 2939 1656 quem
2989 1590 3049 1639 et
3093 1597 3284 1653 supra.
3331 1580 3409 1637 lbi
3451 1579 3588 1637 enim
3624 1575 3771 1633 Sobnt

2232 1680 2561 1751 praepositus
2601 1676 2818 1748 Templi
2847 1677 3089 1748 ponitur,
3120 1675 3213 1746 qui
3244 1673 3314 1730 ab
3359 1671 3593 1746 Assyriis
3610 1668 3773 1735 dicitur

2231 1789 2353 1829 esse
2374 1772 2705 1837 capiendus:
2734 1771 2824 1827 hic
2868 1779 3054 1825 autem
3102 1769 3286 1824 Sobna
3313 1766 3517 1829 scriba,
3568 1762 3661 1819 hoc
3688 1769 3773 1827 est,

540 1877 605 1931 Et
639 1887 758 1946 post
813 1876 1089 1945 paululum
1120 1895 1130 1930 :
1166 1874 1232 1929 In
1266 1875 1489 1929 Domino
1520 1873 1632 1931 Deo
1678 1872 1848 1930 Israel
1878 1870 2125 1945 speravit,
2160 1870 2208 1933 Β
2232 1869 2574 1946 γραμματεῖς,
2602 1864 2693 1933 qui
2712 1864 2978 1923 Hebraice
2999 1861 3306 1934 appellatur
3331 1874 3528 1916 soeuen
3560 1865 3705 1922 nam,
3728 1862 3772 1911 et

533 1981 582 2025 et
633 1980 749 2044 post
792 1987 911 2025 eum
939 1988 1041 2026 non
1085 1971 1181 2042 fuit
1216 1969 1405 2025 similis
1457 1969 1560 2034 illi,
1592 1968 1656 2022 de
1701 1966 1901 2021 cunctis
1931 1962 2136 2038 regibus

535 2062 698 2124 Iuda.
733 2065 823 2119 sed
854 2080 1017 2135 neque
1056 2064 1110 2118 in
1140 2062 1221 2117 his
1252 2063 1339 2134 qui
1368 2073 1490 2117 ante
1516 2076 1635 2117 eum
1665 2059 1876 2130 [uerunt
1906 2075 1925 2112 :
1958 2056 2136 2111 adlua-

535 2158 603 2210 sit
632 2154 880 2218 Domino,
916 2165 964 2211 et
1003 2173 1110 2210 non
1156 2157 1365 2211 recessit
1404 2171 1435 2207 a
1467 2153 1692 2226 vestigiis
1721 2154 1830 2223 ejus
1861 2167 1880 2206 :
1908 2150 2135 2222 fecitque

536 2250 783 2304 mandata
813 2253 927 2326 ejus
966 2266 1081 2318 qua:
1108 2256 1422 2322 pra’ceperat
1470 2244 1723 2303 Dominus
1754 2243 1969 2317 Moysi:
2002 2247 2137 2296 unde

538 2349 588 2399 et
612 2352 721 2398 erat
750 2340 1003 2396 Dominus
1023 2358 1140 2395 cum
1170 2357 1249 2405 eo,
1280 2350 1327 2395 et
1350 2341 1405 2394 in
1434 2339 1633 2394 cunctis
1656 2338 1723 2391 ad
1745 2352 1863 2410 qua:
1890 2333 2138 2410 procede-

541 2433 648 2503 bat,
680 2436 936 2509 sapienter
961 2452 1015 2490 se
1039 2435 1219 2509 agebat
1252 2437 1267 2505 (
1293 2432 1359 2489 IV
1394 2433 1527 2508 Reg.
1554 2448 1710 2498 xvltt,
1739 2430 1796 2495 2,
1828 2430 1904 2502 7).
1937 2428 2140 2484 Rebel-

543 2527 675 2583 lavit
701 2539 883 2585 autem
931 2539 1119 2584 contra
1150 2542 1336 2598 regem
1368 2526 1740 2598 Assyriorum,
1771 2533 1826 2580 et
1883 2537 1989 2577 non
2022 2537 2144 2577 ser-

540 2620 675 2676 vivit
699 2620 747 2675 ei
773 2638 787 2677 :
818 2620 873 2677 in
927 2621 1083 2692 cujus
1135 2629 1292 2676 sexto
1330 2633 1476 2674 anno
1506 2616 1745 2687 imperii,
1788 2615 2143 2672 Salmanasar

541 2727 635 2769 rex
685 2713 1034 2786 Assyriorum
1086 2713 1231 2783 cepit
1260 2710 1589 2778 Samariam,
1631 2721 1687 2766 et
1734 2711 1923 2765 decem
1973 2708 2144 2767 tribus

541 2822 663 2879 quia
693 2807 1110 2879 appellabantur
1135 2805 1337 2872 Israel;
1373 2815 1427 2861 et
1465 2806 1747 2862 transtulit
1769 2820 1864 2860 eas
1894 2801 1947 2859 in
1973 2805 2145 2876 Assy-

542 2900 677 2965 rios,
709 2900 1110 2973 collocavitque
1141 2902 1193 2955 in
1226 2901 1357 2956 Hala
1386 2912 1441 2957 et
1495 2899 1675 2956 Habor
1718 2897 1902 2957 ﬂuviis
1926 2900 2139 2966 Gozan,

543 2996 596 3050 in
659 2995 968 3052 civitatibus
1021 2996 1301 3051 Medorqu
1325 2994 1446 3068 ξων
1501 2992 1634 3068 Reg.
1685 3008 1818 3060 xvtt,
1872 3001 1920 3047 et
1967 2989 2141 3064 xvut).

546 3085 679 3142 Post
717 3072 892 3143 annos
920 3100 1100 3145 autem
1161 3100 1391 3159 septem,
1447 3087 1499 3141 id
1532 3096 1637 3155 est,
1689 3098 1887 3157 quarto
1934 3085 2147 3143 decimo

544 3196 690 3236 anno
722 3182 991 3250 Ezechize,
1018 3199 1113 3237 rex
1142 3182 1494 3255 Assyriorum
1528 3181 1906 3237 Sennaclterib
1934 3180 2147 3250 ingres-

547 3289 641 3333 sus
660 3274 926 3343 Judmam,
978 3276 1193 3332 obsedit
1222 3277 1475 3331 civitates
1515 3275 1632 3346 ejus
1665 3274 1927 3339 munitas,
1953 3275 2144 3330 volens
2173 3257 2219 3320 Ο

549 3388 643 3429 eas
672 3389 889 3445 capere.
925 3371 1168 3444 Cumque
1197 3374 1477 3430 obsideret
1499 3372 1718 3441 Lacltis,
1748 3374 1897 3428 misit
1928 3372 1994 3427 ad
2018 3387 2143 3428 eum

547 3466 809 3523 Ezechias
840 3468 1079 3535 nuntios,
1121 3470 1310 3523 dicens
1344 3487 1356 3522 :
1407 3465 1643 3539 Peccavi,
1676 3468 1857 3523 recede
1883 3483 1916 3521 a
1962 3483 2061 3534 me,
2098 3475 2146 3523 et

546 3577 696 3615 omne
720 3563 857 3631 quod
884 3563 1186 3633 imposueris
1211 3563 1357 3630 mihi,
1391 3566 1576 3635 feram.
1626 3563 1873 3629 Cumque
1900 3570 2145 3618 trecenta

547 3652 747 3708 talenta
772 3656 1004 3724 argenti,
1040 3664 1095 3710 et
1118 3654 1332 3726 triginta
1357 3657 1472 3709 auri
1504 3652 1570 3711 ad
1597 3657 1740 3728 regis
1786 3652 2147 3730 ﬁﬁimpe-

547 3750 688 3805 rium
723 3752 1092 3821 persolvisset,
1127 3752 1313 3808 fractis
1339 3755 1521 3823 jattuis
1565 3753 1779 3823 Templi
1813 3753 2053 3819 Domini,
2090 3761 2147 3807 et

549 3840 766 3897 laminis
792 3844 910 3913 ejus
942 3843 1227 3912 detractis,
1252 3862 1387 3918 quas
1419 3850 1533 3919 ipse
1556 3846 1833 3913 al'lixerat,
1870 3847 2020 3901 misit
2048 3861 2142 3901 rex

545 3932 895 4007 Assyriorum
942 3935 1180 3992 Thartan
1218 3946 1273 3992 et
1312 3937 1596 3995 Rabsacen
1635 3937 1703 3994 de
1735 3938 1932 3995 Laehis
1960 3936 2027 3993 ad
2055 3953 2144 3995 reo

545 4042 667 4098 gem
701 4028 986 4084 Ezechiam
1037 4044 1161 4086 cum
1220 4046 1383 4087 manu
1430 4031 1603 4087 valida
1648 4032 1954 4091 Jeru~alem
2000 4050 2013 4086 ε
2056 4030 2147 4102 qui

546 4134 668 4173 cum
693 4121 1091 4189 ascendissent,
1139 4133 1411 4180 venerunt
1457 4126 1510 4180 in
1540 4124 1867 4189 Jerusalem,
1903 4135 2149 4181 etstete-

548 4225 888 4268 runtcoutra
942 4217 1319 4286 aquaeductum
1377 4220 1602 4289 piscina:
1656 4220 1979 4290 superioris,
2027 4234 2149 4290 qua:

550 4314 634 4360 est
666 4306 717 4360 iu
748 4306 834 4360 via
855 4308 968 4378 agri
1002 4307 1245 4375 fullonis,
1278 4319 1717 4382 vocaveruntque
1757 4309 1825 4365 ad
1851 4325 1911 4365 se
1940 4325 2146 4383 regem.

554 4396 816 4468 Egressus
839 4406 925 4452 est
946 4408 1126 4453 autem
1160 4400 1224 4455 ad
1260 4416 1354 4455 eos
1373 4401 1597 4456 Eliacim
1623 4402 1762 4457 illius
1782 4400 1983 4459 Helciae
2000 4417 2148 4474 pra:-

554 4489 993 4560 positusdnmus,
1018 4501 1071 4546 et
1090 4491 1270 4547 Sobna
1295 4495 1498 4561 scriba,
1516 4503 1572 4549 et
1590 4493 1760 4549 Joahe
1782 4493 2146 4564 llliusAsaph,

554 4602 581 4640 a
606 4587 1035 4653 commentariis;
1057 4585 1381 4661 dixitquead
1406 4604 1501 4645 eos
1523 4587 1827 4646 Rabsaces:
1852 4586 1952 4658 Lor,
1965 4590 2149 4645 uintini

556 4678 790 4735 Ezechiaz
817 4696 837 4734 :
872 4678 995 4735 lltec
1031 4678 1163 4736 dixit
1194 4698 1286 4736 reo;
1311 4698 1546 4755 magnus.
1587 4698 1677 4736 retr.
1708 4682 2062 4755 Assyriorum,
2096 4692 2151 4740 et

550 4782 746 4830 caetera
761 4788 881 4843 qua:
905 4773 955 4828 in
976 4774 1198 4830 historia
1221 4777 1592 4833 continentur.
1620 4773 1675 4831 In
1703 4792 1809 4848 quo
1834 4776 2147 4848 arrogantia

554 4866 949 4922 consideranda
973 4866 1253 4938 Rabsacis,
1276 4870 1415 4940 quod
1437 4869 1581 4925 velut
1601 4869 1845 4941 qumdam
1873 4872 2145 4927 contraria

556 4959 841 5032 fortitudo,
876 4962 1119 5018 imitatur
1158 4964 1605 5022 consuetudinem
1634 4964 2056 5035 Prophetarum,
2094 4977 2151 5023 ut

554 5052 697 5125 quod
715 5055 793 5109 illi
811 5055 1058 5111 solcntin
1078 5057 1312 5130 prologis
1336 5073 1568 5131 ponere:
1588 5057 1718 5114 Ha’c
1732 5059 1854 5114 dicit
1873 5056 2146 5131 Dominus,

557 5162 664 5217 quo
677 5147 1050 5203 auctoritatem
1066 5160 1117 5204 et
1134 5129 1556 5217 tri:tgttitutlinettt
1576 5151 1846 5222 loquentis
1863 5129 2141 5222 ostendat,

560 5245 663 5299 iste
679 5259 819 5298 nunc
837 5242 889 5299 di
902 5241 1057 5300 xerit:
1072 5241 1119 5297 Η
1125 5260 1197 5298 a’c
1210 5244 1331 5298 dicit
1346 5262 1436 5299 rex
1446 5261 1785 5318 magnus,rex
1796 5245 2147 5317 Assyriorum.

559 5339 828 5411 Egressus
849 5352 932 5397 est
960 5352 1139 5396 autem
1166 5340 1231 5396 ad
1258 5355 1380 5396 eum
1402 5340 1632 5397 Eliacim
1655 5340 1796 5399 illius
1837 5342 2035 5398 Helcite
2058 5343 2154 5414 qui

555 5441 675 5488 erat
696 5433 1022 5504 prtepositus
1055 5433 1272 5495 domus,
1303 5443 1353 5485 et
1385 5434 1567 5490 Sobna
1590 5434 1792 5501 scriba,
1817 5442 1872 5489 et
1891 5433 2062 5490 Joahe
2089 5435 2150 5489 ti-

558 5526 667 5582 lius
689 5526 893 5597 Asaph,
942 5542 971 5583 a
1003 5528 1434 5584 commentariis.
1494 5527 1601 5585 Iste
1628 5536 1713 5585 est
1742 5528 1963 5585 Eliacim
2014 5528 2155 5585 illius

553 5620 780 5687 Hclcitn,
831 5623 901 5678 de
940 5640 1050 5695 quo
1101 5625 1151 5679 in
1185 5624 1408 5680 Visione
1450 5624 1608 5689 vallis
1656 5623 1789 5681 Sion
1834 5639 2000 5696 supra
2043 5626 2152 5696 (Ad

554 5732 674 5786 cap.
709 5732 843 5782 xm,
874 5717 1085 5789 20.2!)
1143 5720 1367 5790 legimus
1415 5736 1432 5775 :
1480 5717 1688 5773 Vucabo
1732 5734 1931 5774 servum
1981 5735 2155 5776 meum

565 5808 785 5867 Eiiacim
818 5810 987 5880 ﬁlium
1022 5810 1239 5883 Heli-ite,
1266 5822 1314 5870 et
1356 5813 1570 5870 induam
1592 5813 1743 5870 illum
1770 5817 1943 5871 tunica
1967 5826 2080 5884 tua,
2104 5824 2156 5873 et

569 5907 782 5983 cingulo
829 5914 917 5963 tuo
944 5907 1258 6004 .conj‘ortabo
1300 5925 1435 5981 eum,
1465 5920 1513 5967 et
1562 5919 1865 5989 potestatem
1892 5923 2034 5981 tuam
2058 5914 2155 5977 da-

2236 1972 2327 2019 est
2350 1962 2621 2029 superiori
2669 1957 2961 2033 ὃμὼνυμος.
3006 1957 3289 2012 Rabsacen
3338 1963 3541 2019 autem,
3570 1951 3650 2020 qui
3695 1947 3775 2004 lle-

2239 2057 2382 2112 brtca
2438 2054 2615 2124 lingua
2643 2053 2856 2108 locutus
2895 2052 2989 2118 sit,
3032 2049 3202 2104 ﬁlium
3240 2048 3391 2103 Isaize
3421 2044 3682 2114 Propheta!
3705 2039 3776 2096 itt-

2238 2152 2339 2207 dcei
2373 2158 2683 2213 autumant,
2713 2149 2804 2220 qui
2837 2156 2893 2201 et
2925 2147 3043 2218 ipse
3066 2144 3314 2215 proditor
3334 2143 3492 2198 fuerit
3514 2158 3526 2192 ε
3550 2140 3780 2201 relictum.

2243 2261 2348 2318 que
2379 2244 2549 2301 ﬁlium
2581 2241 2737 2297 Isaia:
2777 2240 3034 2303 alterum,
3082 2234 3348 2309 appellari
3397 2233 3576 2298 Jasub,
3619 2232 3697 2300 qui
3738 2229 3779 2283 ln

2239 2341 2420 2413 lingua
2450 2348 2634 2393 nostra
2664 2336 2901 2390 relictum
2931 2339 3109 2388 sonet.
3154 2331 3334 2386 Porro
3364 2328 3452 2384 alii
3498 2327 3782 2382 arbitrantur

2243 2451 2368 2493 eum
2398 2432 2570 2489 fuisse
2595 2428 2931 2495 Samariten,
2984 2435 3039 2483 et
3084 2423 3249 2499 555
3277 2422 3482 2480 idcirco
3509 2416 3780 2475 liehraicum

2242 2530 2419 2586 scisse
2468 2538 2808 2587 sermonem,
2841 2530 2893 2576 et
2927 2529 3035 2574 tam
3067 2519 3331 2573 audacter
3374 2521 3432 2569 et
3462 2510 3617 2578 impie
3642 2504 3784 2563 Domi-

2245 2636 2372 2676 num
2399 2615 2809 2687 blaSphemare.
2861 2609 3289 2667 Consideremus
3340 2619 3469 2676 ergo
3489 2601 3639 2659 verba
3674 2596 3787 2653 [lab-

2244 2716 2420 2781 sacis;
2456 2727 2521 2767 ac
2549 2710 2781 2781 prinnuu
2828 2707 2972 2778 quod
2999 2705 3130 2761 dicit
3163 2723 3174 2758 :
3210 2700 3447 2774 Conﬁdis
3485 2712 3627 2770 super
3663 2693 3787 2748 buett-

2244 2810 2356 2865 tum
2383 2807 2724 2864 arttndineum
2751 2803 3073 2876 confractum
3115 2800 3293 2863 istum,
3339 2809 3493 2868 super
3518 2790 3789 2871 Egyptian,

2249 2904 2442 2960 falsum
2494 2898 2786 2957 estznulla
2818 2896 2965 2951 enim
3016 2901 3200 2947 narrat
3254 2887 3480 2945 historia
3527 2882 3658 2955 quod
3679 2879 3789 2935 Exeo

2247 2998 2401 3055 chias
2430 2994 2495 3051 ad
2530 2991 2817 3066 [Egyptios
2867 2987 3101 3048 miserit.
3156 2994 3211 3042 et
3257 2981 3555 3040 Pharaonis
3578 2973 3788 3066 auxiliata

2250 3088 2562 3163 postularit.
2607 3062 2870 3154 Quodque
2897 3078 3101 3138 infert:
3130 3077 3191 3135 Si
3238 3073 3562 3151 responderis
3594 3062 3790 3163 iniiinii!

2256 3160 2478 3240 Domino
2506 3179 2618 3235 Deo
2643 3187 2820 3233 nostro
2843 3172 3180 3243 conﬁdimus,
3221 3185 3411 3225 verum
3451 3175 3551 3223 est.
3579 3160 3677 3221 Sed
3699 3170 3793 3214 ηπ-

2252 3293 2372 3333 sum
2417 3273 2599 3344 jungit
2649 3268 2992 3325 mendacium
3040 3262 3306 3331 veritati,
3350 3259 3494 3332 quod
3555 3247 3795 3311 abstulerit

2250 3366 2518 3425 Ezechias
2565 3361 2784 3420 excelsa
2833 3360 2980 3415 illius
3030 3367 3084 3413 et
3136 3356 3351 3411 altaria.
3400 3353 3514 3410 Hoc
3544 3348 3678 3405 enim
3711 3355 3793 3398 non

2250 3470 2441 3517 contra
2477 3459 2670 3524 Deum,
2701 3453 2796 3510 sed
2831 3467 2931 3523 pro
2957 3451 3071 3507 Deo
3101 3447 3337 3514 fecerat;
3369 3455 3428 3502 ut
3465 3438 3737 3501 idololatria
3754 3439 3797 3491 et

2252 3552 2426 3611 veteri
2467 3566 2659 3608 errore
2711 3548 3011 3608 destructo,
3067 3544 3288 3615 jttheret
3340 3543 3508 3599 Deum
3536 3533 3725 3593 adorari
3748 3530 3787 3586 in

2254 3646 2579 3704 Jerusalem.
2633 3640 2725 3699 ubi
2757 3649 2875 3696 erat
2921 3637 3209 3707 Templum
3234 3637 3358 3706 ejus
3382 3656 3392 3690 :
3419 3640 3717 3704 quamquam
3735 3625 3797 3678 le-

2250 3756 2442 3812 gamus
2473 3737 2707 3808 pessima
2743 3730 3167 3799 consuetudine,
3202 3728 3256 3785 in
3284 3727 3556 3784 montibus
3585 3718 3798 3777 collibus-

2251 3850 2357 3906 que
2409 3839 2686 3887 exstructo
2721 3827 2833 3900 jam
2867 3824 3048 3891 altari,
3102 3822 3366 3894 populum
3428 3820 3538 3877 Deo
3588 3812 3800 3871 victimas

2254 3904 2588 3984 immolasse.
2614 3916 2892 3992 Quodque‘
2908 3918 3236 3989 paucitatem
3268 3916 3615 3971 obsessnrum
3647 3904 3798 3959 volet“

2253 4020 2572 4084 ostendere,
2606 4029 2870 4084 equorum
2925 4012 3034 4066 duo
3063 4008 3236 4067 millia
3271 4008 3582 4076 pollicetur,
3612 4006 3799 4073 quorum

2253 4112 2517 4171 Ezechias
2564 4120 2892 4165 ascensores
2944 4103 3188 4171 praebere
3213 4115 3322 4155 non
3376 4099 3578 4170 possit.
3617 4106 3710 4147 non
3750 4085 3802 4140 de

2254 4203 2626 4263 imbecillitate
2658 4199 2808 4256 venit
2857 4196 3040 4268 populi
3066 4195 3383 4252 Iudaeorum
3433 4192 3523 4264 qui
3569 4175 3801 4255 equitandi

2252 4301 2472 4359 carebat
2492 4300 2718 4355 scientia
2746 4315 2759 4351 :
2787 4293 2883 4351 sed
2908 4292 3294 4349 observatione
3322 4286 3687 4344 mandatorum
3708 4272 3800 4337 Del.

2252 4400 2340 4467 qtli
2394 4409 2492 4465 per
2558 4391 2779 4463 Moysen
2836 4402 3001 4456 super
3044 4400 3173 4455 rege
3242 4388 3582 4453 praeceperat
3622 4367 3795 4431 Israel:

2255 4488 2378 4545 Non
2451 4482 2814 4556 multiplicabit
2841 4479 2952 4555 [λι.
2986 4474 3387 4556 multiplicaret]
3428 4473 3527 4530 sibi
3568 4482 3707 4539 equos
3734 4468 3801 4556 :tl

2255 4599 2439 4639 umores
2465 4551 2716 4655 plurimas
2738 4551 3075 4632 non‘ltabebit
3097 4570 3279 4644 (Dent.
3310 4551 3457 4637 ait",
3490 4566 3579 4633 16,
3608 4559 3709 4633 i7).
3730 4555 3804 4614 Sil!

2256 4686 2437 4733 autem
2488 4688 2597 4737 me,
2641 4666 2843 4741 inquit,
2877 4681 3093 4723 servum
3141 4661 3542 4728 Sennaclterib,
3588 4655 3672 4728 qui
3712 4659 3805 4703 sum

2258 4772 2518 4828 minimus
2549 4765 2878 4822 famulorum
2911 4761 3051 4831 ejus,
3078 4776 3187 4818 non
3215 4758 3371 4814 vales
3392 4755 3671 4811 sustinere.
3696 4753 3805 4816 quo-

2258 4863 2421 4921 modo
2436 4869 2640 4917 tantam
2665 4859 2808 4930 regis
2830 4855 3124 4925 potentiam
3139 4850 3480 4908 sustinebis?
3505 4846 3582 4903 Ad
3598 4843 3643 4899 id
3662 4845 3804 4930 autem

2254 4956 2397 5029 quod
2434 4954 2649 5010 dixerat
2686 4970 2698 5007 :
2732 4928 2813 5008 'Si
2841 4948 3172 5022 responderis
3200 4943 3330 5000 mihi
3376 4944 3432 4999 in
3475 4938 3685 4997 Domine
3725 4928 3808 4986 Deo

2255 5050 2585 5121 conﬁdimus,
2615 5043 2812 5101 callide
2858 5041 3263 5110 prudenterque
3311 5033 3615 5106 respondit,
3650 5040 3706 5083 se
3724 5034 3807 5121 non

2258 5118 2362 5199 sua
2382 5135 2785 5203 voluntate,sed
2802 5134 3017 5190 Domini
3031 5133 3247 5188 venisse
3265 5127 3573 5201 prmceptis.
3597 5118 3809 5178 Domit!“

2255 5236 2387 5291 dicit
2399 5233 2468 5288 ad
2482 5228 2815 5287 me:Ascende
2835 5243 2987 5301 super
3007 5235 3198 5282 terram
3217 5223 3320 5279 ista
3328 5230 3455 5287 m,et
3470 5214 3693 5292 disperde
3704 5220 3808 5266 eant.

2261 5328 2323 5385 Et
2355 5337 2439 5385 est
2461 5331 2837 5398 argumentum
2865 5338 2878 5376 :
2903 5329 3056 5377 certe
3078 5319 3198 5373 sine
3216 5315 3432 5373 Domini
3450 5314 3714 5369 voluntate
3730 5302 3811 5398 huc

2259 5420 2445 5476 venire
2466 5393 2572 5473 non
2597 5425 2867 5488 poteram.
2907 5409 3042 5468 Cum
3065 5421 3246 5465 autem
3274 5405 3517 5463 venerim
3549 5409 3603 5457 et
3646 5393 3814 5453 multas

2261 5512 2496 5584 ceperim
2523 5509 2795 5573 civitates,
2824 5513 2881 5563 et
2902 5519 3030 5575 pars
3059 5502 3362 5559 Jerusalem
3408 5501 3622 5555 maneat
3670 5490 3813 5584 ictae:

2263 5619 2338 5676 ta,
2369 5604 2719 5662 manifestum
2747 5608 2835 5658 est
2855 5615 2942 5656 me
2983 5598 3104 5671 ejus
3128 5596 3413 5654 voluntate
3444 5591 3674 5648 venisse.
3712 5573 3815 5676 [trgi

2261 5673 2625 5772 inicujusdam
2653 5693 3062 5753 Commentario
3089 5691 3345 5748 eumdem
3393 5701 3517 5745 esse
3539 5673 3815 5741 Scnnache-

2259 5795 2452 5867 ribqui
2479 5802 2537 5849 et
2564 5791 2865 5848 Samariam
2892 5788 3126 5860 ceperit,
3177 5785 3324 5856 quod
3371 5781 3603 5841 omnino
3650 5771 3816 5829 falsum

2256 5903 2362 5952 est.
2392 5891 2557 5951 Sacra
2584 5889 2729 5949 cnim
2763 5896 2948 5947 narrat
2980 5883 3217 5949 Historia
3242 5883 3479 5965 primum
3503 5872 3639 5933 Phul
3663 5871 3823 5942 regem
