4004 6916
252 346 345 407 531

717 343 1367 404 COMMENTARIORUM
1413 344 1475 400 IN
1518 342 1752 405 ISAIAH
1793 340 2221 409 PROI‘IIETAH
2260 343 2392 407 LIB.
2439 343 2528 400 XI.
2569 342 2725 401 CAP.
2766 341 3033 415 XXXVII.

3444 345 3553 409 ὅθί

254 463 623 536 As~yriornm,
672 463 776 522 sub
794 464 1057 521 Manabeu
1083 480 1209 535 rege
1238 463 1441 531 Israel,
1474 472 1716 523 vastasse
1742 461 1837 518 de-
1870 466 1916 527 Λ
1949 460 2195 533 piendos.
2217 461 3396 537 Simulqueillecebramjnngitformidinimt
3417 478 3557 535 quos

252 571 368 612 cent
403 555 595 613 tribus.
628 554 938 613 Secundum
968 556 1495 628 'l‘ltegtatliplialasar
1516 556 1618 612 sub
1639 554 1850 612 Pliacee

253 649 366 713 ﬁlio
383 649 645 707 Romelize
669 651 836 709 Israel
858 653 1073 709 venisse
1104 651 1426 710 Samariam.
1449 651 1691 709 Tertium
1728 650 1849 707 Sal-

252 757 506 801 manasar
527 743 630 801 sub
645 743 783 801 Osee
801 761 929 817 rege
944 745 1110 802 Israel
1125 754 1291 801 totam
1306 745 1519 815 cepisse
1542 744 1846 801 Samariam

254 835 358 908 (IV
380 834 611 908 ἔζεσαν,
638 853 747 895 xvn
772 835 813 909 ).
843 839 1103 908 Quartum
1129 838 1300 895 luisse
1322 849 1348 878 ³
1379 820 1613 908 Sargoti,
1638 838 1729 909 qui
1754 853 1848 893 ex-

247 932 513 1002 puanavit
526 930 757 989 Azotuni
772 930 910 987 llsa.
927 931 1043 1004 xx).
1059 930 1227 1005 ‘56
1248 932 1507 1001 Quintum
1526 930 1845 991 Asaraddon

245 1026 622 1097 quitranslato
651 1024 820 1083 Israel
842 1067 857 1090 ,
883 1025 1261 1083 Samaritanus
1290 1028 1343 1081 in
1375 1036 1575 1096 terram
1602 1024 1845 1081 Inda-am

243 1120 504 1179 custodes
538 1119 747 1177 miserit
774 1118 866 1191 (IV
885 1118 1176 1191 Regmvu).
1203 1119 1432 1176 Sestum
1472 1117 1847 1175 Senoacberib

242 1217 337 1289 qui
360 1218 462 1273 sub
476 1215 702 1274 Ezechis
721 1215 1201 1288 regeludaemapta
1223 1215 1418 1272 Lrtchis
1431 1227 1485 1270 et
1512 1214 1725 1270 cmteris
1751 1213 1846 1271 Ju-

241 1309 376 1365 (ιω
402 1308 646 1376 urbibus,
668 1306 942 1365 obsederit
959 1307 1265 1365 Jerusalem
1291 1306 1712 1380 (lVReg.xvtu).
1741 1306 1847 1363 Alii

238 1409 431 1467 autem,
463 1415 631 1457 unum
652 1409 815 1472 atque
834 1400 1086 1457 eumdem
1115 1401 1298 1457 multis
1322 1410 1513 1472 putant
1533 1399 1844 1459 nominibus

239 1492 529 1563 appellari.

318 1585 503 1658 (Vers.
533 1586 797 1659 liseqq.)
822 1586 889 1642 Et
917 1587 1051 1643 dixit
1074 1584 1304 1643 Eliacim
1320 1596 1369 1642 et
1398 1586 1573 1644 Sobna
1601 1596 1649 1640 et
1674 1585 1845 1643 Joahe

238 1678 307 1733 ad
340 1677 605 1737 Rabsacen
625 1695 644 1734 :
677 1677 909 1750 Loquere
930 1679 999 1735 ad
1021 1695 1194 1735 seruos
1229 1689 1344 1735 tuos
1372 1680 1513 1751 Syra
1541 1680 1743 1751 lingua,
1767 1681 1847 1735 in-

238 1771 528 1846 telligimus
557 1773 692 1829 enim
715 1775 824 1846 :Ins
842 1775 1073 1846 loquaris
1094 1774 1163 1830 ad
1186 1790 1280 1831 nos
1307 1772 1529 1831 Iudaica
1552 1776 1607 1829 in
1632 1775 1846 1831 auribus

236 1867 427 1939 pepuli
457 1867 547 1934 qui
574 1878 651 1922 est
678 1883 836 1939 super
866 1884 1094 1925 murum.
1124 1866 1335 1923 Etdimit
1364 1869 1431 1921 ad
1452 1884 1536 1923 eos
1566 1867 1845 1924 Rubsaces:

238 1958 523 2027 Numquid
543 1959 613 2014 ad
639 1958 924 2016 Dominum
957 1970 1127 2028 tuum,
1146 1970 1193 2017 tt
1223 1961 1291 2015 ad
1317 1971 1364 2015 te
1384 1961 1526 2016 misit
1556 1978 1633 2015 me
1663 1961 1846 2016 Domi-
1874 1953 1925 2017 Β

236 2067 339 2106 mss
364 2068 528 2121 ineas,
557 2062 613 2106 ut
653 2052 888 2124 loquerer
914 2054 1092 2110 omnia
1112 2053 1263 2109 verba
1302 2054 1421 2122 ista,
1447 2066 1492 2107 et
1520 2070 1624 2108 non
1676 2054 1848 2123 potius

233 2144 307 2198 ad
323 2145 465 2199 uiros
481 2144 569 2216 qui
598 2145 774 2200 sedent
796 2146 850 2202 in
872 2162 1024 2201 muro
1048 2163 1067 2202 :
1094 2157 1145 2201 ut
1176 2147 1449 2203 comedunt
1470 2157 1703 2202 stercora
1728 2163 1845 2213 sua,

235 2247 283 2294 et
312 2237 494 2295 bibant
531 2239 741 2296 urinam
786 2240 975 2314 pedum
1026 2258 1240 2296 suorum
1279 2230 1583 2298 uobiscum?
1607 2239 1675 2295 Et
1707 2242 1848 2296 stetit

234 2333 523 2399 Ilabsaces,
567 2344 614 2390 et
650 2335 889 2391 clamavit
940 2351 1061 2391 voce
1097 2352 1287 2409 magna
1313 2334 1568 2401 Judaice,
1598 2345 1647 2390 et
1672 2334 1847 2391 dixit:

233 2428 434 2483 Audite
456 2427 608 2483 verba
633 2429 769 2502 regis
800 2430 996 2501 magni.
1029 2430 1167 2500 regis
1196 2430 1544 2501 Assyriorum.
1590 2427 1721 2485 Haec
1766 2428 1847 2482 αἱ.

232 2522 304 2576 cit
323 2537 421 2577 rex
452 2538 472 2576 :
495 2520 618 2577 Non
637 2524 847 2578 seducet
872 2540 960 2579 vos
979 2521 1252 2590 Ezechias,
1280 2525 1402 2595 quia
1423 2541 1527 2578 non
1556 2524 1738 2593 poterit
1760 2539 1847 2577 vos

232 2631 439 2677 eruere,
470 2625 515 2669 ct
560 2632 664 2671 non
712 2616 852 2672 vobis
892 2616 1085 2675 tribuat
1114 2618 1361 2688 ﬁduciam
1397 2616 1654 2672 Ezechias
1691 2634 1848 2683 super

232 2706 493 2776 Domino,
523 2710 702 2767 dicens
727 2725 746 2765 .'
770 2708 977 2768 Eruens
1020 2709 1255 2767 liberabit
1302 2727 1397 2766 nos
1427 2708 1701 2777 Dominus,
1742 2726 1846 2766 non

232 2802 451 2857 dabitur
478 2803 657 2858 civitas
683 2803 787 2859 ista.
814 2803 872 2857 in
917 2819 1076 2859 manu
1115 2804 1251 2877 regis
1279 2801 1634 2874 Assyriorum.
1666 2801 1847 2856 Nolite

232 2896 426 2953 audire
470 2894 775 2953 Ezechiam.
827 2894 959 2951 Haec
1008 2897 1145 2953 enim
1196 2897 1318 2951 dicit
1358 2913 1449 2951 rex
1483 2895 1840 2967 Assyriorum.

232 2989 539 3047 Accusatio
569 2989 850 3054 Rabsacis,
873 2988 1119 3044 Ezechim
1148 2987 1518 3043 testimonium
1548 2998 1631 3044 est
1658 3007 1669 3043 :
1698 2989 1843 3059 quod

231 3084 414 3153 captis
439 3083 661 3139 eunetis
708 3080 914 3138 Iudam
964 3083 1195 3137 urbibus
1240 3083 1481 3138 conlisus
1531 3084 1581 3137 in
1616 3083 1844 3139 Domino

232 3177 327 3242 sit,
358 3175 669 3248 dixeritque
715 3175 782 3230 ad
831 3177 1087 3248 p0pnlum
1114 3194 1127 3233 :
1153 3175 1333 3232 Nolite
1368 3177 1583 3245 limere,
1618 3194 1720 3233 nec
1754 3194 1842 3248 pa-

232 3269 418 3324 rcatis
445 3283 634 3339 regem
665 3266 1038 3341 Assyriorum,
1073 3280 1127 3325 et
1173 3271 1480 3325 universam
1536 3271 1845 3326 multitudi-

232 3379 366 3418 nem
393 3377 517 3435 qua:
549 3372 631 3417 est
654 3377 776 3417 cum
807 3377 873 3419 eo
907 3379 923 3421 :
960 3363 1129 3417 multo
1160 3364 1307 3417 enim
1342 3363 1527 3432 plures
1557 3365 1840 3422 uobiscum
1870 3347 1917 3413 C
1946 3351 2169 3435 mam?”
2195 3331 2264 3387 de
2291 3349 2516 3435 m“"“_’”

232 3464 552 3525 suntquam
583 3471 702 3510 cum
723 3455 837 3511 illo.
864 3455 995 3512 Cum
1028 3457 1121 3511 illo
1147 3467 1231 3513 est
1252 3456 1532 3513 brachium
1555 3473 1840 3528 carnennt;

237 3546 534 3603 nobiscum
569 3553 654 3601 est
690 3545 948 3603 Dominus
980 3546 1127 3603 Deus
1155 3557 1361 3612 noster,
1411 3550 1501 3619 qui
1550 3551 1844 3606 auxiliator

231 3650 314 3695 est
359 3649 579 3705 noster,
638 3648 950 3710 pugnatque
996 3655 1095 3707 pro
1152 3639 1332 3695 nobis.
1389 3640 1455 3696 Et
1501 3640 1844 3698 confortatus

228 3744 340 3799 est,
394 3731 595 3800 inquit,
652 3732 884 3803 pupulus
936 3731 1315 3803 hujuscemodi
1367 3735 1545 3790 verbis
1601 3737 1844 3793 Ezecliiie

230 3829 384 3899 regis
410 3825 586 3883 Iudae.
621 3825 779 3885 Unde
809 3825 1082 3882 Rabsaces
1105 3825 1393 3882 destruere
1424 3829 1555 3883 vult.
1583 3829 1725 3898 (μιυά
1754 3830 1844 3885 ille

229 3929 669 3985 construxerat;
700 3929 754 3974 ct
781 3919 1022 3991 loquitur
1048 3919 1114 3975 ad
1142 3920 1435 3991 populum,
1470 3920 1590 3976 Non
1635 3913 1844 3976 seduca‘

232 4028 321 4067 ros
351 4008 615 4067 Ezechias
647 4027 666 4066 :
692 4019 746 4067 et
791 4026 898 4066 non
940 4010 1094 4066 vobis
1148 4011 1349 4067 tribuat
1401 4012 1652 4068 liduciam
1683 4028 1845 4084 super

232 4104 487 4161 Domino
531 4102 667 4159 Deo.
700 4102 855 4171 Quod
902 4114 1088 4160 autem
1149 4104 1371 4159 Elim-itu
1423 4114 1477 4159 et
1529 4106 1733 4174 Soltna,
1793 4115 1847 4161 et

224 4194 410 4250 Joabe
441 4194 721 4249 humiliter
745 4194 1149 4265 deprecantur:
1179 4196 1406 4268 Loquere
1432 4199 1499 4252 ad
1529 4214 1699 4253 servos
1729 4206 1845 4253 tuos

230 4289 381 4361 Syra
406 4287 953 4363 lingua,inlelligimus
968 4289 1180 4357 enim;et
1194 4304 1297 4345 non
1311 4288 1542 4361 loquaris
1554 4290 1622 4344 ad
1636 4306 1730 4343 nos
1744 4288 1775 4347 J
1788 4308 1847 4343 u-

228 4384 392 4438 daice
422 4384 477 4438 in
497 4381 711 4437 auribus
725 4384 908 4455 populi
932 4385 1022 4453 qui
1034 4394 1109 4439 est
1127 4401 1290 4456 super
1303 4401 1530 4449 murum,
1558 4386 1704 4441 hunc
1718 4402 1846 4442 scn-

224 4491 357 4531 sum
377 4473 711 4543 liabet:Quid
732 4489 959 4534 necesse
976 4485 1063 4533 est
1087 4477 1344 4547 populum
1371 4475 1522 4532 falsis
1538 4478 1847 4533 terroribus

227 4567 610 4636 commoveri,
634 4578 688 4626 et
720 4585 914 4626 ranam
925 4570 1134 4642 jactare
1161 4569 1457 4625 virtutem?
1488 4572 1715 4642 loquere
1742 4570 1846 4625 Iin-

226 4678 405 4734 guarn
440 4678 603 4733 quam
637 4661 868 4734 populus
899 4678 1006 4719 non
1038 4661 1312 4731 intelligit.
1368 4661 1426 4718 Si
1472 4662 1694 4733 quidem
1749 4676 1848 4721 nos

228 4755 516 4813 habemus
571 4755 769 4828 linguis
811 4766 915 4814 tute
963 4755 1293 4827 scientiam:
1325 4756 1683 4826 novimusque
1725 4771 1837 4811 ser.
1868 4751 1922 4812 D
1948 4761 1982 4816 Ρ

228 4863 469 4905 mortem
496 4846 727 4921 Syrum,
768 4847 860 4920 qui
889 4848 1134 4919 utrisque
1181 4846 1343 4922 457
1380 4849 1683 4905 communis
1731 4861 1837 4906 est.

226 4941 315 4999 Ad
342 4938 500 5015 quod
530 4940 804 4998 Rabsaces
830 4951 1186 5012 arroganter:
1216 4942 1378 5007 Num,
1412 4942 1517 5007 ait,
1567 4943 1635 4996 ad
1666 4942 1842 4997 Domi-

228 5057 366 5096 num
396 5049 566 5103 tuum,
596 5040 645 5094 et
687 5039 756 5093 ad
800 5047 850 5093 te
887 5037 1025 5093 misit
1052 5054 1132 5092 me
1177 5034 1430 5092 Dominus
1459 5055 1623 5104 meus,
1656 5047 1702 5093 et
1746 5054 1851 5094 non

229 5134 425 5207 potius
444 5131 516 5185 ad
540 5131 679 5188 viros
702 5130 793 5202 qui
818 5128 999 5187 sedent
1040 5131 1095 5185 in
1128 5133 1313 5186 muro?
1360 5129 1707 5203 Rursumque
1754 5146 1851 5188 au-

228 5240 384 5298 gens
407 5224 835 5281 comminatione
867 5233 1158 5288 terrorem,
1214 5231 1271 5277 ut
1301 5223 1593 5288 comedunt,
1653 5224 1849 5296 inquit,

229 5330 484 5376 stercora
499 5334 615 5384 sua,
633 5328 679 5375 et
694 5317 871 5374 bibant
885 5319 1093 5372 urinam
1122 5316 1308 5389 pedum
1322 5333 1535 5372 suorum
1560 5317 1819 5373 vobiscum
1834 5320 1860 5375 ?

231 5411 1344 5487 perquteostenditfameeosetpenuria,
1377 5412 1577 5482 sitique
1605 5428 1727 5470 esse
1764 5428 1857 5470 ca-

310 5562 342 5593 ι
367 5551 557 5610 Nostri
590 5565 721 5606 mss.
757 5549 958 5619 Sergon
984 5557 1041 5605 et
1072 5546 1623 5619 Esereddonilegunt.

307 5626 343 5666 δ
371 5625 535 5680 Prior
559 5625 662 5679 iste
689 5618 1016 5684 versiculus,
1056 5624 1148 5691 qui
1171 5620 1324 5690 juxta
1360 5618 1598 5691 Vulgata:
1627 5619 1850 5675 divisio.-

232 5713 372 5756 ncm
421 5696 637 5775 capitis_
666 5710 825 5775 nam
850 5737 864 5761 ,
901 5690 1213 5775 postremus
1248 5697 1381 5775 .est,
1417 5692 1484 5772 ab
1517 5690 1848 5775 Hieronymo

230 5782 468 5833 autem,
492 5760 639 5838 quod
671 5766 744 5821 illi
800 5760 1002 5834 passim
1035 5760 1287 5819 usuvenlt
1317 5761 1465 5838 Aliu‘ic
1510 5763 1691 5838 capiti
1721 5760 1850 5838 jun-

234 5845 401 5916 gitur
423 5881 438 5903 ,
465 5834 621 5895 antea
646 5852 714 5916 eo
738 5838 954 5908 quidem
985 5838 1110 5916 loco
1142 5834 1460 5916 superioris
1478 5835 1693 5904 capituli
1732 5835 1851 5890 lau-

239 5904 494 5991 dabatur
512 5925 578 5966 ex
608 5904 771 5981 vulgo
796 5919 1019 5988 recepta
1046 5907 1334 5975 divisione,
1368 5904 1463 5965 sed
1487 5915 1678 5965 contra
1710 5922 1845 5970 mss.

1955 563 2169 611 terrore
2196 570 2303 615 non
2320 558 2544 622 vicerat,
2570 555 3084 625 repromissiooibus
3111 566 3167 615 et
3200 557 3557 626 perauaslone
3582 614 3593 621 ,

1950 649 2209 719 decipiat,
2233 648 2424 707 dicens
2449 664 2516 707 ex
2555 664 2811 707 sermone
2860 650 3004 722 regis
3035 649 3408 723 Assyriorum,

2021 773 2202 848 (Vers.
2234 774 2451 846 16-18.)
2474 772 2659 829 Facite
2674 791 2866 829 mecum
2884 774 3320 842 benedictionem,
3341 782 3387 830 et
3409 790 3563 849 egre-

1948 868 2130 923 dimini
2157 869 2224 922 ad
2252 884 2359 930 me,
2388 878 2438 924 et
2471 868 2724 923 comedite
2749 870 3101 941 unusquisque
3127 870 3331 924 vineam
3362 886 3513 924 suam
3541 911 3559 937 ,
3590 890 3595 899 ο

1948 969 1996 1015 et
2050 961 2405 1033 unusquisque
2458 962 2615 1031 ﬁcum
2664 979 2815 1016 suam
2846 1004 2859 1026 ,
2908 971 2955 1017 et
3004 962 3156 1017 bibite
3204 963 3597 1034 unusquisque-

1947 1071 2135 1126 aquam
2166 1055 2400 1110 cisterna:
2416 1071 2526 1111 sure
2559 1072 2578 1110 :
2604 1055 2767 1110 donec
2793 1057 3009 1129 veniam:
3027 1099 3040 1121 ,
3070 1065 3120 1111 et
3160 1054 3343 1111 tollam
3373 1073 3459 1111 vos
3486 1055 3556 1111 ad

1948 1159 2133 1203 terram
2152 1165 2304 1219 ,-quae
2344 1160 2414 1204 est
2447 1149 2630 1204 similis
2661 1160 2813 1205 terra:
2840 1162 3058 1206 vestrm:
3089 1161 3280 1205 terram
3305 1148 3593 1223 frumenth

1946 1250 1994 1294 et
2024 1240 2129 1294 vini
2153 1281 2167 1306 ,
2201 1250 2392 1295 terram
2424 1234 2619 1311 panum
2649 1253 2695 1295 et
2722 1242 3009 1296 vinearum.
3064 1240 3149 1297 Ne
3174 1241 3444 1296 conturbet
3468 1256 3557 1297 ros
3586 1266 3594 1277 ε

1946 1334 2232 1402 Ezechias,
2282 1337 2458 1391 dicens
2503 1354 2522 1391 :
2558 1336 2813 1392 Dominus
2855 1336 3094 1393 liberabit
3123 1355 3236 1393 nos.
3284 1337 3558 1410 Numquid

1947 1429 2292 1485 liberaverunt
2320 1432 2393 1485 dii
2421 1431 2656 1504 gentium
2700 1434 3056 1504 unusquisque
3079 1442 3273 1488 terram
3317 1449 3467 1489 suam
3494 1433 3587 1489 de

1947 1540 2106 1578 manu
2131 1526 2264 1597 regis
2293 1526 2671 1597 Assyriorum?
2702 1526 2809 1582 Pro
2830 1541 2938 1596 quo
2968 1528 3020 1581 in
3048 1526 3256 1597 Regum
3279 1526 3561 1583 volumine

1949 1618 2146 1687 legitur
2177 1636 2189 1672 :
2228 1615 2410 1674 Facite
2438 1635 2638 1674 mecum
2686 1620 2827 1692 quod
2854 1628 2931 1674 est
2951 1621 3112 1689 utile,
3158 1630 3207 1676 et
3254 1622 3561 1696 egredimini

1948 1710 2017 1763 ad
2043 1727 2121 1764 me
2153 1709 2246 1782 (IV
2280 1710 2408 1784 Reg.
2434 1727 2587 1780 xrm,
2616 1711 2730 1783 5t).
2766 1711 2913 1784 Ergo
2935 1728 3132 1769 εγω-ωε
3154 1714 3298 1770 idem
3328 1723 3432 1770 est.
3458 1714 3562 1771 Fa-

1948 1804 2054 1860 cite
2071 1849 2084 1870 ,
2121 1806 2329 1877 inquit,
2355 1807 2499 1876 quod
2527 1806 2686 1862 Vobis
2706 1808 2920 1879 prosit,
2952 1814 3009 1863 et
3035 1808 3089 1863 in
3113 1799 3556 1864 benedictionem

1951 1909 2186 1956 vestram
2238 1900 2504 1971 proﬁciat.
2535 1899 2664 1956 Sive
2696 1902 2799 1956 hoc
2847 1900 2985 1956 dicit
3026 1919 3040 1957 :
3095 1901 3409 1958 llenedicite
3443 1903 3557 1973 regi

1954 1996 2214 2068 Assyrio,
2245 2004 2301 2050 et
2331 1993 2551 2050 laudate
2578 2011 2705 2051 eum
2729 2037 2742 2061 ,
2772 2005 2825 2051 et
2856 1995 3147 2051 Dominum
3180 1995 3549 2063 confitemini,

1954 2100 2010 2142 ut
2057 2089 2275 2158 prauuia
2340 2086 2792 2157 consequamini,
2843 2094 2900 2143 et
2951 2086 3129 2144 donec
3181 2096 3431 2143 revertar
3489 2087 3561 2144 de

1952 2179 2228 2251 Egypto,
2270 2178 2386 2236 sive
2433 2191 2594 2252 capta
2629 2181 2814 2237 Lobna
2841 2222 2856 2246 ,
2900 2181 3161 2249 redeam,
3206 2180 3454 2238 habitate
3502 2181 3557 2237 in

1950 2275 2086 2329 urbe
2114 2283 2330 2339 vestra;
2376 2282 2430 2328 et
2480 2274 2644 2329 rebus
2676 2273 2877 2330 vestris
2908 2273 3175 2330 l‘rdimint.
3232 2272 3427 2331 Postea
3461 2288 3558 2330 au-

1951 2375 2060 2423 tem
2095 2367 2307 2422 veniam
2336 2409 2351 2434 ,
2377 2376 2432 2423 et
2462 2368 2794 2424 transferam
2826 2380 2927 2423 vos
2951 2370 3003 2423 in
3030 2379 3230 2424 terram
3262 2384 3385 2438 quae
3414 2368 3562 2423 simi-

1950 2461 2016 2517 lis
2046 2470 2127 2516 est
2162 2471 2325 2517 terra:
2357 2470 2577 2525 vestras,
2609 2460 2892 2525 frumenti,
2921 2462 3033 2515 vini
3061 2470 3117 2516 et
3146 2461 3418 2516 olearum.
3449 2459 3561 2516 Nec

1949 2554 2080 2609 dicit
2108 2568 2307 2608 nomen
2332 2552 2568 2624 regionis
2593 2593 2609 2620 ,
2632 2554 2759 2623 quia
2782 2553 3048 2623 aequalem
3073 2564 3233 2607 terrae
3257 2550 3559 2622 repromis-

1947 2649 2120 2703 sionis
2145 2648 2391 2703 invenire
2423 2662 2533 2702 non
2565 2655 2780 2718 poterat
2816 2664 2829 2699 :
2856 2647 2954 2701 sed
2982 2644 3405 2701 similitudinem
3441 2644 3563 2715 pol-

1946 2744 2162 2798 licetur.
2209 2741 2323 2797 Hoc
2368 2744 2512 2797 enim
2565 2740 2937 2812 imusqnisque
2976 2739 3296 2805 desiderat,
3351 2741 3405 2794 in
3444 2751 3557 2809 quo

1948 2848 2107 2893 natos
2138 2847 2240 2893 est.
2275 2835 2506 2906 Quidam
2542 2844 2734 2906 putant
2766 2842 2970 2889 terram
3003 2834 3086 2888 eis
3134 2832 3331 2888 Mediae
3361 2846 3556 2903 repro-

1950 2931 2132 2996 mitti,
2182 2946 2302 3001 qua:
2354 2928 2586 2984 habebat
2638 2939 2799 2983 terra:
2844 2925 3048 2982 Iudaea
3095 2923 3554 2992 similitudinem,

1948 3032 2054 3078 tam
2082 3024 2135 3078 in
2165 3024 2272 3078 situ
2302 3038 2461 3093 quam
2492 3022 2543 3075 in
2569 3020 2830 3091 frugibus.
2863 3018 3133 3090 Quodque
3166 3017 3353 3073 infert.

2020 3147 2201 3217 (Vers.
2226 3147 2293 3203 i9
2317 3145 2506 3217 seqq.)
2540 3144 2636 3199 Ubi
2668 3154 2743 3200 est
2781 3142 2920 3199 Deus
2950 3140 3178 3200 Hemath
3214 3148 3261 3196 et
3296 3136 3559 3210 Arphad?

1946 3243 2033 3297 ubi
2064 3252 2136 3295 est
2168 3240 2306 3296 Deus
2334 3238 2718 3311 Sepharvaim?
2750 3236 3023 3310 Numquid
3059 3236 3407 3291 liberaverunt
3452 3229 3557 3287 Su-

2522 3332 2619 3386 ea‘?
2642 3331 2771 3399 Quis
2800 3339 2872 3385 est
2902 3346 2969 3384 ea:
2998 3328 3234 3382 omnibus
3259 3326 3360 3380 diis
3384 3335 3553 3379 terra-

1947 3448 2062 3485 rum
2090 3432 2337 3494 istarum,
2367 3429 2455 3500 qui
2495 3427 2684 3481 eruerit
2712 3437 2898 3483 terram
2928 3440 3078 3478 suam
3131 3422 3194 3476 de
3223 3437 3381 3475 manu
3406 3433 3555 3484 mea,

1947 3535 2002 3577 ut
2033 3532 2179 3577 eruat
2214 3521 2467 3576 Dominus
2506 3517 2799 3575 Jerusalem
2837 3519 2901 3572 de
2928 3533 3088 3571 manu
3117 3513 3275 3569 mea?
3305 3511 3374 3567 Et
3399 3512 3558 3566 silue-

1946 3626 2102 3682 runt,
2153 3626 2200 3669 et
2257 3630 2360 3671 non
2413 3613 2787 3679 responderunt
2833 3611 2879 3665 ei
2921 3608 3151 3664 verbum.
3211 3606 3557 3661 Mandarerat

1947 3712 2081 3763 enim
2113 3710 2187 3763 eis
2232 3724 2323 3763 rem
2352 3706 2527 3761 dicens
2569 3722 2589 3761 :
2615 3705 2782 3779 458
2826 3703 2906 3759 Ne
2953 3701 3313 3767 respondeatis
3342 3700 3408 3753 ei.
3441 3698 3555 3754 Hoc

1947 3801 2185 3856 ostendit
2232 3799 2377 3873 quod
2409 3799 2666 3853 omnibus
2714 3799 2797 3852 liis
2829 3796 2933 3850 diis
2961 3795 3212 3851 Samaria
3248 3792 3547 3856 servierit,

1946 3907 2000 3952 et
2026 3895 2232 3951 idcirco
2256 3903 2410 3964 captu
2443 3892 2533 3948 sit.
2569 3891 2664 3947 Sin
2695 3897 2875 3945 autem
2904 3933 2918 3956 ,
2947 3888 3055 3967 ait,
3089 3887 3257 3941 tantis
3284 3885 3388 3940 diis
3412 3899 3559 3954 pra»

1946 3987 2275 4055 sidentibus,
2297 3986 2486 4040 decem
2504 3984 2680 4039 tribus
2710 3982 2868 4037 facile
2894 3980 3281 4050 superavimus
3307 4021 3322 4047 ,
3343 3988 3556 4052 quanto

1948 4082 2120 4153 magis
2150 4094 2246 4135 vos
2275 4121 2286 4137 .
2319 4080 2487 4133 immo
2514 4076 2688 4131 solam
2736 4075 3045 4130 Jerusalem
3073 4119 3086 4141 ,
3122 4089 3227 4128 uno
3260 4072 3371 4127 Deo
3405 4086 3554 4142 prae-

1947 4175 2068 4231 sule
2092 4218 2104 4240 ,
2138 4175 2419 4228 vincemus
2447 4170 2691 4225 facilius?
2719 4167 3019 4232 Tacuitqne
3041 4166 3223 4222 omnis
3271 4164 3504 4236 populus
3531 4206 3547 4230 ,

1949 4275 2132 4323 etnon
2165 4264 2449 4333 respondit
2477 4265 2526 4320 ei
2557 4261 2875 4335 quidquam.
2904 4260 3183 4332 Siquidem
3215 4269 3553 4330 praeceptum

1950 4356 2094 4431 regis
2140 4364 2462 4429 acceperant
2490 4399 2504 4421 ,
2576 4362 2636 4411 nt
2684 4372 2788 4409 non
2840 4351 3243 4422 responderent
3286 4352 3361 4408 ei.
3413 4350 3556 4407 Vere

1944 4453 2127 4525 justus
2156 4451 2418 4507 Ezechias
2441 4493 2456 4518 ,
2490 4463 2658 4522 agens
2702 4457 2895 4503 cuncta
2926 4445 3161 4503 ﬁdeliter
3190 4443 3557 4515 universaque

1950 4548 2205 4604 consilio.
2233 4545 2362 4601 Ideo
2390 4554 2574 4600 autem
2602 4541 2843 4613 Iusserat
2875 4538 3283 4610 blasphemanti
3333 4535 3562 4608 Assyrio

1953 4659 2060 4696 non
2108 4637 2476 4709 responderi,
2524 4652 2594 4691 ne
2638 4650 2760 4691 eum
2790 4633 2860 4689 ad
2906 4632 3144 4702 majores
3182 4629 3558 4700 blasphemiae

1986 4745 2294 4796 revocaret.
2313 4732 2465 4791 Unde
2480 4731 2740 4800 scriptum
2755 4736 2866 4783 est:
2892 4724 2976 4781 Ne
3004 4728 3286 4781 succendas
3315 4726 3562 4780 carbones

1950 4815 2651 4907 peccatoris(Eccl.vm,15);
2667 4832 2715 4875 et
2736 4820 2787 4873 in
2809 4819 3017 4889 psalmo
3033 4815 3417 4885 legitntts:Cum
3432 4833 3559 4871 con-

1947 4929 2145 4985 sisteret
2168 4922 2438 4978 adversum
2465 4931 2544 4970 me
2572 4921 2837 4987 peccator,
2870 4911 3130 4975 obmutui,
3164 4919 3210 4963 et
3256 4909 3557 4965 humiliatus

1953 5035 2088 5078 sum,
2104 5027 2146 5069 et
2172 5011 2308 5068 tacui
2335 5010 2398 5064 de
2425 5006 2570 5062 bonis
2590 4999 3062 5079 (Ps.xxxvm,25);
3080 5008 3137 5055 et
3154 5000 3349 5055 iterum
3367 4999 3558 5067 :Pone,

1959 5107 2200 5171 Domine,
2246 5100 2534 5157 custodiam
2559 5097 2637 5152 ori
2663 5113 2796 5160 meo,
2840 5106 2889 5151 et
2916 5096 3101 5150 ostium
3127 5095 3383 5148 munitum
3413 5093 3568 5149 labiis

1959 5203 2087 5258 meis
2106 5217 2124 5256 :
2143 5215 2205 5254 ne
2219 5196 2440 5252 declines
2454 5209 2542 5248 cor
2561 5208 2730 5247 meum
2746 5192 2800 5245 in
2822 5189 2974 5245 verba
2992 5187 3208 5244 malitia:
3222 5186 3562 5261 (Ps.cxt.,'5).

2032 5317 2208 5388 (Cap.
2241 5306 2509 5367 XXXVII.
2549 5305 2706 5362 Vers.
2753 5305 2775 5358 l
2823 5303 3005 5375 seqq.)
3042 5301 3104 5355 Et
3132 5299 3161 5339 δ
3193 5301 3454 5371 ingressus
3487 5307 3563 5355 est

1964 5410 2183 5467 Elincim
2210 5404 2348 5477 ﬁlius
2383 5401 2577 5458 llelcia:
2596 5442 2612 5468 ,
2641 5398 2732 5473 qui
2759 5409 2866 5453 erat
2894 5413 3049 5470 super
3079 5397 3323 5462 domum,
3354 5403 3400 5449 et
3432 5392 3569 5451 Sob-

1960 5545 2210 5603 codicum
2244 5540 2407 5597 fidem
2434 5582 2449 5608 ,
2494 5540 2782 5607 ipsamque
2811 5532 3252 5606 Hieronymiante
3272 5546 3332 5608 e_.\'
3345 5530 3574 5599 positio-

1961 5602 2043 5675 uis
2079 5616 2340 5681 subnexa
2377 5602 2576 5668 serie-tn
2604 5651 2618 5675 ,
2645 5602 2711 5664 ei
2732 5621 2837 5681 qua
2869 5602 3219 5681 perspicuum
3255 5602 3414 5681 plane
3442 5612 3527 5659 est
3549 5644 3567 5671 ,

1959 5673 2062 5747 hoc
2093 5687 2269 5743 altero
2295 5680 2421 5739 loco
2453 5698 2574 5735 cum
2607 5673 2829 5733 "laudari
2857 5673 2886 5732 εἰ
2923 5677 2979 5734 S.
3008 5673 3294 5747 ‘Doclore‘,
3321 5673 3405 5729 bis
3433 5689 3574 5747 pra:-

1955 5763 2117 5832 cipne
2143 5757 2325 5815 verbis
2342 5797 2358 5821 ,
2381 5754 2623 5810 scindunt
2652 5760 2837 5806 vestem
2858 5793 2873 5818 ,
2902 5749 3025 5821 quia
3054 5746 3323 5805 Rabsaccn
3349 5746 3579 5809 audiunt

1955 5832 2423 5908 blasphemantem.
