4004 6900
425 341 536 402 385

1713 339 1772 398 S.
1815 337 2095 398 EUSEBII
2135 338 2520 398 HIERONHII

3634 341 3734 399 εει

427 476 523 517 nas
550 458 719 516 scriba
760 469 810 514 et
851 456 1018 514 Joalte
1063 457 1204 530 ﬁlius
1233 458 1409 531 Asopi:
1453 474 1486 513 a
1533 457 1918 514 commentariis
1963 457 2032 514 ad
2060 459 2108 521 Α
2137 458 2494 532 parturientis
2525 457 2776 516 mulieris
2820 468 2875 516 et
2916 458 3194 528 dolentis,
3225 459 3370 532 quod
3403 458 3470 516 ad
3520 467 3733 532 partum

428 550 709 610 Et’CItldttt
733 553 908 609 scissis
944 552 1197 618 vestibus,
1225 563 1274 608 et
1303 552 1614 608 nuntiarunt
1641 555 1686 608 ei
1712 551 1862 609 rerba
1899 551 2037 608 Rab-

425 651 580 707 sacis.
615 647 685 703 Et
717 651 908 710 factum
943 657 1019 704 est
1041 664 1156 702 cum
1183 648 1416 702 audisset
1442 663 1534 702 rex
1561 644 1810 704 Ezechias
1837 689 1852 711 ,
1881 647 2036 701 scidit

424 744 727 800 vestimenta
756 759 883 803 sua,
929 753 975 795 et
1020 742 1293 796 obvolutus
1324 749 1400 796 est
1444 755 1624 804 sacco,
1667 750 1712 794 et
1744 739 1953 794 intravit
1982 738 2036 792 in

425 838 641 894 domum
676 833 793 890 Dei.
829 833 896 890 Et
927 836 1066 891 misit
1101 834 1320 890 Eliucim
1351 835 1439 903 qui
1473 843 1580 888 erat
1611 850 1764 897 super
1795 833 2028 898 domum,

425 940 476 986 et
501 930 728 986 Sobnam
749 929 972 984 scribam
1000 945 1018 984 :
1045 939 1092 984 et
1114 929 1337 983 seniores
1366 927 1430 981 de
1450 927 1806 983 sacerdotibus
1835 935 2038 998 opertos

431 1025 598 1078 saccis
620 1022 688 1076 ad
712 1019 907 1076 Isaiam
930 1021 1098 1092 ﬁlium
1132 1021 1286 1076 Amos
1310 1022 1572 1092 propheta:
1589 1064 1601 1077 .
1631 1032 1677 1074 et
1710 1021 1954 1075 dixerunt
1971 1020 2040 1073 ad

426 1132 588 1172 eum:
623 1114 748 1171 lla'c
774 1115 900 1170 dicit
925 1093 1214 1170 Eze'chias:
1253 1113 1370 1170 Dies
1395 1112 1745 1168 tribulationis
1770 1125 1813 1166 et
1832 1129 2035 1183 correp-

426 1211 608 1272 tionis.
635 1221 684 1265 et
707 1211 1040 1282 blasphemia:
1061 1212 1171 1264 dies
1187 1207 1318 1276 Itazc,
1345 1214 1468 1280 quia
1493 1219 1741 1264 uenerunt
1757 1207 1856 1276 ﬁlii
1879 1225 2043 1278 usque

426 1308 496 1359 art
524 1315 761 1376 partum.
800 1315 850 1358 et
881 1317 1042 1358 virtus
1086 1320 1186 1355 non
1236 1315 1307 1356 est
1341 1301 1580 1370 pariendi
1612 1299 1724 1375 [λι.
1771 1297 2039 1371 ρηγέρηιὶ].

432 1398 498 1456 Si
538 1398 800 1470 quomodo
827 1398 1007 1453 audiat
1041 1395 1296 1450 Dominus
1327 1393 1466 1450 Deus
1494 1405 1614 1448 tuus
1656 1394 1806 1448 verba
1840 1393 2040 1447 Rabsa-

429 1492 538 1557 cis,
569 1509 719 1561 quem
740 1493 877 1546 misit
903 1509 994 1547 rex
1021 1493 1351 1563 Assyriorum
1374 1489 1614 1544 dominus
1640 1506 1766 1543 suus
1796 1489 1864 1542 ad
1896 1488 2038 1543 blas-

434 1588 787 1658 phemandum
817 1585 979 1641 Deum
1009 1589 1260 1641 viventem
1286 1627 1301 1649 ,
1334 1594 1382 1638 et
1411 1585 1828 1653 exprobrantium
1850 1599 2045 1638 sermo-

432 1682 620 1743 nibus.
666 1697 796 1753 quos
845 1679 1045 1735 audiuit
1076 1677 1334 1732 Dominus
1379 1677 1520 1732 Deus
1562 1689 1698 1732 tuus.
1739 1675 1872 1730 Leva
1920 1692 2043 1748 ergo

435 1775 725 1831 orationem
751 1790 843 1837 pro
873 1773 1107 1842 reliquiis
1131 1787 1246 1844 qua:
1273 1781 1491 1840 reperta:
1520 1782 1660 1825 sunt.
1697 1768 1766 1824 Et
1799 1779 2045 1824 venerunt

2141 570 2310 624 usque
2351 557 2698 626 pervenerit,
2731 567 2784 614 et
2827 573 3096 626 generare
3137 573 3245 613 non
3278 559 3488 627 possit,
3534 558 3735 613 necdi-

2138 662 2264 705 cere
2295 667 2307 703 :
2339 652 2378 703 Α
2423 650 2605 704 timore
2633 660 2720 704 tuo
2745 692 2759 712 .
2796 651 3018 705 Domine
3040 693 3054 712 .
3089 653 3418 722 concepimus
3444 693 3460 719 ,
3493 664 3540 706 et
3569 650 3738 708 dolui-

2140 759 2281 804 mus,
2312 753 2358 795 ct
2381 743 2672 815 peperimus
2699 743 2941 815 spiritum
2969 744 3170 798 salutis.
3199 742 3458 811 Sequitur
3490 761 3502 797 :
3531 743 3594 799 Si
3617 760 3741 816 quo-

2141 835 2294 887 modo
2315 835 2492 888 audiat
2524 832 2779 889 Dominus
2807 833 2944 890 Deus
2987 846 3104 890 tuus
3125 841 3276 890 verba
3309 834 3555 890 Rabsacis
3584 827 3738 908 (Isai.

2142 941 2269 980 XXVI
2295 968 2307 986 .
2340 926 2440 992 18,
2475 943 2577 981 sec.
2611 925 2802 998 LXX).
2833 927 2947 982 Non
2974 927 3119 982 enim
3153 930 3422 983 audemus
3455 927 3741 983 Doluinttln

2140 1021 2383 1076 omnium
2405 1061 2420 1083 ,
2469 1031 2714 1077 nostrum
2764 1022 3052 1077 DOminum
3083 1023 3268 1078 dicere
3295 1063 3310 1090 ,
3331 1040 3438 1092 quo
3475 1026 3744 1080 irascente

2144 1120 2288 1168 tanta
2316 1115 2690 1181 perpetimur;
2733 1115 2827 1170 Sed
2873 1127 3023 1170 tutnu
3065 1117 3299 1172 dicimus
3329 1117 3644 1173 Dominum.
3681 1118 3745 1173 Et

2144 1207 2281 1260 hanc
2307 1209 2569 1262 habemus
2601 1208 2828 1263 ultionis
2861 1209 3112 1265 ﬁduciam
3142 1229 3154 1264 :
3182 1210 3348 1284 5,60
3376 1213 3636 1278 quoniam
3667 1213 3748 1266 vi-

2142 1315 2276 1354 vens
2304 1300 2443 1353 Deus
2467 1301 2875 1370 Ida-phetnatur
2897 1319 2925 1356 a
2951 1304 3162 1358 cultore
3196 1306 3467 1359 idntorum
3497 1318 3746 1360 mortuo-

2143 1408 2282 1447 rum.
2321 1391 2387 1448 Et
2411 1393 2843 1466 exprobrauerunt
2885 1396 3224 1459 sermonibus,
3251 1414 3378 1469 quos
3401 1398 3593 1454 audivit
3627 1397 3742 1454 Do-

2144 1491 2314 1544 minus
2344 1487 2486 1544 Deus
2521 1503 2638 1546 tuus
2667 1507 2685 1546 :
2722 1489 2858 1546 Lera
2885 1507 3006 1565 ergo
3036 1495 3323 1547 orationem
3347 1534 3362 1556 ,
3398 1505 3638 1549 nostram
3665 1495 3748 1566 ja-

2143 1594 2359 1638 ceutem
2388 1601 2399 1638 :
2426 1600 2532 1638 non
2567 1600 2666 1655 pro
2696 1594 2895 1639 cuncto
2925 1588 3124 1654 popqu
3157 1589 3248 1658 qui
3279 1588 3388 1656 jam
3421 1591 3585 1656 periit
3613 1633 3628 1656 ,
3650 1589 3747 1644 sed

2144 1692 2244 1748 pro
2295 1677 2548 1748 reliquiis
2581 1718 2596 1738 ,
2645 1693 2769 1748 qua:
2819 1678 3164 1746 obsidentur,
3221 1696 3438 1750 cumque
3499 1684 3750 1737 venissent

2145 1774 2276 1826 serui
2304 1773 2440 1844 regis
2476 1769 2715 1827 Ezechite
2743 1773 2813 1827 ad
2855 1771 3095 1828 Isaiam:
3123 1790 3340 1829 rursum
3385 1790 3582 1832 numen
3621 1776 3752 1831 Pro-

435 1867 572 1923 seroi
594 1868 729 1934 regis
755 1862 991 1920 Ezechiae
1010 1863 1079 1920 ad
1105 1863 1303 1918 Isaiam
1331 1880 1350 1919 :
1381 1874 1428 1918 et
1458 1864 1594 1917 dixit
1619 1862 1689 1917 ad
1714 1879 1800 1917 eos
1832 1861 1998 1916 Isaias
2023 1879 2041 1918 :
2076 1856 2118 1916 Β
2151 1871 2324 1936 pheta}
2356 1868 2551 1928 tacuit.
2587 1877 2640 1922 ut
2662 1877 2902 1938 emptam
2921 1877 3164 1923 servaret
3190 1869 3558 1924 humilitatem
3605 1869 3748 1924 Prae.

439 1959 574 2016 Hec
625 1960 807 2014 dicetis
852 1959 1064 2014 domino
1103 1969 1271 2012 vestro
1313 1975 1330 2012 :
1392 1955 1521 2032 Haec
1556 1956 1681 2012 dicit
1732 1955 1985 2011 Dominus
2027 1971 2045 2010 :

439 2051 523 2109 Ne
547 2055 729 2108 timeas
773 2070 804 2106 a
833 2056 965 2123 facie
998 2051 1266 2106 verborum
1296 2067 1413 2122 qua:
1447 2050 1640 2105 audisti
1685 2050 1872 2119 quibus
1909 2048 2046 2104 blas-

434 2145 804 2219 pltnnaueruut
834 2146 980 2214 pueri
1011 2146 1148 2218 regis
1175 2145 1510 2215 Assyriorum
1553 2161 1650 2196 me.
1686 2141 1818 2198 Ecce
1859 2159 1955 2216 ego
2002 2143 2049 2196 ei

441 2239 576 2293 dabo
607 2235 695 2312 [Al
753 2238 887 2293 dabo
928 2236 1024 2311 eis]
1069 2239 1343 2312 spiritum,
1389 2247 1435 2290 et
1479 2235 1657 2290 audiet
1689 2240 1929 2290 nuntium
1955 2279 1969 2295 .
2003 2244 2050 2288 et

439 2343 722 2387 revertetur
753 2331 822 2384 ad
866 2345 1056 2386 terra-tt
1100 2347 1282 2395 suam,
1325 2338 1374 2385 et
1416 2345 1658 2384 corruere
1695 2345 1811 2382 eum
1858 2328 2050 2400 [nciam

443 2426 624 2500 gladio
647 2430 696 2480 in
726 2437 864 2480 terra
878 2443 992 2480 sua.
1015 2424 1309 2494 Perspicua
1336 2423 1730 2491 relinquentes,
1755 2438 1816 2475 ea
1843 2431 2050 2476 tantum

445 2522 500 2578 in
534 2523 734 2593 quibus
758 2522 934 2577 latens
964 2535 1165 2577 scmus
1185 2531 1270 2576 est
1289 2561 1304 2581 ,
1328 2519 1684 2573 disseramus.
1709 2515 1876 2590 559
1899 2517 2054 2570 Scin-

443 2616 576 2674 duut
613 2629 796 2672 vestes
831 2659 846 2677 .
878 2617 1002 2688 quia
1036 2615 1324 2672 Rabsacen
1349 2613 1577 2668 audiunt
1604 2611 1712 2686 [ΑΙ.
1745 2609 2051 2683 audierant]

445 2711 942 2780 blasphemantetn.
977 2708 1188 2764 Sciudit
1219 2720 1273 2764 et
1309 2711 1426 2776 ipse
1459 2722 1552 2761 rex
1586 2705 1908 2760 veSIimtenta
1933 2721 2048 2770 sua,

442 2807 569 2877 quia
607 2815 954 2870 peccatorum
988 2819 1209 2858 suorum
1237 2843 1252 2867 ,
1298 2811 1354 2857 et
1386 2801 1569 2871 pepuli
1606 2814 1727 2854 esse
1754 2797 2011 2854 credi-bat
2037 2837 2050 2861 ,

445 2899 593 2970 quod
624 2897 898 2954 Bahsaces
924 2911 1094 2966 usque
1116 2899 1182 2947 ad
1215 2904 1430 2964 portam
1460 2891 1765 2948 Jerusalem
1800 2890 2007 2946 venetit
2037 2930 2053 2956 ,

445 3005 502 3051 et
531 3005 726 3049 contra
757 2992 1049 3047 Dominum
1083 2988 1208 3043 talia
1238 2991 1312 3042 sit
1356 2988 1589 3041 locutus.
1621 2983 1777 3042 Unde
1811 2981 2053 3053 pontifex

446 3088 572 3161 quia
600 3086 948 3143 Salvtttorem
973 3084 1386 3152 blaslthemasse
1413 3078 1672 3135 credebat
1702 3120 1716 3144 ,
1749 3077 1909 3131 scidit
1937 3091 2054 3130 ves-

451 3185 675 3240 timenta
706 3197 804 3237 sua
836 3178 1054 3252 (Matth.
1086 3181 1240 3246 xxvt)
1274 3194 1288 3232 :
1325 3188 1380 3232 et
1413 3174 1615 3230 Paulus
1645 3187 1708 3227 ac
1739 3171 2052 3232 Barnabas,

2150 1964 2405 2034 venitque
2437 1981 2530 2019 eos
2572 1964 2736 2020 Isaias
2769 1984 2779 2018 :
2807 1965 3001 2021 eodem
3039 1966 3186 2022 enim
3212 1965 3405 2036 spiritu
3438 1980 3548 2037 quo
3575 1965 3749 2022 futura

2151 2058 2444 2122 noscebat,
2477 2059 2639 2113 etiam
2672 2059 2954 2115 absentem
2982 2075 3168 2132 rego-tn
3211 2059 3454 2116 audierat
3495 2074 3510 2114 :
3540 2070 3596 2115 et
3623 2060 3752 2116 dicit

2150 2150 2279 2218 quid
2325 2151 2662 2220 respondere
2692 2154 2962 2207 deberent
2994 2153 3226 2208 Domino
3247 2167 3349 2207 suo
3374 2193 3388 2216 ,
3432 2153 3701 2207 ltutniliat=
3727 2161 3750 2190 α

2154 2246 2207 2300 in
2253 2248 2351 2300 issa
2404 2245 2598 2302 ﬁducia
2629 2249 3004 2302 conscientiae.
3048 2246 3233 2310 Dicite,
3270 2248 3482 2315 inquit,
3529 2246 3751 2301 Domino

2153 2350 2319 2394 vestio
2345 2381 2360 2404 ,
2391 2341 2482 2411 qui
2508 2352 2689 2396 vester
2715 2353 2797 2395 εει
2827 2341 3118 2404 Dominus;
3154 2356 3306 2395 meus
3343 2341 3491 2396 enim
3520 2342 3638 2398 hanc
3670 2343 3752 2396 di-

2153 2433 2228 2487 cit
2258 2433 2547 2488 Dominus:
2586 2431 2704 2489 Noli
2733 2436 2928 2488 timere
2953 2434 3118 2488 verba
3147 2433 3346 2502 quibus
3389 2449 3495 2488 non
3527 2446 3580 2488 ιιι
3609 2478 3626 2500 ,
3660 2436 3752 2491 sed

2153 2539 2256 2593 ego
2291 2541 2410 2579 sum
2455 2525 2891 2588 blastdtemalus.
2915 2524 3026 2580 Nec
3052 2526 3175 2578 dico
3206 2529 3455 2581 Universa
3485 2543 3606 2594 qum
3643 2529 3753 2600 regi

2155 2620 2504 2682 Assyriorum
2540 2619 2641 2672 sim
2677 2617 2922 2672 facturus
2948 2659 2963 2680 ,
3001 2633 3068 2672 ne
3114 2633 3289 2672 meatu
3320 2618 3513 2673 videar
3544 2619 3755 2688 jactare

2160 2712 2484 2782 potentiam;
2518 2711 2611 2766 sed
2641 2711 2782 2779 quod
2809 2710 3021 2765 dandus
3052 2712 3121 2766 sit
3147 2711 3197 2765 ei
3219 2711 3442 2780 Spiritus
3475 2728 3581 2767 non
3617 2712 3751 2781 Dei,

2157 2804 2252 2858 sed
2297 2804 2663 2860 adversarius.
2709 2804 3022 2872 Auditoque
3069 2805 3304 2871 nuntio,
3350 2819 3662 2862 revertatur
3693 2808 3755 2863 ad

2159 2909 2360 2954 terram
2395 2914 2547 2954 suam
2572 2940 2590 2969 ,
2614 2908 2669 2953 et
2696 2908 2914 2954 corruat
2960 2899 3014 2953 in
3055 2913 3115 2954 ea
3145 2897 3325 2970 gladio
3350 2941 3364 2960 .
3399 2900 3582 2953 utdno
3617 2900 3758 2970 pari-

2161 3002 2378 3062 terqua:
2409 2993 2630 3062 optabat
2659 2992 2951 3057 Ezechias,
2992 2993 3202 3047 audiret
3227 3034 3244 3057 ,
3297 3007 3358 3048 se
3386 2992 3677 3050 obsidione
3707 3003 3758 3050 et

2162 3089 2406 3158 periculo
2439 3089 2777 3144 liberandum
2803 3131 2817 3152 ,
2849 3098 2904 3143 et
2929 3089 3210 3144 inimicqu
3235 3091 3543 3160 iratumqne
3573 3105 3755 3160 regem

2160 3183 2212 3238 in
2244 3198 2338 3238 sua
2381 3196 2524 3238 terra
2554 3198 2676 3237 esse
2709 3184 3057 3238 moriturum.
3092 3183 3146 3238 Si
3174 3185 3296 3248 quis
3324 3195 3530 3253 quierat
3559 3198 3662 3238 cur
3707 3187 3756 3239 in

446 3278 832 3335 deferentibus
857 3275 962 3329 sibi
990 3273 1086 3329 Dei
1114 3277 1325 3328 Cultqu
1351 3269 1699 3343 Lyrannibus
1726 3310 1742 3334 ,
1775 3267 2048 3323 sciderunt

2165 3277 2305 3332 libro
2335 3277 2677 3345 Propltetize.
2719 3276 2946 3332 historia
2983 3294 3102 3347 qtue
3132 3276 3184 3331 in
3215 3277 3424 3348 Regum
3451 3287 3506 3332 et
3538 3277 3756 3332 Dierutn

447 3372 777 3430 Vestimenta
808 3385 902 3424 sua
929 3368 1072 3440 (Act.
1112 3367 1250 3436 xw).
1279 3366 1383 3421 Pro
1417 3367 1570 3436 regio
1599 3379 1731 3433 ergo
1771 3363 1920 3416 coltu
1954 3361 2053 3415 ob-

447 3467 670 3523 vutlutus
698 3475 782 3520 est
805 3480 1000 3529 sacco;
1036 3471 1090 3518 et
1135 3462 1204 3517 de
1247 3461 1452 3532 palstio
1495 3458 1561 3513 ad
1608 3457 1897 3528 Templum
1930 3472 2055 3525 gra-

447 3562 610 3619 diens
633 3603 648 3622 ,
687 3559 916 3616 Ebacim
959 3559 1273 3628 pontilicetn
1298 3599 1313 3620 ,
1347 3569 1394 3611 el
1422 3554 1662 3611 Sobnztm
1694 3554 1928 3606 scribam
1959 3593 1971 3614 ,
2004 3560 2057 3605 t-t

450 3657 698 3712 seniores
721 3654 790 3708 de
823 3652 1203 3706 sacerdotibus
1219 3649 1360 3706 misit
1386 3649 1452 3703 ad
1479 3647 1668 3704 ls.tiam
1696 3647 1865 3701 lilium
1888 3645 2058 3701 Amos

451 3751 752 3824 prophetae.
782 3747 967 3818 lnquo
999 3745 1143 3814 regis
1166 3743 1571 3801 consideranda
1604 3741 1874 3795 humilita-
1895 3753 2058 3810 atque

453 3842 767 3915 prudentia.
791 3838 912 3894 Irise
943 3840 1112 3908 porgit
1141 3837 1206 3891 ad
1231 3836 1547 3906 Templum;
1571 3833 1852 3907 principes
1879 3834 2055 3904 populi

447 3947 503 3993 et
532 3939 784 3992 seniores
811 3932 1170 3989 Sacerdotqu
1197 3973 1214 3997 ,
1242 3947 1348 3983 non
1382 3929 1542 3984 stolis
1581 3927 1836 3983 sacerdot
1860 3927 2015 3981 libus
2040 3967 2056 3992 ,

451 4032 548 4089 sed
572 4031 772 4088 ciliciis
793 4039 1018 4096 apertos
1042 4027 1184 4082 misit
1217 4026 1283 4080 ad
1313 4025 1510 4080 Isaiam
1542 4025 1711 4078 lilium
1747 4028 1912 4077 Amos
1937 4037 2060 4090 prn-

455 4128 656 4198 phetze.
690 4124 796 4180 Pro
827 4139 936 4193 quo
985 4125 1036 4178 in
1093 4122 1296 4191 Regum
1336 4119 1612 4175 volumine
1643 4119 1837 4188 legitur
1873 4135 1886 4171 :
1940 4115 2060 4184 Ipse

448 4235 725 4289 coopertus
747 4228 820 4272 est
847 4232 998 4271 succo
1017 4255 1032 4281 ,
1059 4225 1107 4270 et
1127 4216 1393 4288 ingressus
1419 4214 1627 4266 domum
1657 4209 1887 4274 Domini,
1914 4208 2060 4264 Elia-

451 4317 551 4370 citn
582 4313 924 4385 praepositum
952 4313 1137 4366 domus
1159 4352 1175 4376 ,
1223 4320 1271 4364 et
1301 4308 1531 4366 Sobnam
1560 4307 1801 4370 scribunt,
1834 4316 1884 4361 et
1915 4321 2058 4359 senes

452 4407 518 4464 de
545 4407 898 4462 sacerdotibus
927 4407 1064 4459 misit
1110 4415 1380 4472 coapertos
1418 4405 1582 4458 saccis
1612 4402 1680 4458 ad
1706 4399 1901 4455 Isaiam
1935 4417 2059 4468 pro-

449 4502 662 4575 phetom
691 4499 860 4567 ﬁlium
883 4500 1038 4553 Amos
1061 4496 1150 4565 (IV
1182 4496 1305 4568 Rug.
1339 4513 1426 4552 λιι
1447 4539 1462 4562 ,
1492 4495 1638 4567 1.2).
1673 4495 1769 4552 llic
1797 4510 1922 4565 qua
1944 4500 2058 4564 ipse

445 4593 515 4648 de
545 4610 604 4648 se
635 4590 811 4646 Isaias
836 4590 1116 4646 scribebat
1162 4590 1451 4644 historiam
1479 4629 1495 4653 ,
1529 4604 1636 4642 non
1671 4603 1731 4642 se
1759 4603 1896 4658 appe
1923 4586 2055 4640 lavit

2161 3369 2528 3426 voluminibus
2551 3373 2755 3440 scripta
2785 3381 2868 3425 est
2895 3414 2910 3437 ,
2947 3372 3113 3424 mixta
3141 3373 3421 3433 Videntur,
3449 3371 3759 3426 consideret

2159 3467 2305 3537 quod
2342 3465 2583 3520 historia:
2617 3465 2901 3537 prophetia
2945 3465 3014 3520 sit
3045 3467 3299 3535 copulata
3329 3508 3344 3532 ,
3381 3476 3487 3520 tam
3520 3465 3590 3520 de
3629 3468 3761 3522 libo.

2160 3562 2371 3615 ratione
2404 3560 2552 3614 urbis
2571 3604 2584 3628 ,
2613 3561 2861 3630 quamde
2881 3561 3087 3632 Assyrii
3112 3561 3334 3616 interitu
3361 3603 3376 3625 ,
3401 3572 3454 3616 et
3481 3561 3548 3616 de
3577 3579 3735 3618 rever

2160 3655 2315 3709 εἱοηιι
2345 3653 2478 3708 solis
2511 3653 2766 3710 horarum
2789 3655 2976 3710 decem
3003 3697 3018 3720 ,
3050 3666 3104 3709 et
3143 3655 3458 3725 quindecim
3490 3670 3758 3710 annorum

2159 3750 2348 3818 spatiis
2374 3749 2657 3818 protelalis
2682 3791 2695 3805 .
2721 3749 2864 3816 quod
2889 3760 2941 3802 et
2971 3748 3271 3819 propin-tim
3301 3761 3384 3804 est
3411 3759 3464 3804 et
3493 3749 3756 3804 Ιιὶειυτῡεῐ).

2231 3842 2414 3912 (Vets.
2445 3847 2476 3897 8
2512 3841 2694 3912 seqq.)
2732 3840 2987 3896 Reversus
3036 3853 3209 3896 autem
3245 3841 3533 3908 Rabsaces,
3563 3843 3758 3896 invenit

2158 3951 2330 4007 regem
2394 3936 2726 4006 Assyriorum
2784 3936 3110 4003 proeliantem
3154 3933 3427 3988 adversum
3479 3932 3709 3988 Lobnum
3740 3951 3755 3987 :

2158 4030 2397 4082 audierat
2428 4029 2561 4081 enim
2599 4029 2722 4098 quia
2749 4032 3011 4100 profectus
3042 4039 3174 4082 esset
3205 4029 3268 4080 de
3297 4026 3512 4082 Lachis.
3565 4028 3631 4082 Et
3660 4046 3756 4082 au-

2159 4124 2282 4177 divit
2300 4124 2362 4176 de
2388 4122 2622 4176 Tarae/ta
2649 4139 2768 4195 rege
2787 4121 3077 4195 tltiopite
3103 4123 3326 4176 dicentes
3351 4139 3368 4176 .'
3396 4121 3646 4192 Egressus
3661 4134 3755 4188 est,

2159 4230 2214 4271 ut
2247 4227 2434 4289 pugnet
2462 4229 2641 4270 contra
2674 4227 2740 4270 te.
2776 4215 2930 4281 Quod
2963 4233 3076 4269 cum
3105 4215 3352 4278 audisset,
3384 4216 3524 4269 misit
3551 4218 3757 4270 nuntios

2158 4312 2228 4366 nd
2255 4307 2531 4364 Ezerltiatn
2563 4309 2737 4363 dicens
2775 4326 2793 4363 :
2830 4307 2956 4362 Ila'c
2980 4307 3161 4361 dicetis
3192 4305 3432 4362 Ezechias
3454 4310 3564 4379 regi
3600 4305 3755 4363 Judte

2158 4407 2420 4477 loquentes
2451 4421 2469 4459 :
2504 4403 2624 4458 Non
2652 4415 2699 4458 te
2725 4405 2948 4476 decipiat
2981 4403 3118 4457 Deus
3142 4413 3292 4469 tuus,
3332 4404 3384 4457 in
3415 4421 3515 4474 quo
3549 4414 3602 4457 tu
3631 4420 3756 4458 cott-

2158 4500 2276 4568 ﬁdis
2302 4499 2476 4553 d'ceus
2521 4516 2540 4554 :
2587 4499 2710 4553 Non
2737 4499 2942 4553 dabitur
2970 4495 3262 4552 Jerusalem
3296 4500 3345 4552 in
3384 4515 3593 4552 manum
3620 4498 3752 4570 regis

2163 4593 2511 4663 Assyriorum.
2563 4591 2690 4646 Ecce
2713 4601 2765 4646 tu
2791 4592 2986 4645 audisti
3014 4593 3186 4646 omnia
3213 4608 3330 4663 qute
3357 4596 3584 4662 fecerunt
3611 4606 3751 4660 regrs

447 4686 778 4759 Prophetam
805 4729 819 4751 ,
853 4685 947 4740 sed
971 4686 1138 4739 lilium
1165 4682 1453 4752 Prophetas
1483 4699 1498 4737 :
1527 4681 1600 4737 ibi
1623 4698 1753 4737 vero
1772 4683 1894 4751 quia
1917 4681 2055 4735 alter
2084 4659 2135 4719 Ῑ)
2161 4684 2488 4756 Assyriorum
2533 4686 2770 4738 onmibus
2811 4684 2960 4738 tertis
3013 4701 3141 4752 quas
3188 4683 3574 4743 subuerterant,
3607 4691 3650 4738 et
3697 4693 3750 4737 tu

447 4794 565 4839 erat
606 4781 857 4852 Scriptor
896 4781 1174 4844 historias,
1225 4778 1400 4844 ipsmn
1455 4776 1643 4832 scribit
1698 4774 2048 4841 Prophetam.

443 4878 598 4949 Quod
629 4877 848 4950 quidem
881 4883 937 4932 et
963 4874 1034 4929 de
1079 4872 1334 4929 Μειιιιιςεο
1381 4871 1730 4941 Evaugolsta
1779 4870 2010 4938 legimus
2037 4909 2051 4931 ,

445 4973 591 5046 quod
617 4973 732 5040 ipse
755 4970 876 5026 Matt
890 4969 1040 5024 luens
1052 4983 1112 5024 se
1124 4968 1326 5022 dixerit
1351 4967 1699 5036 publicanum
1720 4961 1932 5033 (Matth.
1951 4961 2050 5030 Ix):

445 5070 538 5125 alii
569 5085 700 5124 vero
733 5067 1094 5138 I'IVangeliSIa:
1116 5079 1314 5119 nomen
1348 5059 1619 5134 publieaui
1651 5059 1961 5124 tacuerint,
1999 5065 2056 5111 et

447 5164 824 5236 Aposlolieatn
858 5174 1067 5216 tantum
1099 5159 1381 5230 posuetint
1421 5156 1782 5227 dignitatem;
1819 5160 1876 5208 et
1904 5151 2049 5217 quod

447 5258 503 5314 in
528 5254 1006 5328 coniunctionibus
1037 5252 1422 5316 Apostolorum
1453 5291 1467 5312 ,
1498 5246 1640 5316 apud
1674 5263 1732 5299 se
1754 5245 2047 5309 secundus,

445 5349 586 5417 apud
617 5350 755 5404 alios
779 5348 985 5416 primus
1008 5347 1100 5399 sit.
1134 5342 1483 5406 Dixeruntque
1506 5383 1521 5405 ,
1547 5341 1725 5410 inquit
1751 5382 1766 5402 ,
1793 5339 1862 5392 ttd
1891 5355 2005 5391 eum
2031 5355 2048 5392 :

450 5439 578 5496 Htec
622 5441 746 5496 dicit
786 5437 1034 5495 Ezechias
1058 5479 1074 5504 ,
1111 5452 1215 5492 non
1255 5453 1348 5491 rex
1375 5476 1390 5503 ,
1440 5449 1546 5489 non
1581 5446 1796 5488 tumens
1829 5434 2052 5486 nomine

445 5535 663 5603 imperii
699 5553 712 5588 :
757 5534 879 5589 Dies
909 5531 1290 5595 tribulatfonis,
1321 5539 1369 5584 et
1396 5527 1748 5587 corruptionis
1770 5567 1785 5590 ,
1833 5535 1878 5579 et
1909 5525 2049 5578 blas-

444 5629 666 5697 phemice
694 5629 802 5684 dies
831 5629 941 5683 licec
979 5643 998 5682 :
1028 5623 1394 5681 tribulationis
1419 5629 1620 5677 uostrze
1639 5661 1653 5684 ,
1681 5617 2048 5686 correptionis

441 5723 574 5793 Dei,
607 5722 960 5795 blasphemiae
1004 5723 1264 5779 hostium.
1313 5719 1582 5790 Ponitque
1629 5713 2044 5773 similitudinem

2156 4780 2346 4851 poteris
2393 4779 2640 4834 liberari?
2662 4778 2938 4849 Numquid
2969 4788 3214 4832 eriterunt
3253 4794 3338 4831 cos
3367 4777 3440 4831 dii
3478 4778 3702 4850 gentium
3735 4817 3749 4842 ,

2153 4888 2282 4942 quos
2309 4871 2664 4925 subuerterant
2717 4881 2883 4934 patres
2912 4870 3010 4922 mei
3033 4866 3214 4922 Gozon
3235 4881 3280 4922 et
3318 4867 3546 4935 Harum,
3577 4879 3622 4921 et
3651 4866 3752 4921 Re-

2157 4963 2282 5034 seplt
2303 5008 2316 5023 .
2347 4976 2393 5016 et
2423 4965 2558 5028 ﬁlios
2592 4962 2780 5022 Edent.
2807 4963 2897 5034 qui
2927 4974 3071 5016 erant
3101 4963 3155 5016 in
3188 4961 3468 5016 'I'ltalassttr
3496 4961 3522 5015 .9
3555 4960 3649 5016 Ubi
3675 4971 3754 5015 est

2156 5074 2251 5112 rex
2299 5055 2543 5118 Herum-It,
2591 5068 2641 5112 et
2670 5074 2761 5110 rex
2801 5056 3018 5121 Arpltad
3045 5094 3062 5120 ,
3093 5053 3254 5127 461
3287 5065 3334 5107 ct
3363 5072 3454 5108 rex
3482 5056 3620 5109 urbis
3653 5052 3752 5108 Sat

2157 5148 2428 5221 pltaruatm
2469 5149 2583 5203 Ana
2630 5148 2738 5222 [AL
2778 5149 3119 5221 Scpltarvaittt
3162 5145 3328 5218 Anea]
3368 5157 3416 5201 et
3456 5149 3604 5201 Atta?
3635 5146 3756 5199 Eis-

2159 5243 2283 5296 dem
2308 5241 2490 5297 verbis
2517 5244 2816 5311 eademque
2856 5242 3131 5296 sententia
3163 5239 3426 5306 διτίιιιιιιη
3451 5251 3532 5294 est
3560 5239 3610 5293 in
3643 5237 3753 5292 Re-

2158 5353 2284 5408 gum
2316 5350 2367 5392 et
2394 5337 2616 5391 Die-rum
2646 5337 2924 5391 volumine
2953 5377 2966 5399 ,
2999 5335 3142 5405 quod
3177 5334 3614 5403 Raibsacesjnxta
3649 5331 3758 5385 Do-

2161 5429 2294 5484 tniui
2326 5428 2660 5483 voluntatem
2688 5471 2701 5490 .
2725 5428 3070 5482 obsidionem
3093 5428 3405 5482 deserUertt
3431 5428 3754 5489 Jerusalem,

2154 5533 2210 5579 et
2243 5523 2546 5590 perrexerit
2569 5523 2637 5576 ad
2661 5522 2947 5578 dominum
2981 5538 3164 5586 suum,
3194 5538 3382 5592 quem,
3403 5522 3486 5578 vel
3517 5523 3752 5584 deserta,

2153 5617 2236 5671 vel
2259 5630 2414 5686 capta
2445 5614 2642 5672 Lachis
2663 5657 2677 5680 ,
2710 5616 2774 5671 ad
2808 5616 3232 5687 opnuguandam
3264 5615 3508 5671 Luhnam
3558 5614 3629 5668 ire
3655 5626 3756 5665 co-

2150 5721 2434 5784 gnoverat.
2469 5710 2590 5782 Ipse
2633 5723 2852 5784 quoque
2890 5709 3271 5770 Seunachcrib
3316 5708 3542 5767 audiens
3586 5703 3756 5762 Tara-

511 5918 550 5981 e,
575 5907 692 5964 Duo
733 5914 867 5971 vat.,
890 5905 1170 5960 humilitati
1221 5906 1380 5960 mixta
1411 5903 1606 5973 ﬁducia
1631 5903 1976 5961 conscientiae.
2003 5896 2233 5962 Leviora
2263 5899 2510 5969 qtttedam
2547 5900 2685 5956 intra
2712 5899 3090 5959 emendamus.
