4004 6924
257 419 360 479 385

743 417 1396 480 COMMENTARIORUM
1435 419 1500 478 ΙΝ
1541 417 1774 478 ISAIAM
1818 416 2242 478 PROPHETAM
2281 417 2414 477 LIB.
2454 416 2551 477 XI.
2592 416 2750 478 CAP.
2791 418 3062 481 XXXVII.

3458 422 3570 482 386

258 538 412 593 cham
438 552 624 608 regem
653 538 966 608 ιΕιΙιίοιιιιιη
993 539 1197 596 inferre
1223 540 1328 595 sibi
1353 541 1587 606 bellum,
1618 541 1861 595 occurrit
1889 545 1934 602 A
1968 539 2233 610 imagines
2276 550 2637 597 mortuormn.
2679 544 2947 613 Quodque
2987 545 3154 599 infert
3186 558 3200 596 :
3243 539 3372 596 Vere
3411 539 3570 610 enim,

260 629 520 693 venienti,
549 643 601 686 et
636 633 999 687 nihilominus
1028 636 1432 686 tnittitnunlios
1454 633 1521 687 ad
1548 631 1858 697 Ezet-ttiatn,

258 733 310 780 et
341 725 614 794 Epistolas
641 767 655 788 .
690 739 748 780 ut
779 742 918 793 quos
952 726 1182 782 necdum
1220 729 1428 781 viribus
1459 735 1715 796 ceperat,
1748 740 1865 778 scr-

258 835 418 875 mone
450 831 702 876 terreret.
739 819 808 876 Et
837 822 1113 892 quotttodo
1145 821 1347 892 popqu
1365 821 1583 889 dixerat
1613 839 1624 872 :
1661 818 1784 873 Non
1818 829 1864 872 te

255 915 477 985 decipiat
522 912 772 968 Ezechias
804 913 893 985 (IV
947 913 1079 988 Reg.
1131 930 1292 982 xvut,
1325 913 1416 982 :9)
1449 930 1462 965 :
1492 915 1681 969 eadem
1716 914 1862 968 blas-

257 1009 469 1077 pltcmta
506 1007 744 1075 laquitur
765 1009 831 1062 ad
867 1024 1048 1078 regem
1081 1025 1094 1063 :
1122 1007 1244 1062 Non
1268 1018 1317 1062 te
1339 1008 1556 1074 decipiat
1582 1005 1722 1062 Deus
1744 1020 1861 1061 tuus

193 1147 204 1156 ρ
258 1099 343 1173 (IV
379 1097 509 1170 Reg.
538 1115 626 1154 xix
647 1142 662 1163 ,
693 1103 804 1169 l0).
831 1099 1098 1172 Ponitque
1125 1101 1372 1170 exetnpla
1401 1101 1693 1170 ntajorum,
1715 1099 1860 1171 quod

256 1193 529 1264 quomodo
560 1208 785 1248 crateras
839 1206 1011 1249 terras
1061 1210 1168 1248 non
1220 1197 1491 1264 potuerim
1523 1194 1758 1249 liberare
1784 1191 1861 1247 dii

255 1300 335 1340 SUI
365 1289 433 1339 de
467 1289 724 1340 manibus
751 1301 940 1340 eorum
969 1303 982 1339 :
1013 1287 1093 1343 sic
1122 1301 1223 1341 nec
1246 1287 1549 1341 Jerusalem
1577 1287 1855 1340 liberetur.

257 1380 310 1435 In
343 1393 763 1436 enumeratione
805 1395 987 1437 autem
1035 1387 1280 1452 gentium
1335 1391 1658 1436 ca-teratum
1710 1379 1860 1450 ροιιὶι

257 1493 359 1533 sua
389 1477 542 1550 (Vm)
587 1490 640 1533 et
690 1494 797 1532 ΑγΑ
825 1481 1015 1548 (nm),
1045 1491 1182 1548 quas
1222 1475 1368 1532 LXX
1409 1487 1750 1531 miscuerunt
1778 1474 1862 1530 di-

256 1583 474 1634 centes,
501 1581 526 1606 υ
558 1585 876 1640 anavegava,
909 1569 1494 1640 euttjunctionentque,
1528 1577 1574 1622 et
1600 1609 1625 1633 ,ς
1650 1567 1700 1622 id
1733 1577 1819 1621 est
1841 1607 1858 1633 ,

251 1679 344 1717 t'alt
390 1662 536 1717 inter
579 1663 715 1716 duas
756 1669 950 1733 gentes
980 1662 1094 1714 Ana
1128 1672 1182 1716 et
1224 1661 1333 1716 Ara
1359 1704 1372 1728 ,
1411 1663 1589 1732 lingua
1626 1675 1860 1731 posuere

252 1757 474 1813 Ilvlnrea
504 1799 518 1822 ,
569 1765 630 1812 ut
660 1757 1037 1829 ignorantibus
1066 1774 1168 1812 una
1213 1773 1348 1829 gens
1381 1759 1636 1810 vidi-alur
1665 1765 1758 1809 aut
1790 1755 1858 1810 ci-

261 1851 421 1906 vitas.
456 1851 744 1907 Manifesta
782 1853 1203 1906 transcurrimus
1229 1893 1244 1916 ,
1283 1862 1340 1906 ut
1368 1852 1420 1904 in
1453 1850 1634 1904 duhiis
1667 1852 1858 1903 inmm-

1968 637 2205 697 Domine.
2235 637 2462 692 desertas
2495 644 2723 708 [cetram
2761 655 2905 710 reges
2931 639 3260 710 Assyriorum
3293 650 3476 703 terras,
3522 644 3572 692 et

1965 729 2202 799 regiones
2251 746 2426 782 earum
2469 744 2564 786 :et
2605 731 2861 786 dederunt
2902 732 3025 787 deos
3053 747 3235 786 earum
3278 731 3434 802 igni:
3466 744 3571 785 non

1965 821 2100 874 enim
2138 833 2284 875 erant
2312 823 2406 887 dii,
2459 828 2548 877 sed
2575 841 2734 896 opera
2763 833 3010 879 maimum
3040 822 3336 888 hominum,
3370 823 3570 895 lignum

1965 925 2010 968 et
2043 912 2249 985 lapides
2281 933 2300 971 :
2331 927 2378 972 et
2397 920 2814 973 comminuerunt
2837 935 2944 983 eos,
2971 920 3151 973 multis
3174 921 3437 991 probatur
3460 919 3572 972 his.

1965 1012 2143 1075 toriis,
2172 1026 2293 1081 qua:
2320 1013 2569 1066 scribunt
2596 1028 2752 1082 reges
2783 1013 3072 1070 Pet‘Sarum
3096 1015 3310 1068 venis.~e
3342 1015 3393 1068 in
3417 1011 3571 1068 Grae-

1963 1103 2129 1166 ciam,
2161 1119 2213 1157 ei
2247 1105 2584 1160 subvenisse
2613 1115 2778 1175 atque
2807 1107 3073 1175 Spoliasse
3107 1106 3306 1175 templa
3339 1104 3567 1160 Graeco-

1964 1211 2082 1250 rum
2112 1214 2123 1249 :
2161 1197 2532 1268 ultionemque
2581 1205 2841 1269 postulat,
2875 1211 2933 1256 ut
2976 1217 3080 1273 per
3105 1203 3452 1257 occasionem
3485 1199 3574 1260 sui

1963 1290 2145 1344 otnnia
2187 1307 2350 1362 regna
2381 1305 2714 1364 cognoscant
2742 1295 2888 1364 quod
2937 1297 3088 1351 solus
3138 1296 3209 1351 sit
3263 1296 3427 1363 Deus,
3477 1294 3571 1367 qui

1961 1389 2137 1456 possit.
2168 1401 2297 1441 suos
2323 1387 2392 1441 de
2413 1389 2738 1445 discrimine
2773 1390 3028 1446 liberare.

2035 1481 2053 1548 (
2077 1479 2308 1536 \’ers.‘2i
2345 1483 2527 1554 seqq.)
2563 1482 2711 1537 Misit
2737 1496 2912 1538 autem
2939 1483 3110 1539 Isaias
3139 1484 3252 1558 [AL
3284 1482 3484 1559 Josias]
3507 1485 3575 1557 ﬁ-

1964 1571 2064 1625 lius
2106 1573 2262 1626 Amos
2287 1574 2354 1628 ad
2389 1573 2665 1629 Ezechiam
2718 1578 2894 1630 dicens
2921 1593 2940 1631 :
2965 1575 3096 1632 Hice
3143 1577 3269 1632 dicit
3320 1576 3574 1634 Dominus

1964 1663 2103 1718 Deus
2136 1663 2348 1721 Israel:
2380 1684 2474 1737 pro
2518 1669 2702 1740 quibus
2743 1680 2938 1740 rogasti
2972 1686 3052 1724 me
3101 1671 3162 1724 d:
3218 1669 3577 1727 Sennaclterib

1962 1772 2081 1825 rege
2110 1759 2466 1829 Assyriorum,
2497 1759 2594 1813 hoc
2614 1772 2689 1814 est
2721 1763 2932 1820 verbum
2954 1767 3093 1832 quod
3134 1761 3339 1817 loeutus
3361 1772 3437 1818 est
3463 1761 3570 1816 Do-

1963 1851 2132 1904 minus
2155 1868 2316 1919 super
2340 1868 2498 1907 eum:
2526 1852 2770 1925 Despexit
2803 1866 2850 1908 te
2877 1863 2922 1907 et
2961 1853 3290 1909 subsannauit
3343 1864 3392 1910 te
3434 1856 3579 1928 virgo

251 1961 454 2001 remur.
478 1946 754 2014 Puguasse
779 1962 960 2000 autem
988 1944 1362 2002 Senttachexih
1387 1962 1569 2015 regem
1604 1947 1859 2016 Assyrio-
1889 1960 1937 2021 Β
1963 1942 2076 2013 [alia
2105 1946 2235 2001 Sion
2262 1962 2281 1999 :
2327 1956 2442 2016 post
2480 1945 2588 2018 [AL
2626 1946 2921 2022 propterea]
2961 1961 3009 2003 te
3046 1959 3205 2018 caput
3257 1953 3411 2003 mouit
3462 1948 3578 2019 ﬁlia

250 2054 370 2094 rum
388 2054 578 2094 Contra
604 2037 917 2112 Egyptius,
940 2046 996 2092 et
1017 2039 1300 2095 obsedisse
1314 2038 1591 2093 Pelttsimtt
1611 2039 1860 2107 :jatttqtte

249 2133 542 2190 ex~truCIis
557 2132 846 2204 aggeribus
861 2134 978 2186 urbi
1003 2132 1303 2200 capiendae,
1332 2132 1545 2187 venisse
1558 2129 1857 2186 Taracham

254 2245 443 2298 regem
477 2228 802 2300 Etltiopunt
849 2231 899 2281 in
930 2228 1192 2282 auxilium
1223 2268 1239 2292 ,
1278 2239 1331 2282 et
1383 2242 1484 2279 una
1517 2236 1675 2280 nocte
1706 2225 1857 2295 juxta

245 2324 554 2381 Jerusalem
578 2333 797 2378 centum
826 2322 1104 2392 octoginta
1129 2321 1370 2392 quinque
1389 2319 1557 2374 millia
1585 2318 1861 2373 exercitus

249 2417 461 2490 Assyrii
498 2417 806 2484 pestilentia
844 2417 1150 2480 eorruisse,
1178 2426 1360 2471 narrat
1387 2414 1724 2481 lterodotus,
1755 2411 1781 2451 δ
1805 2421 1863 2468 et

256 2510 574 2582 plenissime
616 2512 877 2574 Berosus,
928 2508 1234 2566 Chaldaicie
1290 2510 1526 2578 scriptor
1581 2509 1856 2572 historia},

251 2621 487 2675 quorum
521 2604 656 2660 lides
686 2603 755 2658 de
791 2603 1029 2674 proptiis
1065 2603 1218 2657 libris
1241 2602 1470 2673 petenda
1494 2611 1596 2656 est.

325 2700 523 2774 (Vers.
560 2699 625 2754 14
649 2704 840 2769 seqq.)
871 2697 937 2753 Et
971 2698 1088 2752 tulit
1125 2696 1375 2751 Ezechias
1406 2696 1564 2749 libros
1596 2694 1660 2749 de
1687 2710 1851 2748 manu

252 2806 581 2856 nimborum,
610 2802 658 2848 et
685 2793 810 2863 legit
832 2808 919 2846 eos
947 2808 966 2846 :
993 2801 1040 2844 et
1064 2793 1296 2845 ascendit
1313 2790 1366 2844 in
1393 2790 1603 2844 domum
1625 2785 1859 2854 Domini,

247 2896 304 2942 Et
331 2891 580 2960 expandit
611 2903 700 2942 eos
730 2902 907 2940 coram
938 2885 1179 2949 Domino,
1209 2894 1255 2938 rt
1275 2883 1437 2938 oravit
1480 2883 1549 2937 ad
1583 2881 1864 2935 Dominum

250 2982 472 3036 dicens:
505 2980 746 3048 Domine,
779 2981 1098 3034 exercituum
1152 2977 1289 3032 Deus
1350 2975 1539 3040 Israel,
1589 2991 1674 3045 qut
1722 2975 1865 3028 sedes

250 3092 410 3147 supn'
446 3074 741 3139 Cherubim,
773 3083 827 3128 tu
858 3092 909 3129 es
958 3073 1096 3129 Deus
1137 3075 1280 3129 solus
1311 3075 1543 3126 onmium
1590 3087 1865 3145 regnorum

252 3178 408 3222 terra:
441 3182 460 3222 :
493 3178 546 3221 tu
575 3170 714 3221 enim
743 3166 914 3237 fecisti
959 3168 1142 3220 mlum
1185 3176 1232 3220 et
1262 3176 1469 3220 terram.
1501 3162 1728 3228 Inclina,
1758 3161 1868 3218 Do-

252 3262 427 3326 mine,
481 3277 660 3316 aurem
711 3271 854 3315 tuam
886 3271 934 3314 et
965 3259 1092 3314 audi
1142 3275 1160 3314 :
1207 3261 1382 3326 aperi,
1416 3257 1658 3323 Domine,
1690 3255 1867 3312 oculos

1961 2036 2274 2094 Jerusalem.
2312 2037 2411 2094 Cui
2439 2041 2785 2111 exprobrasti,
2816 2053 2864 2095 et
2887 2058 3038 2114 quem
3079 2042 3479 2116 blasplirmasti,
3524 2053 3577 2100 et

1961 2149 2116 2205 super
2137 2150 2287 2205 quem
2313 2136 2555 2190 exaltasti
2585 2151 2756 2190 vocem
2784 2148 2946 2194 tuam.
2978 2151 3026 2192 et
3049 2139 3222 2192 levasti
3245 2138 3574 2194 altitudinem

1961 2226 2230 2281 oculorum
2259 2238 2478 2288 tuorum.
2511 2232 2580 2282 ad
2616 2230 2866 2286 Sanctum
2913 2230 3130 2289 Israel?
3161 2233 3228 2288 In
3261 2250 3416 2288 manu
3453 2250 3569 2289 ser-

1961 2333 2140 2372 vorum
2164 2328 2370 2374 tuorum
2392 2321 2716 2390 explobrasti
2751 2322 2976 2378 Domino
2997 2337 3044 2379 et
3068 2328 3250 2381 dixisti
3277 2342 3298 2382 :
3330 2325 3396 2380 In
3436 2323 3574 2381 mul-

1961 2410 2185 2465 titudine
2213 2412 2590 2487 quadrigarum
2622 2430 2851 2470 mearum
2881 2432 2977 2490 ego
3003 2419 3219 2473 aseendi
3245 2417 3352 2492 [ΑΙ.
3383 2434 3570 2474 ascen-

1961 2499 2106 2574 dam]
2139 2502 2466 2559 altitudinem
2497 2510 2771 2572 montium,
2795 2511 2932 2581 jnga
2981 2507 3184 2574 Libani,
3212 2519 3259 2563 et
3306 2514 3573 2566 succidam

1963 2599 2165 2651 exaelsa
2193 2599 2465 2652 cedrmum
2501 2603 2638 2673 ejus,
2692 2608 2741 2654 et
2765 2603 2952 2656 electas
2981 2602 3174 2657 abicies
3215 2603 3378 2662 illius.
3407 2602 3571 2676 “3

1963 2698 2010 2744 et
2037 2691 2266 2746 introibd
2289 2690 2622 2746 altitudinem
2651 2696 2963 2748 sumntilatis
2986 2698 3102 2768 ejus
3129 2695 3317 2750 saltum
3342 2693 3572 2750 Carmeli

1964 2785 2095 2855 ejus.
2122 2781 2236 2857 Ego
2260 2786 2389 2852 fodi,
2421 2795 2469 2838 et
2489 2785 2585 2840 btb.
2616 2803 2809 2859 aquam
2831 2804 2850 2842 :
2878 2798 2924 2843 et
2955 2791 3204 2844 exsiccant
3236 2791 3446 2862 restgio
3474 2807 3571 2864 pe-

1966 2876 2046 2930 dis
2073 2879 2168 2930 mei
2191 2894 2364 2933 omnes
2389 2881 2522 2932 rivos
2551 2897 2816 2954 aggerum.
2839 2881 2975 2951 Quia
3005 2893 3112 2937 tam
3142 2883 3403 2938 audacter
3432 2883 3572 2939 Eze-

1965 2968 2116 3024 chias
2145 2970 2434 3025 Demittunt
2464 2979 2788 3043 deprecatus
2809 2985 2916 3040 est,
2949 2990 3048 3031 nec
3078 2975 3224 3030 misit
3252 2977 3318 3031 ad
3353 2977 3574 3046 Isaiam,

1969 3071 2027 3117 tit
2055 3065 2202 3128 prius
2233 3067 2474 3129 miserat,
2507 3083 2616 3123 non
2648 3069 2762 3138 ipse
2791 3067 3058 3139 Propheta
3090 3071 3266 3141 pergit
3307 3069 3375 3125 ad
3421 3087 3569 3137 eittn,
3633 3132 3652 3143 ι

1968 3158 2064 3213 sed
2087 3160 2248 3214 mittit
2283 3160 2504 3217 nuntios
2527 3163 2618 3232 qui
2652 3162 2701 3217 ei
2734 3162 2982 3218 dicerent
3013 3168 3198 3219 vc-rlns
3222 3161 3316 3218 Dei
3352 3181 3367 3218 :
3396 3160 3574 3233 Super

1969 3251 2346 3309 Sennacherih
2373 3266 2564 3309 contra
2596 3271 2755 3324 quem
2793 3272 2985 3326 rogas,
3029 3256 3242 3310 Domini
3293 3257 3392 3311 ista
3447 3270 3570 3312 seu-

255 3368 396 3424 tuos,
425 3368 475 3414 et
518 3359 634 3414 uide
657 3399 672 3423 ,
704 3367 752 3412 et
799 3359 922 3410 audi
950 3360 1124 3410 ontnia
1171 3356 1324 3410 verba
1364 3354 1713 3410 Setinacherib
1753 3368 1869 3425 (μιαν
1897 3359 1943 3424 C
1975 3349 2146 3402 tentia
2173 3360 2257 3401 est
2289 3367 2302 3404 :
2335 3348 2499 3420 Virgo
2530 3349 2684 3416 Sion,
2712 3361 2766 3404 et
2790 3351 2900 3404 lilia
2933 3349 3236 3405 Jerusalem
3258 3353 3417 3420 .(qute
3449 3349 3573 3407 ideo

253 3453 398 3506 misit
429 3452 499 3504 ad
521 3448 989 3518 blasphemandum
1041 3447 1207 3502 Deum
1235 3451 1500 3503 viventem.
1533 3445 1696 3519 “2
1734 3445 1864 3500 Vere

252 3549 411 3610 enim,
445 3543 688 3608 Domine,
721 3549 950 3598 desertas
977 3548 1209 3613 fecerunt
1231 3559 1374 3617 reges
1398 3542 1729 3612 Assyriorum
1764 3553 1864 3594 ter-

253 3653 342 3692 ras
374 3649 422 3692 et
457 3640 688 3708 regiones
712 3653 890 3692 earum
920 3653 938 3692 :
969 3647 1017 3691 et
1047 3637 1297 3690 dederunt
1327 3639 1453 3691 deos
1499 3652 1677 3690 earum
1705 3636 1813 3708 igni
1844 3651 1862 3688 :

254 3751 358 3788 non
399 3733 536 3787 enim
566 3744 712 3787 erant
753 3733 848 3796 dii,
883 3736 973 3787 sed
1001 3749 1160 3804 opera
1188 3747 1434 3785 manuum
1463 3731 1747 3788 hominum.
1801 3731 1868 3784 li-

252 3844 417 3898 gnum
445 3837 493 3880 et
525 3827 764 3894 lapides;
793 3836 841 3878 et
878 3826 1296 3880 comminuerunt
1330 3842 1437 3878 eos.
1472 3822 1540 3878 Et
1588 3840 1726 3878 nunc
1754 3822 1861 3877 Du-

254 3925 399 3974 mine
430 3918 572 3974 Deus
605 3931 796 3986 noster,
826 3919 970 3973 salva
994 3936 1088 3973 nos
1120 3917 1184 3972 de
1207 3935 1366 3972 manu
1394 3921 1507 3990 ejus
1534 3935 1551 3972 :
1581 3926 1630 3971 et
1650 3933 1867 3990 mgnas-

256 4031 375 4072 cant
406 4016 582 4071 omnia
607 4032 766 4086 regna
789 4025 959 4074 terrte.
993 4014 1116 4084 quia
1144 4024 1197 4066 tu
1229 4030 1280 4068 es
1306 4010 1443 4066 Deus
1466 4010 1630 4066 solus.
1662 4009 1864 4066 Contra

250 4113 635 4172 Setmacberib
660 4117 804 4184 regis
836 4111 1210 4181 blaSpnemias
1237 4105 1394 4162 Solita
1428 4104 1690 4160 Ezechias
1712 4118 1864 4159 artua

249 4209 550 4281 Corripuit.
587 4207 932 4274 Rur~umque
971 4205 1150 4274 pergit
1176 4201 1242 4256 ad
1273 4200 1596 4270 Templum,
1645 4208 1702 4254 et
1743 4197 1868 4266 Epi-

249 4307 432 4361 stolas
462 4303 582 4372 ejus
609 4301 869 4368 extrandit
898 4315 1080 4355 ceram
1125 4303 1373 4352 llOIIIlllt).
1409 4299 1566 4350 Prius
1598 4304 1862 4361 tacuerat,

254 4414 365 4453 non
420 4397 570 4452 enim
626 4394 859 4450 audebat
914 4393 1126 4447 Domini
1183 4394 1378 4444 timore
1433 4396 1760 4458 perterritus
1812 4386 1865 4443 in

252 4493 504 4564 Temple
534 4506 629 4545 ora
675 4504 956 4552 reserare,
991 4502 1094 4542 nec
1138 4486 1338 4541 liberas
1365 4485 1431 4537 ad
1482 4485 1650 4540 Deum
1681 4498 1868 4554 preces

251 4587 519 4644 fundere.
551 4586 704 4642 Nunc
742 4595 923 4641 autem
955 4581 1082 4655 quia
1107 4581 1218 4650 jam
1249 4578 1498 4634 audierat
1548 4578 1738 4634 Isaiam
1782 4578 1868 4633 di-

249 4692 478 4739 centeni
516 4697 530 4733 :
565 4678 650 4734 Ne
687 4681 868 4734 timeas
906 4694 938 4730 a
992 4678 1125 4747 facie
1164 4676 1429 4728 uerborum
1470 4688 1586 4742 quae
1630 4671 1862 4740 audisti,

1968 3443 2118 3512 virgo
2145 3444 2452 3513 δρυιιιιειιιη·
2482 3454 2536 3500 et
2565 3446 2697 3509 lilia,
2725 3445 2850 3514 quia
2880 3440 3095 3501 cunctis
3125 3447 3381 3516 gentibus
3406 3451 3577 3502 simu-

1968 3537 2112 3592 lat-ra
2161 3538 2516 3594 adurentibus
2560 3540 2840 3596 hominum
2887 3549 3252 3609 mortuorum,
3287 3541 3405 3597 haec
3453 3542 3570 3596 sola

1967 3643 2257 3686 ρουειοννυι
2285 3631 2594 3687 castitatem
2622 3633 2905 3705 religionis
2935 3633 3053 3701 Dei,
3091 3649 3144 3690 et
3190 3637 3347 3690 unius
3377 3633 3576 3690 divini-

1971 3736 2096 3780 tatis
2125 3728 2354 3798 cultum)
2385 3730 2734 3782 Subsattnavit
2769 3741 2820 3784 te
2852 3740 3016 3800 atque
3045 3730 3332 3800 dCSpexit;
3363 3741 3416 3785 et
3449 3746 3574 3802 qua:

1969 3835 2038 3875 ne
2061 3820 2127 3874 ad
2155 3821 2416 3891 majorem
2447 3834 2498 3878 te
2523 3822 2913 3893 hlaSphemiam
2941 3825 3267 3890 coactat-ct,
3309 3825 3564 3895 priest-nti

1968 3930 2076 3970 non
2108 3916 2482 3985 responderat,
2520 3925 2642 3987 post
2667 3917 2960 3973 abeuntem
2996 3919 3165 3973 movit
3193 3928 3357 3990 caput
3385 3935 3575 3986 suum,

1968 4019 2115 4064 cet-ta
2147 4009 2214 4064 de
2240 4013 2468 4075 ultione,
2492 4025 2683 4066 secura
2707 4012 2777 4067 de
2804 4027 2981 4087 mena.
3010 4012 3076 4068 Et
3107 4013 3222 4069 haec
3244 4013 3429 4069 locuta
3453 4023 3571 4071 est:

1968 4101 2084 4158 Non
2136 4113 2326 4160 contra
2375 4120 2482 4168 me,
2516 4105 2612 4161 sed
2661 4113 2848 4162 c0ntra
2900 4106 3190 4163 Dominum
3225 4108 3574 4179 superbisti:

1971 4213 2069 4253 nec
2093 4198 2210 4265 ipse
2243 4215 2339 4269 per
2369 4207 2448 4264 te,
2473 4198 2571 4256 sed
2611 4215 2708 4269 per
2733 4215 2926 4255 servos
2949 4210 3073 4257 tuos
3095 4241 3111 4264 .
3141 4209 3201 4258 ut
3228 4202 3403 4273 major
3431 4210 3582 4260 esset

1971 4296 2282 4365 arrogantia
2319 4306 2340 4334 α
2371 4295 2824 4365 blasphemantis.
2879 4294 3068 4351 ltixtsﬁ
3125 4297 3270 4351 enim
3328 4296 3472 4365 quod
3522 4295 3576 4353 in

1971 4387 2355 4458 quadrigarum
2400 4400 2616 4444 luarutn
2651 4388 3002 4443 multitudine
3031 4390 3362 4446 ascenderes
3389 4392 3580 4445 altitu-

1971 4480 2153 4536 dinem
2185 4480 2473 4548 moulium,
2501 4480 2703 4552 etjuga
2737 4481 2952 4552 Libani,
2997 4493 3047 4538 et
3102 4481 3354 4539 excelsas
3403 4482 3585 4538 succi-

1971 4572 2134 4630 deres
2161 4575 2358 4629 i-edros
2381 4586 2542 4645 atque
2572 4573 2782 4628 abietes
2814 4573 2979 4631 illius.
3011 4574 3165 4642 Quod
3198 4575 3289 4631 vel
3317 4575 3386 4630 de
3415 4590 3582 4631 cunc-

1974 4665 2042 4719 tis
2072 4667 2324 4737 gentibus
2353 4673 2704 4743 μεταφορικῶς
2745 4665 3198 4738 principibusque
3243 4683 3433 4724 earum
3481 4668 3580 4724 de-

248 4778 454 4849 quibus
486 4773 972 4845 blasphemaverunt
1018 4768 1165 4838 pueri
1207 4766 1344 4839 regis
1386 4767 1723 4838 Assyriorum
1767 4780 1868 4830 nte,
1901 4765 1952 4826 D
1977 4763 2170 4819 bemus
2209 4763 2482 4830 accipere,
2518 4763 2602 4816 vel
2645 4763 2714 4816 de
2739 4759 3067 4819 Jerusalem.
3101 4778 3226 4832 qua:
3257 4763 3582 4834 inter-prem.

250 4885 308 4931 et.
333 4885 545 4928 caetera
578 4887 591 4924 :
621 4869 881 4925 audacter
913 4866 1198 4922 Dominum
1225 4870 1574 4932 deprecatur,
1604 4869 1662 4915 et.
1687 4860 1866 4915 solum

252 4968 440 5024 Deum
475 4964 675 5020 asserit
701 4977 822 5019 esse
853 4959 1122 5015 virentem
1150 4974 1164 5012 :
1196 4972 1317 5027 quae
1346 4953 1491 5008 idola
1518 4950 1870 5022 intelligimus

323 5139 351 5170 ⁸
381 5133 448 5188 In
479 5144 590 5184 uno
618 5126 793 5182 Vatic.
825 5133 914 5182 est
945 5139 1208 5196 aneagara
1234 5137 1252 5177 :
1282 5115 1730 5196 codicesGraaci
1754 5119 1881 5173 ἀνα·

245 5206 527 5278 your/autat,
560 5214 914 5278 auagugana:
961 5191 1149 5278 stt-que
1197 5197 1326 5266 ltgll.
1371 5193 1661 5278 Eusebius:
1703 5191 1881 5278 Atque

247 5266 530 5333 Ῐωιῖντειιι
565 5266 709 5326 unde
737 5266 975 5342 prauitare
1007 5271 1320 5342 lectionem,
1367 5268 1410 5319 si
1445 5266 1882 5342 diceretanagtt-r

247 5366 416 5422 gava,
445 5347 537 5401 ubi
560 5334 802 5422 maxima
830 5365 863 5398 υ
889 5341 942 5396 in
965 5364 991 5395 ν
1014 5339 1317 5394 similitudo
1345 5339 1673 5405 exscrtptori
1708 5334 1882 5387 lraudi

248 5416 386 5479 csse
422 5416 687 5490 putuit.4
763 5489 767 5490 γ
855 5486 880 5490 μ
1031 5484 1042 5490 _
1132 5484 1165 5490 __
1285 5481 1330 5490 __
1593 5478 1603 5490 .

324 5495 356 5535 δ
423 5476 689 5545 Herodoti
739 5489 808 5542 de
848 5484 1220 5543 Senacheribo
1261 5481 1557 5556 Ecyptum
1593 5476 1883 5556 inm-dente

251 5563 647 5633 testimonium
697 5559 868 5633 habes
914 5558 1008 5612 ltb.
1044 5571 1267 5633 tt,_c:tp_.
1318 5553 1440 5608 141.
1478 5553 1662 5633 Berosi
1695 5559 1876 5633 autern

248 5632 664 5693 ChaltIu-ivetb
682 5656 692 5679 1
713 5631 988 5698 Josepttus
1011 5621 1184 5682 laudat
1209 5621 1302 5682 lib.
1324 5642 1354 5679 κ
1379 5621 1644 5698 Antiqnit.
1673 5635 1794 5686 Cap.
1825 5621 1877 5684 1,

250 5727 308 5765 n.
347 5707 387 5762 4
443 5723 563 5774 qttzt-
593 5707 672 5758 sic
706 5693 895 5775 Latine
922 5718 983 5756 se
1017 5703 1219 5755 habent
1247 5693 1678 5775 :“Senacltertbns
1709 5706 1884 5775 autem

248 5781 319 5836 ab
357 5769 688 5849 gyptiaco
713 5773 848 5830 bel-o
887 5770 1418 5849 revertens,_o]7'endit
1451 5769 1522 5821 ibi
1572 5769 1878 5849 exercitum,

248 5867 422 5926 quem
447 5836 539 5903 iii
561 5847 831 5926 _liapsacis
862 5847 1080 5926 imperio
1117 5836 1426 5914 reliquerat,
1467 5849 1606 5912 peste
1634 5836 1882 5926 divinitus

248 5911 508 5981 immissa
537 5911 786 5980 delelum.
817 5911 984 5990 prima
1011 5931 1180 5980 nocte,
1216 5911 1550 5990 posteaquam
1583 5911 1762 5990 urbem
1790 5925 1884 5990 op-

249 5980 516 6073 pugnare
560 5980 828 6065 mperat;
860 5990 1148 6060 absumptis
1190 5980 1310 6042 cum
1339 5980 1558 6042 ducibus
1579 5991 1632 6037 et
1662 5980 1882 6036 tribunis

1980 4868 2066 4913 tur
2098 4857 2355 4925 Libanns,
2389 4867 2445 4913 ut
2473 4857 2670 4912 ccdros
2697 4855 2820 4926 ejus
2843 4869 3010 4924 atque
3035 4857 3248 4914 abicies
3285 4861 3352 4914 ad
3386 4870 3582 4930 poten-

1981 4958 2064 5005 tes
2102 4966 2348 5021 quosque
2374 4959 2431 5006 et
2457 4957 2752 5022 optimates
2779 4967 2792 5004 :
2821 4949 3165 5008 altitudinem
3200 4968 3331 5008 vero
3359 4952 3585 5009 sutnmi-

1982 5128 2186 5170 centum
2215 5119 2475 5187 octoginta
2503 5115 2728 5186 quinque
2758 5115 2988 5170 millibus
3023 5115 3266 5171 militum.
3295 5115 3409 5183 Qua
3437 5113 3586 5173 clade

1983 5192 2214 5252 territus,
2245 5194 2366 5242 etde
2394 5190 2606 5256 reliquis
2631 5192 2793 5260 copiis
2820 5190 3098 5255 sollieitus,
3123 5190 3361 5244 niaximis
3392 5189 3588 5243 itineri-

1985 5260 2077 5313 bus
2100 5263 2152 5313 in
2185 5276 2403 5331 regnum
2431 5277 2576 5314 suum
2611 5261 2874 5314 contendit
2908 5260 2976 5313 ad
3006 5266 3198 5330 regium
3220 5302 3235 5324 ,
3267 5275 3384 5331 gate
3414 5259 3588 5316 Ninus

1985 5333 2178 5386 dicitur
2238 5330 2334 5387 Ubi
2366 5337 2524 5401 paulo
2572 5342 2683 5404 post
2735 5351 2825 5404 per
2867 5333 3087 5386 insidias
3114 5330 3374 5388 seniorum
3406 5351 3434 5385 e
3458 5334 3586 5402 ﬁliis

1982 5406 2091 5459 suis
2113 5445 2128 5470 ,
2163 5406 2284 5457 Adrr
2309 5405 2522 5458 melechi
2543 5419 2588 5458 et
2614 5405 2916 5470 Selennari,
2953 5408 3108 5457 vitam
3147 5406 3353 5467 antisit,
3387 5406 3587 5460 occisus

1984 5487 2030 5530 et
2054 5478 2104 5529 in
2125 5475 2236 5542 ipso
2257 5480 2490 5547 sepultus
2517 5481 2712 5548 templo
2738 5476 2938 5531 Arasci.
2974 5493 3123 5546 quem
3155 5478 3416 5548 pra’cipuo
3441 5475 3588 5531 cultu

1985 5546 2322 5621 dignabatur.
2357 5549 2553 5615 Quibus
2579 5546 2641 5601 ob
2671 5549 3009 5621 parricidium
3031 5567 3062 5621 a
3095 5546 3431 5621 popularibus
3463 5549 3586 5617 pul-

1982 5619 2077 5683 sis,
2105 5638 2146 5675 et
2180 5623 2234 5674 in
2277 5622 2571 5673 Armenium
2613 5620 2976 5691 fugientibus,
3003 5619 3392 5673 Assararltodas
3420 5622 3590 5674 minor

1985 5693 2126 5768 filius
2158 5694 2209 5746 in
2233 5689 2741 5768 regnunrsumesslt.
2770 5690 2934 5768 Atque
2957 5689 3041 5743 hic
3071 5693 3169 5760 [uit
3198 5692 3350 5768 hujus
3377 5692 3591 5764 expedi-

1984 5764 2139 5820 tionis
2188 5761 2374 5819 exitus.
2428 5765 2632 5820 Cunl‘er
2677 5761 2958 5819 Usserium
3007 5778 3224 5834 quoque
3264 5761 3339 5818 ad
3381 5761 3589 5822 tinuum

1986 5840 2170 5891 mundi
2201 5834 2346 5890 411114

2063 5917 2087 5948 ο
2128 5911 2374 5983 texerat
2400 5907 2528 5983 olim
2561 5906 2843 5983 Bahanus,
2869 5915 2928 5963 ut
2954 5909 3123 5983 major
3168 5916 3303 5966 esset
3327 5923 3586 5982 arrogan-

1988 5979 2080 6046 tia,
2113 5978 2398 6037 Dominum
2426 5980 2817 6052 blaspltemasti.
