  <div class='ocr_page' id='page_1' title='image "/cluster/home/n/w/nwhite01/storage/ocr_20150623/24/hvd.32044015471386/199.png"; bbox 0 0 4004 6862; ppageno 0'>
   <div class='ocr_carea' id='block_1_1' title="bbox 482 426 631 507">
    <p class='ocr_par' dir='ltr' id='par_1_1' title="bbox 482 426 631 507">
     <span class='ocr_line' id='line_1_1' title="bbox 482 426 631 507; baseline -0.013 0"><span class='ocrx_word' id='word_1_1' title='bbox 482 426 499 475; x_wconf 73' lang='grc' dir='ltr'><strong><em>ί</em></strong></span> <span class='ocrx_word' id='word_1_2' title='bbox 524 437 631 507; x_wconf 72' lang='lat'><strong>387</strong></span> 
     </span>
    </p>
   </div>
   <div class='ocr_carea' id='block_1_2' title="bbox 1773 436 2579 508">
    <p class='ocr_par' dir='ltr' id='par_1_2' title="bbox 1773 436 2579 508">
     <span class='ocr_line' id='line_1_2' title="bbox 1773 436 2579 508; baseline 0 -1"><span class='ocrx_word' id='word_1_3' title='bbox 1773 449 1832 507; x_wconf 90' lang='lat' dir='ltr'><strong>s.</strong></span> <span class='ocrx_word' id='word_1_4' title='bbox 1878 436 2152 508; x_wconf 67' lang='lat' dir='ltr'><strong>absenti</strong></span> <span class='ocrx_word' id='word_1_5' title='bbox 2190 440 2579 507; x_wconf 67' lang='lat' dir='ltr'><strong>BlERUM‘ttl</strong></span> 
     </span>
    </p>
   </div>
   <div class='ocr_carea' id='block_1_3' title="bbox 3672 458 3754 520">
    <p class='ocr_par' dir='ltr' id='par_1_3' title="bbox 3672 458 3754 520">
     <span class='ocr_line' id='line_1_3' title="bbox 3672 458 3754 520; baseline 0.037 -4"><span class='ocrx_word' id='word_1_6' title='bbox 3672 458 3754 520; x_wconf 75' lang='grc' dir='ltr'><strong>εεε</strong></span> 
     </span>
    </p>
   </div>
   <div class='ocr_carea' id='block_1_4' title="bbox 479 564 3754 647">
    <p class='ocr_par' dir='ltr' id='par_1_4' title="bbox 479 564 3754 647">
     <span class='ocr_line' id='line_1_4' title="bbox 479 564 3754 647; baseline 0.003 -24"><span class='ocrx_word' id='word_1_7' title='bbox 479 580 485 589; x_wconf 86' lang='lat'><strong><em>&#39;</em></strong></span> <span class='ocrx_word' id='word_1_8' title='bbox 515 567 646 624; x_wconf 84' lang='lat' dir='ltr'><strong>tatis</strong></span> <span class='ocrx_word' id='word_1_9' title='bbox 667 566 1135 638; x_wconf 83' lang='lat' dir='ltr'><strong>illiussaltumque</strong></span> <span class='ocrx_word' id='word_1_10' title='bbox 1149 565 1387 623; x_wconf 80' lang='lat' dir='ltr'><strong>Carmeli</strong></span> <span class='ocrx_word' id='word_1_11' title='bbox 1406 565 1708 623; x_wconf 87' lang='lat' dir='ltr'><strong>referamus</strong></span> <span class='ocrx_word' id='word_1_12' title='bbox 1729 566 1795 622; x_wconf 88' lang='lat' dir='ltr'><strong>ad</strong></span> <span class='ocrx_word' id='word_1_13' title='bbox 1815 564 2120 638; x_wconf 81' lang='lat' dir='ltr'><strong>Templum.</strong></span> <span class='ocrx_word' id='word_1_14' title='bbox 2150 565 2207 629; x_wconf 78' lang='grc' dir='ltr'><strong>Α</strong></span> <span class='ocrx_word' id='word_1_15' title='bbox 2230 564 2297 622; x_wconf 79' lang='lat' dir='ltr'><strong>In</strong></span> <span class='ocrx_word' id='word_1_16' title='bbox 2324 566 2469 637; x_wconf 79' lang='lat' dir='ltr'><strong>freno</strong></span> <span class='ocrx_word' id='word_1_17' title='bbox 2492 576 2541 622; x_wconf 89' lang='lat' dir='ltr'><strong>et</strong></span> <span class='ocrx_word' id='word_1_18' title='bbox 2565 567 2751 622; x_wconf 78' lang='lat' dir='ltr'><strong>rhanio</strong></span> <span class='ocrx_word' id='word_1_19' title='bbox 2778 566 3023 625; x_wconf 76' lang='lat' dir='ltr'><strong>maxillas</strong></span> <span class='ocrx_word' id='word_1_20' title='bbox 3052 583 3230 625; x_wconf 87' lang='lat' dir='ltr'><strong>eorum</strong></span> <span class='ocrx_word' id='word_1_21' title='bbox 3262 570 3550 645; x_wconf 84' lang='lat' dir='ltr'><strong>constringe,</strong></span> <span class='ocrx_word' id='word_1_22' title='bbox 3574 576 3649 647; x_wconf 85' lang='lat' dir='ltr'><strong>qui</strong></span> <span class='ocrx_word' id='word_1_23' title='bbox 3673 593 3754 633; x_wconf 85' lang='lat' dir='ltr'><strong>non</strong></span> 
     </span>
    </p>
   </div>
   <div class='ocr_carea' id='block_1_5' title="bbox 515 657 2119 733">
    <p class='ocr_par' dir='ltr' id='par_1_5' title="bbox 515 657 2119 733">
     <span class='ocr_line' id='line_1_5' title="bbox 515 657 2119 733; baseline 0 -18"><span class='ocrx_word' id='word_1_24' title='bbox 515 658 638 729; x_wconf 83' lang='lat' dir='ltr'><strong>Ipse</strong></span> <span class='ocrx_word' id='word_1_25' title='bbox 665 659 810 715; x_wconf 90' lang='lat' dir='ltr'><strong>enim</strong></span> <span class='ocrx_word' id='word_1_26' title='bbox 842 673 1003 729; x_wconf 83' lang='lat' dir='ltr'><strong>supra</strong></span> <span class='ocrx_word' id='word_1_27' title='bbox 1033 659 1250 715; x_wconf 72' lang='lat' dir='ltr'><strong>dixerat</strong></span> <span class='ocrx_word' id='word_1_28' title='bbox 1280 678 1293 716; x_wconf 91' lang='lat'>:</span> <span class='ocrx_word' id='word_1_29' title='bbox 1324 657 1598 733; x_wconf 78' lang='lat' dir='ltr'><strong>Numquid</strong></span> <span class='ocrx_word' id='word_1_30' title='bbox 1625 676 1728 716; x_wconf 91' lang='lat' dir='ltr'><strong>non</strong></span> <span class='ocrx_word' id='word_1_31' title='bbox 1768 659 1962 716; x_wconf 75' lang='lat' dir='ltr'><strong>audisti</strong></span> <span class='ocrx_word' id='word_1_32' title='bbox 2001 676 2119 732; x_wconf 79' lang='lat' dir='ltr'><strong>qua:</strong></span> 
     </span>
    </p>
   </div>
   <div class='ocr_carea' id='block_1_6' title="bbox 514 753 2118 828">
    <p class='ocr_par' dir='ltr' id='par_1_6' title="bbox 514 753 2118 828">
     <span class='ocr_line' id='line_1_6' title="bbox 514 753 2118 828; baseline -0.001 -20"><span class='ocrx_word' id='word_1_33' title='bbox 514 755 745 826; x_wconf 82' lang='lat' dir='ltr'><strong>fecerunt</strong></span> <span class='ocrx_word' id='word_1_34' title='bbox 775 768 920 828; x_wconf 85' lang='lat' dir='ltr'><strong>reges</strong></span> <span class='ocrx_word' id='word_1_35' title='bbox 965 754 1298 827; x_wconf 72' lang='lat' dir='ltr'><strong>Assyriorum</strong></span> <span class='ocrx_word' id='word_1_36' title='bbox 1326 754 1562 810; x_wconf 84' lang='lat' dir='ltr'><strong>omnibus</strong></span> <span class='ocrx_word' id='word_1_37' title='bbox 1592 755 1776 822; x_wconf 88' lang='lat' dir='ltr'><strong>terris,</strong></span> <span class='ocrx_word' id='word_1_38' title='bbox 1822 770 1949 825; x_wconf 88' lang='lat' dir='ltr'><strong>quas</strong></span> <span class='ocrx_word' id='word_1_39' title='bbox 1996 753 2118 808; x_wconf 83' lang='lat' dir='ltr'><strong>sub—</strong></span> 
     </span>
    </p>
   </div>
   <div class='ocr_carea' id='block_1_7' title="bbox 514 845 2118 920">
    <p class='ocr_par' dir='ltr' id='par_1_7' title="bbox 514 845 2118 920">
     <span class='ocr_line' id='line_1_7' title="bbox 514 845 2118 920; baseline 0.001 -21"><span class='ocrx_word' id='word_1_40' title='bbox 514 845 810 901; x_wconf 71' lang='lat' dir='ltr'><strong>vertcrunt?</strong></span> <span class='ocrx_word' id='word_1_41' title='bbox 834 862 965 918; x_wconf 81' lang='lat' dir='ltr'><strong>ergo</strong></span> <span class='ocrx_word' id='word_1_42' title='bbox 998 860 1097 903; x_wconf 87' lang='lat' dir='ltr'><strong>nec</strong></span> <span class='ocrx_word' id='word_1_43' title='bbox 1128 856 1184 902; x_wconf 89' lang='lat' dir='ltr'><strong>tu</strong></span> <span class='ocrx_word' id='word_1_44' title='bbox 1217 849 1419 919; x_wconf 86' lang='lat' dir='ltr'><strong>puteris</strong></span> <span class='ocrx_word' id='word_1_45' title='bbox 1448 846 1696 904; x_wconf 77' lang='lat' dir='ltr'><strong>liberari.</strong></span> <span class='ocrx_word' id='word_1_46' title='bbox 1742 846 2006 920; x_wconf 83' lang='lat' dir='ltr'><strong>Quodque</strong></span> <span class='ocrx_word' id='word_1_47' title='bbox 2034 847 2118 902; x_wconf 84' lang='lat' dir='ltr'><strong>iu-</strong></span> 
     </span>
    </p>
   </div>
   <div class='ocr_carea' id='block_1_8' title="bbox 468 936 2112 1014">
    <p class='ocr_par' dir='ltr' id='par_1_8' title="bbox 468 936 2112 1014">
     <span class='ocr_line' id='line_1_8' title="bbox 468 936 2112 1014; baseline 0 -20"><span class='ocrx_word' id='word_1_48' title='bbox 468 937 619 994; x_wconf 70' lang='lat' dir='ltr'><strong>”fcrt</strong></span> <span class='ocrx_word' id='word_1_49' title='bbox 649 956 662 995; x_wconf 91' lang='lat'><strong>:</strong></span> <span class='ocrx_word' id='word_1_50' title='bbox 694 936 812 1014; x_wconf 82' lang='lat' dir='ltr'><strong>Ego</strong></span> <span class='ocrx_word' id='word_1_51' title='bbox 860 938 973 1012; x_wconf 80' lang='lat' dir='ltr'><strong>fodi</strong></span> <span class='ocrx_word' id='word_1_52' title='bbox 1001 948 1050 995; x_wconf 90' lang='lat' dir='ltr'><strong>et</strong></span> <span class='ocrx_word' id='word_1_53' title='bbox 1099 938 1205 996; x_wconf 71' lang='lat' dir='ltr'><strong>bibi</strong></span> <span class='ocrx_word' id='word_1_54' title='bbox 1254 956 1462 1013; x_wconf 86' lang='lat' dir='ltr'><strong>aquam,</strong></span> <span class='ocrx_word' id='word_1_55' title='bbox 1508 949 1558 995; x_wconf 90' lang='lat' dir='ltr'><strong>et</strong></span> <span class='ocrx_word' id='word_1_56' title='bbox 1603 941 1858 996; x_wconf 77' lang='lat' dir='ltr'><strong>exsiccavi</strong></span> <span class='ocrx_word' id='word_1_57' title='bbox 1901 939 2112 1012; x_wconf 85' lang='lat' dir='ltr'><strong>vestigio</strong></span> 
     </span>
    </p>
   </div>
   <div class='ocr_carea' id='block_1_9' title="bbox 471 1030 2116 1107">
    <p class='ocr_par' dir='ltr' id='par_1_9' title="bbox 471 1030 2116 1107">
     <span class='ocr_line' id='line_1_9' title="bbox 471 1030 2116 1107; baseline 0.001 -21"><span class='ocrx_word' id='word_1_58' title='bbox 471 1036 487 1045; x_wconf 67' lang='lat'>‘</span> <span class='ocrx_word' id='word_1_59' title='bbox 512 1030 657 1104; x_wconf 86' lang='lat' dir='ltr'><strong>pedis</strong></span> <span class='ocrx_word' id='word_1_60' title='bbox 681 1032 782 1087; x_wconf 86' lang='lat' dir='ltr'><strong>mei</strong></span> <span class='ocrx_word' id='word_1_61' title='bbox 807 1047 985 1089; x_wconf 84' lang='lat' dir='ltr'><strong>omnes</strong></span> <span class='ocrx_word' id='word_1_62' title='bbox 1011 1032 1148 1088; x_wconf 77' lang='lat' dir='ltr'><strong>rivos</strong></span> <span class='ocrx_word' id='word_1_63' title='bbox 1176 1049 1449 1107; x_wconf 85' lang='lat' dir='ltr'><strong>aggerum,</strong></span> <span class='ocrx_word' id='word_1_64' title='bbox 1492 1031 1647 1105; x_wconf 78' lang='lat' dir='ltr'><strong>juxta</strong></span> <span class='ocrx_word' id='word_1_65' title='bbox 1693 1031 1980 1088; x_wconf 75' lang='lat' dir='ltr'><strong>historiam</strong></span> <span class='ocrx_word' id='word_1_66' title='bbox 2013 1032 2116 1087; x_wconf 85' lang='lat' dir='ltr'><strong>huc</strong></span> 
     </span>
    </p>
   </div>
   <div class='ocr_carea' id='block_1_10' title="bbox 472 1122 2112 1203">
    <p class='ocr_par' dir='ltr' id='par_1_10' title="bbox 472 1122 2112 1203">
     <span class='ocr_line' id='line_1_10' title="bbox 472 1122 2112 1203; baseline -0.001 -21"><span class='ocrx_word' id='word_1_67' title='bbox 472 1122 746 1203; x_wconf 61' lang='lat' dir='ltr'><strong>~intelligi</strong></span> <span class='ocrx_word' id='word_1_68' title='bbox 792 1131 997 1197; x_wconf 78' lang='lat' dir='ltr'><strong>potest,</strong></span> <span class='ocrx_word' id='word_1_69' title='bbox 1050 1127 1195 1198; x_wconf 78' lang='lat' dir='ltr'><strong>quod</strong></span> <span class='ocrx_word' id='word_1_70' title='bbox 1249 1142 1360 1197; x_wconf 73' lang='lat' dir='ltr'><strong>pra:</strong></span> <span class='ocrx_word' id='word_1_71' title='bbox 1419 1123 1767 1182; x_wconf 77' lang='lat' dir='ltr'><strong>multitudine</strong></span> <span class='ocrx_word' id='word_1_72' title='bbox 1818 1127 2112 1192; x_wconf 78' lang='lat' dir='ltr'><strong>exorcitus,</strong></span> 
     </span>
    </p>
   </div>
   <div class='ocr_carea' id='block_1_11' title="bbox 474 1217 2115 1292">
    <p class='ocr_par' dir='ltr' id='par_1_11' title="bbox 474 1217 2115 1292">
     <span class='ocr_line' id='line_1_11' title="bbox 474 1217 2115 1292; baseline -0.002 -16"><span class='ocrx_word' id='word_1_73' title='bbox 474 1218 483 1249; x_wconf 72' lang='grc'><strong><em>⁵</em></strong></span> <span class='ocrx_word' id='word_1_74' title='bbox 509 1218 693 1276; x_wconf 84' lang='lat' dir='ltr'><strong>omnia</strong></span> <span class='ocrx_word' id='word_1_75' title='bbox 724 1217 926 1276; x_wconf 85' lang='lat' dir='ltr'><strong>fluenta</strong></span> <span class='ocrx_word' id='word_1_76' title='bbox 953 1218 1338 1287; x_wconf 74' lang='lat' dir='ltr'><strong>exsiccaverit,</strong></span> <span class='ocrx_word' id='word_1_77' title='bbox 1371 1227 1427 1274; x_wconf 92' lang='lat' dir='ltr'><strong>ut</strong></span> <span class='ocrx_word' id='word_1_78' title='bbox 1465 1224 1665 1292; x_wconf 90' lang='lat' dir='ltr'><strong>puteos</strong></span> <span class='ocrx_word' id='word_1_79' title='bbox 1695 1219 1796 1277; x_wconf 83' lang='lat' dir='ltr'><strong>sibi</strong></span> <span class='ocrx_word' id='word_1_80' title='bbox 1827 1219 2019 1275; x_wconf 84' lang='lat' dir='ltr'><strong>fudere</strong></span> <span class='ocrx_word' id='word_1_81' title='bbox 2044 1222 2115 1274; x_wconf 88' lang='lat' dir='ltr'><strong>sit</strong></span> 
     </span>
    </p>
   </div>
   <div class='ocr_carea' id='block_1_12' title="bbox 507 1309 2112 1383">
    <p class='ocr_par' dir='ltr' id='par_1_12' title="bbox 507 1309 2112 1383">
     <span class='ocr_line' id='line_1_12' title="bbox 507 1309 2112 1383; baseline -0.001 -17"><span class='ocrx_word' id='word_1_82' title='bbox 507 1309 846 1381; x_wconf 81' lang='lat' dir='ltr'><strong>compulsus.</strong></span> <span class='ocrx_word' id='word_1_83' title='bbox 874 1310 1035 1369; x_wconf 77' lang='lat' dir='ltr'><strong>Juxta</strong></span> <span class='ocrx_word' id='word_1_84' title='bbox 1061 1311 1477 1367; x_wconf 87' lang='lat' dir='ltr'><strong>translationem</strong></span> <span class='ocrx_word' id='word_1_85' title='bbox 1506 1328 1519 1365; x_wconf 90' lang='lat'><strong>:</strong></span> <span class='ocrx_word' id='word_1_86' title='bbox 1553 1310 1695 1381; x_wconf 85' lang='lat' dir='ltr'><strong>quod</strong></span> <span class='ocrx_word' id='word_1_87' title='bbox 1726 1325 1920 1366; x_wconf 88' lang='lat' dir='ltr'><strong>omnes</strong></span> <span class='ocrx_word' id='word_1_88' title='bbox 1946 1326 2112 1383; x_wconf 85' lang='lat' dir='ltr'><strong>popu-</strong></span> 
     </span>
    </p>
   </div>
   <div class='ocr_carea' id='block_1_13' title="bbox 507 1402 2113 1474">
    <p class='ocr_par' dir='ltr' id='par_1_13' title="bbox 507 1402 2113 1474">
     <span class='ocr_line' id='line_1_13' title="bbox 507 1402 2113 1474; baseline -0.002 -15"><span class='ocrx_word' id='word_1_89' title='bbox 507 1402 613 1469; x_wconf 86' lang='lat' dir='ltr'><strong>los,</strong></span> <span class='ocrx_word' id='word_1_90' title='bbox 649 1404 742 1473; x_wconf 91' lang='lat' dir='ltr'><strong>qui</strong></span> <span class='ocrx_word' id='word_1_91' title='bbox 789 1404 1063 1460; x_wconf 79' lang='lat' dir='ltr'><strong>interdum</strong></span> <span class='ocrx_word' id='word_1_92' title='bbox 1094 1403 1197 1459; x_wconf 88' lang='lat' dir='ltr'><strong>sub</strong></span> <span class='ocrx_word' id='word_1_93' title='bbox 1229 1418 1497 1474; x_wconf 83' lang='lat' dir='ltr'><strong>aquarum</strong></span> <span class='ocrx_word' id='word_1_94' title='bbox 1540 1402 1756 1458; x_wconf 87' lang='lat' dir='ltr'><strong>nomina</strong></span> <span class='ocrx_word' id='word_1_95' title='bbox 1790 1402 2113 1458; x_wconf 74' lang='lat' dir='ltr'><strong>describun-</strong></span> 
     </span>
    </p>
   </div>
   <div class='ocr_carea' id='block_1_14' title="bbox 466 1495 2114 1568">
    <p class='ocr_par' dir='ltr' id='par_1_14' title="bbox 466 1495 2114 1568">
     <span class='ocr_line' id='line_1_14' title="bbox 466 1495 2114 1568; baseline -0.002 -14"><span class='ocrx_word' id='word_1_96' title='bbox 466 1507 483 1519; x_wconf 73' lang='lat'>‘</span> <span class='ocrx_word' id='word_1_97' title='bbox 507 1506 618 1564; x_wconf 89' lang='lat' dir='ltr'><strong>tur,</strong></span> <span class='ocrx_word' id='word_1_98' title='bbox 654 1513 755 1553; x_wconf 87' lang='lat' dir='ltr'><strong>suo</strong></span> <span class='ocrx_word' id='word_1_99' title='bbox 783 1499 1083 1556; x_wconf 84' lang='lat' dir='ltr'><strong>vastaverit</strong></span> <span class='ocrx_word' id='word_1_100' title='bbox 1115 1502 1383 1555; x_wconf 77' lang='lat' dir='ltr'><strong>exercitu.</strong></span> <span class='ocrx_word' id='word_1_101' title='bbox 1419 1496 1526 1553; x_wconf 88' lang='lat' dir='ltr'><strong>Pro</strong></span> <span class='ocrx_word' id='word_1_102' title='bbox 1571 1513 1679 1568; x_wconf 91' lang='lat' dir='ltr'><strong>quo</strong></span> <span class='ocrx_word' id='word_1_103' title='bbox 1724 1495 1830 1553; x_wconf 90' lang='lat' dir='ltr'><strong>soli</strong></span> <span class='ocrx_word' id='word_1_104' title='bbox 1878 1497 2114 1567; x_wconf 83' lang='lat' dir='ltr'><strong>Septua-</strong></span> 
     </span>
    </p>
   </div>
   <div class='ocr_carea' id='block_1_15' title="bbox 509 1588 2107 1664">
    <p class='ocr_par' dir='ltr' id='par_1_15' title="bbox 509 1588 2107 1664">
     <span class='ocr_line' id='line_1_15' title="bbox 509 1588 2107 1664; baseline -0.002 -20"><span class='ocrx_word' id='word_1_105' title='bbox 509 1591 665 1664; x_wconf 73' lang='lat' dir='ltr'><strong>ginta</strong></span> <span class='ocrx_word' id='word_1_106' title='bbox 692 1592 1110 1658; x_wconf 90' lang='lat' dir='ltr'><strong>transtulerunt,</strong></span> <span class='ocrx_word' id='word_1_107' title='bbox 1156 1599 1205 1647; x_wconf 88' lang='lat' dir='ltr'><strong>et</strong></span> <span class='ocrx_word' id='word_1_108' title='bbox 1239 1592 1388 1660; x_wconf 89' lang='lat' dir='ltr'><strong>posui</strong></span> <span class='ocrx_word' id='word_1_109' title='bbox 1430 1598 1635 1661; x_wconf 78' lang='lat' dir='ltr'><strong>pontem</strong></span> <span class='ocrx_word' id='word_1_110' title='bbox 1686 1588 1794 1662; x_wconf 79' lang='lat' dir='ltr'><strong>[AL</strong></span> <span class='ocrx_word' id='word_1_111' title='bbox 1827 1599 2107 1660; x_wconf 80' lang='lat' dir='ltr'><strong>potentem,</strong></span> 
     </span>
    </p>
   </div>
   <div class='ocr_carea' id='block_1_16' title="bbox 466 1683 2109 1756">
    <p class='ocr_par' dir='ltr' id='par_1_16' title="bbox 466 1683 2109 1756">
     <span class='ocr_line' id='line_1_16' title="bbox 466 1683 2109 1756; baseline -0.004 -16"><span class='ocrx_word' id='word_1_112' title='bbox 466 1684 593 1740; x_wconf 60' lang='lat' dir='ltr'><strong>&quot;vel</strong></span> <span class='ocrx_word' id='word_1_113' title='bbox 624 1683 969 1756; x_wconf 87' lang='lat' dir='ltr'><strong>potestatem],</strong></span> <span class='ocrx_word' id='word_1_114' title='bbox 994 1693 1042 1739; x_wconf 87' lang='lat' dir='ltr'><strong>et</strong></span> <span class='ocrx_word' id='word_1_115' title='bbox 1070 1684 1298 1739; x_wconf 85' lang='lat' dir='ltr'><strong>desertas</strong></span> <span class='ocrx_word' id='word_1_116' title='bbox 1337 1683 1437 1753; x_wconf 77' lang='lat' dir='ltr'><strong>feci</strong></span> <span class='ocrx_word' id='word_1_117' title='bbox 1465 1698 1652 1755; x_wconf 81' lang='lat' dir='ltr'><strong>aquas,</strong></span> <span class='ocrx_word' id='word_1_118' title='bbox 1680 1692 1727 1736; x_wconf 89' lang='lat' dir='ltr'><strong>et</strong></span> <span class='ocrx_word' id='word_1_119' title='bbox 1755 1697 1954 1737; x_wconf 82' lang='lat' dir='ltr'><strong>onmem</strong></span> <span class='ocrx_word' id='word_1_120' title='bbox 1984 1697 2109 1735; x_wconf 65' lang='lat' dir='ltr'><strong>cono</strong></span> 
     </span>
    </p>
   </div>
   <div class='ocr_carea' id='block_1_17' title="bbox 503 1774 2108 1851">
    <p class='ocr_par' dir='ltr' id='par_1_17' title="bbox 503 1774 2108 1851">
     <span class='ocr_line' id='line_1_17' title="bbox 503 1774 2108 1851; baseline 0 -20"><span class='ocrx_word' id='word_1_121' title='bbox 503 1778 856 1851; x_wconf 85' lang='lat' dir='ltr'><strong>gregationem</strong></span> <span class='ocrx_word' id='word_1_122' title='bbox 887 1790 1140 1847; x_wconf 81' lang='lat' dir='ltr'><strong>aquarum</strong></span> <span class='ocrx_word' id='word_1_123' title='bbox 1164 1792 1183 1831; x_wconf 91' lang='lat'><strong><em>:</em></strong></span> <span class='ocrx_word' id='word_1_124' title='bbox 1209 1774 1357 1848; x_wconf 89' lang='lat' dir='ltr'><strong>quod</strong></span> <span class='ocrx_word' id='word_1_125' title='bbox 1406 1775 1617 1831; x_wconf 88' lang='lat' dir='ltr'><strong>scilicet</strong></span> <span class='ocrx_word' id='word_1_126' title='bbox 1648 1777 1794 1831; x_wconf 87' lang='lat' dir='ltr'><strong>nulla</strong></span> <span class='ocrx_word' id='word_1_127' title='bbox 1838 1775 1940 1831; x_wconf 91' lang='lat' dir='ltr'><strong>sibi</strong></span> <span class='ocrx_word' id='word_1_128' title='bbox 1974 1790 2108 1846; x_wconf 81' lang='lat' dir='ltr'><strong>gens</strong></span> 
     </span>
    </p>
   </div>
   <div class='ocr_carea' id='block_1_18' title="bbox 466 1864 2107 1943">
    <p class='ocr_par' dir='ltr' id='par_1_18' title="bbox 466 1864 2107 1943">
     <span class='ocr_line' id='line_1_18' title="bbox 466 1864 2107 1943; baseline -0.001 -15"><span class='ocrx_word' id='word_1_129' title='bbox 466 1864 641 1928; x_wconf 42' lang='lat' dir='ltr'><strong>&#39;iuvia</strong></span> <span class='ocrx_word' id='word_1_130' title='bbox 675 1871 859 1937; x_wconf 88' lang='lat' dir='ltr'><strong>luerit,</strong></span> <span class='ocrx_word' id='word_1_131' title='bbox 889 1871 988 1927; x_wconf 89' lang='lat' dir='ltr'><strong>sed</strong></span> <span class='ocrx_word' id='word_1_132' title='bbox 1016 1887 1183 1943; x_wconf 88' lang='lat' dir='ltr'><strong>super</strong></span> <span class='ocrx_word' id='word_1_133' title='bbox 1219 1883 1410 1926; x_wconf 89' lang='lat' dir='ltr'><strong>omnes</strong></span> <span class='ocrx_word' id='word_1_134' title='bbox 1443 1868 1771 1942; x_wconf 83' lang='lat' dir='ltr'><strong>populorum</strong></span> <span class='ocrx_word' id='word_1_135' title='bbox 1804 1885 1974 1941; x_wconf 85' lang='lat' dir='ltr'><strong>aquas</strong></span> <span class='ocrx_word' id='word_1_136' title='bbox 2004 1884 2107 1926; x_wconf 87' lang='lat' dir='ltr'><strong>suo</strong></span> 
     </span>
    </p>
   </div>
   <div class='ocr_carea' id='block_1_19' title="bbox 464 1962 1767 2036">
    <p class='ocr_par' dir='ltr' id='par_1_19' title="bbox 464 1962 1767 2036">
     <span class='ocr_line' id='line_1_19' title="bbox 464 1962 1767 2036; baseline -0.004 -15"><span class='ocrx_word' id='word_1_137' title='bbox 464 1962 470 1979; x_wconf 77' lang='lat'><strong>‘</strong></span> <span class='ocrx_word' id='word_1_138' title='bbox 498 1963 800 2021; x_wconf 79' lang='lat' dir='ltr'><strong>calcaverit</strong></span> <span class='ocrx_word' id='word_1_139' title='bbox 835 1964 1000 2036; x_wconf 91' lang='lat' dir='ltr'><strong>pede.</strong></span> <span class='ocrx_word' id='word_1_140' title='bbox 1760 1964 1767 1969; x_wconf 83' lang='lat'><em>&#39;</em></span> 
     </span>
    </p>
   </div>
   <div class='ocr_carea' id='block_1_20' title="bbox 466 2052 2111 2133">
    <p class='ocr_par' dir='ltr' id='par_1_20' title="bbox 466 2052 2111 2133">
     <span class='ocr_line' id='line_1_20' title="bbox 466 2052 2111 2133; baseline -0.002 -18"><span class='ocrx_word' id='word_1_141' title='bbox 466 2052 473 2059; x_wconf 80' lang='grc'><em>’</em></span> <span class='ocrx_word' id='word_1_142' title='bbox 577 2057 764 2133; x_wconf 69' lang='lat' dir='ltr'><strong>(Vera.</strong></span> <span class='ocrx_word' id='word_1_143' title='bbox 792 2059 865 2115; x_wconf 73' lang='lat'><strong>26</strong></span> <span class='ocrx_word' id='word_1_144' title='bbox 893 2068 1074 2132; x_wconf 84' lang='lat' dir='ltr'><strong>seqq.)</strong></span> <span class='ocrx_word' id='word_1_145' title='bbox 1113 2057 1387 2130; x_wconf 76' lang='lat' dir='ltr'><strong>Numquid</strong></span> <span class='ocrx_word' id='word_1_146' title='bbox 1427 2075 1532 2114; x_wconf 86' lang='lat' dir='ltr'><strong>non</strong></span> <span class='ocrx_word' id='word_1_147' title='bbox 1582 2057 1780 2113; x_wconf 80' lang='lat' dir='ltr'><strong>audisti</strong></span> <span class='ocrx_word' id='word_1_148' title='bbox 1825 2071 1947 2126; x_wconf 67' lang='lat' dir='ltr'><strong>qui:</strong></span> <span class='ocrx_word' id='word_1_149' title='bbox 1987 2056 2111 2112; x_wconf 85' lang='lat' dir='ltr'><strong>olim</strong></span> 
     </span>
    </p>
   </div>
   <div class='ocr_carea' id='block_1_21' title="bbox 468 2147 2109 2225">
    <p class='ocr_par' dir='ltr' id='par_1_21' title="bbox 468 2147 2109 2225">
     <span class='ocr_line' id='line_1_21' title="bbox 468 2147 2109 2225; baseline -0.004 -17"><span class='ocrx_word' id='word_1_150' title='bbox 468 2150 712 2224; x_wconf 76' lang='lat' dir='ltr'><strong>&#39;fecerim</strong></span> <span class='ocrx_word' id='word_1_151' title='bbox 761 2150 847 2207; x_wconf 87' lang='lat' dir='ltr'><strong>ei?</strong></span> <span class='ocrx_word' id='word_1_152' title='bbox 877 2169 939 2207; x_wconf 70' lang='lat' dir='ltr'><strong>ex</strong></span> <span class='ocrx_word' id='word_1_153' title='bbox 995 2150 1176 2206; x_wconf 79' lang='lat' dir='ltr'><strong>diebus</strong></span> <span class='ocrx_word' id='word_1_154' title='bbox 1220 2151 1449 2223; x_wconf 75' lang='lat' dir='ltr'><strong>antiquis</strong></span> <span class='ocrx_word' id='word_1_155' title='bbox 1504 2167 1597 2225; x_wconf 79' lang='lat' dir='ltr'><strong>ego</strong></span> <span class='ocrx_word' id='word_1_156' title='bbox 1645 2149 1898 2222; x_wconf 82' lang='lat' dir='ltr'><strong>plasmavi</strong></span> <span class='ocrx_word' id='word_1_157' title='bbox 1950 2147 2109 2215; x_wconf 86' lang='lat' dir='ltr'><strong>illud,</strong></span> 
     </span>
    </p>
   </div>
   <div class='ocr_carea' id='block_1_22' title="bbox 495 2241 2110 2325">
    <p class='ocr_par' dir='ltr' id='par_1_22' title="bbox 495 2241 2110 2325">
     <span class='ocr_line' id='line_1_22' title="bbox 495 2241 2110 2325; baseline -0.004 -25"><span class='ocrx_word' id='word_1_158' title='bbox 495 2243 722 2325; x_wconf 64' lang='lat' dir='ltr'><strong>met</strong></span> <span class='ocrx_word' id='word_1_159' title='bbox 746 2262 883 2300; x_wconf 84' lang='lat' dir='ltr'><strong>nunc</strong></span> <span class='ocrx_word' id='word_1_160' title='bbox 907 2244 1109 2300; x_wconf 74' lang='lat' dir='ltr'><strong>adduxi</strong></span> <span class='ocrx_word' id='word_1_161' title='bbox 1136 2261 1243 2310; x_wconf 89' lang='lat' dir='ltr'><strong>eos,</strong></span> <span class='ocrx_word' id='word_1_162' title='bbox 1268 2255 1313 2299; x_wconf 94' lang='lat' dir='ltr'><strong>et</strong></span> <span class='ocrx_word' id='word_1_163' title='bbox 1328 2247 1524 2315; x_wconf 67' lang='lat' dir='ltr'><strong>facium</strong></span> <span class='ocrx_word' id='word_1_164' title='bbox 1548 2253 1623 2300; x_wconf 86' lang='lat' dir='ltr'><strong>est</strong></span> <span class='ocrx_word' id='word_1_165' title='bbox 1639 2244 1693 2298; x_wconf 87' lang='lat' dir='ltr'><strong>in</strong></span> <span class='ocrx_word' id='word_1_166' title='bbox 1712 2241 2110 2297; x_wconf 85' lang='lat' dir='ltr'><strong>eradicationem</strong></span> 
     </span>
    </p>
   </div>
   <div class='ocr_carea' id='block_1_23' title="bbox 464 2336 2109 2413">
    <p class='ocr_par' dir='ltr' id='par_1_23' title="bbox 464 2336 2109 2413">
     <span class='ocr_line' id='line_1_23' title="bbox 464 2336 2109 2413; baseline -0.001 -19"><span class='ocrx_word' id='word_1_167' title='bbox 464 2354 471 2359; x_wconf 87' lang='lat'><strong><em>‘</em></strong></span> <span class='ocrx_word' id='word_1_168' title='bbox 495 2339 716 2395; x_wconf 88' lang='lat' dir='ltr'><strong>collium</strong></span> <span class='ocrx_word' id='word_1_169' title='bbox 744 2340 1228 2413; x_wconf 65' lang='lat' dir='ltr'><strong>compugnandum,</strong></span> <span class='ocrx_word' id='word_1_170' title='bbox 1262 2353 1308 2396; x_wconf 87' lang='lat' dir='ltr'><strong>et</strong></span> <span class='ocrx_word' id='word_1_171' title='bbox 1334 2341 1601 2395; x_wconf 81' lang='lat' dir='ltr'><strong>civitatum</strong></span> <span class='ocrx_word' id='word_1_172' title='bbox 1630 2341 1967 2393; x_wconf 79' lang='lat' dir='ltr'><strong>munitorum.</strong></span> <span class='ocrx_word' id='word_1_173' title='bbox 1998 2336 2109 2392; x_wconf 83' lang='lat' dir='ltr'><strong>Ha-</strong></span> 
     </span>
    </p>
   </div>
   <div class='ocr_carea' id='block_1_24' title="bbox 470 2432 2111 2499">
    <p class='ocr_par' dir='ltr' id='par_1_24' title="bbox 470 2432 2111 2499">
     <span class='ocr_line' id='line_1_24' title="bbox 470 2432 2111 2499; baseline -0.003 -11"><span class='ocrx_word' id='word_1_174' title='bbox 470 2432 735 2489; x_wconf 73' lang='lat' dir='ltr'><strong>‘bitatores</strong></span> <span class='ocrx_word' id='word_1_175' title='bbox 761 2446 942 2489; x_wconf 81' lang='lat' dir='ltr'><strong>earum</strong></span> <span class='ocrx_word' id='word_1_176' title='bbox 969 2434 1197 2489; x_wconf 76' lang='lat' dir='ltr'><strong>breviata</strong></span> <span class='ocrx_word' id='word_1_177' title='bbox 1226 2448 1379 2488; x_wconf 88' lang='lat' dir='ltr'><strong>manu</strong></span> <span class='ocrx_word' id='word_1_178' title='bbox 1401 2476 1415 2499; x_wconf 91' lang='lat'><strong>,</strong></span> <span class='ocrx_word' id='word_1_179' title='bbox 1444 2440 1890 2496; x_wconf 80' lang='lat' dir='ltr'><strong>contremuerunt,</strong></span> <span class='ocrx_word' id='word_1_180' title='bbox 1914 2438 1966 2486; x_wconf 84' lang='lat' dir='ltr'><strong>et</strong></span> <span class='ocrx_word' id='word_1_181' title='bbox 1987 2447 2111 2484; x_wconf 86' lang='lat' dir='ltr'><strong>con-</strong></span> 
     </span>
    </p>
   </div>
   <div class='ocr_carea' id='block_1_25' title="bbox 468 2521 2111 2601">
    <p class='ocr_par' dir='ltr' id='par_1_25' title="bbox 468 2521 2111 2601">
     <span class='ocr_line' id='line_1_25' title="bbox 468 2521 2111 2601; baseline -0.001 -20"><span class='ocrx_word' id='word_1_182' title='bbox 468 2521 596 2601; x_wconf 51' lang='lat' dir='ltr'><strong>fusi</strong></span> <span class='ocrx_word' id='word_1_183' title='bbox 623 2536 743 2583; x_wconf 88' lang='lat' dir='ltr'><strong>sunt</strong></span> <span class='ocrx_word' id='word_1_184' title='bbox 770 2544 789 2582; x_wconf 88' lang='lat'><em>:</em></span> <span class='ocrx_word' id='word_1_185' title='bbox 811 2528 937 2598; x_wconf 79' lang='lat' dir='ltr'><strong>[acti</strong></span> <span class='ocrx_word' id='word_1_186' title='bbox 966 2538 1083 2583; x_wconf 86' lang='lat' dir='ltr'><strong>sunt</strong></span> <span class='ocrx_word' id='word_1_187' title='bbox 1114 2527 1249 2582; x_wconf 80' lang='lat' dir='ltr'><strong>sicut</strong></span> <span class='ocrx_word' id='word_1_188' title='bbox 1273 2530 1453 2599; x_wconf 80' lang='lat' dir='ltr'><strong>fenum</strong></span> <span class='ocrx_word' id='word_1_189' title='bbox 1480 2526 1593 2600; x_wconf 86' lang='lat' dir='ltr'><strong>agri</strong></span> <span class='ocrx_word' id='word_1_190' title='bbox 1611 2569 1625 2593; x_wconf 90' lang='lat'><strong>,</strong></span> <span class='ocrx_word' id='word_1_191' title='bbox 1669 2536 1717 2579; x_wconf 81' lang='lat' dir='ltr'><strong>et</strong></span> <span class='ocrx_word' id='word_1_192' title='bbox 1741 2538 1955 2597; x_wconf 87' lang='lat' dir='ltr'><strong>gramen</strong></span> <span class='ocrx_word' id='word_1_193' title='bbox 1987 2540 2111 2593; x_wconf 91' lang='lat' dir='ltr'><strong>pas-</strong></span> 
     </span>
    </p>
   </div>
   <div class='ocr_carea' id='block_1_26' title="bbox 487 2620 2109 2691">
    <p class='ocr_par' dir='ltr' id='par_1_26' title="bbox 487 2620 2109 2691">
     <span class='ocr_line' id='line_1_26' title="bbox 487 2620 2109 2691; baseline -0.002 -16"><span class='ocrx_word' id='word_1_194' title='bbox 487 2635 623 2687; x_wconf 69' lang='lat' dir='ltr'><strong>cua,-</strong></span> <span class='ocrx_word' id='word_1_195' title='bbox 646 2629 695 2675; x_wconf 88' lang='lat' dir='ltr'><strong>et</strong></span> <span class='ocrx_word' id='word_1_196' title='bbox 716 2620 875 2676; x_wconf 85' lang='lat' dir='ltr'><strong>herba</strong></span> <span class='ocrx_word' id='word_1_197' title='bbox 904 2629 1153 2676; x_wconf 87' lang='lat' dir='ltr'><strong>tectorum</strong></span> <span class='ocrx_word' id='word_1_198' title='bbox 1172 2632 1287 2691; x_wconf 65' lang='lat' dir='ltr'><strong>quae</strong></span> <span class='ocrx_word' id='word_1_199' title='bbox 1307 2621 1511 2675; x_wconf 64' lang='lat' dir='ltr'><strong>exaruit</strong></span> <span class='ocrx_word' id='word_1_200' title='bbox 1552 2629 1827 2690; x_wconf 83' lang='lat' dir='ltr'><strong>antequam</strong></span> <span class='ocrx_word' id='word_1_201' title='bbox 1855 2626 2109 2673; x_wconf 85' lang='lat' dir='ltr'><strong>matures-</strong></span> 
     </span>
    </p>
   </div>
   <div class='ocr_carea' id='block_1_27' title="bbox 482 2712 2107 2785">
    <p class='ocr_par' dir='ltr' id='par_1_27' title="bbox 482 2712 2107 2785">
     <span class='ocr_line' id='line_1_27' title="bbox 482 2712 2107 2785; baseline -0.002 -18"><span class='ocrx_word' id='word_1_202' title='bbox 482 2724 636 2771; x_wconf 88' lang='lat' dir='ltr'><strong>ceret.</strong></span> <span class='ocrx_word' id='word_1_203' title='bbox 696 2712 1081 2770; x_wconf 80' lang='lat' dir='ltr'><strong>Habitationem</strong></span> <span class='ocrx_word' id='word_1_204' title='bbox 1134 2722 1310 2780; x_wconf 88' lang='lat' dir='ltr'><strong>tuam,</strong></span> <span class='ocrx_word' id='word_1_205' title='bbox 1370 2718 1421 2768; x_wconf 88' lang='lat' dir='ltr'><strong>et</strong></span> <span class='ocrx_word' id='word_1_206' title='bbox 1484 2728 1747 2785; x_wconf 84' lang='lat' dir='ltr'><strong>egressum</strong></span> <span class='ocrx_word' id='word_1_207' title='bbox 1808 2718 1995 2779; x_wconf 87' lang='lat' dir='ltr'><strong>tuum,</strong></span> <span class='ocrx_word' id='word_1_208' title='bbox 2055 2718 2107 2766; x_wconf 87' lang='lat' dir='ltr'><strong>et</strong></span> 
     </span>
    </p>
   </div>
   <div class='ocr_carea' id='block_1_28' title="bbox 492 2806 2102 2880">
    <p class='ocr_par' dir='ltr' id='par_1_28' title="bbox 492 2806 2102 2880">
     <span class='ocr_line' id='line_1_28' title="bbox 492 2806 2102 2880; baseline -0.005 -15"><span class='ocrx_word' id='word_1_209' title='bbox 492 2806 767 2865; x_wconf 80' lang='lat' dir='ltr'><strong>introitum</strong></span> <span class='ocrx_word' id='word_1_210' title='bbox 800 2819 944 2863; x_wconf 88' lang='lat' dir='ltr'><strong>tuum</strong></span> <span class='ocrx_word' id='word_1_211' title='bbox 975 2808 1222 2880; x_wconf 88' lang='lat' dir='ltr'><strong>cognovi,</strong></span> <span class='ocrx_word' id='word_1_212' title='bbox 1256 2816 1301 2862; x_wconf 93' lang='lat' dir='ltr'><strong>et</strong></span> <span class='ocrx_word' id='word_1_213' title='bbox 1327 2806 1590 2862; x_wconf 80' lang='lat' dir='ltr'><strong>insaniam</strong></span> <span class='ocrx_word' id='word_1_214' title='bbox 1615 2816 1756 2861; x_wconf 87' lang='lat' dir='ltr'><strong>tuam</strong></span> <span class='ocrx_word' id='word_1_215' title='bbox 1784 2814 1965 2860; x_wconf 88' lang='lat' dir='ltr'><strong>contra</strong></span> <span class='ocrx_word' id='word_1_216' title='bbox 1991 2818 2102 2868; x_wconf 81' lang='lat' dir='ltr'><strong>me,</strong></span> 
     </span>
    </p>
   </div>
   <div class='ocr_carea' id='block_1_29' title="bbox 494 2898 2105 2974">
    <p class='ocr_par' dir='ltr' id='par_1_29' title="bbox 494 2898 2105 2974">
     <span class='ocr_line' id='line_1_29' title="bbox 494 2898 2105 2974; baseline -0.004 -17"><span class='ocrx_word' id='word_1_217' title='bbox 494 2917 614 2958; x_wconf 86' lang='lat' dir='ltr'><strong>cum</strong></span> <span class='ocrx_word' id='word_1_218' title='bbox 654 2902 851 2974; x_wconf 77' lang='lat' dir='ltr'><strong>[ureres</strong></span> <span class='ocrx_word' id='word_1_219' title='bbox 891 2902 1305 2957; x_wconf 81' lang='lat' dir='ltr'><strong>adversum&#39;me.</strong></span> <span class='ocrx_word' id='word_1_220' title='bbox 1340 2898 1601 2972; x_wconf 79' lang='lat' dir='ltr'><strong>Superbia</strong></span> <span class='ocrx_word' id='word_1_221' title='bbox 1653 2908 1744 2954; x_wconf 89' lang='lat' dir='ltr'><strong>tua</strong></span> <span class='ocrx_word' id='word_1_222' title='bbox 1780 2898 2009 2953; x_wconf 75' lang='lat' dir='ltr'><strong>ascendit</strong></span> <span class='ocrx_word' id='word_1_223' title='bbox 2049 2898 2105 2950; x_wconf 84' lang='lat' dir='ltr'><strong>in</strong></span> 
     </span>
    </p>
   </div>
   <div class='ocr_carea' id='block_1_30' title="bbox 462 2990 2107 3066">
    <p class='ocr_par' dir='ltr' id='par_1_30' title="bbox 462 2990 2107 3066">
     <span class='ocr_line' id='line_1_30' title="bbox 462 2990 2107 3066; baseline -0.005 -16"><span class='ocrx_word' id='word_1_224' title='bbox 462 3010 642 3051; x_wconf 73' lang='lat' dir='ltr'><strong>‘aures</strong></span> <span class='ocrx_word' id='word_1_225' title='bbox 675 3011 815 3050; x_wconf 85' lang='lat' dir='ltr'><strong>meas</strong></span> <span class='ocrx_word' id='word_1_226' title='bbox 837 3037 852 3063; x_wconf 95' lang='lat'><strong>,</strong></span> <span class='ocrx_word' id='word_1_227' title='bbox 885 3011 1075 3066; x_wconf 87' lang='lat' dir='ltr'><strong>ponam</strong></span> <span class='ocrx_word' id='word_1_228' title='bbox 1109 3010 1231 3064; x_wconf 88' lang='lat' dir='ltr'><strong>ergo</strong></span> <span class='ocrx_word' id='word_1_229' title='bbox 1258 2992 1508 3047; x_wconf 78' lang='lat' dir='ltr'><strong>circulum</strong></span> <span class='ocrx_word' id='word_1_230' title='bbox 1549 2993 1604 3046; x_wconf 87' lang='lat' dir='ltr'><strong>in</strong></span> <span class='ocrx_word' id='word_1_231' title='bbox 1635 2990 1849 3046; x_wconf 86' lang='lat' dir='ltr'><strong>naribus</strong></span> <span class='ocrx_word' id='word_1_232' title='bbox 1878 2991 1978 3044; x_wconf 87' lang='lat' dir='ltr'><strong>tuis</strong></span> <span class='ocrx_word' id='word_1_233' title='bbox 2003 3031 2016 3055; x_wconf 90' lang='lat'><strong>,</strong></span> <span class='ocrx_word' id='word_1_234' title='bbox 2060 2998 2107 3043; x_wconf 84' lang='lat' dir='ltr'><strong>et</strong></span> 
     </span>
    </p>
   </div>
   <div class='ocr_carea' id='block_1_31' title="bbox 488 3082 2103 3160">
    <p class='ocr_par' dir='ltr' id='par_1_31' title="bbox 488 3082 2103 3160">
     <span class='ocr_line' id='line_1_31' title="bbox 488 3082 2103 3160; baseline -0.004 -21"><span class='ocrx_word' id='word_1_235' title='bbox 488 3088 701 3160; x_wconf 75' lang='lat' dir='ltr'><strong>frenum</strong></span> <span class='ocrx_word' id='word_1_236' title='bbox 722 3088 775 3140; x_wconf 89' lang='lat' dir='ltr'><strong>in</strong></span> <span class='ocrx_word' id='word_1_237' title='bbox 809 3087 959 3141; x_wconf 86' lang='lat' dir='ltr'><strong>labiis</strong></span> <span class='ocrx_word' id='word_1_238' title='bbox 987 3087 1091 3141; x_wconf 84' lang='lat' dir='ltr'><strong>tuis</strong></span> <span class='ocrx_word' id='word_1_239' title='bbox 1116 3102 1136 3141; x_wconf 89' lang='lat'><strong><em>:</em></strong></span> <span class='ocrx_word' id='word_1_240' title='bbox 1167 3096 1212 3139; x_wconf 92' lang='lat' dir='ltr'><strong>et</strong></span> <span class='ocrx_word' id='word_1_241' title='bbox 1243 3085 1483 3139; x_wconf 83' lang='lat' dir='ltr'><strong>reducam</strong></span> <span class='ocrx_word' id='word_1_242' title='bbox 1510 3084 1637 3138; x_wconf 79' lang='lat' dir='ltr'><strong>tein</strong></span> <span class='ocrx_word' id='word_1_243' title='bbox 1666 3084 1803 3137; x_wconf 82' lang='lat' dir='ltr'><strong>viam</strong></span> <span class='ocrx_word' id='word_1_244' title='bbox 1829 3090 1921 3153; x_wconf 80' lang='lat' dir='ltr'><strong>per</strong></span> <span class='ocrx_word' id='word_1_245' title='bbox 1950 3082 2103 3154; x_wconf 84' lang='lat' dir='ltr'><strong>quam</strong></span> 
     </span>
    </p>
   </div>
   <div class='ocr_carea' id='block_1_32' title="bbox 481 3177 2105 3253">
    <p class='ocr_par' dir='ltr' id='par_1_32' title="bbox 481 3177 2105 3253">
     <span class='ocr_line' id='line_1_32' title="bbox 481 3177 2105 3253; baseline -0.004 -16"><span class='ocrx_word' id='word_1_246' title='bbox 481 3177 691 3237; x_wconf 79' lang='lat' dir='ltr'><strong>venisti.</strong></span> <span class='ocrx_word' id='word_1_247' title='bbox 726 3181 856 3236; x_wconf 59' lang='lat' dir='ltr'><strong>Haec</strong></span> <span class='ocrx_word' id='word_1_248' title='bbox 885 3196 950 3237; x_wconf 77' lang='lat' dir='ltr'><strong>ex</strong></span> <span class='ocrx_word' id='word_1_249' title='bbox 976 3195 1210 3253; x_wconf 87' lang='lat' dir='ltr'><strong>persona</strong></span> <span class='ocrx_word' id='word_1_250' title='bbox 1237 3179 1332 3234; x_wconf 88' lang='lat' dir='ltr'><strong>Dei</strong></span> <span class='ocrx_word' id='word_1_251' title='bbox 1356 3188 1543 3233; x_wconf 76' lang='lat' dir='ltr'><strong>contra</strong></span> <span class='ocrx_word' id='word_1_252' title='bbox 1574 3178 1739 3233; x_wconf 90' lang='lat' dir='ltr'><strong>verba</strong></span> <span class='ocrx_word' id='word_1_253' title='bbox 1757 3177 1964 3248; x_wconf 81' lang='lat' dir='ltr'><strong>Assyrii</strong></span> <span class='ocrx_word' id='word_1_254' title='bbox 1984 3191 2105 3232; x_wconf 87' lang='lat' dir='ltr'><strong>sen-</strong></span> 
     </span>
    </p>
   </div>
   <div class='ocr_carea' id='block_1_33' title="bbox 466 3271 2100 3347">
    <p class='ocr_par' dir='ltr' id='par_1_33' title="bbox 466 3271 2100 3347">
     <span class='ocr_line' id='line_1_33' title="bbox 466 3271 2100 3347; baseline -0.006 -15"><span class='ocrx_word' id='word_1_255' title='bbox 466 3276 675 3332; x_wconf 77' lang='lat' dir='ltr'><strong>‘tienda</strong></span> <span class='ocrx_word' id='word_1_256' title='bbox 704 3285 864 3340; x_wconf 88' lang='lat' dir='ltr'><strong>sunt,</strong></span> <span class='ocrx_word' id='word_1_257' title='bbox 907 3275 1051 3347; x_wconf 91' lang='lat' dir='ltr'><strong>quod</strong></span> <span class='ocrx_word' id='word_1_258' title='bbox 1088 3273 1156 3328; x_wconf 90' lang='lat' dir='ltr'><strong>ad</strong></span> <span class='ocrx_word' id='word_1_259' title='bbox 1186 3271 1580 3342; x_wconf 59' lang='lat' dir='ltr'><strong>biaslmemiam</strong></span> <span class='ocrx_word' id='word_1_260' title='bbox 1617 3273 1736 3341; x_wconf 88' lang='lat' dir='ltr'><strong>ejus</strong></span> <span class='ocrx_word' id='word_1_261' title='bbox 1768 3271 1846 3325; x_wconf 88' lang='lat' dir='ltr'><strong>sic</strong></span> <span class='ocrx_word' id='word_1_262' title='bbox 1877 3284 2100 3340; x_wconf 85' lang='lat' dir='ltr'><strong>respon-</strong></span> 
     </span>
    </p>
   </div>
   <div class='ocr_carea' id='block_1_34' title="bbox 2224 659 3253 736">
    <p class='ocr_par' dir='ltr' id='par_1_34' title="bbox 2224 659 3253 736">
     <span class='ocr_line' id='line_1_34' title="bbox 2224 659 3253 736; baseline 0.007 -25"><span class='ocrx_word' id='word_1_263' title='bbox 2224 660 2646 731; x_wconf 84' lang='lat' dir='ltr'><strong>appropinquant</strong></span> <span class='ocrx_word' id='word_1_264' title='bbox 2673 660 2766 717; x_wconf 83' lang='lat' dir='ltr'><strong>tibi</strong></span> <span class='ocrx_word' id='word_1_265' title='bbox 2792 659 2911 736; x_wconf 88' lang='lat' dir='ltr'><strong>(Ps.</strong></span> <span class='ocrx_word' id='word_1_266' title='bbox 2947 674 3105 728; x_wconf 74' lang='lat' dir='ltr'><strong>xxxt,</strong></span> <span class='ocrx_word' id='word_1_267' title='bbox 3139 661 3253 736; x_wconf 70' lang='grc' dir='ltr'><strong>η).</strong></span> 
     </span>
    </p>
   </div>
   <div class='ocr_carea' id='block_1_35' title="bbox 2294 750 3757 831">
    <p class='ocr_par' dir='ltr' id='par_1_35' title="bbox 2294 750 3757 831">
     <span class='ocr_line' id='line_1_35' title="bbox 2294 750 3757 831; baseline 0.009 -25"><span class='ocrx_word' id='word_1_268' title='bbox 2294 752 2477 824; x_wconf 87' lang='lat' dir='ltr'><strong>(Vers.</strong></span> <span class='ocrx_word' id='word_1_269' title='bbox 2498 750 2568 809; x_wconf 74' lang='grc' dir='ltr'><strong>δυ</strong></span> <span class='ocrx_word' id='word_1_270' title='bbox 2593 753 2776 827; x_wconf 85' lang='lat' dir='ltr'><strong>seqq.)</strong></span> <span class='ocrx_word' id='word_1_271' title='bbox 2796 752 2910 810; x_wconf 82' lang='lat' dir='ltr'><strong>Tibi</strong></span> <span class='ocrx_word' id='word_1_272' title='bbox 2926 766 3097 812; x_wconf 85' lang='lat' dir='ltr'><strong>autem</strong></span> <span class='ocrx_word' id='word_1_273' title='bbox 3113 755 3212 812; x_wconf 87' lang='lat' dir='ltr'><strong>hoc</strong></span> <span class='ocrx_word' id='word_1_274' title='bbox 3236 756 3334 814; x_wconf 85' lang='lat' dir='ltr'><strong>erit</strong></span> <span class='ocrx_word' id='word_1_275' title='bbox 3350 759 3537 831; x_wconf 86' lang='lat' dir='ltr'><strong>signum</strong></span> <span class='ocrx_word' id='word_1_276' title='bbox 3552 777 3562 814; x_wconf 90' lang='lat'>:</span> <span class='ocrx_word' id='word_1_277' title='bbox 3580 758 3757 819; x_wconf 80' lang='lat' dir='ltr'><strong>Contede</strong></span> 
     </span>
    </p>
   </div>
   <div class='ocr_carea' id='block_1_36' title="bbox 2220 840 3759 920">
    <p class='ocr_par' dir='ltr' id='par_1_36' title="bbox 2220 840 3759 920">
     <span class='ocr_line' id='line_1_36' title="bbox 2220 840 3759 920; baseline 0.008 -23"><span class='ocrx_word' id='word_1_278' title='bbox 2220 842 2319 898; x_wconf 83' lang='lat' dir='ltr'><strong>hoc</strong></span> <span class='ocrx_word' id='word_1_279' title='bbox 2345 840 2507 919; x_wconf 63' lang='lat'><strong>“5</strong></span> <span class='ocrx_word' id='word_1_280' title='bbox 2532 862 2670 901; x_wconf 88' lang='lat' dir='ltr'><strong>anno</strong></span> <span class='ocrx_word' id='word_1_281' title='bbox 2695 862 2811 917; x_wconf 72' lang='lat' dir='ltr'><strong>quin</strong></span> <span class='ocrx_word' id='word_1_282' title='bbox 2839 859 3021 920; x_wconf 82' lang='lat' dir='ltr'><strong>sponte</strong></span> <span class='ocrx_word' id='word_1_283' title='bbox 3049 862 3363 918; x_wconf 85' lang='lat' dir='ltr'><strong>nascuntur,</strong></span> <span class='ocrx_word' id='word_1_284' title='bbox 3391 859 3435 905; x_wconf 88' lang='lat' dir='ltr'><strong>et</strong></span> <span class='ocrx_word' id='word_1_285' title='bbox 3463 851 3511 906; x_wconf 90' lang='lat' dir='ltr'><strong>in</strong></span> <span class='ocrx_word' id='word_1_286' title='bbox 3556 868 3673 909; x_wconf 87' lang='lat' dir='ltr'><strong>anno</strong></span> <span class='ocrx_word' id='word_1_287' title='bbox 3696 868 3759 911; x_wconf 83' lang='lat' dir='ltr'><strong>se-</strong></span> 
     </span>
    </p>
   </div>
   <div class='ocr_carea' id='block_1_37' title="bbox 2220 938 3757 1014">
    <p class='ocr_par' dir='ltr' id='par_1_37' title="bbox 2220 938 3757 1014">
     <span class='ocr_line' id='line_1_37' title="bbox 2220 938 3757 1014; baseline 0.008 -23"><span class='ocrx_word' id='word_1_288' title='bbox 2220 938 2392 991; x_wconf 88' lang='lat' dir='ltr'><strong>cundo</strong></span> <span class='ocrx_word' id='word_1_289' title='bbox 2421 939 2589 1008; x_wconf 83' lang='lat' dir='ltr'><strong>pomis</strong></span> <span class='ocrx_word' id='word_1_290' title='bbox 2632 952 2866 997; x_wconf 84' lang='lat' dir='ltr'><strong>vescere:</strong></span> <span class='ocrx_word' id='word_1_291' title='bbox 2900 942 2952 997; x_wconf 86' lang='lat' dir='ltr'><strong>in</strong></span> <span class='ocrx_word' id='word_1_292' title='bbox 2976 952 3115 997; x_wconf 83' lang='lat' dir='ltr'><strong>anno</strong></span> <span class='ocrx_word' id='word_1_293' title='bbox 3137 952 3307 998; x_wconf 81' lang='lat' dir='ltr'><strong>autem</strong></span> <span class='ocrx_word' id='word_1_294' title='bbox 3347 942 3485 1000; x_wconf 86' lang='lat' dir='ltr'><strong>tertio</strong></span> <span class='ocrx_word' id='word_1_295' title='bbox 3529 946 3757 1014; x_wconf 79' lang='lat' dir='ltr'><strong>seminate,</strong></span> 
     </span>
    </p>
   </div>
   <div class='ocr_carea' id='block_1_38' title="bbox 2218 1033 3763 1110">
    <p class='ocr_par' dir='ltr' id='par_1_38' title="bbox 2218 1033 3763 1110">
     <span class='ocr_line' id='line_1_38' title="bbox 2218 1033 3763 1110; baseline 0.005 -24"><span class='ocrx_word' id='word_1_296' title='bbox 2218 1039 2267 1086; x_wconf 88' lang='lat' dir='ltr'><strong>et</strong></span> <span class='ocrx_word' id='word_1_297' title='bbox 2298 1033 2500 1101; x_wconf 86' lang='lat' dir='ltr'><strong>metite,</strong></span> <span class='ocrx_word' id='word_1_298' title='bbox 2532 1041 2580 1089; x_wconf 86' lang='lat' dir='ltr'><strong>et</strong></span> <span class='ocrx_word' id='word_1_299' title='bbox 2630 1033 2863 1104; x_wconf 89' lang='lat' dir='ltr'><strong>plantate</strong></span> <span class='ocrx_word' id='word_1_300' title='bbox 2889 1037 3062 1092; x_wconf 83' lang='lat' dir='ltr'><strong>vineas</strong></span> <span class='ocrx_word' id='word_1_301' title='bbox 3081 1079 3095 1104; x_wconf 95' lang='lat'><strong>,</strong></span> <span class='ocrx_word' id='word_1_302' title='bbox 3136 1047 3182 1092; x_wconf 85' lang='lat' dir='ltr'><strong>et</strong></span> <span class='ocrx_word' id='word_1_303' title='bbox 3212 1036 3453 1093; x_wconf 88' lang='lat' dir='ltr'><strong>camedite</strong></span> <span class='ocrx_word' id='word_1_304' title='bbox 3478 1036 3674 1110; x_wconf 82' lang='lat' dir='ltr'><strong>fructum</strong></span> <span class='ocrx_word' id='word_1_305' title='bbox 3694 1054 3763 1093; x_wconf 84' lang='lat' dir='ltr'><strong>ea-</strong></span> 
     </span>
    </p>
   </div>
   <div class='ocr_carea' id='block_1_39' title="bbox 2218 1122 3758 1201">
    <p class='ocr_par' dir='ltr' id='par_1_39' title="bbox 2218 1122 3758 1201">
     <span class='ocr_line' id='line_1_39' title="bbox 2218 1122 3758 1201; baseline 0.005 -25"><span class='ocrx_word' id='word_1_306' title='bbox 2218 1138 2351 1177; x_wconf 85' lang='lat' dir='ltr'><strong>rum.</strong></span> <span class='ocrx_word' id='word_1_307' title='bbox 2383 1122 2451 1178; x_wconf 82' lang='lat' dir='ltr'><strong>Et</strong></span> <span class='ocrx_word' id='word_1_308' title='bbox 2480 1126 2644 1181; x_wconf 86' lang='lat' dir='ltr'><strong>mittet</strong></span> <span class='ocrx_word' id='word_1_309' title='bbox 2680 1127 2735 1181; x_wconf 89' lang='lat' dir='ltr'><strong>id</strong></span> <span class='ocrx_word' id='word_1_310' title='bbox 2760 1129 2896 1198; x_wconf 79' lang='lat' dir='ltr'><strong>quod</strong></span> <span class='ocrx_word' id='word_1_311' title='bbox 2926 1129 3179 1184; x_wconf 82' lang='lat' dir='ltr'><strong>salsatum</strong></span> <span class='ocrx_word' id='word_1_312' title='bbox 3205 1131 3361 1201; x_wconf 80' lang='lat' dir='ltr'><strong>fuerit</strong></span> <span class='ocrx_word' id='word_1_313' title='bbox 3384 1129 3446 1184; x_wconf 90' lang='lat' dir='ltr'><strong>de</strong></span> <span class='ocrx_word' id='word_1_314' title='bbox 3467 1129 3605 1184; x_wconf 84' lang='lat' dir='ltr'><strong>domo</strong></span> <span class='ocrx_word' id='word_1_315' title='bbox 3627 1127 3758 1197; x_wconf 74' lang='lat' dir='ltr'><strong>Iuda,</strong></span> 
     </span>
    </p>
   </div>
   <div class='ocr_carea' id='block_1_40' title="bbox 2218 1214 3764 1294">
    <p class='ocr_par' dir='ltr' id='par_1_40' title="bbox 2218 1214 3764 1294">
     <span class='ocr_line' id='line_1_40' title="bbox 2218 1214 3764 1294; baseline 0.003 -25"><span class='ocrx_word' id='word_1_316' title='bbox 2218 1223 2264 1269; x_wconf 88' lang='lat' dir='ltr'><strong>et</strong></span> <span class='ocrx_word' id='word_1_317' title='bbox 2293 1214 2429 1283; x_wconf 77' lang='lat' dir='ltr'><strong>quozl</strong></span> <span class='ocrx_word' id='word_1_318' title='bbox 2460 1218 2712 1288; x_wconf 87' lang='lat' dir='ltr'><strong>reliquum</strong></span> <span class='ocrx_word' id='word_1_319' title='bbox 2740 1228 2837 1287; x_wconf 84' lang='lat' dir='ltr'><strong>est,</strong></span> <span class='ocrx_word' id='word_1_320' title='bbox 2866 1220 3092 1275; x_wconf 88' lang='lat' dir='ltr'><strong>radicem</strong></span> <span class='ocrx_word' id='word_1_321' title='bbox 3136 1220 3374 1275; x_wconf 80' lang='lat' dir='ltr'><strong>deorsum</strong></span> <span class='ocrx_word' id='word_1_322' title='bbox 3396 1265 3407 1284; x_wconf 87' lang='lat'><strong>,</strong></span> <span class='ocrx_word' id='word_1_323' title='bbox 3433 1230 3477 1276; x_wconf 90' lang='lat' dir='ltr'><strong>et</strong></span> <span class='ocrx_word' id='word_1_324' title='bbox 3496 1221 3633 1294; x_wconf 78' lang='lat' dir='ltr'><strong>faciet</strong></span> <span class='ocrx_word' id='word_1_325' title='bbox 3651 1224 3764 1294; x_wconf 81' lang='lat' dir='ltr'><strong>fruc-</strong></span> 
     </span>
    </p>
   </div>
   <div class='ocr_carea' id='block_1_41' title="bbox 2217 1310 3764 1384">
    <p class='ocr_par' dir='ltr' id='par_1_41' title="bbox 2217 1310 3764 1384">
     <span class='ocr_line' id='line_1_41' title="bbox 2217 1310 3764 1384; baseline 0.005 -23"><span class='ocrx_word' id='word_1_326' title='bbox 2217 1316 2328 1363; x_wconf 83' lang='lat' dir='ltr'><strong>tum</strong></span> <span class='ocrx_word' id='word_1_327' title='bbox 2354 1324 2557 1364; x_wconf 87' lang='lat' dir='ltr'><strong>sursum</strong></span> <span class='ocrx_word' id='word_1_328' title='bbox 2586 1354 2601 1379; x_wconf 87' lang='lat'><strong>,</strong></span> <span class='ocrx_word' id='word_1_329' title='bbox 2647 1312 2769 1382; x_wconf 86' lang='lat' dir='ltr'><strong>quia</strong></span> <span class='ocrx_word' id='word_1_330' title='bbox 2815 1312 2878 1367; x_wconf 89' lang='lat' dir='ltr'><strong>de</strong></span> <span class='ocrx_word' id='word_1_331' title='bbox 2913 1310 3207 1369; x_wconf 76' lang='lat' dir='ltr'><strong>Jerusalem</strong></span> <span class='ocrx_word' id='word_1_332' title='bbox 3250 1312 3453 1369; x_wconf 69' lang='lat' dir='ltr'><strong>exibunt</strong></span> <span class='ocrx_word' id='word_1_333' title='bbox 3481 1312 3703 1384; x_wconf 64' lang='lat' dir='ltr'><strong>reliquiae,</strong></span> <span class='ocrx_word' id='word_1_334' title='bbox 3726 1325 3764 1368; x_wconf 86' lang='lat' dir='ltr'><strong>et</strong></span> 
     </span>
    </p>
   </div>
   <div class='ocr_carea' id='block_1_42' title="bbox 2216 1402 3766 1478">
    <p class='ocr_par' dir='ltr' id='par_1_42' title="bbox 2216 1402 3766 1478">
     <span class='ocr_line' id='line_1_42' title="bbox 2216 1402 3766 1478; baseline 0.005 -23"><span class='ocrx_word' id='word_1_335' title='bbox 2216 1402 2433 1456; x_wconf 79' lang='lat' dir='ltr'><strong>saluatio</strong></span> <span class='ocrx_word' id='word_1_336' title='bbox 2464 1403 2529 1458; x_wconf 85' lang='lat' dir='ltr'><strong>de</strong></span> <span class='ocrx_word' id='word_1_337' title='bbox 2555 1413 2724 1459; x_wconf 88' lang='lat' dir='ltr'><strong>monte</strong></span> <span class='ocrx_word' id='word_1_338' title='bbox 2766 1404 2920 1461; x_wconf 87' lang='lat' dir='ltr'><strong>Sion.</strong></span> <span class='ocrx_word' id='word_1_339' title='bbox 2967 1404 3122 1461; x_wconf 85' lang='lat' dir='ltr'><strong>Zelus</strong></span> <span class='ocrx_word' id='word_1_340' title='bbox 3158 1405 3364 1462; x_wconf 80' lang='lat' dir='ltr'><strong>Domini</strong></span> <span class='ocrx_word' id='word_1_341' title='bbox 3392 1407 3678 1463; x_wconf 68' lang='lat' dir='ltr'><strong>exercituum</strong></span> <span class='ocrx_word' id='word_1_342' title='bbox 3700 1408 3766 1478; x_wconf 78' lang='lat' dir='ltr'><strong>[s-</strong></span> 
     </span>
    </p>
   </div>
   <div class='ocr_carea' id='block_1_43' title="bbox 2217 1494 3765 1574">
    <p class='ocr_par' dir='ltr' id='par_1_43' title="bbox 2217 1494 3765 1574">
     <span class='ocr_line' id='line_1_43' title="bbox 2217 1494 3765 1574; baseline 0.007 -27"><span class='ocrx_word' id='word_1_343' title='bbox 2217 1494 2313 1549; x_wconf 85' lang='lat' dir='ltr'><strong>ciet</strong></span> <span class='ocrx_word' id='word_1_344' title='bbox 2348 1497 2509 1550; x_wconf 84' lang='lat' dir='ltr'><strong>istud.</strong></span> <span class='ocrx_word' id='word_1_345' title='bbox 2538 1498 2727 1553; x_wconf 84' lang='lat' dir='ltr'><strong>Omnia</strong></span> <span class='ocrx_word' id='word_1_346' title='bbox 2759 1498 2878 1555; x_wconf 79' lang='lat' dir='ltr'><strong>htec</strong></span> <span class='ocrx_word' id='word_1_347' title='bbox 2905 1499 3183 1571; x_wconf 84' lang='lat' dir='ltr'><strong>Propheta</strong></span> <span class='ocrx_word' id='word_1_348' title='bbox 3216 1514 3313 1574; x_wconf 85' lang='lat' dir='ltr'><strong>per</strong></span> <span class='ocrx_word' id='word_1_349' title='bbox 3346 1503 3554 1559; x_wconf 85' lang='lat' dir='ltr'><strong>nuntios</strong></span> <span class='ocrx_word' id='word_1_350' title='bbox 3577 1502 3634 1558; x_wconf 78' lang='lat' dir='ltr'><strong>ad</strong></span> <span class='ocrx_word' id='word_1_351' title='bbox 3659 1503 3765 1558; x_wconf 75' lang='lat' dir='ltr'><strong>Ele-</strong></span> 
     </span>
    </p>
   </div>
   <div class='ocr_carea' id='block_1_44' title="bbox 2216 1585 3765 1663">
    <p class='ocr_par' dir='ltr' id='par_1_44' title="bbox 2216 1585 3765 1663">
     <span class='ocr_line' id='line_1_44' title="bbox 2216 1585 3765 1663; baseline 0.005 -22"><span class='ocrx_word' id='word_1_352' title='bbox 2216 1585 2394 1641; x_wconf 81' lang='lat' dir='ltr'><strong>chiam</strong></span> <span class='ocrx_word' id='word_1_353' title='bbox 2429 1588 2701 1659; x_wconf 87' lang='lat' dir='ltr'><strong>loquitur,</strong></span> <span class='ocrx_word' id='word_1_354' title='bbox 2735 1592 2864 1660; x_wconf 88' lang='lat' dir='ltr'><strong>quid</strong></span> <span class='ocrx_word' id='word_1_355' title='bbox 2910 1592 3291 1650; x_wconf 81' lang='lat' dir='ltr'><strong>Seuuacherib</strong></span> <span class='ocrx_word' id='word_1_356' title='bbox 3334 1593 3549 1658; x_wconf 80' lang='lat' dir='ltr'><strong>dixerit,</strong></span> <span class='ocrx_word' id='word_1_357' title='bbox 3594 1593 3703 1663; x_wconf 90' lang='lat' dir='ltr'><strong>quid</strong></span> <span class='ocrx_word' id='word_1_358' title='bbox 3726 1594 3765 1649; x_wconf 83' lang='lat' dir='ltr'><strong>ei</strong></span> 
     </span>
    </p>
   </div>
   <div class='ocr_carea' id='block_1_45' title="bbox 2215 1679 3765 1759">
    <p class='ocr_par' dir='ltr' id='par_1_45' title="bbox 2215 1679 3765 1759">
     <span class='ocr_line' id='line_1_45' title="bbox 2215 1679 3765 1759; baseline 0.006 -26"><span class='ocrx_word' id='word_1_359' title='bbox 2215 1679 2477 1737; x_wconf 88' lang='lat' dir='ltr'><strong>Dominus</strong></span> <span class='ocrx_word' id='word_1_360' title='bbox 2533 1686 2923 1754; x_wconf 83' lang='lat' dir='ltr'><strong>responderit:</strong></span> <span class='ocrx_word' id='word_1_361' title='bbox 2982 1700 3124 1742; x_wconf 89' lang='lat' dir='ltr'><strong>nunc</strong></span> <span class='ocrx_word' id='word_1_362' title='bbox 3164 1687 3230 1742; x_wconf 89' lang='lat' dir='ltr'><strong>ad</strong></span> <span class='ocrx_word' id='word_1_363' title='bbox 3284 1689 3457 1759; x_wconf 81' lang='lat' dir='ltr'><strong>ipsum</strong></span> <span class='ocrx_word' id='word_1_364' title='bbox 3506 1680 3765 1745; x_wconf 70' lang='lat' dir='ltr'><strong>sermonem</strong></span> 
     </span>
    </p>
   </div>
   <div class='ocr_carea' id='block_1_46' title="bbox 2214 1771 3769 1852">
    <p class='ocr_par' dir='ltr' id='par_1_46' title="bbox 2214 1771 3769 1852">
     <span class='ocr_line' id='line_1_46' title="bbox 2214 1771 3769 1852; baseline 0.005 -24"><span class='ocrx_word' id='word_1_365' title='bbox 2214 1771 2363 1842; x_wconf 82' lang='lat' dir='ltr'><strong>facit,</strong></span> <span class='ocrx_word' id='word_1_366' title='bbox 2398 1791 2464 1832; x_wconf 90' lang='lat' dir='ltr'><strong>ne</strong></span> <span class='ocrx_word' id='word_1_367' title='bbox 2496 1778 2719 1833; x_wconf 79' lang='lat' dir='ltr'><strong>forsitan</strong></span> <span class='ocrx_word' id='word_1_368' title='bbox 2749 1779 2961 1835; x_wconf 85' lang='lat' dir='ltr'><strong>dubitet</strong></span> <span class='ocrx_word' id='word_1_369' title='bbox 2993 1790 3221 1835; x_wconf 79' lang='lat' dir='ltr'><strong>ventura</strong></span> <span class='ocrx_word' id='word_1_370' title='bbox 3252 1794 3375 1852; x_wconf 71' lang='lat' dir='ltr'><strong>qua:</strong></span> <span class='ocrx_word' id='word_1_371' title='bbox 3405 1780 3541 1836; x_wconf 82' lang='lat' dir='ltr'><strong>dicta</strong></span> <span class='ocrx_word' id='word_1_372' title='bbox 3569 1789 3694 1836; x_wconf 88' lang='lat' dir='ltr'><strong>sunt.</strong></span> <span class='ocrx_word' id='word_1_373' title='bbox 3717 1780 3769 1835; x_wconf 77' lang='lat' dir='ltr'><strong>Et</strong></span> 
     </span>
    </p>
   </div>
   <div class='ocr_carea' id='block_1_47' title="bbox 2215 1866 3766 1946">
    <p class='ocr_par' dir='ltr' id='par_1_47' title="bbox 2215 1866 3766 1946">
     <span class='ocr_line' id='line_1_47' title="bbox 2215 1866 3766 1946; baseline 0.003 -23"><span class='ocrx_word' id='word_1_374' title='bbox 2215 1866 2422 1923; x_wconf 88' lang='lat' dir='ltr'><strong>idcirco</strong></span> <span class='ocrx_word' id='word_1_375' title='bbox 2450 1870 2532 1925; x_wconf 84' lang='lat' dir='ltr'><strong>vel</strong></span> <span class='ocrx_word' id='word_1_376' title='bbox 2565 1871 2800 1927; x_wconf 83' lang='lat' dir='ltr'><strong>maxime</strong></span> <span class='ocrx_word' id='word_1_377' title='bbox 2831 1872 3122 1943; x_wconf 73' lang='lat' dir='ltr'><strong>Propheta:</strong></span> <span class='ocrx_word' id='word_1_378' title='bbox 3159 1874 3301 1945; x_wconf 85' lang='lat' dir='ltr'><strong>apud</strong></span> <span class='ocrx_word' id='word_1_379' title='bbox 3329 1874 3575 1946; x_wconf 86' lang='lat' dir='ltr'><strong>populum</strong></span> <span class='ocrx_word' id='word_1_380' title='bbox 3601 1886 3766 1929; x_wconf 76' lang='lat' dir='ltr'><strong>sermo</strong></span> 
     </span>
    </p>
   </div>
   <div class='ocr_carea' id='block_1_48' title="bbox 2144 1965 3768 2041">
    <p class='ocr_par' dir='ltr' id='par_1_48' title="bbox 2144 1965 3768 2041">
     <span class='ocr_line' id='line_1_48' title="bbox 2144 1965 3768 2041; baseline 0.002 -23"><span class='ocrx_word' id='word_1_381' title='bbox 2144 1966 2193 2028; x_wconf 89' lang='lat' dir='ltr'><strong>B</strong></span> <span class='ocrx_word' id='word_1_382' title='bbox 2219 1980 2346 2020; x_wconf 87' lang='lat' dir='ltr'><strong>num</strong></span> <span class='ocrx_word' id='word_1_383' title='bbox 2395 1978 2619 2022; x_wconf 89' lang='lat' dir='ltr'><strong>suorum</strong></span> <span class='ocrx_word' id='word_1_384' title='bbox 2677 1968 2955 2025; x_wconf 86' lang='lat' dir='ltr'><strong>habebant</strong></span> <span class='ocrx_word' id='word_1_385' title='bbox 3004 1969 3164 2024; x_wconf 78' lang='lat' dir='ltr'><strong>fidem</strong></span> <span class='ocrx_word' id='word_1_386' title='bbox 3192 1986 3204 2025; x_wconf 88' lang='lat'><strong>:</strong></span> <span class='ocrx_word' id='word_1_387' title='bbox 3237 1970 3365 2041; x_wconf 91' lang='lat' dir='ltr'><strong>quia</strong></span> <span class='ocrx_word' id='word_1_388' title='bbox 3396 1985 3499 2025; x_wconf 91' lang='lat' dir='ltr'><strong>non</strong></span> <span class='ocrx_word' id='word_1_389' title='bbox 3526 1969 3680 2025; x_wconf 81' lang='lat' dir='ltr'><strong>solum</strong></span> <span class='ocrx_word' id='word_1_390' title='bbox 3715 1965 3768 2022; x_wconf 88' lang='lat' dir='ltr'><strong>de</strong></span> 
     </span>
    </p>
   </div>
   <div class='ocr_carea' id='block_1_49' title="bbox 2162 2059 3765 2133">
    <p class='ocr_par' dir='ltr' id='par_1_49' title="bbox 2162 2059 3765 2133">
     <span class='ocr_line' id='line_1_49' title="bbox 2162 2059 3765 2133; baseline -0.001 -19"><span class='ocrx_word' id='word_1_391' title='bbox 2162 2065 2167 2069; x_wconf 81' lang='grc'><strong>’</strong></span> <span class='ocrx_word' id='word_1_392' title='bbox 2216 2060 2301 2114; x_wconf 88' lang='lat' dir='ltr'><strong>bis</strong></span> <span class='ocrx_word' id='word_1_393' title='bbox 2328 2061 2449 2132; x_wconf 81' lang='lat' dir='ltr'><strong>quae</strong></span> <span class='ocrx_word' id='word_1_394' title='bbox 2477 2060 2643 2117; x_wconf 89' lang='lat' dir='ltr'><strong>multa</strong></span> <span class='ocrx_word' id='word_1_395' title='bbox 2676 2070 2801 2133; x_wconf 90' lang='lat' dir='ltr'><strong>post</strong></span> <span class='ocrx_word' id='word_1_396' title='bbox 2845 2064 3045 2119; x_wconf 66' lang='lat' dir='ltr'><strong>saecula</strong></span> <span class='ocrx_word' id='word_1_397' title='bbox 3079 2061 3259 2119; x_wconf 87' lang='lat' dir='ltr'><strong>futura</strong></span> <span class='ocrx_word' id='word_1_398' title='bbox 3291 2070 3479 2128; x_wconf 86' lang='lat' dir='ltr'><strong>erant,</strong></span> <span class='ocrx_word' id='word_1_399' title='bbox 3522 2060 3611 2117; x_wconf 83' lang='lat' dir='ltr'><strong>sed</strong></span> <span class='ocrx_word' id='word_1_400' title='bbox 3637 2059 3765 2115; x_wconf 78' lang='lat' dir='ltr'><strong>etiam</strong></span> 
     </span>
    </p>
   </div>
   <div class='ocr_carea' id='block_1_50' title="bbox 2214 2154 3770 2229">
    <p class='ocr_par' dir='ltr' id='par_1_50' title="bbox 2214 2154 3770 2229">
     <span class='ocr_line' id='line_1_50' title="bbox 2214 2154 3770 2229; baseline 0 -22"><span class='ocrx_word' id='word_1_401' title='bbox 2214 2168 2334 2223; x_wconf 65' lang='lat' dir='ltr'><strong>quia</strong></span> <span class='ocrx_word' id='word_1_402' title='bbox 2386 2156 2437 2208; x_wconf 91' lang='lat' dir='ltr'><strong>iu</strong></span> <span class='ocrx_word' id='word_1_403' title='bbox 2488 2156 2838 2223; x_wconf 90' lang='lat' dir='ltr'><strong>continenti,</strong></span> <span class='ocrx_word' id='word_1_404' title='bbox 2871 2164 2925 2212; x_wconf 89' lang='lat' dir='ltr'><strong>et</strong></span> <span class='ocrx_word' id='word_1_405' title='bbox 2970 2164 3094 2229; x_wconf 87' lang='lat' dir='ltr'><strong>post</strong></span> <span class='ocrx_word' id='word_1_406' title='bbox 3145 2171 3251 2212; x_wconf 88' lang='lat' dir='ltr'><strong>non</strong></span> <span class='ocrx_word' id='word_1_407' title='bbox 3300 2155 3504 2227; x_wconf 83' lang='lat' dir='ltr'><strong>grande</strong></span> <span class='ocrx_word' id='word_1_408' title='bbox 3550 2154 3770 2226; x_wconf 82' lang='lat' dir='ltr'><strong>temporis</strong></span> 
     </span>
    </p>
   </div>
   <div class='ocr_carea' id='block_1_51' title="bbox 2212 2245 3771 2319">
    <p class='ocr_par' dir='ltr' id='par_1_51' title="bbox 2212 2245 3771 2319">
     <span class='ocr_line' id='line_1_51' title="bbox 2212 2245 3771 2319; baseline 0 -19"><span class='ocrx_word' id='word_1_409' title='bbox 2212 2248 2445 2315; x_wconf 76' lang='lat' dir='ltr'><strong>spatium</strong></span> <span class='ocrx_word' id='word_1_410' title='bbox 2476 2257 2664 2303; x_wconf 63' lang='lat' dir='ltr'><strong>essent</strong></span> <span class='ocrx_word' id='word_1_411' title='bbox 2689 2249 2987 2319; x_wconf 83' lang='lat' dir='ltr'><strong>implenda,</strong></span> <span class='ocrx_word' id='word_1_412' title='bbox 3019 2249 3439 2305; x_wconf 82' lang='lat' dir='ltr'><strong>memorabant:</strong></span> <span class='ocrx_word' id='word_1_413' title='bbox 3472 2246 3673 2317; x_wconf 87' lang='lat' dir='ltr'><strong>etquod</strong></span> <span class='ocrx_word' id='word_1_414' title='bbox 3708 2245 3771 2300; x_wconf 86' lang='lat' dir='ltr'><strong>in-</strong></span> 
     </span>
    </p>
   </div>
   <div class='ocr_carea' id='block_1_52' title="bbox 2214 2337 3771 2415">
    <p class='ocr_par' dir='ltr' id='par_1_52' title="bbox 2214 2337 3771 2415">
     <span class='ocr_line' id='line_1_52' title="bbox 2214 2337 3771 2415; baseline -0.001 -22"><span class='ocrx_word' id='word_1_415' title='bbox 2214 2348 2292 2393; x_wconf 89' lang='lat' dir='ltr'><strong>tra</strong></span> <span class='ocrx_word' id='word_1_416' title='bbox 2315 2339 2613 2405; x_wconf 89' lang='lat' dir='ltr'><strong>biennium,</strong></span> <span class='ocrx_word' id='word_1_417' title='bbox 2636 2348 2691 2395; x_wconf 80' lang='lat' dir='ltr'><strong>et</strong></span> <span class='ocrx_word' id='word_1_418' title='bbox 2711 2358 2804 2397; x_wconf 77' lang='lat' dir='ltr'><strong>rex</strong></span> <span class='ocrx_word' id='word_1_419' title='bbox 2834 2342 3092 2415; x_wconf 78' lang='lat' dir='ltr'><strong>Assyrius</strong></span> <span class='ocrx_word' id='word_1_420' title='bbox 3121 2343 3393 2410; x_wconf 88' lang='lat' dir='ltr'><strong>interiret,</strong></span> <span class='ocrx_word' id='word_1_421' title='bbox 3429 2350 3483 2395; x_wconf 79' lang='lat' dir='ltr'><strong>et</strong></span> <span class='ocrx_word' id='word_1_422' title='bbox 3505 2338 3619 2395; x_wconf 84' lang='lat' dir='ltr'><strong>urbi</strong></span> <span class='ocrx_word' id='word_1_423' title='bbox 3645 2337 3771 2393; x_wconf 73' lang='lat' dir='ltr'><strong>Jeru-</strong></span> 
     </span>
    </p>
   </div>
   <div class='ocr_carea' id='block_1_53' title="bbox 2211 2433 3766 2506">
    <p class='ocr_par' dir='ltr' id='par_1_53' title="bbox 2211 2433 3766 2506">
     <span class='ocr_line' id='line_1_53' title="bbox 2211 2433 3766 2506; baseline -0.001 -19"><span class='ocrx_word' id='word_1_424' title='bbox 2211 2433 2383 2488; x_wconf 82' lang='lat' dir='ltr'><strong>salem</strong></span> <span class='ocrx_word' id='word_1_425' title='bbox 2405 2435 2669 2489; x_wconf 77' lang='lat' dir='ltr'><strong>securitas</strong></span> <span class='ocrx_word' id='word_1_426' title='bbox 2694 2435 3041 2491; x_wconf 72' lang='lat' dir='ltr'><strong>redderetur.</strong></span> <span class='ocrx_word' id='word_1_427' title='bbox 3074 2434 3190 2491; x_wconf 86' lang='lat' dir='ltr'><strong>lloc</strong></span> <span class='ocrx_word' id='word_1_428' title='bbox 3220 2437 3346 2503; x_wconf 87' lang='lat' dir='ltr'><strong>erit,</strong></span> <span class='ocrx_word' id='word_1_429' title='bbox 3380 2436 3568 2506; x_wconf 88' lang='lat' dir='ltr'><strong>inquit,</strong></span> <span class='ocrx_word' id='word_1_430' title='bbox 3593 2434 3766 2503; x_wconf 69' lang='lat' dir='ltr'><strong>signum</strong></span> 
     </span>
    </p>
   </div>
   <div class='ocr_carea' id='block_1_54' title="bbox 2211 2524 3769 2602">
    <p class='ocr_par' dir='ltr' id='par_1_54' title="bbox 2211 2524 3769 2602">
     <span class='ocr_line' id='line_1_54' title="bbox 2211 2524 3769 2602; baseline -0.003 -21"><span class='ocrx_word' id='word_1_431' title='bbox 2211 2540 2397 2581; x_wconf 81' lang='lat' dir='ltr'><strong>eorum</strong></span> <span class='ocrx_word' id='word_1_432' title='bbox 2453 2543 2573 2598; x_wconf 75' lang='lat' dir='ltr'><strong>qum</strong></span> <span class='ocrx_word' id='word_1_433' title='bbox 2628 2524 2805 2583; x_wconf 83' lang='lat' dir='ltr'><strong>futura</strong></span> <span class='ocrx_word' id='word_1_434' title='bbox 2863 2530 3194 2598; x_wconf 75' lang='lat' dir='ltr'><strong>prteuuntio,</strong></span> <span class='ocrx_word' id='word_1_435' title='bbox 3251 2524 3401 2602; x_wconf 89' lang='lat' dir='ltr'><strong>quod</strong></span> <span class='ocrx_word' id='word_1_436' title='bbox 3450 2528 3769 2583; x_wconf 74' lang='lat' dir='ltr'><strong>hocannora</strong></span> 
     </span>
    </p>
   </div>
   <div class='ocr_carea' id='block_1_55' title="bbox 2209 2615 3770 2692">
    <p class='ocr_par' dir='ltr' id='par_1_55' title="bbox 2209 2615 3770 2692">
     <span class='ocr_line' id='line_1_55' title="bbox 2209 2615 3770 2692; baseline -0.002 -19"><span class='ocrx_word' id='word_1_437' title='bbox 2209 2618 2500 2684; x_wconf 77' lang='lat' dir='ltr'><strong>comedas,</strong></span> <span class='ocrx_word' id='word_1_438' title='bbox 2533 2636 2656 2691; x_wconf 69' lang='lat' dir='ltr'><strong>quzc</strong></span> <span class='ocrx_word' id='word_1_439' title='bbox 2694 2633 2894 2690; x_wconf 71' lang='lat' dir='ltr'><strong>sponte</strong></span> <span class='ocrx_word' id='word_1_440' title='bbox 2934 2633 3254 2678; x_wconf 83' lang='lat' dir='ltr'><strong>nascuntur.</strong></span> <span class='ocrx_word' id='word_1_441' title='bbox 3293 2624 3423 2678; x_wconf 79' lang='lat' dir='ltr'><strong>Sive</strong></span> <span class='ocrx_word' id='word_1_442' title='bbox 3468 2623 3609 2692; x_wconf 71' lang='lat' dir='ltr'><strong>juxta</strong></span> <span class='ocrx_word' id='word_1_443' title='bbox 3656 2615 3770 2674; x_wconf 79' lang='lat' dir='ltr'><strong>LXX</strong></span> 
     </span>
    </p>
   </div>
   <div class='ocr_carea' id='block_1_56' title="bbox 2208 2711 3773 2784">
    <p class='ocr_par' dir='ltr' id='par_1_56' title="bbox 2208 2711 3773 2784">
     <span class='ocr_line' id='line_1_56' title="bbox 2208 2711 3773 2784; baseline -0.001 -19"><span class='ocrx_word' id='word_1_444' title='bbox 2208 2725 2324 2782; x_wconf 68' lang='lat' dir='ltr'><strong>qua!</strong></span> <span class='ocrx_word' id='word_1_445' title='bbox 2350 2715 2496 2782; x_wconf 87' lang='lat' dir='ltr'><strong>prius</strong></span> <span class='ocrx_word' id='word_1_446' title='bbox 2534 2728 2762 2769; x_wconf 82' lang='lat' dir='ltr'><strong>severas.</strong></span> <span class='ocrx_word' id='word_1_447' title='bbox 2792 2715 2951 2769; x_wconf 78' lang='lat' dir='ltr'><strong>Anno</strong></span> <span class='ocrx_word' id='word_1_448' title='bbox 2976 2722 3162 2770; x_wconf 87' lang='lat' dir='ltr'><strong>autem</strong></span> <span class='ocrx_word' id='word_1_449' title='bbox 3190 2714 3457 2781; x_wconf 83' lang='lat' dir='ltr'><strong>secundo,</strong></span> <span class='ocrx_word' id='word_1_450' title='bbox 3481 2714 3624 2784; x_wconf 79' lang='lat' dir='ltr'><strong>juxta</strong></span> <span class='ocrx_word' id='word_1_451' title='bbox 3644 2711 3773 2782; x_wconf 63' lang='grc' dir='ltr'><strong>εγω.</strong></span> 
     </span>
    </p>
   </div>
   <div class='ocr_carea' id='block_1_57' title="bbox 2211 2801 3772 2879">
    <p class='ocr_par' dir='ltr' id='par_1_57' title="bbox 2211 2801 3772 2879">
     <span class='ocr_line' id='line_1_57' title="bbox 2211 2801 3772 2879; baseline 0.003 -23"><span class='ocrx_word' id='word_1_452' title='bbox 2211 2803 2485 2872; x_wconf 84' lang='lat' dir='ltr'><strong>machum,</strong></span> <span class='ocrx_word' id='word_1_453' title='bbox 2519 2807 2685 2878; x_wconf 85' lang='lat' dir='ltr'><strong>pomis</strong></span> <span class='ocrx_word' id='word_1_454' title='bbox 2710 2820 2954 2862; x_wconf 81' lang='lat' dir='ltr'><strong>vescere:</strong></span> <span class='ocrx_word' id='word_1_455' title='bbox 2987 2809 3102 2863; x_wconf 82' lang='lat' dir='ltr'><strong>sive</strong></span> <span class='ocrx_word' id='word_1_456' title='bbox 3133 2808 3287 2879; x_wconf 77' lang='lat' dir='ltr'><strong>juxta</strong></span> <span class='ocrx_word' id='word_1_457' title='bbox 3317 2807 3562 2871; x_wconf 83' lang='lat' dir='ltr'><strong>eosdem,</strong></span> <span class='ocrx_word' id='word_1_458' title='bbox 3589 2818 3695 2877; x_wconf 67' lang='lat' dir='ltr'><strong>quae</strong></span> <span class='ocrx_word' id='word_1_459' title='bbox 3719 2801 3772 2857; x_wconf 78' lang='lat' dir='ltr'><strong>de</strong></span> 
     </span>
    </p>
   </div>
   <div class='ocr_carea' id='block_1_58' title="bbox 2208 2896 3770 2970">
    <p class='ocr_par' dir='ltr' id='par_1_58' title="bbox 2208 2896 3770 2970">
     <span class='ocr_line' id='line_1_58' title="bbox 2208 2896 3770 2970; baseline 0 -21"><span class='ocrx_word' id='word_1_460' title='bbox 2208 2897 2501 2965; x_wconf 68' lang='lat' dir='ltr'><strong>praeteritis</strong></span> <span class='ocrx_word' id='word_1_461' title='bbox 2534 2899 2810 2970; x_wconf 73' lang='lat' dir='ltr'><strong>segetibus</strong></span> <span class='ocrx_word' id='word_1_462' title='bbox 2834 2941 2850 2967; x_wconf 91' lang='lat'><strong>,</strong></span> <span class='ocrx_word' id='word_1_463' title='bbox 2883 2909 2936 2956; x_wconf 89' lang='lat' dir='ltr'><strong>et</strong></span> <span class='ocrx_word' id='word_1_464' title='bbox 2966 2898 3203 2957; x_wconf 83' lang='lat' dir='ltr'><strong>cadente</strong></span> <span class='ocrx_word' id='word_1_465' title='bbox 3230 2901 3282 2956; x_wconf 87' lang='lat' dir='ltr'><strong>in</strong></span> <span class='ocrx_word' id='word_1_466' title='bbox 3333 2910 3533 2956; x_wconf 87' lang='lat' dir='ltr'><strong>terram</strong></span> <span class='ocrx_word' id='word_1_467' title='bbox 3562 2896 3770 2958; x_wconf 81' lang='lat' dir='ltr'><strong>semine,</strong></span> 
     </span>
    </p>
   </div>
   <div class='ocr_carea' id='block_1_59' title="bbox 2209 2990 3775 3067">
    <p class='ocr_par' dir='ltr' id='par_1_59' title="bbox 2209 2990 3775 3067">
     <span class='ocr_line' id='line_1_59' title="bbox 2209 2990 3775 3067; baseline 0.004 -24"><span class='ocrx_word' id='word_1_468' title='bbox 2209 2991 2615 3061; x_wconf 85' lang='lat' dir='ltr'><strong>pullulaverint.</strong></span> <span class='ocrx_word' id='word_1_469' title='bbox 2651 2990 2717 3048; x_wconf 90' lang='lat' dir='ltr'><strong>In</strong></span> <span class='ocrx_word' id='word_1_470' title='bbox 2742 3010 2881 3049; x_wconf 88' lang='lat' dir='ltr'><strong>anno</strong></span> <span class='ocrx_word' id='word_1_471' title='bbox 2901 3002 3071 3050; x_wconf 77' lang='lat' dir='ltr'><strong>autem</strong></span> <span class='ocrx_word' id='word_1_472' title='bbox 3110 2996 3279 3060; x_wconf 85' lang='lat' dir='ltr'><strong>tertio,</strong></span> <span class='ocrx_word' id='word_1_473' title='bbox 3313 2993 3621 3067; x_wconf 67' lang='lat' dir='ltr'><strong>fingentium</strong></span> <span class='ocrx_word' id='word_1_474' title='bbox 3644 2991 3775 3061; x_wconf 76' lang='lat' dir='ltr'><strong>Assy-</strong></span> 
     </span>
    </p>
   </div>
   <div class='ocr_carea' id='block_1_60' title="bbox 2207 3083 3776 3156">
    <p class='ocr_par' dir='ltr' id='par_1_60' title="bbox 2207 3083 3776 3156">
     <span class='ocr_line' id='line_1_60' title="bbox 2207 3083 3776 3156; baseline 0.001 -20"><span class='ocrx_word' id='word_1_475' title='bbox 2207 3083 2290 3136; x_wconf 92' lang='lat' dir='ltr'><strong>rio</strong></span> <span class='ocrx_word' id='word_1_476' title='bbox 2317 3093 2372 3137; x_wconf 84' lang='lat' dir='ltr'><strong>et</strong></span> <span class='ocrx_word' id='word_1_477' title='bbox 2400 3085 2689 3141; x_wconf 79' lang='lat' dir='ltr'><strong>obsidione</strong></span> <span class='ocrx_word' id='word_1_478' title='bbox 2714 3086 2912 3152; x_wconf 76' lang='lat' dir='ltr'><strong>laxata,</strong></span> <span class='ocrx_word' id='word_1_479' title='bbox 2945 3089 3211 3155; x_wconf 79' lang='lat' dir='ltr'><strong>seminate,</strong></span> <span class='ocrx_word' id='word_1_480' title='bbox 3245 3096 3292 3142; x_wconf 89' lang='lat' dir='ltr'><strong>et</strong></span> <span class='ocrx_word' id='word_1_481' title='bbox 3332 3089 3525 3153; x_wconf 80' lang='lat' dir='ltr'><strong>metite,</strong></span> <span class='ocrx_word' id='word_1_482' title='bbox 3571 3096 3615 3141; x_wconf 85' lang='lat' dir='ltr'><strong>et</strong></span> <span class='ocrx_word' id='word_1_483' title='bbox 3652 3086 3776 3156; x_wconf 80' lang='lat' dir='ltr'><strong>ptan-</strong></span> 
     </span>
    </p>
   </div>
   <div class='ocr_carea' id='block_1_61' title="bbox 2207 3179 3774 3254">
    <p class='ocr_par' dir='ltr' id='par_1_61' title="bbox 2207 3179 3774 3254">
     <span class='ocr_line' id='line_1_61' title="bbox 2207 3179 3774 3254; baseline 0.002 -24"><span class='ocrx_word' id='word_1_484' title='bbox 2207 3185 2311 3232; x_wconf 86' lang='lat' dir='ltr'><strong>tate</strong></span> <span class='ocrx_word' id='word_1_485' title='bbox 2332 3179 2528 3246; x_wconf 77' lang='lat' dir='ltr'><strong>vineas,</strong></span> <span class='ocrx_word' id='word_1_486' title='bbox 2555 3188 2606 3234; x_wconf 88' lang='lat' dir='ltr'><strong>et</strong></span> <span class='ocrx_word' id='word_1_487' title='bbox 2629 3183 2828 3252; x_wconf 79' lang='lat' dir='ltr'><strong>fructus</strong></span> <span class='ocrx_word' id='word_1_488' title='bbox 2857 3194 3038 3236; x_wconf 84' lang='lat' dir='ltr'><strong>earum</strong></span> <span class='ocrx_word' id='word_1_489' title='bbox 3063 3182 3335 3238; x_wconf 75' lang='lat' dir='ltr'><strong>comedite.</strong></span> <span class='ocrx_word' id='word_1_490' title='bbox 3372 3182 3644 3254; x_wconf 83' lang='lat' dir='ltr'><strong>Siquidem</strong></span> <span class='ocrx_word' id='word_1_491' title='bbox 3674 3190 3774 3249; x_wconf 84' lang='lat' dir='ltr'><strong>par-</strong></span> 
     </span>
    </p>
   </div>
   <div class='ocr_carea' id='block_1_62' title="bbox 2207 3270 3776 3346">
    <p class='ocr_par' dir='ltr' id='par_1_62' title="bbox 2207 3270 3776 3346">
     <span class='ocr_line' id='line_1_62' title="bbox 2207 3270 3776 3346; baseline 0.003 -26"><span class='ocrx_word' id='word_1_492' title='bbox 2207 3284 2287 3323; x_wconf 80' lang='lat' dir='ltr'><strong>vze</strong></span> <span class='ocrx_word' id='word_1_493' title='bbox 2328 3270 2481 3325; x_wconf 89' lang='lat' dir='ltr'><strong>urbis</strong></span> <span class='ocrx_word' id='word_1_494' title='bbox 2511 3271 2672 3342; x_wconf 72' lang='lat' dir='ltr'><strong>huius</strong></span> <span class='ocrx_word' id='word_1_495' title='bbox 2697 3274 2964 3344; x_wconf 82' lang='lat' dir='ltr'><strong>reliquiae,</strong></span> <span class='ocrx_word' id='word_1_496' title='bbox 2992 3288 3114 3346; x_wconf 66' lang='lat' dir='ltr'><strong>quas</strong></span> <span class='ocrx_word' id='word_1_497' title='bbox 3142 3288 3291 3331; x_wconf 70' lang='lat' dir='ltr'><strong>stunc</strong></span> <span class='ocrx_word' id='word_1_498' title='bbox 3324 3275 3515 3332; x_wconf 78' lang='lat' dir='ltr'><strong>hostili</strong></span> <span class='ocrx_word' id='word_1_499' title='bbox 3543 3272 3776 3328; x_wconf 80' lang='lat' dir='ltr'><strong>vallantur</strong></span> 
     </span>
    </p>
   </div>
   <div class='ocr_carea' id='block_1_63' title="bbox 458 3359 3772 3443">
    <p class='ocr_par' dir='ltr' id='par_1_63' title="bbox 458 3359 3772 3443">
     <span class='ocr_line' id='line_1_63' title="bbox 458 3359 3772 3443; baseline -0.003 -17"><span class='ocrx_word' id='word_1_500' title='bbox 458 3367 626 3426; x_wconf 84' lang='lat' dir='ltr'><strong>‘derit</strong></span> <span class='ocrx_word' id='word_1_501' title='bbox 651 3368 955 3443; x_wconf 74' lang='lat' dir='ltr'><strong>Dominus;</strong></span> <span class='ocrx_word' id='word_1_502' title='bbox 998 3366 1135 3422; x_wconf 86' lang='lat' dir='ltr'><strong>Num</strong></span> <span class='ocrx_word' id='word_1_503' title='bbox 1167 3366 1387 3438; x_wconf 82' lang='lat' dir='ltr'><strong>ignoras</strong></span> <span class='ocrx_word' id='word_1_504' title='bbox 1415 3364 1558 3436; x_wconf 85' lang='lat' dir='ltr'><strong>quod</strong></span> <span class='ocrx_word' id='word_1_505' title='bbox 1589 3365 1701 3418; x_wconf 83' lang='lat' dir='ltr'><strong>haec</strong></span> <span class='ocrx_word' id='word_1_506' title='bbox 1732 3377 1853 3434; x_wconf 69' lang='lat' dir='ltr'><strong>quae</strong></span> <span class='ocrx_word' id='word_1_507' title='bbox 1893 3362 2097 3430; x_wconf 82' lang='lat' dir='ltr'><strong>fecisti,</strong></span> <span class='ocrx_word' id='word_1_508' title='bbox 2124 3359 2174 3424; x_wconf 87' lang='lat' dir='ltr'><strong>C</strong></span> <span class='ocrx_word' id='word_1_509' title='bbox 2203 3365 2466 3432; x_wconf 80' lang='lat' dir='ltr'><strong>exercitu,</strong></span> <span class='ocrx_word' id='word_1_510' title='bbox 2499 3375 2556 3421; x_wconf 88' lang='lat' dir='ltr'><strong>et</strong></span> <span class='ocrx_word' id='word_1_511' title='bbox 2585 3380 2846 3422; x_wconf 76' lang='lat' dir='ltr'><strong>evasurus</strong></span> <span class='ocrx_word' id='word_1_512' title='bbox 2874 3382 2937 3423; x_wconf 82' lang='lat' dir='ltr'><strong>se</strong></span> <span class='ocrx_word' id='word_1_513' title='bbox 2980 3383 3106 3425; x_wconf 79' lang='lat' dir='ltr'><strong>esse</strong></span> <span class='ocrx_word' id='word_1_514' title='bbox 3150 3384 3256 3425; x_wconf 86' lang='lat' dir='ltr'><strong>non</strong></span> <span class='ocrx_word' id='word_1_515' title='bbox 3306 3370 3576 3432; x_wconf 83' lang='lat' dir='ltr'><strong>credunt,</strong></span> <span class='ocrx_word' id='word_1_516' title='bbox 3602 3378 3772 3423; x_wconf 78' lang='lat' dir='ltr'><strong>tantam</strong></span> 
     </span>
    </p>
   </div>
   <div class='ocr_carea' id='block_1_64' title="bbox 476 3456 2096 3529">
    <p class='ocr_par' dir='ltr' id='par_1_64' title="bbox 476 3456 2096 3529">
     <span class='ocr_line' id='line_1_64' title="bbox 476 3456 2096 3529; baseline -0.006 -10"><span class='ocrx_word' id='word_1_517' title='bbox 476 3474 599 3518; x_wconf 87' lang='lat' dir='ltr'><strong>mea</strong></span> <span class='ocrx_word' id='word_1_518' title='bbox 630 3461 830 3518; x_wconf 87' lang='lat' dir='ltr'><strong>feceris</strong></span> <span class='ocrx_word' id='word_1_519' title='bbox 857 3461 1157 3525; x_wconf 81' lang='lat' dir='ltr'><strong>voluntate,</strong></span> <span class='ocrx_word' id='word_1_520' title='bbox 1186 3468 1244 3515; x_wconf 90' lang='lat' dir='ltr'><strong>et</strong></span> <span class='ocrx_word' id='word_1_521' title='bbox 1261 3474 1364 3529; x_wconf 80' lang='lat' dir='ltr'><strong>ego</strong></span> <span class='ocrx_word' id='word_1_522' title='bbox 1388 3457 1504 3513; x_wconf 65' lang='lat' dir='ltr'><strong>haec</strong></span> <span class='ocrx_word' id='word_1_523' title='bbox 1523 3457 1701 3512; x_wconf 85' lang='lat' dir='ltr'><strong>futura</strong></span> <span class='ocrx_word' id='word_1_524' title='bbox 1726 3456 2096 3525; x_wconf 80' lang='lat' dir='ltr'><strong>praedixerim,</strong></span> 
     </span>
    </p>
   </div>
   <div class='ocr_carea' id='block_1_65' title="bbox 464 3552 2095 3627">
    <p class='ocr_par' dir='ltr' id='par_1_65' title="bbox 464 3552 2095 3627">
     <span class='ocr_line' id='line_1_65' title="bbox 464 3552 2095 3627; baseline -0.004 -14"><span class='ocrx_word' id='word_1_525' title='bbox 464 3566 550 3612; x_wconf 74' lang='lat' dir='ltr'><strong>‘ac</strong></span> <span class='ocrx_word' id='word_1_526' title='bbox 583 3572 681 3627; x_wconf 86' lang='lat' dir='ltr'><strong>per</strong></span> <span class='ocrx_word' id='word_1_527' title='bbox 708 3560 762 3612; x_wconf 89' lang='lat' dir='ltr'><strong>te</strong></span> <span class='ocrx_word' id='word_1_528' title='bbox 812 3555 1055 3612; x_wconf 84' lang='lat' dir='ltr'><strong>facienda</strong></span> <span class='ocrx_word' id='word_1_529' title='bbox 1104 3553 1512 3610; x_wconf 85' lang='lat' dir='ltr'><strong>mandaverim?</strong></span> <span class='ocrx_word' id='word_1_530' title='bbox 1554 3552 1740 3623; x_wconf 81' lang='lat' dir='ltr'><strong>itaque</strong></span> <span class='ocrx_word' id='word_1_531' title='bbox 1777 3552 1922 3623; x_wconf 89' lang='lat' dir='ltr'><strong>quod</strong></span> <span class='ocrx_word' id='word_1_532' title='bbox 1963 3552 2095 3607; x_wconf 89' lang='lat' dir='ltr'><strong>olim</strong></span> 
     </span>
    </p>
   </div>
   <div class='ocr_carea' id='block_1_66' title="bbox 453 3644 2096 3721">
    <p class='ocr_par' dir='ltr' id='par_1_66' title="bbox 453 3644 2096 3721">
     <span class='ocr_line' id='line_1_66' title="bbox 453 3644 2096 3721; baseline -0.005 -13"><span class='ocrx_word' id='word_1_533' title='bbox 453 3650 721 3715; x_wconf 84' lang='lat' dir='ltr'><strong>‘decrevi,</strong></span> <span class='ocrx_word' id='word_1_534' title='bbox 755 3649 859 3706; x_wconf 86' lang='lat' dir='ltr'><strong>hoc</strong></span> <span class='ocrx_word' id='word_1_535' title='bbox 883 3650 1160 3721; x_wconf 81' lang='lat' dir='ltr'><strong>expletum</strong></span> <span class='ocrx_word' id='word_1_536' title='bbox 1188 3655 1274 3704; x_wconf 89' lang='lat' dir='ltr'><strong>est</strong></span> <span class='ocrx_word' id='word_1_537' title='bbox 1296 3657 1565 3717; x_wconf 87' lang='lat' dir='ltr'><strong>tempore,</strong></span> <span class='ocrx_word' id='word_1_538' title='bbox 1600 3655 1658 3700; x_wconf 90' lang='lat' dir='ltr'><strong>ut</strong></span> <span class='ocrx_word' id='word_1_539' title='bbox 1686 3645 1855 3700; x_wconf 86' lang='lat' dir='ltr'><strong>colles</strong></span> <span class='ocrx_word' id='word_1_540' title='bbox 1880 3687 1893 3711; x_wconf 95' lang='lat'><strong>,</strong></span> <span class='ocrx_word' id='word_1_541' title='bbox 1928 3644 1979 3699; x_wconf 90' lang='lat' dir='ltr'><strong>id</strong></span> <span class='ocrx_word' id='word_1_542' title='bbox 2013 3654 2096 3700; x_wconf 88' lang='lat' dir='ltr'><strong>est</strong></span> 
     </span>
    </p>
   </div>
   <div class='ocr_carea' id='block_1_67' title="bbox 485 3737 2094 3817">
    <p class='ocr_par' dir='ltr' id='par_1_67' title="bbox 485 3737 2094 3817">
     <span class='ocr_line' id='line_1_67' title="bbox 485 3737 2094 3817; baseline -0.003 -18"><span class='ocrx_word' id='word_1_543' title='bbox 485 3741 761 3815; x_wconf 84' lang='lat' dir='ltr'><strong>principes</strong></span> <span class='ocrx_word' id='word_1_544' title='bbox 802 3742 895 3817; x_wconf 83' lang='lat' dir='ltr'><strong>qui</strong></span> <span class='ocrx_word' id='word_1_545' title='bbox 949 3742 1094 3798; x_wconf 87' lang='lat' dir='ltr'><strong>inter</strong></span> <span class='ocrx_word' id='word_1_546' title='bbox 1122 3756 1182 3797; x_wconf 90' lang='lat' dir='ltr'><strong>se</strong></span> <span class='ocrx_word' id='word_1_547' title='bbox 1210 3750 1336 3796; x_wconf 88' lang='lat' dir='ltr'><strong>ante</strong></span> <span class='ocrx_word' id='word_1_548' title='bbox 1365 3740 1712 3813; x_wconf 75' lang='lat' dir='ltr'><strong>pugnabant,</strong></span> <span class='ocrx_word' id='word_1_549' title='bbox 1744 3746 1801 3794; x_wconf 89' lang='lat' dir='ltr'><strong>et</strong></span> <span class='ocrx_word' id='word_1_550' title='bbox 1841 3737 2094 3794; x_wconf 79' lang='lat' dir='ltr'><strong>civitates</strong></span> 
     </span>
    </p>
   </div>
   <div class='ocr_carea' id='block_1_68' title="bbox 481 3833 2092 3901">
    <p class='ocr_par' dir='ltr' id='par_1_68' title="bbox 481 3833 2092 3901">
     <span class='ocr_line' id='line_1_68' title="bbox 481 3833 2092 3901; baseline -0.005 -9"><span class='ocrx_word' id='word_1_551' title='bbox 481 3836 889 3901; x_wconf 70' lang='lat' dir='ltr'><strong>munitissimus,</strong></span> <span class='ocrx_word' id='word_1_552' title='bbox 941 3850 1029 3890; x_wconf 88' lang='lat' dir='ltr'><strong>me</strong></span> <span class='ocrx_word' id='word_1_553' title='bbox 1075 3833 1436 3889; x_wconf 78' lang='lat' dir='ltr'><strong>contraltente</strong></span> <span class='ocrx_word' id='word_1_554' title='bbox 1477 3846 1699 3888; x_wconf 88' lang='lat' dir='ltr'><strong>manum</strong></span> <span class='ocrx_word' id='word_1_555' title='bbox 1744 3845 1940 3897; x_wconf 84' lang='lat' dir='ltr'><strong>meam,</strong></span> <span class='ocrx_word' id='word_1_556' title='bbox 1989 3844 2092 3885; x_wconf 87' lang='lat' dir='ltr'><strong>nec</strong></span> 
     </span>
    </p>
   </div>
   <div class='ocr_carea' id='block_1_69' title="bbox 454 3929 2094 4003">
    <p class='ocr_par' dir='ltr' id='par_1_69' title="bbox 454 3929 2094 4003">
     <span class='ocr_line' id='line_1_69' title="bbox 454 3929 2094 4003; baseline -0.003 -17"><span class='ocrx_word' id='word_1_557' title='bbox 454 3959 461 3965; x_wconf 68' lang='grc' dir='ltr'><em>ι</em></span> <span class='ocrx_word' id='word_1_558' title='bbox 486 3932 711 3987; x_wconf 87' lang='lat' dir='ltr'><strong>solitum</strong></span> <span class='ocrx_word' id='word_1_559' title='bbox 744 3931 1022 4003; x_wconf 66' lang='lat' dir='ltr'><strong>praebente</strong></span> <span class='ocrx_word' id='word_1_560' title='bbox 1043 3931 1329 3996; x_wconf 81' lang='lat' dir='ltr'><strong>auxilium,</strong></span> <span class='ocrx_word' id='word_1_561' title='bbox 1359 3929 1774 3984; x_wconf 69' lang='lat' dir='ltr'><strong>cradirarentur</strong></span> <span class='ocrx_word' id='word_1_562' title='bbox 1794 3937 1848 3982; x_wconf 88' lang='lat' dir='ltr'><strong>et</strong></span> <span class='ocrx_word' id='word_1_563' title='bbox 1870 3934 2094 3981; x_wconf 82' lang='lat' dir='ltr'><strong>contre-</strong></span> 
     </span>
    </p>
   </div>
   <div class='ocr_carea' id='block_1_70' title="bbox 458 4020 2088 4098">
    <p class='ocr_par' dir='ltr' id='par_1_70' title="bbox 458 4020 2088 4098">
     <span class='ocr_line' id='line_1_70' title="bbox 458 4020 2088 4098; baseline -0.006 -14"><span class='ocrx_word' id='word_1_564' title='bbox 458 4027 790 4095; x_wconf 56' lang='lat' dir='ltr'><strong>‘miscerent,</strong></span> <span class='ocrx_word' id='word_1_565' title='bbox 824 4042 889 4083; x_wconf 87' lang='lat' dir='ltr'><strong>ac</strong></span> <span class='ocrx_word' id='word_1_566' title='bbox 922 4027 1212 4098; x_wconf 90' lang='lat' dir='ltr'><strong>perirent:</strong></span> <span class='ocrx_word' id='word_1_567' title='bbox 1245 4035 1296 4081; x_wconf 91' lang='lat' dir='ltr'><strong>et</strong></span> <span class='ocrx_word' id='word_1_568' title='bbox 1327 4031 1803 4088; x_wconf 80' lang='lat' dir='ltr'><strong>compararentur,</strong></span> <span class='ocrx_word' id='word_1_569' title='bbox 1847 4026 1953 4076; x_wconf 84' lang='lat' dir='ltr'><strong>nbn</strong></span> <span class='ocrx_word' id='word_1_570' title='bbox 1987 4020 2088 4075; x_wconf 89' lang='lat' dir='ltr'><strong>oli-</strong></span> 
     </span>
    </p>
   </div>
   <div class='ocr_carea' id='block_1_71' title="bbox 458 4114 2087 4188">
    <p class='ocr_par' dir='ltr' id='par_1_71' title="bbox 458 4114 2087 4188">
     <span class='ocr_line' id='line_1_71' title="bbox 458 4114 2087 4188; baseline -0.006 -10"><span class='ocrx_word' id='word_1_571' title='bbox 458 4120 550 4178; x_wconf 79' lang='lat' dir='ltr'><strong>vae</strong></span> <span class='ocrx_word' id='word_1_572' title='bbox 582 4130 637 4178; x_wconf 89' lang='lat' dir='ltr'><strong>et</strong></span> <span class='ocrx_word' id='word_1_573' title='bbox 684 4123 888 4187; x_wconf 68' lang='lat' dir='ltr'><strong>vineas,</strong></span> <span class='ocrx_word' id='word_1_574' title='bbox 924 4120 1333 4188; x_wconf 81' lang='lat' dir='ltr'><strong>fructuosisque</strong></span> <span class='ocrx_word' id='word_1_575' title='bbox 1373 4118 1663 4174; x_wconf 84' lang='lat' dir='ltr'><strong>arboribus</strong></span> <span class='ocrx_word' id='word_1_576' title='bbox 1685 4159 1699 4182; x_wconf 95' lang='lat'><strong>,</strong></span> <span class='ocrx_word' id='word_1_577' title='bbox 1748 4116 1845 4171; x_wconf 85' lang='lat' dir='ltr'><strong>sed</strong></span> <span class='ocrx_word' id='word_1_578' title='bbox 1878 4114 2004 4171; x_wconf 87' lang='lat' dir='ltr'><strong>feno</strong></span> <span class='ocrx_word' id='word_1_579' title='bbox 2029 4122 2087 4169; x_wconf 88' lang='lat' dir='ltr'><strong>et</strong></span> 
     </span>
    </p>
   </div>
   <div class='ocr_carea' id='block_1_72' title="bbox 454 4207 2085 4290">
    <p class='ocr_par' dir='ltr' id='par_1_72' title="bbox 454 4207 2085 4290">
     <span class='ocr_line' id='line_1_72' title="bbox 454 4207 2085 4290; baseline -0.004 -20"><span class='ocrx_word' id='word_1_580' title='bbox 454 4207 724 4290; x_wconf 35' lang='lat' dir='ltr'><strong>‘gramini,</strong></span> <span class='ocrx_word' id='word_1_581' title='bbox 755 4214 1052 4286; x_wconf 80' lang='lat' dir='ltr'><strong>herbisque</strong></span> <span class='ocrx_word' id='word_1_582' title='bbox 1082 4215 1388 4279; x_wconf 88' lang='lat' dir='ltr'><strong>domatum,</strong></span> <span class='ocrx_word' id='word_1_583' title='bbox 1421 4228 1542 4284; x_wconf 80' lang='lat' dir='ltr'><strong>qua.-</strong></span> <span class='ocrx_word' id='word_1_584' title='bbox 1574 4211 1826 4283; x_wconf 79' lang='lat' dir='ltr'><strong>frugibus</strong></span> <span class='ocrx_word' id='word_1_585' title='bbox 1854 4209 2085 4280; x_wconf 89' lang='lat' dir='ltr'><strong>impedi-</strong></span> 
     </span>
    </p>
   </div>
   <div class='ocr_carea' id='block_1_73' title="bbox 473 4304 2083 4376">
    <p class='ocr_par' dir='ltr' id='par_1_73' title="bbox 473 4304 2083 4376">
     <span class='ocr_line' id='line_1_73' title="bbox 473 4304 2083 4376; baseline -0.004 -12"><span class='ocrx_word' id='word_1_586' title='bbox 473 4316 663 4364; x_wconf 85' lang='lat' dir='ltr'><strong>mento</strong></span> <span class='ocrx_word' id='word_1_587' title='bbox 690 4317 817 4363; x_wconf 90' lang='lat' dir='ltr'><strong>sunt</strong></span> <span class='ocrx_word' id='word_1_588' title='bbox 845 4315 899 4363; x_wconf 90' lang='lat' dir='ltr'><strong>et</strong></span> <span class='ocrx_word' id='word_1_589' title='bbox 931 4320 1062 4363; x_wconf 84' lang='lat' dir='ltr'><strong>ante</strong></span> <span class='ocrx_word' id='word_1_590' title='bbox 1100 4314 1473 4371; x_wconf 87' lang='lat' dir='ltr'><strong>marcescunt,</strong></span> <span class='ocrx_word' id='word_1_591' title='bbox 1507 4319 1669 4376; x_wconf 89' lang='lat' dir='ltr'><strong>quam</strong></span> <span class='ocrx_word' id='word_1_592' title='bbox 1701 4304 1767 4359; x_wconf 90' lang='lat' dir='ltr'><strong>ad</strong></span> <span class='ocrx_word' id='word_1_593' title='bbox 1799 4304 2083 4359; x_wconf 85' lang='lat' dir='ltr'><strong>maturita-</strong></span> 
     </span>
    </p>
   </div>
   <div class='ocr_carea' id='block_1_74' title="bbox 476 4401 2076 4473">
    <p class='ocr_par' dir='ltr' id='par_1_74' title="bbox 476 4401 2076 4473">
     <span class='ocr_line' id='line_1_74' title="bbox 476 4401 2076 4473; baseline -0.004 -15"><span class='ocrx_word' id='word_1_594' title='bbox 476 4410 589 4460; x_wconf 86' lang='lat' dir='ltr'><strong>tem</strong></span> <span class='ocrx_word' id='word_1_595' title='bbox 640 4402 985 4473; x_wconf 85' lang='lat' dir='ltr'><strong>perveniant.</strong></span> <span class='ocrx_word' id='word_1_596' title='bbox 1018 4401 1205 4473; x_wconf 84' lang='lat' dir='ltr'><strong>itaque</strong></span> <span class='ocrx_word' id='word_1_597' title='bbox 1233 4410 1287 4457; x_wconf 90' lang='lat' dir='ltr'><strong>et</strong></span> <span class='ocrx_word' id='word_1_598' title='bbox 1313 4401 1645 4465; x_wconf 87' lang='lat' dir='ltr'><strong>sessionem,</strong></span> <span class='ocrx_word' id='word_1_599' title='bbox 1674 4409 1729 4454; x_wconf 89' lang='lat' dir='ltr'><strong>et</strong></span> <span class='ocrx_word' id='word_1_600' title='bbox 1769 4411 2076 4468; x_wconf 71' lang='lat' dir='ltr'><strong>egressum,</strong></span> 
     </span>
    </p>
   </div>
   <div class='ocr_carea' id='block_1_75' title="bbox 442 4489 2075 4573">
    <p class='ocr_par' dir='ltr' id='par_1_75' title="bbox 442 4489 2075 4573">
     <span class='ocr_line' id='line_1_75' title="bbox 442 4489 2075 4573; baseline -0.005 -22"><span class='ocrx_word' id='word_1_601' title='bbox 442 4503 522 4568; x_wconf 73' lang='lat' dir='ltr'><strong>fet</strong></span> <span class='ocrx_word' id='word_1_602' title='bbox 549 4496 835 4550; x_wconf 86' lang='lat' dir='ltr'><strong>introitum</strong></span> <span class='ocrx_word' id='word_1_603' title='bbox 883 4505 1032 4549; x_wconf 87' lang='lat' dir='ltr'><strong>tuum</strong></span> <span class='ocrx_word' id='word_1_604' title='bbox 1077 4502 1205 4549; x_wconf 84' lang='lat' dir='ltr'><strong>ante</strong></span> <span class='ocrx_word' id='word_1_605' title='bbox 1241 4492 1513 4573; x_wconf 80' lang='lat' dir='ltr'><strong>cognovi,</strong></span> <span class='ocrx_word' id='word_1_606' title='bbox 1557 4497 1613 4546; x_wconf 81' lang='lat' dir='ltr'><strong>et</strong></span> <span class='ocrx_word' id='word_1_607' title='bbox 1659 4489 1924 4545; x_wconf 84' lang='lat' dir='ltr'><strong>insaniam</strong></span> <span class='ocrx_word' id='word_1_608' title='bbox 1971 4504 2075 4561; x_wconf 86' lang='lat' dir='ltr'><strong>qua</strong></span> 
     </span>
    </p>
   </div>
   <div class='ocr_carea' id='block_1_76' title="bbox 445 4581 2076 4652">
    <p class='ocr_par' dir='ltr' id='par_1_76' title="bbox 445 4581 2076 4652">
     <span class='ocr_line' id='line_1_76' title="bbox 445 4581 2076 4652; baseline -0.004 -10"><span class='ocrx_word' id='word_1_609' title='bbox 445 4596 657 4642; x_wconf 76' lang='lat' dir='ltr'><strong>&#39;contra</strong></span> <span class='ocrx_word' id='word_1_610' title='bbox 690 4600 777 4641; x_wconf 88' lang='lat' dir='ltr'><strong>me</strong></span> <span class='ocrx_word' id='word_1_611' title='bbox 804 4584 1245 4641; x_wconf 84' lang='lat' dir='ltr'><strong>debacchaturus</strong></span> <span class='ocrx_word' id='word_1_612' title='bbox 1274 4598 1420 4649; x_wconf 88' lang='lat' dir='ltr'><strong>eras,</strong></span> <span class='ocrx_word' id='word_1_613' title='bbox 1453 4581 1749 4652; x_wconf 83' lang='lat' dir='ltr'><strong>Pruphetis</strong></span> <span class='ocrx_word' id='word_1_614' title='bbox 1777 4582 2076 4636; x_wconf 87' lang='lat' dir='ltr'><strong>vaticinan-</strong></span> 
     </span>
    </p>
   </div>
   <div class='ocr_carea' id='block_1_77' title="bbox 467 4673 2072 4751">
    <p class='ocr_par' dir='ltr' id='par_1_77' title="bbox 467 4673 2072 4751">
     <span class='ocr_line' id='line_1_77' title="bbox 467 4673 2072 4751; baseline -0.005 -14"><span class='ocrx_word' id='word_1_615' title='bbox 467 4680 650 4750; x_wconf 86' lang='lat' dir='ltr'><strong>tibus,</strong></span> <span class='ocrx_word' id='word_1_616' title='bbox 675 4694 793 4736; x_wconf 85' lang='lat' dir='ltr'><strong>sum</strong></span> <span class='ocrx_word' id='word_1_617' title='bbox 828 4681 1039 4735; x_wconf 84' lang='lat' dir='ltr'><strong>locutus</strong></span> <span class='ocrx_word' id='word_1_618' title='bbox 1067 4678 1224 4751; x_wconf 90' lang='lat' dir='ltr'><strong>(Sap.</strong></span> <span class='ocrx_word' id='word_1_619' title='bbox 1248 4677 1327 4731; x_wconf 87' lang='lat' dir='ltr'><strong>ad</strong></span> <span class='ocrx_word' id='word_1_620' title='bbox 1347 4690 1467 4747; x_wconf 77' lang='lat' dir='ltr'><strong>cap.</strong></span> <span class='ocrx_word' id='word_1_621' title='bbox 1502 4688 1621 4739; x_wconf 76' lang='lat' dir='ltr'><strong>xm,</strong></span> <span class='ocrx_word' id='word_1_622' title='bbox 1655 4673 1753 4747; x_wconf 65' lang='lat'><strong>4):</strong></span> <span class='ocrx_word' id='word_1_623' title='bbox 1808 4690 1904 4745; x_wconf 90' lang='lat' dir='ltr'><strong>per</strong></span> <span class='ocrx_word' id='word_1_624' title='bbox 1933 4688 2072 4745; x_wconf 89' lang='lat' dir='ltr'><strong>quos</strong></span> 
     </span>
    </p>
   </div>
   <div class='ocr_carea' id='block_1_78' title="bbox 2205 3457 3776 3528">
    <p class='ocr_par' dir='ltr' id='par_1_78' title="bbox 2205 3457 3776 3528">
     <span class='ocr_line' id='line_1_78' title="bbox 2205 3457 3776 3528; baseline 0 -17"><span class='ocrx_word' id='word_1_625' title='bbox 2205 3457 2482 3528; x_wconf 81' lang='lat' dir='ltr'><strong>recipient</strong></span> <span class='ocrx_word' id='word_1_626' title='bbox 2536 3474 2719 3516; x_wconf 88' lang='lat' dir='ltr'><strong>rerum</strong></span> <span class='ocrx_word' id='word_1_627' title='bbox 2773 3462 3016 3516; x_wconf 86' lang='lat' dir='ltr'><strong>omnium</strong></span> <span class='ocrx_word' id='word_1_628' title='bbox 3066 3462 3462 3519; x_wconf 78' lang='lat' dir='ltr'><strong>abundantiam</strong></span> <span class='ocrx_word' id='word_1_629' title='bbox 3493 3478 3556 3519; x_wconf 86' lang='lat' dir='ltr'><strong>ac</strong></span> <span class='ocrx_word' id='word_1_630' title='bbox 3580 3459 3776 3516; x_wconf 80' lang='lat' dir='ltr'><strong>felicita-</strong></span> 
     </span>
    </p>
   </div>
   <div class='ocr_carea' id='block_1_79' title="bbox 2201 3550 3775 3625">
    <p class='ocr_par' dir='ltr' id='par_1_79' title="bbox 2201 3550 3775 3625">
     <span class='ocr_line' id='line_1_79' title="bbox 2201 3550 3775 3625; baseline 0.005 -21"><span class='ocrx_word' id='word_1_631' title='bbox 2201 3556 2333 3618; x_wconf 91' lang='lat' dir='ltr'><strong>tem,</strong></span> <span class='ocrx_word' id='word_1_632' title='bbox 2368 3560 2425 3605; x_wconf 92' lang='lat' dir='ltr'><strong>ut</strong></span> <span class='ocrx_word' id='word_1_633' title='bbox 2462 3552 2636 3608; x_wconf 86' lang='lat' dir='ltr'><strong>instar</strong></span> <span class='ocrx_word' id='word_1_634' title='bbox 2690 3555 2908 3608; x_wconf 79' lang='lat' dir='ltr'><strong>arboris</strong></span> <span class='ocrx_word' id='word_1_635' title='bbox 2957 3554 3064 3611; x_wconf 81' lang='lat' dir='ltr'><strong>alta</strong></span> <span class='ocrx_word' id='word_1_636' title='bbox 3122 3555 3306 3611; x_wconf 82' lang='lat' dir='ltr'><strong>radice</strong></span> <span class='ocrx_word' id='word_1_637' title='bbox 3363 3556 3602 3612; x_wconf 72' lang='lat' dir='ltr'><strong>fundata:</strong></span> <span class='ocrx_word' id='word_1_638' title='bbox 3628 3550 3775 3625; x_wconf 75' lang='lat' dir='ltr'><strong>pomi!</strong></span> 
     </span>
    </p>
   </div>
   <div class='ocr_carea' id='block_1_80' title="bbox 2197 3642 3778 3718">
    <p class='ocr_par' dir='ltr' id='par_1_80' title="bbox 2197 3642 3778 3718">
     <span class='ocr_line' id='line_1_80' title="bbox 2197 3642 3778 3718; baseline -0.001 -17"><span class='ocrx_word' id='word_1_639' title='bbox 2197 3643 2541 3702; x_wconf 81' lang='lat' dir='ltr'><strong>densissimis</strong></span> <span class='ocrx_word' id='word_1_640' title='bbox 2570 3648 2923 3718; x_wconf 90' lang='lat' dir='ltr'><strong>impleantur.</strong></span> <span class='ocrx_word' id='word_1_641' title='bbox 2957 3648 3035 3705; x_wconf 88' lang='lat' dir='ltr'><strong>De</strong></span> <span class='ocrx_word' id='word_1_642' title='bbox 3078 3648 3394 3707; x_wconf 81' lang='lat' dir='ltr'><strong>Jerusalem</strong></span> <span class='ocrx_word' id='word_1_643' title='bbox 3418 3650 3597 3716; x_wconf 83' lang='lat' dir='ltr'><strong>enim,</strong></span> <span class='ocrx_word' id='word_1_644' title='bbox 3636 3656 3689 3703; x_wconf 85' lang='lat' dir='ltr'><strong>et</strong></span> <span class='ocrx_word' id='word_1_645' title='bbox 3721 3642 3778 3700; x_wconf 86' lang='lat' dir='ltr'><strong>de</strong></span> 
     </span>
    </p>
   </div>
   <div class='ocr_carea' id='block_1_81' title="bbox 2196 3742 3777 3818">
    <p class='ocr_par' dir='ltr' id='par_1_81' title="bbox 2196 3742 3777 3818">
     <span class='ocr_line' id='line_1_81' title="bbox 2196 3742 3777 3818; baseline 0.001 -23"><span class='ocrx_word' id='word_1_646' title='bbox 2196 3750 2382 3796; x_wconf 88' lang='lat' dir='ltr'><strong>monte</strong></span> <span class='ocrx_word' id='word_1_647' title='bbox 2416 3743 2549 3797; x_wconf 82' lang='lat' dir='ltr'><strong>Sion</strong></span> <span class='ocrx_word' id='word_1_648' title='bbox 2579 3742 2934 3813; x_wconf 69' lang='lat' dir='ltr'><strong>egrediantur</strong></span> <span class='ocrx_word' id='word_1_649' title='bbox 2962 3745 3230 3815; x_wconf 74' lang='lat' dir='ltr'><strong>reliquim,</strong></span> <span class='ocrx_word' id='word_1_650' title='bbox 3256 3755 3311 3800; x_wconf 84' lang='lat' dir='ltr'><strong>et</strong></span> <span class='ocrx_word' id='word_1_651' title='bbox 3363 3745 3665 3818; x_wconf 81' lang='lat' dir='ltr'><strong>implebant</strong></span> <span class='ocrx_word' id='word_1_652' title='bbox 3687 3752 3777 3797; x_wconf 82' lang='lat' dir='ltr'><strong>ter-</strong></span> 
     </span>
    </p>
   </div>
   <div class='ocr_carea' id='block_1_82' title="bbox 2194 3835 3777 3906">
    <p class='ocr_par' dir='ltr' id='par_1_82' title="bbox 2194 3835 3777 3906">
     <span class='ocr_line' id='line_1_82' title="bbox 2194 3835 3777 3906; baseline 0.002 -16"><span class='ocrx_word' id='word_1_653' title='bbox 2194 3849 2308 3890; x_wconf 90' lang='lat' dir='ltr'><strong>ram</strong></span> <span class='ocrx_word' id='word_1_654' title='bbox 2334 3835 2601 3904; x_wconf 65' lang='lat' dir='ltr'><strong>Judaeum,</strong></span> <span class='ocrx_word' id='word_1_655' title='bbox 2637 3850 2746 3893; x_wconf 70' lang='lat' dir='ltr'><strong>rion</strong></span> <span class='ocrx_word' id='word_1_656' title='bbox 2771 3852 2871 3893; x_wconf 85' lang='lat' dir='ltr'><strong>suo</strong></span> <span class='ocrx_word' id='word_1_657' title='bbox 2897 3837 3119 3906; x_wconf 83' lang='lat' dir='ltr'><strong>merito,</strong></span> <span class='ocrx_word' id='word_1_658' title='bbox 3152 3839 3246 3895; x_wconf 90' lang='lat' dir='ltr'><strong>sed</strong></span> <span class='ocrx_word' id='word_1_659' title='bbox 3278 3840 3380 3896; x_wconf 80' lang='lat' dir='ltr'><strong>Del</strong></span> <span class='ocrx_word' id='word_1_660' title='bbox 3404 3835 3777 3903; x_wconf 81' lang='lat' dir='ltr'><strong>misericordis,</strong></span> 
     </span>
    </p>
   </div>
   <div class='ocr_carea' id='block_1_83' title="bbox 2191 3928 3779 4005">
    <p class='ocr_par' dir='ltr' id='par_1_83' title="bbox 2191 3928 3779 4005">
     <span class='ocr_line' id='line_1_83' title="bbox 2191 3928 3779 4005; baseline 0.004 -21"><span class='ocrx_word' id='word_1_661' title='bbox 2191 3928 2358 3984; x_wconf 87' lang='lat' dir='ltr'><strong>immo</strong></span> <span class='ocrx_word' id='word_1_662' title='bbox 2382 3930 2502 3985; x_wconf 81' lang='lat' dir='ltr'><strong>zelo</strong></span> <span class='ocrx_word' id='word_1_663' title='bbox 2532 3931 2677 4003; x_wconf 88' lang='lat' dir='ltr'><strong>quod</strong></span> <span class='ocrx_word' id='word_1_664' title='bbox 2702 3931 2970 3989; x_wconf 84' lang='lat' dir='ltr'><strong>adversus</strong></span> <span class='ocrx_word' id='word_1_665' title='bbox 3020 3934 3218 4005; x_wconf 88' lang='lat' dir='ltr'><strong>impios</strong></span> <span class='ocrx_word' id='word_1_666' title='bbox 3264 3935 3483 3992; x_wconf 81' lang='lat' dir='ltr'><strong>zelatus</strong></span> <span class='ocrx_word' id='word_1_667' title='bbox 3521 3941 3607 3991; x_wconf 86' lang='lat' dir='ltr'><strong>est</strong></span> <span class='ocrx_word' id='word_1_668' title='bbox 3633 3943 3779 4004; x_wconf 75' lang='lat' dir='ltr'><strong>popu-</strong></span> 
     </span>
    </p>
   </div>
   <div class='ocr_carea' id='block_1_84' title="bbox 2188 4022 2514 4079">
    <p class='ocr_par' dir='ltr' id='par_1_84' title="bbox 2188 4022 2514 4079">
     <span class='ocr_line' id='line_1_84' title="bbox 2188 4022 2514 4079; baseline 0.006 -2"><span class='ocrx_word' id='word_1_669' title='bbox 2188 4022 2299 4077; x_wconf 86' lang='lat' dir='ltr'><strong>lum</strong></span> <span class='ocrx_word' id='word_1_670' title='bbox 2332 4038 2514 4079; x_wconf 79' lang='lat' dir='ltr'><strong>suum.</strong></span> 
     </span>
    </p>
   </div>
   <div class='ocr_carea' id='block_1_85' title="bbox 2261 4114 3778 4188">
    <p class='ocr_par' dir='ltr' id='par_1_85' title="bbox 2261 4114 3778 4188">
     <span class='ocr_line' id='line_1_85' title="bbox 2261 4114 3778 4188; baseline 0.001 -20"><span class='ocrx_word' id='word_1_671' title='bbox 2261 4114 2443 4185; x_wconf 82' lang='lat' dir='ltr'><strong>(Vers.</strong></span> <span class='ocrx_word' id='word_1_672' title='bbox 2478 4118 2569 4184; x_wconf 73' lang='grc'><strong>55,</strong></span> <span class='ocrx_word' id='word_1_673' title='bbox 2598 4116 2720 4188; x_wconf 78' lang='grc'><strong>54.)</strong></span> <span class='ocrx_word' id='word_1_674' title='bbox 2753 4116 3046 4188; x_wconf 84' lang='lat' dir='ltr'><strong>Propterea</strong></span> <span class='ocrx_word' id='word_1_675' title='bbox 3096 4120 3206 4175; x_wconf 63' lang='lat' dir='ltr'><strong>hac</strong></span> <span class='ocrx_word' id='word_1_676' title='bbox 3247 4119 3382 4177; x_wconf 82' lang='lat' dir='ltr'><strong>dicit</strong></span> <span class='ocrx_word' id='word_1_677' title='bbox 3443 4119 3697 4175; x_wconf 74' lang='lat' dir='ltr'><strong>Dominus</strong></span> <span class='ocrx_word' id='word_1_678' title='bbox 3725 4116 3778 4170; x_wconf 76' lang='lat' dir='ltr'><strong>de</strong></span> 
     </span>
    </p>
   </div>
   <div class='ocr_carea' id='block_1_86' title="bbox 2182 4210 3777 4283">
    <p class='ocr_par' dir='ltr' id='par_1_86' title="bbox 2182 4210 3777 4283">
     <span class='ocr_line' id='line_1_86' title="bbox 2182 4210 3777 4283; baseline 0.005 -23"><span class='ocrx_word' id='word_1_679' title='bbox 2182 4222 2302 4279; x_wconf 85' lang='lat' dir='ltr'><strong>rege</strong></span> <span class='ocrx_word' id='word_1_680' title='bbox 2332 4210 2693 4283; x_wconf 82' lang='lat' dir='ltr'><strong>Assyriorum.</strong></span> <span class='ocrx_word' id='word_1_681' title='bbox 2726 4210 2851 4267; x_wconf 86' lang='lat' dir='ltr'><strong>Non</strong></span> <span class='ocrx_word' id='word_1_682' title='bbox 2880 4213 3116 4269; x_wconf 76' lang='lat' dir='ltr'><strong>introibit</strong></span> <span class='ocrx_word' id='word_1_683' title='bbox 3138 4215 3405 4271; x_wconf 75' lang='lat' dir='ltr'><strong>ciuitatem</strong></span> <span class='ocrx_word' id='word_1_684' title='bbox 3430 4215 3591 4282; x_wconf 77' lang='lat' dir='ltr'><strong>hanc,</strong></span> <span class='ocrx_word' id='word_1_685' title='bbox 3619 4224 3777 4272; x_wconf 81' lang='lat' dir='ltr'><strong>etnon</strong></span> 
     </span>
    </p>
   </div>
   <div class='ocr_carea' id='block_1_87' title="bbox 2174 4304 3777 4383">
    <p class='ocr_par' dir='ltr' id='par_1_87' title="bbox 2174 4304 3777 4383">
     <span class='ocr_line' id='line_1_87' title="bbox 2174 4304 3777 4383; baseline 0.002 -26"><span class='ocrx_word' id='word_1_686' title='bbox 2174 4304 2340 4375; x_wconf 84' lang='lat' dir='ltr'><strong>jaciet</strong></span> <span class='ocrx_word' id='word_1_687' title='bbox 2360 4304 2430 4358; x_wconf 76' lang='lat' dir='ltr'><strong>ibi</strong></span> <span class='ocrx_word' id='word_1_688' title='bbox 2450 4306 2695 4377; x_wconf 85' lang='lat' dir='ltr'><strong>sagittam</strong></span> <span class='ocrx_word' id='word_1_689' title='bbox 2720 4348 2735 4373; x_wconf 92' lang='lat'><strong>,</strong></span> <span class='ocrx_word' id='word_1_690' title='bbox 2768 4323 2862 4362; x_wconf 86' lang='lat' dir='ltr'><strong>nec</strong></span> <span class='ocrx_word' id='word_1_691' title='bbox 2896 4308 3176 4380; x_wconf 71' lang='lat' dir='ltr'><strong>occupabit</strong></span> <span class='ocrx_word' id='word_1_692' title='bbox 3204 4325 3320 4364; x_wconf 80' lang='lat' dir='ltr'><strong>eam</strong></span> <span class='ocrx_word' id='word_1_693' title='bbox 3349 4311 3593 4383; x_wconf 67' lang='lat' dir='ltr'><strong>clypeum,</strong></span> <span class='ocrx_word' id='word_1_694' title='bbox 3618 4319 3666 4364; x_wconf 80' lang='lat' dir='ltr'><strong>et</strong></span> <span class='ocrx_word' id='word_1_695' title='bbox 3691 4322 3777 4361; x_wconf 73' lang='lat' dir='ltr'><strong>non</strong></span> 
     </span>
    </p>
   </div>
   <div class='ocr_carea' id='block_1_88' title="bbox 2184 4397 3778 4473">
    <p class='ocr_par' dir='ltr' id='par_1_88' title="bbox 2184 4397 3778 4473">
     <span class='ocr_line' id='line_1_88' title="bbox 2184 4397 3778 4473; baseline 0.004 -23"><span class='ocrx_word' id='word_1_696' title='bbox 2184 4397 2350 4450; x_wconf 86' lang='lat' dir='ltr'><strong>mittet</strong></span> <span class='ocrx_word' id='word_1_697' title='bbox 2369 4398 2425 4451; x_wconf 89' lang='lat' dir='ltr'><strong>in</strong></span> <span class='ocrx_word' id='word_1_698' title='bbox 2455 4399 2676 4454; x_wconf 85' lang='lat' dir='ltr'><strong>circuitu</strong></span> <span class='ocrx_word' id='word_1_699' title='bbox 2716 4403 2831 4473; x_wconf 81' lang='lat' dir='ltr'><strong>ejus</strong></span> <span class='ocrx_word' id='word_1_700' title='bbox 2857 4416 3119 4473; x_wconf 71' lang='lat' dir='ltr'><strong>aggerem.</strong></span> <span class='ocrx_word' id='word_1_701' title='bbox 3159 4400 3229 4457; x_wconf 81' lang='lat' dir='ltr'><strong>In</strong></span> <span class='ocrx_word' id='word_1_702' title='bbox 3249 4404 3335 4457; x_wconf 83' lang='lat' dir='ltr'><strong>via</strong></span> <span class='ocrx_word' id='word_1_703' title='bbox 3360 4420 3469 4473; x_wconf 84' lang='lat' dir='ltr'><strong>qua</strong></span> <span class='ocrx_word' id='word_1_704' title='bbox 3496 4402 3677 4469; x_wconf 65' lang='lat' dir='ltr'><strong>veniet,</strong></span> <span class='ocrx_word' id='word_1_705' title='bbox 3703 4413 3778 4472; x_wconf 73' lang='lat' dir='ltr'><strong>pst</strong></span> 
     </span>
    </p>
   </div>
   <div class='ocr_carea' id='block_1_89' title="bbox 2179 4490 3778 4569">
    <p class='ocr_par' dir='ltr' id='par_1_89' title="bbox 2179 4490 3778 4569">
     <span class='ocr_line' id='line_1_89' title="bbox 2179 4490 3778 4569; baseline 0.002 -26"><span class='ocrx_word' id='word_1_706' title='bbox 2179 4505 2294 4544; x_wconf 85' lang='lat' dir='ltr'><strong>eam</strong></span> <span class='ocrx_word' id='word_1_707' title='bbox 2320 4500 2624 4560; x_wconf 78' lang='lat' dir='ltr'><strong>revertetur,</strong></span> <span class='ocrx_word' id='word_1_708' title='bbox 2681 4502 2730 4547; x_wconf 87' lang='lat' dir='ltr'><strong>et</strong></span> <span class='ocrx_word' id='word_1_709' title='bbox 2755 4494 2935 4548; x_wconf 73' lang='lat' dir='ltr'><strong>urbem</strong></span> <span class='ocrx_word' id='word_1_710' title='bbox 2982 4495 3116 4551; x_wconf 72' lang='lat' dir='ltr'><strong>hanc</strong></span> <span class='ocrx_word' id='word_1_711' title='bbox 3145 4512 3251 4550; x_wconf 71' lang='lat' dir='ltr'><strong>non</strong></span> <span class='ocrx_word' id='word_1_712' title='bbox 3291 4496 3641 4569; x_wconf 71' lang='lat' dir='ltr'><strong>ingredietur,</strong></span> <span class='ocrx_word' id='word_1_713' title='bbox 3670 4490 3778 4546; x_wconf 74' lang='lat' dir='ltr'><strong>dicit</strong></span> 
     </span>
    </p>
   </div>
   <div class='ocr_carea' id='block_1_90' title="bbox 2178 4581 3777 4658">
    <p class='ocr_par' dir='ltr' id='par_1_90' title="bbox 2178 4581 3777 4658">
     <span class='ocr_line' id='line_1_90' title="bbox 2178 4581 3777 4658; baseline 0.004 -22"><span class='ocrx_word' id='word_1_714' title='bbox 2178 4581 2476 4639; x_wconf 76' lang='lat' dir='ltr'><strong>Dominus:</strong></span> <span class='ocrx_word' id='word_1_715' title='bbox 2522 4596 2892 4658; x_wconf 79' lang='lat' dir='ltr'><strong>protegamque</strong></span> <span class='ocrx_word' id='word_1_716' title='bbox 2945 4587 3201 4643; x_wconf 77' lang='lat' dir='ltr'><strong>civitatem</strong></span> <span class='ocrx_word' id='word_1_717' title='bbox 3249 4590 3438 4657; x_wconf 82' lang='lat' dir='ltr'><strong>istam,</strong></span> <span class='ocrx_word' id='word_1_718' title='bbox 3495 4601 3542 4644; x_wconf 82' lang='lat' dir='ltr'><strong>et</strong></span> <span class='ocrx_word' id='word_1_719' title='bbox 3588 4584 3777 4644; x_wconf 57' lang='lat' dir='ltr'><strong>saltabo</strong></span> 
     </span>
    </p>
   </div>
   <div class='ocr_carea' id='block_1_91' title="bbox 2176 4680 3780 4754">
    <p class='ocr_par' dir='ltr' id='par_1_91' title="bbox 2176 4680 3780 4754">
     <span class='ocr_line' id='line_1_91' title="bbox 2176 4680 3780 4754; baseline 0.004 -25"><span class='ocrx_word' id='word_1_720' title='bbox 2176 4691 2289 4730; x_wconf 84' lang='lat' dir='ltr'><strong>eam</strong></span> <span class='ocrx_word' id='word_1_721' title='bbox 2317 4687 2530 4750; x_wconf 73' lang='lat' dir='ltr'><strong>propter</strong></span> <span class='ocrx_word' id='word_1_722' title='bbox 2555 4694 2655 4742; x_wconf 87' lang='lat' dir='ltr'><strong>me,</strong></span> <span class='ocrx_word' id='word_1_723' title='bbox 2712 4688 2761 4735; x_wconf 90' lang='lat' dir='ltr'><strong>et</strong></span> <span class='ocrx_word' id='word_1_724' title='bbox 2796 4691 3011 4754; x_wconf 79' lang='lat' dir='ltr'><strong>propter</strong></span> <span class='ocrx_word' id='word_1_725' title='bbox 3038 4680 3204 4738; x_wconf 77' lang='lat' dir='ltr'><strong>David</strong></span> <span class='ocrx_word' id='word_1_726' title='bbox 3230 4696 3445 4740; x_wconf 75' lang='lat' dir='ltr'><strong>servant</strong></span> <span class='ocrx_word' id='word_1_727' title='bbox 3464 4700 3659 4740; x_wconf 69' lang='lat' dir='ltr'><strong>mare.</strong></span> <span class='ocrx_word' id='word_1_728' title='bbox 3690 4682 3780 4735; x_wconf 76' lang='lat' dir='ltr'><strong>ite-</strong></span> 
     </span>
    </p>
   </div>
   <div class='ocr_carea' id='block_1_92' title="bbox 459 4746 3781 4851">
    <p class='ocr_par' dir='ltr' id='par_1_92' title="bbox 459 4746 3781 4851">
     <span class='ocr_line' id='line_1_92' title="bbox 459 4746 3781 4851; baseline 0.001 -20"><span class='ocrx_word' id='word_1_729' title='bbox 459 4776 590 4832; x_wconf 89' lang='lat' dir='ltr'><strong>olim</strong></span> <span class='ocrx_word' id='word_1_730' title='bbox 606 4746 879 4841; x_wconf 85' lang='lat' dir='ltr'><strong>dicturum</strong></span> <span class='ocrx_word' id='word_1_731' title='bbox 904 4788 1027 4830; x_wconf 85' lang='lat' dir='ltr'><strong>esse</strong></span> <span class='ocrx_word' id='word_1_732' title='bbox 1050 4746 1104 4828; x_wconf 81' lang='lat' dir='ltr'><strong>te</strong></span> <span class='ocrx_word' id='word_1_733' title='bbox 1134 4746 1441 4827; x_wconf 77' lang='lat' dir='ltr'><strong>noveram:</strong></span> <span class='ocrx_word' id='word_1_734' title='bbox 1467 4768 1535 4825; x_wconf 87' lang='lat' dir='ltr'><strong>In</strong></span> <span class='ocrx_word' id='word_1_735' title='bbox 1556 4770 1743 4826; x_wconf 69' lang='lat' dir='ltr'><strong>cretum</strong></span> <span class='ocrx_word' id='word_1_736' title='bbox 1764 4770 2076 4824; x_wconf 87' lang='lat' dir='ltr'><strong>ascendam:</strong></span> <span class='ocrx_word' id='word_1_737' title='bbox 2099 4746 2155 4809; x_wconf 76' lang='grc' dir='ltr'><strong>Ῑ)</strong></span> <span class='ocrx_word' id='word_1_738' title='bbox 2181 4746 2426 4824; x_wconf 74' lang='lat' dir='ltr'><strong>vertitur</strong></span> <span class='ocrx_word' id='word_1_739' title='bbox 2437 4771 2504 4825; x_wconf 88' lang='lat' dir='ltr'><strong>ad</strong></span> <span class='ocrx_word' id='word_1_740' title='bbox 2529 4746 2904 4843; x_wconf 55' lang='lat' dir='ltr'><strong>prepositum,</strong></span> <span class='ocrx_word' id='word_1_741' title='bbox 2919 4784 2974 4830; x_wconf 89' lang='lat' dir='ltr'><strong>et</strong></span> <span class='ocrx_word' id='word_1_742' title='bbox 2998 4785 3123 4846; x_wconf 85' lang='lat' dir='ltr'><strong>post</strong></span> <span class='ocrx_word' id='word_1_743' title='bbox 3138 4775 3454 4834; x_wconf 71' lang='lat' dir='ltr'><strong>futurorum</strong></span> <span class='ocrx_word' id='word_1_744' title='bbox 3482 4784 3642 4851; x_wconf 76' lang='lat' dir='ltr'><strong>spent</strong></span> <span class='ocrx_word' id='word_1_745' title='bbox 3657 4787 3781 4847; x_wconf 68' lang='grc' dir='ltr'><strong>με·</strong></span> 
     </span>
    </p>
   </div>
   <div class='ocr_carea' id='block_1_93' title="bbox 452 4861 2072 4944">
    <p class='ocr_par' dir='ltr' id='par_1_93' title="bbox 452 4861 2072 4944">
     <span class='ocr_line' id='line_1_93' title="bbox 452 4861 2072 4944; baseline -0.005 -19"><span class='ocrx_word' id='word_1_746' title='bbox 452 4885 613 4944; x_wconf 82' lang='lat' dir='ltr'><strong>super</strong></span> <span class='ocrx_word' id='word_1_747' title='bbox 632 4869 804 4924; x_wconf 85' lang='lat' dir='ltr'><strong>sidera</strong></span> <span class='ocrx_word' id='word_1_748' title='bbox 830 4866 946 4923; x_wconf 65' lang='lat' dir='ltr'><strong>cali</strong></span> <span class='ocrx_word' id='word_1_749' title='bbox 968 4881 1159 4938; x_wconf 70' lang='lat' dir='ltr'><strong>possunt</strong></span> <span class='ocrx_word' id='word_1_750' title='bbox 1179 4864 1424 4920; x_wconf 77' lang='lat' dir='ltr'><strong>thronum</strong></span> <span class='ocrx_word' id='word_1_751' title='bbox 1449 4878 1637 4929; x_wconf 68' lang='lat' dir='ltr'><strong>mum,</strong></span> <span class='ocrx_word' id='word_1_752' title='bbox 1665 4878 1856 4934; x_wconf 71' lang='lat' dir='ltr'><strong>oroque</strong></span> <span class='ocrx_word' id='word_1_753' title='bbox 1881 4861 2072 4917; x_wconf 84' lang='lat' dir='ltr'><strong>similis</strong></span> 
     </span>
    </p>
   </div>
   <div class='ocr_carea' id='block_1_94' title="bbox 459 4957 2065 5034">
    <p class='ocr_par' dir='ltr' id='par_1_94' title="bbox 459 4957 2065 5034">
     <span class='ocr_line' id='line_1_94' title="bbox 459 4957 2065 5034; baseline -0.007 -12"><span class='ocrx_word' id='word_1_754' title='bbox 459 4959 753 5022; x_wconf 72' lang='lat' dir='ltr'><strong>Altissimo.</strong></span> <span class='ocrx_word' id='word_1_755' title='bbox 802 4962 993 5034; x_wconf 81' lang='lat' dir='ltr'><strong>Itaque</strong></span> <span class='ocrx_word' id='word_1_756' title='bbox 1016 4960 1170 5016; x_wconf 70' lang='lat' dir='ltr'><strong>furor</strong></span> <span class='ocrx_word' id='word_1_757' title='bbox 1197 4969 1357 5025; x_wconf 89' lang='lat' dir='ltr'><strong>tuus,</strong></span> <span class='ocrx_word' id='word_1_758' title='bbox 1403 4968 1460 5017; x_wconf 81' lang='lat' dir='ltr'><strong>et</strong></span> <span class='ocrx_word' id='word_1_759' title='bbox 1504 4957 1764 5030; x_wconf 85' lang='lat' dir='ltr'><strong>superbia</strong></span> <span class='ocrx_word' id='word_1_760' title='bbox 1798 4966 1891 5012; x_wconf 83' lang='lat' dir='ltr'><strong>tua</strong></span> <span class='ocrx_word' id='word_1_761' title='bbox 1940 4971 2065 5029; x_wconf 85' lang='lat' dir='ltr'><strong>per-</strong></span> 
     </span>
    </p>
   </div>
   <div class='ocr_carea' id='block_1_95' title="bbox 454 5050 2061 5127">
    <p class='ocr_par' dir='ltr' id='par_1_95' title="bbox 454 5050 2061 5127">
     <span class='ocr_line' id='line_1_95' title="bbox 454 5050 2061 5127; baseline -0.01 -7"><span class='ocrx_word' id='word_1_762' title='bbox 454 5060 609 5121; x_wconf 82' lang='lat' dir='ltr'><strong>venit</strong></span> <span class='ocrx_word' id='word_1_763' title='bbox 638 5060 688 5114; x_wconf 91' lang='lat' dir='ltr'><strong>in</strong></span> <span class='ocrx_word' id='word_1_764' title='bbox 715 5073 876 5113; x_wconf 87' lang='lat' dir='ltr'><strong>aures</strong></span> <span class='ocrx_word' id='word_1_765' title='bbox 903 5072 1073 5124; x_wconf 87' lang='lat' dir='ltr'><strong>meas,</strong></span> <span class='ocrx_word' id='word_1_766' title='bbox 1099 5064 1154 5112; x_wconf 91' lang='lat' dir='ltr'><strong>et</strong></span> <span class='ocrx_word' id='word_1_767' title='bbox 1174 5069 1519 5127; x_wconf 90' lang='lat' dir='ltr'><strong>nequaquam</strong></span> <span class='ocrx_word' id='word_1_768' title='bbox 1551 5053 1692 5107; x_wconf 87' lang='lat' dir='ltr'><strong>ultra</strong></span> <span class='ocrx_word' id='word_1_769' title='bbox 1726 5060 1780 5107; x_wconf 89' lang='lat' dir='ltr'><strong>te</strong></span> <span class='ocrx_word' id='word_1_770' title='bbox 1811 5050 2061 5122; x_wconf 89' lang='lat' dir='ltr'><strong>portabo,</strong></span> 
     </span>
    </p>
   </div>
   <div class='ocr_carea' id='block_1_96' title="bbox 457 5146 2063 5226">
    <p class='ocr_par' dir='ltr' id='par_1_96' title="bbox 457 5146 2063 5226">
     <span class='ocr_line' id='line_1_96' title="bbox 457 5146 2063 5226; baseline -0.006 -15"><span class='ocrx_word' id='word_1_771' title='bbox 457 5164 518 5212; x_wconf 89' lang='lat' dir='ltr'><strong>ut</strong></span> <span class='ocrx_word' id='word_1_772' title='bbox 576 5152 848 5226; x_wconf 81' lang='lat' dir='ltr'><strong>intelligas</strong></span> <span class='ocrx_word' id='word_1_773' title='bbox 901 5146 1050 5222; x_wconf 91' lang='lat' dir='ltr'><strong>quod</strong></span> <span class='ocrx_word' id='word_1_774' title='bbox 1105 5149 1330 5223; x_wconf 87' lang='lat' dir='ltr'><strong>potuisti</strong></span> <span class='ocrx_word' id='word_1_775' title='bbox 1376 5162 1483 5203; x_wconf 90' lang='lat' dir='ltr'><strong>non</strong></span> <span class='ocrx_word' id='word_1_776' title='bbox 1542 5146 1648 5201; x_wconf 88' lang='lat' dir='ltr'><strong>tuis</strong></span> <span class='ocrx_word' id='word_1_777' title='bbox 1705 5146 1952 5215; x_wconf 89' lang='lat' dir='ltr'><strong>potuisse</strong></span> <span class='ocrx_word' id='word_1_778' title='bbox 2009 5154 2063 5201; x_wconf 89' lang='lat' dir='ltr'><strong>te</strong></span> 
     </span>
    </p>
   </div>
   <div class='ocr_carea' id='block_1_97' title="bbox 450 5239 2064 5315">
    <p class='ocr_par' dir='ltr' id='par_1_97' title="bbox 450 5239 2064 5315">
     <span class='ocr_line' id='line_1_97' title="bbox 450 5239 2064 5315; baseline -0.007 -10"><span class='ocrx_word' id='word_1_779' title='bbox 450 5249 700 5315; x_wconf 86' lang='lat' dir='ltr'><strong>viribus,</strong></span> <span class='ocrx_word' id='word_1_780' title='bbox 752 5245 851 5304; x_wconf 85' lang='lat' dir='ltr'><strong>sed</strong></span> <span class='ocrx_word' id='word_1_781' title='bbox 880 5259 1007 5302; x_wconf 86' lang='lat' dir='ltr'><strong>meo</strong></span> <span class='ocrx_word' id='word_1_782' title='bbox 1030 5245 1285 5300; x_wconf 88' lang='lat' dir='ltr'><strong>arbitrio.</strong></span> <span class='ocrx_word' id='word_1_783' title='bbox 1319 5240 1669 5299; x_wconf 60' lang='lat' dir='ltr'><strong>uerebantur</strong></span> <span class='ocrx_word' id='word_1_784' title='bbox 1706 5242 1853 5297; x_wconf 85' lang='lat' dir='ltr'><strong>enim</strong></span> <span class='ocrx_word' id='word_1_785' title='bbox 1885 5239 2064 5311; x_wconf 70' lang='lat' dir='ltr'><strong>impiae</strong></span> 
     </span>
    </p>
   </div>
   <div class='ocr_carea' id='block_1_98' title="bbox 450 5333 2062 5416">
    <p class='ocr_par' dir='ltr' id='par_1_98' title="bbox 450 5333 2062 5416">
     <span class='ocr_line' id='line_1_98' title="bbox 450 5333 2062 5416; baseline -0.006 -17"><span class='ocrx_word' id='word_1_786' title='bbox 450 5354 675 5416; x_wconf 71' lang='lat' dir='ltr'><strong>gentes.</strong></span> <span class='ocrx_word' id='word_1_787' title='bbox 717 5349 774 5398; x_wconf 88' lang='lat' dir='ltr'><strong>et</strong></span> <span class='ocrx_word' id='word_1_788' title='bbox 805 5340 1159 5395; x_wconf 59' lang='lat' dir='ltr'><strong>infructuosa</strong></span> <span class='ocrx_word' id='word_1_789' title='bbox 1211 5337 1480 5401; x_wconf 81' lang='lat' dir='ltr'><strong>arbores,</strong></span> <span class='ocrx_word' id='word_1_790' title='bbox 1525 5344 1584 5389; x_wconf 78' lang='lat' dir='ltr'><strong>ut</strong></span> <span class='ocrx_word' id='word_1_791' title='bbox 1615 5349 1714 5404; x_wconf 89' lang='lat' dir='ltr'><strong>per</strong></span> <span class='ocrx_word' id='word_1_792' title='bbox 1772 5343 1857 5401; x_wconf 89' lang='lat' dir='ltr'><strong>te,</strong></span> <span class='ocrx_word' id='word_1_793' title='bbox 1906 5333 2062 5404; x_wconf 83' lang='lat' dir='ltr'><strong>quasi</strong></span> 
     </span>
    </p>
   </div>
   <div class='ocr_carea' id='block_1_99' title="bbox 450 5426 2058 5494">
    <p class='ocr_par' dir='ltr' id='par_1_99' title="bbox 450 5426 2058 5494">
     <span class='ocr_line' id='line_1_99' title="bbox 450 5426 2058 5494; baseline -0.007 0"><span class='ocrx_word' id='word_1_794' title='bbox 450 5435 689 5494; x_wconf 79' lang='lat' dir='ltr'><strong>securim</strong></span> <span class='ocrx_word' id='word_1_795' title='bbox 724 5445 780 5490; x_wconf 88' lang='lat' dir='ltr'><strong>et</strong></span> <span class='ocrx_word' id='word_1_796' title='bbox 828 5446 1041 5491; x_wconf 87' lang='lat' dir='ltr'><strong>serram</strong></span> <span class='ocrx_word' id='word_1_797' title='bbox 1084 5445 1299 5493; x_wconf 89' lang='lat' dir='ltr'><strong>meam,</strong></span> <span class='ocrx_word' id='word_1_798' title='bbox 1330 5426 1746 5484; x_wconf 88' lang='lat' dir='ltr'><strong>succiderentur</strong></span> <span class='ocrx_word' id='word_1_799' title='bbox 1792 5435 1846 5482; x_wconf 80' lang='lat' dir='ltr'><strong>et</strong></span> <span class='ocrx_word' id='word_1_800' title='bbox 1893 5427 2058 5483; x_wconf 83' lang='lat' dir='ltr'><strong>cade-</strong></span> 
     </span>
    </p>
   </div>
   <div class='ocr_carea' id='block_1_100' title="bbox 449 5518 2062 5601">
    <p class='ocr_par' dir='ltr' id='par_1_100' title="bbox 449 5518 2062 5601">
     <span class='ocr_line' id='line_1_100' title="bbox 449 5518 2062 5601; baseline -0.005 -16"><span class='ocrx_word' id='word_1_801' title='bbox 449 5542 597 5586; x_wconf 85' lang='lat' dir='ltr'><strong>rent.</strong></span> <span class='ocrx_word' id='word_1_802' title='bbox 627 5528 817 5601; x_wconf 83' lang='lat' dir='ltr'><strong>ltaque</strong></span> <span class='ocrx_word' id='word_1_803' title='bbox 845 5541 1043 5599; x_wconf 87' lang='lat' dir='ltr'><strong>ponam</strong></span> <span class='ocrx_word' id='word_1_804' title='bbox 1072 5524 1362 5599; x_wconf 83' lang='lat' dir='ltr'><strong>circulum,</strong></span> <span class='ocrx_word' id='word_1_805' title='bbox 1396 5524 1514 5578; x_wconf 74' lang='lat' dir='ltr'><strong>sive</strong></span> <span class='ocrx_word' id='word_1_806' title='bbox 1543 5520 1795 5577; x_wconf 71' lang='lat' dir='ltr'><strong>clnamum</strong></span> <span class='ocrx_word' id='word_1_807' title='bbox 1829 5520 1883 5576; x_wconf 90' lang='lat' dir='ltr'><strong>in</strong></span> <span class='ocrx_word' id='word_1_808' title='bbox 1914 5518 2062 5577; x_wconf 86' lang='lat' dir='ltr'><strong>nari-</strong></span> 
     </span>
    </p>
   </div>
   <div class='ocr_carea' id='block_1_101' title="bbox 450 5614 2055 5692">
    <p class='ocr_par' dir='ltr' id='par_1_101' title="bbox 450 5614 2055 5692">
     <span class='ocr_line' id='line_1_101' title="bbox 450 5614 2055 5692; baseline -0.007 -12"><span class='ocrx_word' id='word_1_809' title='bbox 450 5623 554 5680; x_wconf 78' lang='lat' dir='ltr'><strong>bus</strong></span> <span class='ocrx_word' id='word_1_810' title='bbox 578 5625 708 5691; x_wconf 84' lang='lat' dir='ltr'><strong>tuis,</strong></span> <span class='ocrx_word' id='word_1_811' title='bbox 747 5631 810 5679; x_wconf 84' lang='lat' dir='ltr'><strong>nt</strong></span> <span class='ocrx_word' id='word_1_812' title='bbox 849 5619 1290 5692; x_wconf 73' lang='lat' dir='ltr'><strong>blasphemutia</strong></span> <span class='ocrx_word' id='word_1_813' title='bbox 1337 5615 1465 5689; x_wconf 80' lang='grc' dir='ltr'><strong>[Αι.</strong></span> <span class='ocrx_word' id='word_1_814' title='bbox 1522 5614 2055 5688; x_wconf 76' lang='lat' dir='ltr'><strong>blaspltemantiamj</strong></span> 
     </span>
    </p>
   </div>
   <div class='ocr_carea' id='block_1_102' title="bbox 449 5709 2055 5789">
    <p class='ocr_par' dir='ltr' id='par_1_102' title="bbox 449 5709 2055 5789">
     <span class='ocr_line' id='line_1_102' title="bbox 449 5709 2055 5789; baseline -0.006 -14"><span class='ocrx_word' id='word_1_815' title='bbox 449 5726 549 5775; x_wconf 83' lang='lat' dir='ltr'><strong>Ora</strong></span> <span class='ocrx_word' id='word_1_816' title='bbox 572 5714 947 5789; x_wconf 77' lang='lat' dir='ltr'><strong>constringam</strong></span> <span class='ocrx_word' id='word_1_817' title='bbox 970 5758 984 5781; x_wconf 96' lang='lat'><strong>,</strong></span> <span class='ocrx_word' id='word_1_818' title='bbox 1010 5724 1064 5770; x_wconf 91' lang='lat' dir='ltr'><strong>ct</strong></span> <span class='ocrx_word' id='word_1_819' title='bbox 1090 5725 1435 5786; x_wconf 85' lang='lat' dir='ltr'><strong>nequaquam</strong></span> <span class='ocrx_word' id='word_1_820' title='bbox 1467 5709 1605 5766; x_wconf 87' lang='lat' dir='ltr'><strong>ultra</strong></span> <span class='ocrx_word' id='word_1_821' title='bbox 1638 5709 1764 5765; x_wconf 80' lang='lat' dir='ltr'><strong>talia</strong></span> <span class='ocrx_word' id='word_1_822' title='bbox 1792 5710 1935 5781; x_wconf 90' lang='lat' dir='ltr'><strong>loqui</strong></span> <span class='ocrx_word' id='word_1_823' title='bbox 1962 5725 2055 5765; x_wconf 77' lang='lat' dir='ltr'><strong>au-</strong></span> 
     </span>
    </p>
   </div>
   <div class='ocr_carea' id='block_1_103' title="bbox 449 5802 2057 5881">
    <p class='ocr_par' dir='ltr' id='par_1_103' title="bbox 449 5802 2057 5881">
     <span class='ocr_line' id='line_1_103' title="bbox 449 5802 2057 5881; baseline -0.006 -10"><span class='ocrx_word' id='word_1_824' title='bbox 449 5814 618 5871; x_wconf 86' lang='lat' dir='ltr'><strong>deas:</strong></span> <span class='ocrx_word' id='word_1_825' title='bbox 650 5814 974 5881; x_wconf 90' lang='lat' dir='ltr'><strong>frenumque</strong></span> <span class='ocrx_word' id='word_1_826' title='bbox 1005 5810 1241 5880; x_wconf 84' lang='lat' dir='ltr'><strong>injiciam</strong></span> <span class='ocrx_word' id='word_1_827' title='bbox 1275 5806 1436 5863; x_wconf 88' lang='lat' dir='ltr'><strong>labiis</strong></span> <span class='ocrx_word' id='word_1_828' title='bbox 1465 5805 1593 5872; x_wconf 81' lang='lat' dir='ltr'><strong>tuis,</strong></span> <span class='ocrx_word' id='word_1_829' title='bbox 1624 5802 1770 5876; x_wconf 89' lang='lat' dir='ltr'><strong>quod</strong></span> <span class='ocrx_word' id='word_1_830' title='bbox 1804 5810 1950 5860; x_wconf 87' lang='lat' dir='ltr'><strong>tuam</strong></span> <span class='ocrx_word' id='word_1_831' title='bbox 1977 5803 2057 5861; x_wconf 88' lang='lat' dir='ltr'><strong>fe-</strong></span> 
     </span>
    </p>
   </div>
   <div class='ocr_carea' id='block_1_104' title="bbox 443 5897 2053 5972">
    <p class='ocr_par' dir='ltr' id='par_1_104' title="bbox 443 5897 2053 5972">
     <span class='ocr_line' id='line_1_104' title="bbox 443 5897 2053 5972; baseline -0.008 -6"><span class='ocrx_word' id='word_1_832' title='bbox 443 5912 657 5968; x_wconf 63' lang='lat' dir='ltr'><strong>rociam</strong></span> <span class='ocrx_word' id='word_1_833' title='bbox 677 5904 885 5969; x_wconf 64' lang='lat' dir='ltr'><strong>donet,</strong></span> <span class='ocrx_word' id='word_1_834' title='bbox 902 5902 1274 5960; x_wconf 73' lang='lat' dir='ltr'><strong>ettereducat</strong></span> <span class='ocrx_word' id='word_1_835' title='bbox 1297 5899 1351 5955; x_wconf 78' lang='lat' dir='ltr'><strong>in</strong></span> <span class='ocrx_word' id='word_1_836' title='bbox 1375 5898 1651 5972; x_wconf 79' lang='lat' dir='ltr'><strong>Assyrios.</strong></span> <span class='ocrx_word' id='word_1_837' title='bbox 1676 5897 1792 5966; x_wconf 74' lang='lat' dir='ltr'><strong>Qua</strong></span> <span class='ocrx_word' id='word_1_838' title='bbox 1820 5897 2053 5954; x_wconf 84' lang='lat' dir='ltr'><strong>transla-</strong></span> 
     </span>
    </p>
   </div>
   <div class='ocr_carea' id='block_1_105' title="bbox 446 5991 2048 6064">
    <p class='ocr_par' dir='ltr' id='par_1_105' title="bbox 446 5991 2048 6064">
     <span class='ocr_line' id='line_1_105' title="bbox 446 5991 2048 6064; baseline -0.016 -4"><span class='ocrx_word' id='word_1_839' title='bbox 446 6003 597 6060; x_wconf 76' lang='lat' dir='ltr'><strong>tione</strong></span> <span class='ocrx_word' id='word_1_840' title='bbox 619 6014 668 6057; x_wconf 82' lang='lat' dir='ltr'><strong>et</strong></span> <span class='ocrx_word' id='word_1_841' title='bbox 701 6001 752 6054; x_wconf 87' lang='lat' dir='ltr'><strong>iu</strong></span> <span class='ocrx_word' id='word_1_842' title='bbox 780 5998 815 6052; x_wconf 73' lang='grc' dir='ltr'><strong>Ρ</strong></span> <span class='ocrx_word' id='word_1_843' title='bbox 849 5997 1006 6052; x_wconf 79' lang='lat' dir='ltr'><strong>almis</strong></span> <span class='ocrx_word' id='word_1_844' title='bbox 1025 6002 1227 6051; x_wconf 80' lang='lat' dir='ltr'><strong>contra</strong></span> <span class='ocrx_word' id='word_1_845' title='bbox 1246 5994 1442 6064; x_wconf 69' lang='lat' dir='ltr'><strong>impios</strong></span> <span class='ocrx_word' id='word_1_846' title='bbox 1463 5991 1751 6064; x_wconf 66' lang='lat' dir='ltr'><strong>Scriptura</strong></span> <span class='ocrx_word' id='word_1_847' title='bbox 1773 5991 2048 6050; x_wconf 63' lang='lat' dir='ltr'><strong>abutitur;</strong></span> 
     </span>
    </p>
   </div>
   <div class='ocr_carea' id='block_1_106' title="bbox 2177 4866 3775 4929">
    <p class='ocr_par' dir='ltr' id='par_1_106' title="bbox 2177 4866 3775 4929">
     <span class='ocr_line' id='line_1_106' title="bbox 2177 4866 3775 4929; baseline 0.001 -10"><span class='ocrx_word' id='word_1_848' title='bbox 2177 4872 2388 4920; x_wconf 86' lang='lat' dir='ltr'><strong>sentem</strong></span> <span class='ocrx_word' id='word_1_849' title='bbox 2415 4866 2626 4922; x_wconf 84' lang='lat' dir='ltr'><strong>excutit</strong></span> <span class='ocrx_word' id='word_1_850' title='bbox 2658 4877 2884 4923; x_wconf 89' lang='lat' dir='ltr'><strong>metum.</strong></span> <span class='ocrx_word' id='word_1_851' title='bbox 2935 4866 3055 4924; x_wconf 80' lang='lat' dir='ltr'><strong>Non</strong></span> <span class='ocrx_word' id='word_1_852' title='bbox 3082 4871 3231 4926; x_wconf 81' lang='lat' dir='ltr'><strong>enim</strong></span> <span class='ocrx_word' id='word_1_853' title='bbox 3261 4881 3387 4927; x_wconf 87' lang='lat' dir='ltr'><strong>erat</strong></span> <span class='ocrx_word' id='word_1_854' title='bbox 3418 4882 3575 4929; x_wconf 78' lang='lat' dir='ltr'><strong>tanta</strong></span> <span class='ocrx_word' id='word_1_855' title='bbox 3599 4867 3775 4927; x_wconf 67' lang='lat' dir='ltr'><strong>latitia</strong></span> 
     </span>
    </p>
   </div>
   <div class='ocr_carea' id='block_1_107' title="bbox 2172 4959 3777 5036">
    <p class='ocr_par' dir='ltr' id='par_1_107' title="bbox 2172 4959 3777 5036">
     <span class='ocr_line' id='line_1_107' title="bbox 2172 4959 3777 5036; baseline 0.005 -24"><span class='ocrx_word' id='word_1_856' title='bbox 2172 4971 2340 5028; x_wconf 80' lang='lat' dir='ltr'><strong>super</strong></span> <span class='ocrx_word' id='word_1_857' title='bbox 2371 4959 2458 5014; x_wconf 85' lang='lat' dir='ltr'><strong>bis</strong></span> <span class='ocrx_word' id='word_1_858' title='bbox 2484 4974 2605 5030; x_wconf 66' lang='lat' dir='ltr'><strong>quae</strong></span> <span class='ocrx_word' id='word_1_859' title='bbox 2636 4960 2801 5032; x_wconf 64' lang='lat' dir='ltr'><strong>longe</strong></span> <span class='ocrx_word' id='word_1_860' title='bbox 2828 4970 2954 5031; x_wconf 90' lang='lat' dir='ltr'><strong>post</strong></span> <span class='ocrx_word' id='word_1_861' title='bbox 2982 4972 3227 5034; x_wconf 83' lang='lat' dir='ltr'><strong>tempore</strong></span> <span class='ocrx_word' id='word_1_862' title='bbox 3257 4972 3499 5023; x_wconf 76' lang='lat' dir='ltr'><strong>ventura</strong></span> <span class='ocrx_word' id='word_1_863' title='bbox 3525 4962 3777 5036; x_wconf 76' lang='lat' dir='ltr'><strong>promise-</strong></span> 
     </span>
    </p>
   </div>
   <div class='ocr_carea' id='block_1_108' title="bbox 2171 5052 3777 5125">
    <p class='ocr_par' dir='ltr' id='par_1_108' title="bbox 2171 5052 3777 5125">
     <span class='ocr_line' id='line_1_108' title="bbox 2171 5052 3777 5125; baseline 0.001 -18"><span class='ocrx_word' id='word_1_864' title='bbox 2171 5064 2277 5117; x_wconf 88' lang='lat' dir='ltr'><strong>rat,</strong></span> <span class='ocrx_word' id='word_1_865' title='bbox 2313 5065 2512 5123; x_wconf 88' lang='lat' dir='ltr'><strong>quanla</strong></span> <span class='ocrx_word' id='word_1_866' title='bbox 2534 5069 2663 5109; x_wconf 87' lang='lat' dir='ltr'><strong>cura</strong></span> <span class='ocrx_word' id='word_1_867' title='bbox 2693 5055 2761 5112; x_wconf 91' lang='lat' dir='ltr'><strong>de</strong></span> <span class='ocrx_word' id='word_1_868' title='bbox 2788 5055 3219 5113; x_wconf 88' lang='lat' dir='ltr'><strong>imminentibus.</strong></span> <span class='ocrx_word' id='word_1_869' title='bbox 3246 5057 3408 5125; x_wconf 85' lang='lat' dir='ltr'><strong>Quod</strong></span> <span class='ocrx_word' id='word_1_870' title='bbox 3439 5068 3629 5115; x_wconf 88' lang='lat' dir='ltr'><strong>autem</strong></span> <span class='ocrx_word' id='word_1_871' title='bbox 3660 5052 3777 5111; x_wconf 90' lang='lat' dir='ltr'><strong>dicit</strong></span> 
     </span>
    </p>
   </div>
   <div class='ocr_carea' id='block_1_109' title="bbox 2169 5144 3779 5226">
    <p class='ocr_par' dir='ltr' id='par_1_109' title="bbox 2169 5144 3779 5226">
     <span class='ocr_line' id='line_1_109' title="bbox 2169 5144 3779 5226; baseline 0.001 -26"><span class='ocrx_word' id='word_1_872' title='bbox 2169 5144 2456 5217; x_wconf 84' lang='lat' dir='ltr'><strong>Assyrium</strong></span> <span class='ocrx_word' id='word_1_873' title='bbox 2491 5162 2839 5203; x_wconf 75' lang='lat' dir='ltr'><strong>recessurum</strong></span> <span class='ocrx_word' id='word_1_874' title='bbox 2865 5190 2880 5216; x_wconf 95' lang='lat'><strong>,</strong></span> <span class='ocrx_word' id='word_1_875' title='bbox 2922 5160 3027 5205; x_wconf 87' lang='lat' dir='ltr'><strong>uec</strong></span> <span class='ocrx_word' id='word_1_876' title='bbox 3054 5150 3364 5206; x_wconf 84' lang='lat' dir='ltr'><strong>levaturum</strong></span> <span class='ocrx_word' id='word_1_877' title='bbox 3396 5151 3579 5226; x_wconf 61' lang='grc' dir='ltr'>ω</span> <span class='ocrx_word' id='word_1_878' title='bbox 3601 5157 3779 5208; x_wconf 85' lang='lat' dir='ltr'><strong>contra</strong></span> 
     </span>
    </p>
   </div>
   <div class='ocr_carea' id='block_1_110' title="bbox 2167 5236 3777 5319">
    <p class='ocr_par' dir='ltr' id='par_1_110' title="bbox 2167 5236 3777 5319">
     <span class='ocr_line' id='line_1_110' title="bbox 2167 5236 3777 5319; baseline 0.001 -22"><span class='ocrx_word' id='word_1_879' title='bbox 2167 5236 2475 5297; x_wconf 79' lang='lat' dir='ltr'><strong>Jerusalem</strong></span> <span class='ocrx_word' id='word_1_880' title='bbox 2498 5242 2772 5315; x_wconf 79' lang='lat' dir='ltr'><strong>clypeum,</strong></span> <span class='ocrx_word' id='word_1_881' title='bbox 2797 5260 2900 5300; x_wconf 88' lang='lat' dir='ltr'><strong>nec</strong></span> <span class='ocrx_word' id='word_1_882' title='bbox 2920 5244 3103 5316; x_wconf 83' lang='lat' dir='ltr'><strong>jacula</strong></span> <span class='ocrx_word' id='word_1_883' title='bbox 3137 5246 3462 5316; x_wconf 75' lang='lat' dir='ltr'><strong>missurum,</strong></span> <span class='ocrx_word' id='word_1_884' title='bbox 3486 5257 3667 5319; x_wconf 78' lang='lat' dir='ltr'><strong>neque</strong></span> <span class='ocrx_word' id='word_1_885' title='bbox 3694 5258 3777 5300; x_wconf 86' lang='lat' dir='ltr'><strong>ur-</strong></span> 
     </span>
    </p>
   </div>
   <div class='ocr_carea' id='block_1_111' title="bbox 2167 5334 3777 5410">
    <p class='ocr_par' dir='ltr' id='par_1_111' title="bbox 2167 5334 3777 5410">
     <span class='ocr_line' id='line_1_111' title="bbox 2167 5334 3777 5410; baseline 0.002 -22"><span class='ocrx_word' id='word_1_886' title='bbox 2167 5334 2291 5389; x_wconf 88' lang='lat' dir='ltr'><strong>bem</strong></span> <span class='ocrx_word' id='word_1_887' title='bbox 2324 5336 2716 5392; x_wconf 87' lang='lat' dir='ltr'><strong>munitionibus</strong></span> <span class='ocrx_word' id='word_1_888' title='bbox 2748 5346 2802 5393; x_wconf 89' lang='lat' dir='ltr'><strong>et</strong></span> <span class='ocrx_word' id='word_1_889' title='bbox 2828 5352 3028 5410; x_wconf 72' lang='lat' dir='ltr'><strong>aggere</strong></span> <span class='ocrx_word' id='word_1_890' title='bbox 3052 5353 3181 5396; x_wconf 87' lang='lat' dir='ltr'><strong>esse</strong></span> <span class='ocrx_word' id='word_1_891' title='bbox 3203 5340 3566 5406; x_wconf 76' lang='lat' dir='ltr'><strong>vallandam,</strong></span> <span class='ocrx_word' id='word_1_892' title='bbox 3596 5339 3777 5396; x_wconf 73' lang='lat' dir='ltr'><strong>adver&#39;</strong></span> 
     </span>
    </p>
   </div>
   <div class='ocr_carea' id='block_1_112' title="bbox 2165 5428 3779 5503">
    <p class='ocr_par' dir='ltr' id='par_1_112' title="bbox 2165 5428 3779 5503">
     <span class='ocr_line' id='line_1_112' title="bbox 2165 5428 3779 5503; baseline 0.006 -21"><span class='ocrx_word' id='word_1_893' title='bbox 2165 5428 2479 5499; x_wconf 88' lang='lat' dir='ltr'><strong>sariumquc</strong></span> <span class='ocrx_word' id='word_1_894' title='bbox 2507 5445 2603 5499; x_wconf 91' lang='lat' dir='ltr'><strong>per</strong></span> <span class='ocrx_word' id='word_1_895' title='bbox 2631 5432 2772 5486; x_wconf 87' lang='lat' dir='ltr'><strong>viam</strong></span> <span class='ocrx_word' id='word_1_896' title='bbox 2816 5447 2920 5503; x_wconf 89' lang='lat' dir='ltr'><strong>qua</strong></span> <span class='ocrx_word' id='word_1_897' title='bbox 2944 5446 3167 5490; x_wconf 81' lang='lat' dir='ltr'><strong>venerat</strong></span> <span class='ocrx_word' id='word_1_898' title='bbox 3197 5448 3562 5493; x_wconf 74' lang='lat' dir='ltr'><strong>reversurum</strong></span> <span class='ocrx_word' id='word_1_899' title='bbox 3586 5477 3605 5503; x_wconf 87' lang='lat'><strong>,</strong></span> <span class='ocrx_word' id='word_1_900' title='bbox 3639 5442 3694 5491; x_wconf 81' lang='lat' dir='ltr'><strong>et</strong></span> <span class='ocrx_word' id='word_1_901' title='bbox 3719 5430 3779 5486; x_wconf 54' lang='lat' dir='ltr'><strong>li&#39;</strong></span> 
     </span>
    </p>
   </div>
   <div class='ocr_carea' id='block_1_113' title="bbox 2161 5521 3776 5599">
    <p class='ocr_par' dir='ltr' id='par_1_113' title="bbox 2161 5521 3776 5599">
     <span class='ocr_line' id='line_1_113' title="bbox 2161 5521 3776 5599; baseline 0.009 -20"><span class='ocrx_word' id='word_1_902' title='bbox 2161 5521 2457 5579; x_wconf 85' lang='lat' dir='ltr'><strong>berandam</strong></span> <span class='ocrx_word' id='word_1_903' title='bbox 2503 5524 2781 5583; x_wconf 87' lang='lat' dir='ltr'><strong>civitatem</strong></span> <span class='ocrx_word' id='word_1_904' title='bbox 2836 5526 3121 5586; x_wconf 81' lang='lat' dir='ltr'><strong>obsidione</strong></span> <span class='ocrx_word' id='word_1_905' title='bbox 3152 5530 3439 5599; x_wconf 67' lang='lat' dir='ltr'><strong>prmsenti,</strong></span> <span class='ocrx_word' id='word_1_906' title='bbox 3503 5536 3562 5588; x_wconf 87' lang='lat' dir='ltr'><strong>et</strong></span> <span class='ocrx_word' id='word_1_907' title='bbox 3592 5529 3660 5585; x_wconf 87' lang='lat' dir='ltr'><strong>ad</strong></span> <span class='ocrx_word' id='word_1_908' title='bbox 3688 5541 3776 5592; x_wconf 70' lang='lat' dir='ltr'><strong>ex-</strong></span> 
     </span>
    </p>
   </div>
   <div class='ocr_carea' id='block_1_114' title="bbox 2161 5616 3775 5694">
    <p class='ocr_par' dir='ltr' id='par_1_114' title="bbox 2161 5616 3775 5694">
     <span class='ocr_line' id='line_1_114' title="bbox 2161 5616 3775 5694; baseline 0.003 -23"><span class='ocrx_word' id='word_1_909' title='bbox 2161 5622 2395 5672; x_wconf 81' lang='lat' dir='ltr'><strong>tremum</strong></span> <span class='ocrx_word' id='word_1_910' title='bbox 2430 5617 2593 5674; x_wconf 85' lang='lat' dir='ltr'><strong>infert</strong></span> <span class='ocrx_word' id='word_1_911' title='bbox 2617 5637 2630 5672; x_wconf 91' lang='lat'><strong>:</strong></span> <span class='ocrx_word' id='word_1_912' title='bbox 2690 5629 2902 5692; x_wconf 81' lang='lat' dir='ltr'><strong>propter</strong></span> <span class='ocrx_word' id='word_1_913' title='bbox 2928 5637 3008 5678; x_wconf 84' lang='lat' dir='ltr'><strong>me</strong></span> <span class='ocrx_word' id='word_1_914' title='bbox 3043 5630 3093 5677; x_wconf 77' lang='lat' dir='ltr'><strong>et</strong></span> <span class='ocrx_word' id='word_1_915' title='bbox 3123 5633 3332 5694; x_wconf 87' lang='lat' dir='ltr'><strong>propter</strong></span> <span class='ocrx_word' id='word_1_916' title='bbox 3358 5616 3550 5679; x_wconf 69' lang='lat' dir='ltr'><strong>Dauid</strong></span> <span class='ocrx_word' id='word_1_917' title='bbox 3580 5637 3775 5680; x_wconf 72' lang='lat' dir='ltr'><strong>mum</strong></span> 
     </span>
    </p>
   </div>
   <div class='ocr_carea' id='block_1_115' title="bbox 2180 5708 3777 5786">
    <p class='ocr_par' dir='ltr' id='par_1_115' title="bbox 2180 5708 3777 5786">
     <span class='ocr_line' id='line_1_115' title="bbox 2180 5708 3777 5786; baseline 0.004 -24"><span class='ocrx_word' id='word_1_918' title='bbox 2180 5723 2377 5775; x_wconf 84' lang='lat' dir='ltr'><strong>meum,</strong></span> <span class='ocrx_word' id='word_1_919' title='bbox 2407 5708 2540 5765; x_wconf 88' lang='lat' dir='ltr'><strong>illud</strong></span> <span class='ocrx_word' id='word_1_920' title='bbox 2565 5712 2855 5782; x_wconf 71' lang='lat' dir='ltr'><strong>signiﬁcat,</strong></span> <span class='ocrx_word' id='word_1_921' title='bbox 2885 5714 3030 5784; x_wconf 81' lang='lat' dir='ltr'><strong>quod</strong></span> <span class='ocrx_word' id='word_1_922' title='bbox 3058 5730 3167 5771; x_wconf 87' lang='lat' dir='ltr'><strong>non</strong></span> <span class='ocrx_word' id='word_1_923' title='bbox 3196 5715 3399 5773; x_wconf 86' lang='lat' dir='ltr'><strong>merito</strong></span> <span class='ocrx_word' id='word_1_924' title='bbox 3423 5731 3558 5786; x_wconf 80' lang='lat' dir='ltr'><strong>suo,</strong></span> <span class='ocrx_word' id='word_1_925' title='bbox 3589 5714 3682 5772; x_wconf 78' lang='lat' dir='ltr'><strong>sed</strong></span> <span class='ocrx_word' id='word_1_926' title='bbox 3709 5713 3777 5769; x_wconf 84' lang='lat' dir='ltr'><strong>Dc</strong></span> 
     </span>
    </p>
   </div>
   <div class='ocr_carea' id='block_1_116' title="bbox 2161 5803 3774 5882">
    <p class='ocr_par' dir='ltr' id='par_1_116' title="bbox 2161 5803 3774 5882">
     <span class='ocr_line' id='line_1_116' title="bbox 2161 5803 3774 5882; baseline 0.001 -23"><span class='ocrx_word' id='word_1_927' title='bbox 2161 5803 2453 5861; x_wconf 88' lang='lat' dir='ltr'><strong>clementia</strong></span> <span class='ocrx_word' id='word_1_928' title='bbox 2485 5816 2917 5874; x_wconf 87' lang='lat' dir='ltr'><strong>conserventur,</strong></span> <span class='ocrx_word' id='word_1_929' title='bbox 2950 5810 3118 5866; x_wconf 90' lang='lat' dir='ltr'><strong>immo</strong></span> <span class='ocrx_word' id='word_1_930' title='bbox 3147 5809 3322 5882; x_wconf 88' lang='lat' dir='ltr'><strong>patris</strong></span> <span class='ocrx_word' id='word_1_931' title='bbox 3369 5822 3579 5868; x_wconf 81' lang='lat' dir='ltr'><strong>eorum</strong></span> <span class='ocrx_word' id='word_1_932' title='bbox 3615 5805 3774 5867; x_wconf 86' lang='lat' dir='ltr'><strong>David</strong></span> 
     </span>
    </p>
   </div>
   <div class='ocr_carea' id='block_1_117' title="bbox 2158 5902 3773 5980">
    <p class='ocr_par' dir='ltr' id='par_1_117' title="bbox 2158 5902 3773 5980">
     <span class='ocr_line' id='line_1_117' title="bbox 2158 5902 3773 5980; baseline 0.001 -21"><span class='ocrx_word' id='word_1_933' title='bbox 2158 5903 2444 5959; x_wconf 77' lang='lat' dir='ltr'><strong>memoria.</strong></span> <span class='ocrx_word' id='word_1_934' title='bbox 2480 5902 2543 5958; x_wconf 85' lang='lat' dir='ltr'><strong>lu</strong></span> <span class='ocrx_word' id='word_1_935' title='bbox 2566 5920 2674 5973; x_wconf 81' lang='lat' dir='ltr'><strong>quo</strong></span> <span class='ocrx_word' id='word_1_936' title='bbox 2704 5904 3072 5962; x_wconf 84' lang='lat' dir='ltr'><strong>admonentur</strong></span> <span class='ocrx_word' id='word_1_937' title='bbox 3097 5916 3157 5963; x_wconf 84' lang='lat' dir='ltr'><strong>et</strong></span> <span class='ocrx_word' id='word_1_938' title='bbox 3179 5920 3299 5964; x_wconf 68' lang='lat' dir='ltr'><strong>suae</strong></span> <span class='ocrx_word' id='word_1_939' title='bbox 3317 5904 3701 5980; x_wconf 62' lang='lat' dir='ltr'><strong>negligentia,</strong></span> <span class='ocrx_word' id='word_1_940' title='bbox 3718 5911 3773 5961; x_wconf 75' lang='lat' dir='ltr'><strong>et</strong></span> 
     </span>
    </p>
   </div>
   <div class='ocr_carea' id='block_1_118' title="bbox 2158 5993 3771 6071">
    <p class='ocr_par' dir='ltr' id='par_1_118' title="bbox 2158 5993 3768 6071">
     <span class='ocr_line' id='line_1_118' title="bbox 2158 5993 3768 6071; baseline -0.007 -18"><span class='ocrx_word' id='word_1_941' title='bbox 2158 5993 2303 6052; x_wconf 80' lang='lat' dir='ltr'><strong>illius</strong></span> <span class='ocrx_word' id='word_1_942' title='bbox 2334 5993 2463 6049; x_wconf 73' lang='lat' dir='ltr'><strong>fidei</strong></span> <span class='ocrx_word' id='word_1_943' title='bbox 2498 6002 2663 6067; x_wconf 78' lang='lat' dir='ltr'><strong>atque</strong></span> <span class='ocrx_word' id='word_1_944' title='bbox 2695 5994 2953 6066; x_wconf 67' lang='lat' dir='ltr'><strong>iustitiae,</strong></span> <span class='ocrx_word' id='word_1_945' title='bbox 2996 5997 3138 6070; x_wconf 85' lang='lat' dir='ltr'><strong>quod</strong></span> <span class='ocrx_word' id='word_1_946' title='bbox 3172 5999 3226 6055; x_wconf 87' lang='lat' dir='ltr'><strong>in</strong></span> <span class='ocrx_word' id='word_1_947' title='bbox 3257 6004 3475 6056; x_wconf 65' lang='lat' dir='ltr'><strong>tam</strong></span> <span class='ocrx_word' id='word_1_948' title='bbox 3504 5997 3768 6071; x_wconf 56' lang='grc' dir='ltr'><strong>Μ’</strong></span> <span class='ocrx_word' id='word_1_949' title='bbox 3624 5997 3639 6012; x_wconf 75' lang='grc'><strong>⁸</strong></span> <span class='ocrx_word' id='word_1_950' title='bbox 3667 5995 3680 6010; x_wconf 84' lang='grc'><strong>⁸</strong></span> 
     </span>
    </p>
   </div>
   <div class='ocr_carea' id='block_1_119' title="bbox 3939 966 3942 1931">
    <p class='ocr_par' dir='ltr' id='par_1_119' title="bbox 3939 1666 3941 1931">
     <span class='ocr_line' id='line_1_119' title="bbox 3940 1666 3941 1723; baseline 0 0"><span class='ocrx_word' id='word_1_951' title='bbox 3940 1666 3941 1723; x_wconf 53' lang='grc' dir='ltr'>γ</span> 
     </span>
     <span class='ocr_line' id='line_1_120' title="bbox 3940 1808 3941 1859; baseline 0 0"><span class='ocrx_word' id='word_1_952' title='bbox 3940 1808 3941 1859; x_wconf 66' lang='lat' dir='ltr'><strong>l</strong></span> 
     </span>
     <span class='ocr_line' id='line_1_121' title="bbox 3939 1868 3941 1931; baseline 0 0"><span class='ocrx_word' id='word_1_953' title='bbox 3939 1868 3941 1931; x_wconf 52' lang='grc' dir='ltr'>ι</span> 
     </span>
    </p>
   </div>
  </div>
