4004 6842
174 395 296 478 an

677 414 1328 476 COMMENTARIORL‘M
1369 411 1435 475 IN
1478 414 1711 475 ISAIAM
1754 409 2194 476 enupuarsu
2221 419 2352 477 ua.
2395 417 2488 476 χι.
2531 416 2688 477 car.
2732 399 3023 479 XXXVIII.

3368 405 3490 476 "300

207 536 381 606 diligat
404 533 567 602 Deus,
588 540 648 590 ut
671 535 830 592 etiam
861 545 1113 609 posteros
1141 529 1452 594 sanctorum
1476 537 1781 606 hominum,
1816 548 1864 608 Α
1890 537 2092 602 rietem,
2121 547 2171 591 et
2195 538 2364 592 oravit
2390 537 2459 590 ad
2484 522 2770 592 Dominum
2791 581 2804 603 ,
2831 546 2879 592 et
2906 539 3073 593 dixit:
3105 537 3354 603 Obsecro,
3384 535 3492 590 Do-

200 644 303 686 non
325 645 419 684 suo
446 630 663 698 merito,
693 630 788 686 sed
835 631 1101 702 majorum
1132 633 1337 688 virtute
1370 641 1605 688 tueatur.

267 721 436 794 (Vera.
470 723 540 778 56
578 723 764 794 seqq.)
796 723 1050 794 Egressus
1078 735 1154 778 est
1179 734 1352 779 autem
1403 724 1635 796 Angelus
1663 723 1785 791 Dei,

201 824 248 872 et
285 817 532 888 percussit
559 818 614 870 in
665 819 854 871 castris
884 817 1214 890 Assyriorum
1266 828 1470 873 centum
1521 821 1788 889 octaginta

203 911 414 981 quinque
438 911 612 965 millia
633 927 652 964 :
703 921 751 965 et
779 924 1116 967 surrexerunt
1146 928 1319 981 mane,
1383 923 1429 969 et
1455 929 1570 967 ecce
1613 913 1789 968 omnia

197 1010 436 1063 cadavera
473 1017 814 1065 mortuorum.
878 1008 941 1063 Et
967 1025 1204 1084 egressus
1230 1019 1305 1065 est
1330 1021 1380 1064 et
1411 1009 1571 1074 abiit,
1622 1017 1669 1062 et
1705 1025 1784 1062 νεα

199 1118 358 1157 versus
384 1111 458 1158 est
487 1103 841 1159 Sennaclterib
863 1120 956 1158 rex
981 1105 1335 1176 Assyriorum,
1387 1114 1432 1158 et
1457 1103 1706 1158 habitavit
1731 1105 1784 1157 in

199 1192 396 1249 Ninitte.
422 1193 491 1248 Et
511 1195 706 1264 factum
731 1205 806 1251 est
827 1212 946 1250 cum
969 1196 1214 1251 adoraret
1243 1198 1294 1251 in
1323 1196 1519 1263 templo
1547 1196 1783 1252 Nrsraclt

194 1287 350 1344 Deum
377 1308 551 1358 suum,
586 1291 926 1348 Adranteleclt
946 1304 991 1349 et
1017 1293 1268 1362 Sarasar,
1286 1294 1386 1364 filii
1417 1298 1552 1368 ejus,
1578 1309 1787 1366 percus-

193 1392 365 1437 serunt
390 1399 509 1438 eum
536 1383 716 1455 gladio
740 1401 759 1440 :
801 1390 1150 1460 fugeruntque
1173 1388 1227 1441 in
1259 1397 1451 1442 terram
1473 1388 1662 1442 Ararat
1687 1403 1708 1453 ;
1734 1398 1785 1442 et

191 1478 415 1547 regnavit
445 1478 759 1533 Αθαναάάοη
809 1480 950 1548 [ilius
977 1484 1093 1554 ejus
1124 1497 1219 1553 pro
1243 1497 1322 1536 eo.
1367 1483 1600 1536 Centum
1631 1490 1786 1536 octo-

190 1568 325 1638 ginta
350 1569 593 1640 quinque
636 1571 804 1625 millia
834 1570 1259 1628 fortissimorum
1301 1574 1543 1628 virorum
1571 1573 1642 1627 ab
1679 1589 1787 1627 uno

191 1661 414 1730 Angelo,
448 1678 550 1717 una
604 1672 763 1719 nocte
791 1665 1098 1732 caeduntur,
1134 1677 1190 1721 et
1234 1667 1441 1738 absque
1472 1667 1790 1723 vulneribus

188 1754 485 1810 occisorum
525 1771 672 1811 mors
700 1771 843 1813 saeva
874 1759 1172 1826 discurrit,
1205 1759 1501 1815 excludens
1531 1776 1558 1813 a
1591 1774 1788 1831 corpo-

187 1845 324 1902 ribus
356 1850 589 1916 animas,
626 1849 722 1906 Dei
749 1851 1049 1907 voluntate.
1076 1852 1258 1919 Super
1287 1869 1396 1922 quo
1425 1853 1477 1907 in
1510 1853 1790 1923 Paralipo-

1889 632 2050 694 rnine,
2085 644 2362 699 memento,
2390 648 2590 702 quaso,
2624 634 2882 702 quomodo
2914 632 3289 686 ambularerim
3319 647 3498 686 coram

1888 726 2016 780 tein
2041 727 2263 780 ueritate
2282 768 2296 791 ,
2337 737 2383 780 ct
2414 728 2468 781 in
2489 728 2644 780 corde
2684 729 2934 799 perferto,
2961 737 3009 781 et
3029 727 3169 796 quod
3204 730 3389 780 bonum
3421 736 3496 780 est

1886 819 1938 872 in
1968 819 2134 872 oculis
2157 820 2260 872 tuis
2291 821 2804 891 fecerint:ﬂeeitqne
2851 820 3102 876 Ezechias
3123 822 3247 890 ﬂetu
3278 837 3490 891 magno.

1887 911 2058 980 Quem
2087 913 2266 984 diligit
2295 914 2576 981 Dominus,
2629 916 2853 986 corripit
2878 957 2892 983 ,
2926 925 2982 970 et
3009 917 3240 986 castigat
3270 931 3487 971 onmem

1889 1007 2059 1060 lilium
2116 1023 2276 1076 quem
2319 1009 2512 1079 recipit
2541 1008 2727 1074 (Prov.
2775 1010 2877 1081 III).
2934 1010 3010 1066 Ne
3059 1011 3368 1068 elevaretur
3395 1025 3492 1066 cor

1889 1097 2138 1152 Ezeebite.
2189 1108 2306 1168 post
2364 1099 2712 1157 incredibiles
2745 1102 3084 1171 triumphos,
3141 1103 3291 1160 etde
3319 1104 3495 1160 media

1886 1192 2207 1259 captivitate
2257 1191 2537 1248 victoriam
2561 1236 2574 1256 ,
2628 1193 2942 1249 infirmitate
2973 1196 3218 1266 corporis
3250 1197 3334 1252 aui
3367 1197 3497 1253 visi-

1888 1294 2056 1349 tatur,
2099 1296 2154 1340 et
2179 1287 2329 1340 audit
2369 1300 2430 1341 se
2452 1301 2573 1342 esse
2604 1291 2924 1344 moritttrum
2953 1332 2966 1355 ,
3021 1298 3081 1344 ut
3103 1305 3398 1346 conversus
3427 1292 3492 1346 ad

1889 1375 2177 1431 Dominum
2232 1378 2418 1432 flectat
2461 1379 2790 1434 sententiam
2823 1381 2960 1450 ejus.
3006 1382 3160 1448 Quod
3193 1384 3412 1453 quidem
3442 1393 3498 1439 et

1888 1467 1942 1522 in
1973 1468 2109 1524 Jona
2158 1473 2420 1540 propheta
2478 1471 2748 1543 legimus,
2791 1484 2842 1527 et
2876 1473 2929 1528 in
2974 1477 3495 1550 comminationibus

1887 1573 2078 1617 contra
2138 1563 2305 1618 David
2339 1579 2460 1634 qum
2488 1566 2744 1620 dicuntur
2782 1565 2960 1621 futura
2987 1610 3000 1632 ,
3047 1583 3147 1623 nec
3175 1569 3310 1624 facta
3339 1579 3487 1635 sunt,

1889 1672 1996 1713 non
2029 1657 2138 1712 Deo
2165 1667 2410 1714 mut-mle
2434 1661 2786 1723 sententiam,
2812 1661 2907 1715 sed
2939 1671 3267 1731 provocante
3297 1662 3492 1716 Imma-

1890 1767 2020 1804 num
2051 1763 2224 1821 genus
2249 1749 2315 1806 ad
2345 1752 2591 1807 notitiam
2624 1755 2729 1807 sui.
2755 1753 3019 1808 Dominus
3041 1753 3185 1808 enim
3218 1757 3493 1824 ptenitens

1889 1851 1977 1898 est
2026 1859 2191 1913 super
2233 1846 2479 1898 IIIalitiis.
2535 1844 2930 1916 Cottvertitque
2985 1847 3246 1903 Ezechias
3299 1849 3491 1904 facient

186 1941 347 1996 menis
377 1941 608 2012 legitur:
660 1943 728 1998 Et
757 1946 897 2000 misit
928 1945 1184 2001 Dominus
1215 1946 1488 2018 Angelum,
1542 1948 1632 2018 qui
1663 1964 1785 2018 per-

1894 1951 2044 1992 suam
2067 1936 2135 1992 ad
2165 1940 2428 2006 parietem
2456 1981 2469 2003 ,
2518 1939 2641 2008 quia
2673 1939 2741 1993 ad
2776 1939 3057 2010 Templum
3093 1942 3172 1997 ire
3197 1955 3305 1996 non
3339 1949 3491 2011 pote-

186 2037 331 2090 cussit
368 2051 572 2092 omnem
593 2040 762 2093 uirum
791 2041 1082 2107 robustum,
1122 2053 1170 2096 et
1198 2043 1528 2107 bellatorem,
1565 2053 1610 2096 et
1643 2043 1789 2111 prin-

183 2129 336 2197 cipem
360 2132 621 2184 exercitus
651 2133 788 2203 regis
812 2134 1179 2205 Assyriorum:
1209 2149 1543 2205 reversusque
1571 2147 1646 2190 est
1669 2151 1785 2188 cum

184 2221 461 2292 ignominia
489 2226 541 2278 in
571 2235 758 2280 terram
791 2243 940 2281 suam
991 2226 1057 2297 (11
1093 2227 1278 2282 Paral.
1309 2245 1493 2292 χχιιι,
1535 2229 1652 2300 Si).
1683 2229 1785 2296 Qui

183 2311 380 2368 idcirco
412 2328 661 2372 servatus
690 2327 794 2383 est,
818 2332 872 2372 ut
905 2321 1068 2373 sciret
1092 2322 1394 2390 potentiam
1424 2319 1541 2385 Dei,
1563 2333 1618 2375 et
1641 2323 1785 2376 blas-

182 2407 488 2474 phemantia
536 2423 633 2464 ora
663 2413 1090 2480 comprimeret:
1143 2412 1407 2484 fieretque
1454 2417 1611 2469 testis
1638 2415 1784 2469 illius

182 2501 496 2569 majestatis,
524 2518 682 2571 quem
714 2506 876 2575 paulo
903 2515 1028 2559 ante
1050 2518 1479 2576 contempserat.
1511 2508 1666 2576 Quod
1693 2523 1786 2562 au-

183 2600 282 2648 tem
304 2595 532 2650 intulit:
587 2596 654 2650 Et
685 2610 1023 2653 surrexerunt
1055 2617 1224 2668 mane,
1252 2603 1338 2656 vel
1367 2602 1668 2668 lsraelitts,
1699 2604 1784 2658 vel

182 2686 421 2757 reliquos
449 2689 727 2744 exercitus
765 2691 886 2762 ejus
914 2693 1289 2762 accipiamus:
1331 2695 1459 2749 licet
1491 2697 1544 2750 in
1578 2695 1783 2766 Regum

179 2783 437 2851 scriptum
475 2783 549 2837 sit
573 2783 850 2838 volumine
872 2826 884 2846 ,
939 2785 1086 2855 quod
1110 2801 1234 2842 cum
1276 2788 1394 2857 ipse
1416 2803 1510 2842 rex
1541 2787 1786 2842 diluculo

180 2876 526 2942 surrexisset,
551 2877 687 2932 vidit
707 2879 890 2933 omnia
908 2894 1137 2950 corpora
1164 2891 1508 2936 mortuorum
1535 2881 1630 2956 (111
1654 2882 1782 2954 Reg.

183 2967 310 3038 xtx).
343 2967 562 3025 Pharao
588 2985 807 3042 quoque
838 2973 892 3026 in
920 2972 1111 3028 decem
1142 2972 1364 3046 Egypti
1395 2985 1646 3029 servatur
1671 2975 1788 3044 pla-

178 3061 284 3132 gis,
340 3074 405 3118 ut
436 3065 770 3120 novissimus
801 3076 1022 3136 pereat:
1051 3067 1198 3138 quod
1238 3077 1293 3123 et
1318 3067 1423 3122 iste
1448 3083 1644 3138 passus
1675 3065 1786 3140 [ΑΙ.

178 3154 456 3226 passurus]
495 3165 602 3211 est.
631 3156 766 3210 Cum
798 3157 943 3212 enim
985 3173 1238 3214 reversus
1281 3170 1431 3214 esset
1463 3161 1518 3215 in
1555 3159 1787 3216 Ninivcn

177 3247 358 3304 urbem
392 3248 622 3320 primam
656 3252 810 3322 regni
844 3253 951 3316 sui,
983 3263 1036 3308 et
1063 3253 1325 3309 adoraret
1349 3253 1402 3308 in
1437 3254 1642 3324 templo
1665 3253 1789 3309 Nes-

1891 2041 1994 2085 rat.
2021 2030 2102 2086 Ad
2128 2032 2390 2100 parietem
2412 2042 2594 2087 autem
2617 2033 2850 2101 Templi,
2877 2033 3028 2102 juxta
3060 2035 3202 2103 quod
3229 2034 3490 2090 Salomon

1891 2124 2152 2192 palatium
2186 2133 2557 2179 εκμιτιιχετειι.
2599 2124 2691 2177 Vel
2725 2125 2975 2180 absolute
3005 2126 3071 2180 ad
3114 2126 3401 2195 parietem,
3432 2143 3498 2182 ne

1890 2217 2158 2287 lacrymas
2187 2231 2314 2271 suas
2343 2218 2712 2272 assidentibuv
2756 2229 3037 2274 ostentare
3062 2219 3358 2274 videretur.
3390 2225 3498 2272 Aut

1888 2323 2041 2366 certe
2061 2313 2220 2381 juxta
2251 2313 2564 2378 Jeremium,
2593 2315 2662 2367 ad
2682 2329 2770 2367 cor
2792 2329 2983 2380 suum;
3009 2315 3099 2385 qui
3128 2329 3217 2370 cut
3243 2315 3415 2402 ('51:),
3442 2313 3492 2368 id

1890 2421 1974 2464 est
2005 2411 2274 2481 parietem,
2329 2425 2422 2466 cur
2446 2411 2683 2481 appellat
2711 2452 2724 2475 ,
2762 2420 2820 2465 ut
2851 2419 2958 2465 tota
2991 2419 3170 2464 mente
3204 2409 3491 2464 Dominum

1891 2503 2304 2572 deprecaretur.
2351 2503 2419 2556 Et
2448 2505 2559 2556 ait:
2612 2503 2874 2567 Obsecro,
2930 2501 3174 2568 Domine,
3217 2512 3490 2569 memento,

1889 2612 2087 2666 quaso,
2111 2599 2369 2667 quomodo
2409 2597 2782 2652 ambulaverint
2807 2611 2981 2650 eorum
3012 2605 3060 2649 te
3089 2597 3142 2649 in
3169 2598 3412 2660 veritate,
3443 2607 3492 2651 et

1888 2690 1941 2743 in
1971 2690 2127 2742 corde
2148 2691 2394 2758 perfecto,
2427 2697 2473 2743 et
2493 2690 2635 2760 quod
2663 2689 2849 2742 bonum
2866 2699 2939 2742 est
2957 2690 3008 2741 in
3036 2688 3200 2742 oculis
3227 2689 3328 2742 tuis
3351 2693 3490 2759 fere-

1887 2783 2005 2834 rim.
2041 2781 2388 2853 audiensque
2434 2797 2494 2837 se
2525 2796 2647 2837 esse
2697 2782 3046 2845 moriturum,
3105 2795 3210 2834 non
3239 2791 3494 2851 precatur

1890 2877 2054 2930 vitam
2085 2886 2138 2931 et
2159 2891 2334 2931 annos
2359 2875 2751 2947 plurimos,sed
2783 2875 2836 2930 itt
2867 2876 2959 2929 Dei
2982 2873 3194 2943 judicio
3213 2875 3340 2946 quid
3359 2877 3492 2930 velit

1891 2980 2175 3040 prmstare,
2223 2969 2466 3024 dimittit.
2515 2969 2682 3042 468
2707 2968 2938 3024 Noverat
2965 2967 3109 3023 enim
3150 2967 3354 3023 idcirco
3386 2969 3496 3023 Deo

1891 3063 2168 3132 placuisse
2193 3059 2570 3124 Salomonem,
2604 3061 2745 3129 quod
2775 3075 2952 3116 annos
2982 3063 3106 3116 vita!
3139 3077 3244 3116 non
3277 3061 3495 3129 petierit

1893 3157 2219 3227 ampliores;
2248 3155 2341 3210 sed
2371 3156 2544 3210 iturus
2562 3155 2628 3208 ad
2654 3155 3158 3222 Dominum,narrat
3187 3168 3352 3223 opera
3375 3167 3494 3216 sua.

1893 3249 2168 3318 quomodo
2217 3249 2579 3304 ambulaverit
2628 3261 2815 3302 coram
2863 3261 2932 3302 eo
2987 3249 3038 3302 in
3085 3248 3310 3302 veritate
3358 3256 3413 3300 et
3442 3245 3494 3300 in

179 3339 298 3394 racb
325 3341 508 3397 Deum
527 3358 707 3410 suum,
731 3346 886 3414 quasi
913 3345 1196 3400 victoriam
1224 3345 1296 3402 de
1320 3346 1572 3402 hostibus
1597 3362 1782 3416 repor.
1810 3339 1856 3404 C
1887 3341 2059 3397 corde
2115 3342 2375 3411 perfecto.
2424 3341 2578 3396 Felix
2609 3342 2967 3404 conscientia,
3024 3357 3142 3408 qua!
3186 3341 3496 3397 afﬂictionis

181 3439 329 3502 taret,
377 3443 439 3490 et
467 3433 760 3490 delubrum
792 3436 919 3492 idoli
959 3439 1042 3491 sui
1087 3438 1436 3508 triumphans
1465 3450 1517 3495 et
1544 3441 1785 3510 gratula-

181 3525 392 3583 bundus
439 3528 744 3595 incederet,
770 3540 1119 3601 contemptor
1147 3534 1260 3588 veri
1294 3533 1390 3589 Dei
1424 3535 1478 3588 in
1506 3533 1632 3588 fano
1661 3533 1783 3588 falsi

183 3617 286 3691 [AL
311 3620 426 3693 sui]
455 3623 695 3678 numinis
713 3623 1046 3679 trucidatur:
1076 3639 1177 3680 nec
1208 3627 1399 3696 Angeli
1418 3628 1557 3696 perit
1577 3626 1782 3697 gladio,

183 3714 316 3781 quod
343 3725 471 3770 erat
509 3730 798 3770 commune
828 3731 952 3771 cum
985 3717 1252 3788 pluribus,
1284 3717 1377 3774 sed
1407 3719 1702 3788 parricidio
1725 3717 1787 3772 li-

183 3806 399 3865 liorum.
447 3810 701 3879 Quicum
735 3810 998 3881 fugissent
1048 3813 1104 3868 in
1154 3823 1354 3869 terram
1395 3814 1609 3883 Ararat,
1641 3815 1783 3886 quod

179 3901 504 3974 intelligitur
529 3905 810 3969 Armenta,
865 3905 1127 3960 successit
1162 3906 1216 3959 in
1248 3907 1418 3974 patris
1450 3906 1627 3961 locum
1657 3910 1789 3962 Asa-

178 3995 384 4052 raddon
405 4037 421 4061 ,
471 4011 637 4068 quem
667 3995 828 4070 487
859 3997 1146 4068 Scriptura
1177 4008 1411 4054 testatur
1438 3999 1656 4054 misisse
1688 3999 1784 4052 ha-

178 4088 448 4146 bitatores
484 4099 512 4129 ⁸
563 4091 906 4154 Samariam;
948 4107 1017 4148 ne
1069 4103 1218 4148 terra
1269 4101 1518 4148 maneret
1567 4094 1782 4150 inculta.

179 4182 371 4239 Ararat
416 4193 600 4239 autem
628 4185 782 4255 regio
810 4186 863 4240 in
897 4187 1153 4242 Armenia
1183 4187 1509 4256 campestris
1537 4196 1651 4251 est,
1694 4202 1790 4257 per

177 4292 334 4347 quam
360 4278 576 4334 Araxes
603 4277 740 4344 ﬂuit,
776 4279 1114 4334 incredibilis
1140 4280 1408 4335 ubertatis
1430 4321 1447 4347 ,
1475 4280 1542 4334 ad
1576 4279 1790 4336 radices

178 4371 336 4428 Tauri
386 4372 592 4428 montis
617 4412 633 4437 ,
673 4373 765 4444 qui
795 4388 972 4442 usque
999 4373 1134 4432 illac
1169 4374 1503 4430 extenditur.
1542 4374 1688 4446 Ergo
1735 4384 1792 4430 et

178 4468 312 4522 Area
345 4470 404 4522 in
436 4482 540 4539 qna
571 4468 832 4523 liberatus
859 4477 944 4523 est
978 4469 1097 4524 Noe
1125 4483 1252 4524 eum
1278 4469 1470 4526 liberis
1501 4468 1638 4535 suis,
1671 4483 1793 4526 ees-

177 4570 332 4617 sante
358 4560 576 4616 Diluvio
595 4601 611 4626 ,
659 4574 765 4614 non
794 4561 860 4614 ad
891 4571 1106 4617 montes
1130 4562 1472 4632 generaliter
1513 4559 1791 4616 Armenia:

176 4653 356 4709 delata
412 4653 524 4726 [AL
549 4652 754 4726 deleta]
779 4662 884 4720 est,
931 4670 1052 4725 quae
1097 4655 1407 4726 appellatur
1436 4660 1651 4718 Ararat,
1695 4654 1790 4709 sed

1892 3444 2138 3508 tempore
2187 3436 2451 3490 bonorum
2500 3449 2728 3504 operum
2775 3436 3126 3490 recordatur:
3181 3434 3330 3491 Beati
3358 3437 3496 3490 enim

1889 3528 2086 3582 mundo
2107 3529 2282 3593 corde,
2314 3530 2559 3598 quoniam
2589 3529 2693 3601 ipsi
2723 3526 2895 3584 Deum
2921 3531 3164 3584 videbunt
3189 3531 3208 3598 (
3220 3530 3389 3584 Matth
3439 3547 3492 3600 v,

1889 3621 1969 3692 8).
2005 3622 2074 3677 Et.
2100 3634 2122 3661 ο
2154 3624 2375 3693 quando
2400 3623 2530 3677 alibi
2572 3624 2859 3679 scribitur:
2895 3624 3025 3689 Quis
3053 3625 3366 3694 gloriabitur
3391 3641 3491 3696 ptr-

1889 3733 2007 3770 rum
2045 3716 2238 3771 habere
2260 3734 2313 3772 se
2337 3733 2428 3771 cor
2455 3715 2639 3788 (Prov.
2674 3733 2764 3781 xx,
2798 3717 2897 3781 9)?
2926 3717 3080 3784 Quod
3118 3718 3190 3770 ita
3222 3718 3492 3772 solvitur:

1892 3810 2287 3882 perfectionem
2309 3810 2493 3865 cordis
2527 3812 2576 3864 in
2603 3825 2671 3865 eo
2701 3826 2846 3864 nunc
2873 3810 3012 3874 dici,
3051 3810 3194 3880 quod
3227 3809 3367 3864 idola
3400 3807 3498 3864 de-

1891 3902 2186 3970 struxerit,
2241 3903 2428 3972 templi
2463 3902 2588 3956 Daal
2633 3918 2755 3958 vasa
2790 3902 3152 3973 perverterit,
3185 3911 3495 3971 serpentem

1892 4007 2103 4048 mneum
2127 3995 2532 4059 comtninuerit,
2566 4003 2620 4050 et
2642 4005 2840 4050 caetera
2873 3993 3061 4049 fecerit
3082 4010 3201 4064 qua:
3215 3994 3497 4065 Scriptura

1825 4093 1845 4112 ’
1892 4096 2308 4142 commemorat.
2367 4087 2544 4144 Flevit
2582 4099 2763 4144 autem
2813 4087 2941 4143 ﬂetu
2993 4103 3210 4159 magno,
3273 4099 3497 4159 propter

1895 4180 2314 4251 promissionem
2369 4179 2582 4234 Domini
2615 4181 2682 4235 ad
2739 4181 2904 4235 David
2930 4221 2944 4248 ,
2992 4194 3160 4252 quam
3194 4181 3412 4238 videbat
3444 4183 3497 4237 in

1893 4289 1989 4328 sua
2048 4281 2226 4328 morte
2257 4275 2580 4344 perituram.
2635 4274 2710 4327 Eo
2756 4275 2901 4328 enim
2944 4282 3191 4344 tempore
3239 4273 3500 4331 Ezechias

1898 4367 2040 4421 filios
2071 4381 2180 4421 non
2218 4365 2482 4431 habebat;
2535 4381 2659 4420 nam
2692 4375 2817 4436 post
2848 4375 3080 4422 mortem
3130 4366 3250 4436 ejus
3290 4367 3502 4422 Manas-

1896 4475 2007 4522 ses,
2037 4473 2162 4515 cum
2187 4459 2475 4516 duodecim
2499 4471 2645 4516 esset
2673 4475 2962 4536 annorum,
2992 4476 3223 4532 regnare
3256 4463 3423 4530 cuspis
3448 4463 3500 4517 in

1895 4554 2103 4609 Judaea.
2139 4553 2216 4608 Ex
2245 4569 2351 4624 quo
2377 4552 2720 4625 perspicuum
2749 4565 2856 4621 est,
2890 4563 3015 4624 post
3040 4557 3264 4609 tertium
3293 4571 3497 4610 annum

1896 4661 2175 4703 concessa:
2208 4647 2330 4702 vitae
2372 4648 2659 4702 Manassen
2687 4659 2813 4702 esse
2854 4658 3194 4713 generatum.
3229 4646 3376 4720 Ergo
3400 4649 3502 4708 iste

157 4747 242 4800 -δά
270 4755 498 4804 montes
517 4746 544 4788 δ
593 4747 756 4802 Tauri
797 4747 1097 4804 altissimos
1119 4791 1132 4816 ,
1160 4750 1254 4821 qui
1284 4748 1482 4805 Ararat
1511 4751 1796 4806 imminent
1824 4737 1874 4799 D
1900 4746 2082 4800 omnis
2121 4754 2205 4800 est
2235 4744 2416 4810 fletus,
2463 4742 2605 4814 quod
2644 4743 2972 4812 desperabat
3000 4743 3282 4798 Christum
3311 4744 3382 4799 de
3401 4758 3504 4800 suo

177 4854 416 4911 mmmm

248 4933 415 5004 (Cap.
449 4929 751 4988 XXXVIII.
783 4934 1020 4990 ..νοτε
1056 4937 1079 4990 ι
1118 4934 1304 5007 seqq.)
1358 4933 1424 4990 In
1463 4937 1648 4991 diebus
1693 4937 1800 4992 tun

175 5026 458 5097 cgrataoit
509 5023 766 5081 Ezechias
795 5043 956 5097 usque
996 5027 1066 5082 ad
1095 5037 1350 5083 mortem:
1392 5039 1442 5084 et
1492 5030 1702 5084 intravit
1729 5031 1798 5084 ad

176 5134 294 5172 eunt
319 5118 500 5174 huius
518 5119 658 5179 ﬁlius
679 5119 840 5174 Amas
866 5119 1138 5190 Propheta
1158 5165 1171 5187 ,
1194 5132 1247 5176 et
1275 5123 1408 5178 dixit
1436 5125 1486 5178 ei
1507 5140 1526 5178 ,ο
1553 5121 1683 5178 Hau:
1707 5124 1792 5176 di-

175 5211 245 5264 cit
271 5209 578 5265 Dominus:
628 5210 860 5281 Dispone
883 5212 1062 5266 domui
1088 5224 1213 5280 tuae,
1244 5215 1368 5284 quia
1393 5215 1638 5270 morieris
1659 5225 1713 5269 tit
1746 5225 1793 5268 et

177 5320 281 5359 non
308 5305 468 5360 vives.
505 5303 571 5358 Et
617 5306 864 5360 convertit
912 5305 1163 5362 Ezechias
1195 5308 1383 5374 faciem
1416 5325 1564 5363 suam
1604 5309 1673 5362 ad
1701 5325 1794 5378 pa-

251 5477 278 5505 ι
305 5465 854 5539 ReetiusASamariam
873 5481 998 5521 cum
1025 5466 1270 5524 Victorio
1298 5466 1528 5539 legimus
1556 5481 1662 5538 pro
1681 5481 1790 5538 quo

176 5547 348 5594 antea
378 5549 497 5594 erat
525 5537 795 5593 Samaria.

251 5610 280 5650 δ
319 5610 391 5664 lli
429 5608 685 5665 nimirum
720 5622 956 5672 montes,
987 5611 1132 5682 quod
1162 5625 1358 5680 canzpo
1387 5612 1581 5682 Ararat
1609 5611 1789 5665 immi-

177 5693 412 5747 nerent,
460 5683 654 5738 Arztrat
679 5681 810 5738 dicti
843 5691 988 5737 sunt.
1012 5681 1176 5750 Quod
1213 5697 1340 5737 Vero
1377 5681 1644 5737 Gorditeis
1687 5697 1792 5735 non

177 5753 353 5810 Tauri
412 5755 690 5809 tuentibus
740 5756 936 5808 Arcam
989 5755 1285 5809 adhaesisse
1330 5753 1556 5809 Veteres
1601 5769 1796 5824 magno

174 5825 428 5882 nume-vo
456 5826 651 5880 docent
679 5833 710 5892 ,'
750 5825 974 5882 minime
1017 5824 1074 5882 S.
1118 5827 1319 5880 Doctor
1366 5825 1627 5891 inﬁrmat,
1666 5826 1793 5894 quin

176 5900 382 5968 potius
427 5897 1070 5968 explieutdlnculontitvs,
1111 5895 1379 5968 siquidem
1422 5912 1487 5953 ex
1530 5897 1797 5954 Strabone

178 5966 410 6027 constat
433 5966 528 6027 lib.
555 5983 604 6024 xI
630 6007 644 6036 ,
678 5966 842 6024 Tauri
884 5978 1102 6027 montes
1125 5966 1198 6026 ob
1217 5969 1466 6026 diversos
1504 5968 1586 6024 sui
1614 5977 1796 6040 partes

1900 4839 2111 4894 semine
2141 4839 2498 4892 nasciturum.
2551 4835 2659 4890 Alii
2688 4846 2978 4902 asserunt,
3013 4833 3040 4874 δ
3064 4838 3314 4907 quamvis
3344 4853 3503 4893 sanc-

1898 4941 1983 4989 tos
2013 4933 2164 4986 viros
2192 4938 2370 4986 morte
2400 4931 2625 4995 terreri,
2658 4939 2881 5000 propter
2911 4931 3176 4985 incertum
3203 4931 3420 5001 judicii,
3450 4943 3507 4988 et

1899 5022 2298 5095 ignorationem
2331 5021 2618 5078 sententia:
2651 5022 2782 5087 Dei,
2825 5037 2987 5092 quam
3047 5023 3230 5078 sedem
3265 5023 3503 5081 habituri

1897 5123 2024 5173 sint.
2058 5117 2343 5188 Simulque
2387 5117 2476 5172 fati
2504 5115 2738 5187 qmestio
2764 5116 3018 5183 solvitur,
3073 5131 3135 5172 ac
3164 5119 3506 5174 necessitatis

1895 5213 2106 5268 vincula
2129 5221 2292 5282 atque
2312 5225 2639 5278 causarum,
2676 5210 2820 5282 quod
2847 5225 3191 5282 nequaquam
3219 5211 3339 5267 dies
3360 5227 3506 5268 mor-

1897 5306 1967 5360 tis
1999 5304 2228 5376 singulis
2261 5306 2566 5375 praestituta
2596 5305 2690 5370 sit,
2722 5304 2816 5360 sed
2845 5305 3126 5360 voluntate
3149 5305 3244 5360 Dei
3273 5317 3324 5361 et
3355 5307 3507 5378 igno-

1899 5464 2184 5522 Gordiaaos
2209 5479 2426 5536 quoque
2457 5479 2485 5518 a
2531 5465 2806 5520 nonnullis
2845 5465 3186 5534 appellatos;
3220 5468 3505 5536 potuitque

1893 5537 2036 5608 adeo
2063 5551 2190 5608 pars
2217 5535 2383 5592 Tauri
2408 5578 2422 5599 ,
2450 5551 2572 5606 quze
2594 5552 2734 5600 eam;
2757 5552 2791 5591 o
2809 5536 3002 5592 Ararat
3033 5535 3376 5606 imminebat,
3405 5535 3508 5598 sub

1900 5607 2276 5664 Gordimortttn
2337 5611 2560 5662 nomine
2609 5609 3020 5677 comprehendi.
3063 5609 3181 5666 Vid.
3216 5612 3270 5666 in
3297 5613 3504 5670 Jerem.

1898 5678 2270 5735 ComIneIItar.
2305 5694 2425 5747 cap.
2466 5695 2534 5739 ιι.
2568 5696 2714 5734 vers.
2747 5680 2833 5735 l7.

1977 5751 2086 5823 ciln
2118 5750 2413 5816 Vaticanis,
2438 5763 2485 5805 et
2512 5752 2770 5823 quomodo
2797 5753 2944 5820 alibi,
2977 5763 3112 5823 etc.,
3145 5763 3199 5810 et
3230 5773 3350 5812 mox
3376 5766 3503 5811 tem-

1901 5823 1974 5894 pli
1988 5822 2133 5894 iBaal
2155 5825 2328 5878 valvas
2347 5822 2632 5893 aperuerit.

1972 5893 2000 5933 ἀ
2025 5895 2189 5951 tidem
2215 5911 2372 5964 mss.,
2392 5897 2597 5966 quosvis
2620 5905 2841 5965 sam-tos,
2870 5907 2922 5954 et
2951 5899 3204 5956 incertum
3221 5901 3504 5973 judicium.
