  <div class='ocr_page' id='page_1' title='image "/cluster/home/n/w/nwhite01/storage/ocr_20150623/24/hvd.32044015471386/201.png"; bbox 0 0 4004 6874; ppageno 0'>
   <div class='ocr_carea' id='block_1_1' title="bbox 529 387 632 446">
    <p class='ocr_par' dir='ltr' id='par_1_1' title="bbox 529 387 632 446">
     <span class='ocr_line' id='line_1_1' title="bbox 529 387 632 446; baseline 0 0"><span class='ocrx_word' id='word_1_1' title='bbox 529 387 632 446; x_wconf 74' lang='lat'><strong><em>391</em></strong></span> 
     </span>
    </p>
   </div>
   <div class='ocr_carea' id='block_1_2' title="bbox 1782 380 2598 444">
    <p class='ocr_par' dir='ltr' id='par_1_2' title="bbox 1782 380 2598 444">
     <span class='ocr_line' id='line_1_2' title="bbox 1782 380 2598 444; baseline -0.001 0"><span class='ocrx_word' id='word_1_2' title='bbox 1782 382 1843 444; x_wconf 88' lang='lat' dir='ltr'><strong><em>S.</em></strong></span> <span class='ocrx_word' id='word_1_3' title='bbox 1886 381 2168 443; x_wconf 80' lang='lat' dir='ltr'><strong><em>EUSEBII</em></strong></span> <span class='ocrx_word' id='word_1_4' title='bbox 2207 380 2598 444; x_wconf 78' lang='lat' dir='ltr'><strong><em>HIERONYMI</em></strong></span> 
     </span>
    </p>
   </div>
   <div class='ocr_carea' id='block_1_3' title="bbox 3733 389 3830 448">
    <p class='ocr_par' dir='ltr' id='par_1_3' title="bbox 3733 389 3830 448">
     <span class='ocr_line' id='line_1_3' title="bbox 3733 389 3830 448; baseline 0.021 -2"><span class='ocrx_word' id='word_1_5' title='bbox 3733 389 3830 448; x_wconf 71' lang='lat'><strong><em>39!</em></strong></span> 
     </span>
    </p>
   </div>
   <div class='ocr_carea' id='block_1_4' title="bbox 531 496 3826 577">
    <p class='ocr_par' dir='ltr' id='par_1_4' title="bbox 531 496 3826 577">
     <span class='ocr_line' id='line_1_4' title="bbox 531 496 3826 577; baseline 0.001 -21"><span class='ocrx_word' id='word_1_6' title='bbox 531 503 602 556; x_wconf 87' lang='lat' dir='ltr'><strong><em>tis</em></strong></span> <span class='ocrx_word' id='word_1_7' title='bbox 625 499 943 558; x_wconf 79' lang='lat' dir='ltr'><strong><em>mortalibus</em></strong></span> <span class='ocrx_word' id='word_1_8' title='bbox 969 500 1174 569; x_wconf 81' lang='lat' dir='ltr'><strong><em>causis,</em></strong></span> <span class='ocrx_word' id='word_1_9' title='bbox 1196 498 1284 557; x_wconf 84' lang='lat' dir='ltr'><strong><em>vel</em></strong></span> <span class='ocrx_word' id='word_1_10' title='bbox 1309 496 1456 556; x_wconf 87' lang='lat' dir='ltr'><strong><em>vivat</em></strong></span> <span class='ocrx_word' id='word_1_11' title='bbox 1481 497 1698 572; x_wconf 71' lang='lat' dir='ltr'><strong><em>aliquis,</em></strong></span> <span class='ocrx_word' id='word_1_12' title='bbox 1718 498 1804 554; x_wconf 91' lang='lat' dir='ltr'><strong><em>vel</em></strong></span> <span class='ocrx_word' id='word_1_13' title='bbox 1829 501 2123 556; x_wconf 86' lang='lat' dir='ltr'><strong><em>moriatur:</em></strong></span> <span class='ocrx_word' id='word_1_14' title='bbox 2156 505 2204 564; x_wconf 78' lang='grc' dir='ltr'><strong>Α</strong></span> <span class='ocrx_word' id='word_1_15' title='bbox 2235 516 2335 556; x_wconf 85' lang='lat' dir='ltr'><strong><em>nus</em></strong></span> <span class='ocrx_word' id='word_1_16' title='bbox 2359 501 2510 571; x_wconf 83' lang='lat' dir='ltr'><strong><em>juxta</em></strong></span> <span class='ocrx_word' id='word_1_17' title='bbox 2544 499 2932 573; x_wconf 86' lang='lat' dir='ltr'><strong><em>Symmachum</em></strong></span> <span class='ocrx_word' id='word_1_18' title='bbox 2965 500 3017 558; x_wconf 92' lang='lat' dir='ltr'><strong><em>in</em></strong></span> <span class='ocrx_word' id='word_1_19' title='bbox 3046 501 3212 559; x_wconf 87' lang='lat' dir='ltr'><strong><em>lineas</em></strong></span> <span class='ocrx_word' id='word_1_20' title='bbox 3242 511 3298 560; x_wconf 85' lang='lat' dir='ltr'><strong><em>et</em></strong></span> <span class='ocrx_word' id='word_1_21' title='bbox 3325 502 3651 577; x_wconf 81' lang='lat' dir='ltr'><strong><em>horologium</em></strong></span> <span class='ocrx_word' id='word_1_22' title='bbox 3671 505 3826 560; x_wconf 73' lang='lat' dir='ltr'><strong><em>verti-</em></strong></span> 
     </span>
    </p>
   </div>
   <div class='ocr_carea' id='block_1_5' title="bbox 533 591 2137 664">
    <p class='ocr_par' dir='ltr' id='par_1_5' title="bbox 533 591 2137 664">
     <span class='ocr_line' id='line_1_5' title="bbox 533 591 2137 664; baseline 0.001 -18"><span class='ocrx_word' id='word_1_23' title='bbox 533 596 835 664; x_wconf 69' lang='lat' dir='ltr'><strong><em>prsesertim</em></strong></span> <span class='ocrx_word' id='word_1_24' title='bbox 860 610 981 650; x_wconf 91' lang='lat' dir='ltr'><strong><em>cum</em></strong></span> <span class='ocrx_word' id='word_1_25' title='bbox 1007 608 1060 651; x_wconf 91' lang='lat' dir='ltr'><strong><em>et</em></strong></span> <span class='ocrx_word' id='word_1_26' title='bbox 1083 603 1286 650; x_wconf 81' lang='lat' dir='ltr'><strong><em>statuta</em></strong></span> <span class='ocrx_word' id='word_1_27' title='bbox 1322 609 1464 649; x_wconf 89' lang='lat' dir='ltr'><strong><em>nunc</em></strong></span> <span class='ocrx_word' id='word_1_28' title='bbox 1486 595 1677 649; x_wconf 77' lang='lat' dir='ltr'><strong><em>mortis</em></strong></span> <span class='ocrx_word' id='word_1_29' title='bbox 1709 605 2007 649; x_wconf 85' lang='lat' dir='ltr'><strong><em>necessnas</em></strong></span> <span class='ocrx_word' id='word_1_30' title='bbox 2033 591 2137 647; x_wconf 78' lang='lat' dir='ltr'><strong><em>dif-</em></strong></span> 
     </span>
    </p>
   </div>
   <div class='ocr_carea' id='block_1_6' title="bbox 527 687 2136 760">
    <p class='ocr_par' dir='ltr' id='par_1_6' title="bbox 527 687 2136 760">
     <span class='ocr_line' id='line_1_6' title="bbox 527 687 2136 760; baseline 0.001 -20"><span class='ocrx_word' id='word_1_31' title='bbox 527 688 753 753; x_wconf 80' lang='lat' dir='ltr'><strong><em>feratur,</em></strong></span> <span class='ocrx_word' id='word_1_32' title='bbox 812 697 869 745; x_wconf 89' lang='lat' dir='ltr'><strong><em>et</em></strong></span> <span class='ocrx_word' id='word_1_33' title='bbox 913 698 1036 760; x_wconf 80' lang='lat' dir='ltr'><strong><em>post</em></strong></span> <span class='ocrx_word' id='word_1_34' title='bbox 1076 702 1306 745; x_wconf 91' lang='lat' dir='ltr'><strong><em>mortem</em></strong></span> <span class='ocrx_word' id='word_1_35' title='bbox 1365 690 1730 746; x_wconf 87' lang='lat' dir='ltr'><strong><em>resuscitatus</em></strong></span> <span class='ocrx_word' id='word_1_36' title='bbox 1761 687 2026 760; x_wconf 89' lang='lat' dir='ltr'><strong><em>plurimos</em></strong></span> <span class='ocrx_word' id='word_1_37' title='bbox 2056 687 2136 742; x_wconf 89' lang='lat' dir='ltr'><strong><em>le-</em></strong></span> 
     </span>
    </p>
   </div>
   <div class='ocr_carea' id='block_1_7' title="bbox 529 782 1757 852">
    <p class='ocr_par' dir='ltr' id='par_1_7' title="bbox 529 782 1757 852">
     <span class='ocr_line' id='line_1_7' title="bbox 529 782 1757 852; baseline 0 -16"><span class='ocrx_word' id='word_1_38' title='bbox 529 782 794 852; x_wconf 80' lang='lat' dir='ltr'><strong><em>gerimus.</em></strong></span> <span class='ocrx_word' id='word_1_39' title='bbox 1754 807 1757 809; x_wconf 56' lang='grc' dir='ltr'>ί</span> 
     </span>
    </p>
   </div>
   <div class='ocr_carea' id='block_1_8' title="bbox 601 868 2134 950">
    <p class='ocr_par' dir='ltr' id='par_1_8' title="bbox 601 868 2134 950">
     <span class='ocr_line' id='line_1_8' title="bbox 601 868 2134 950; baseline -0.002 -19"><span class='ocrx_word' id='word_1_40' title='bbox 601 874 786 948; x_wconf 83' lang='lat' dir='ltr'><strong><em>(Vers.</em></strong></span> <span class='ocrx_word' id='word_1_41' title='bbox 818 875 854 930; x_wconf 79' lang='grc'><strong>4</strong></span> <span class='ocrx_word' id='word_1_42' title='bbox 883 877 1068 948; x_wconf 81' lang='lat' dir='ltr'><strong><em>seqq.)</em></strong></span> <span class='ocrx_word' id='word_1_43' title='bbox 1113 877 1180 932; x_wconf 81' lang='lat' dir='ltr'><strong><em>Et</em></strong></span> <span class='ocrx_word' id='word_1_44' title='bbox 1209 881 1405 950; x_wconf 78' lang='lat' dir='ltr'><strong><em>factum</em></strong></span> <span class='ocrx_word' id='word_1_45' title='bbox 1437 888 1515 935; x_wconf 89' lang='lat' dir='ltr'><strong><em>est</em></strong></span> <span class='ocrx_word' id='word_1_46' title='bbox 1557 868 1768 934; x_wconf 82' lang='lat' dir='ltr'><strong><em>verbum</em></strong></span> <span class='ocrx_word' id='word_1_47' title='bbox 1808 874 2021 931; x_wconf 82' lang='lat' dir='ltr'><strong><em>Domini</em></strong></span> <span class='ocrx_word' id='word_1_48' title='bbox 2065 875 2134 928; x_wconf 87' lang='lat' dir='ltr'><strong><em>ad</em></strong></span> 
     </span>
    </p>
   </div>
   <div class='ocr_carea' id='block_1_9' title="bbox 529 967 2136 1029">
    <p class='ocr_par' dir='ltr' id='par_1_9' title="bbox 529 967 2136 1029">
     <span class='ocr_line' id='line_1_9' title="bbox 529 967 2136 1029; baseline 0 -7"><span class='ocrx_word' id='word_1_49' title='bbox 529 967 724 1024; x_wconf 87' lang='lat' dir='ltr'><strong><em>Isaiam</em></strong></span> <span class='ocrx_word' id='word_1_50' title='bbox 743 968 918 1026; x_wconf 84' lang='lat' dir='ltr'><strong><em>dicens</em></strong></span> <span class='ocrx_word' id='word_1_51' title='bbox 941 986 961 1026; x_wconf 90' lang='lat'><strong><em>:</em></strong></span> <span class='ocrx_word' id='word_1_52' title='bbox 990 970 1132 1026; x_wconf 84' lang='lat' dir='ltr'><strong><em>Vade</em></strong></span> <span class='ocrx_word' id='word_1_53' title='bbox 1153 982 1202 1026; x_wconf 89' lang='lat' dir='ltr'><strong><em>et</em></strong></span> <span class='ocrx_word' id='word_1_54' title='bbox 1230 973 1312 1027; x_wconf 88' lang='lat' dir='ltr'><strong><em>dic</em></strong></span> <span class='ocrx_word' id='word_1_55' title='bbox 1343 972 1578 1029; x_wconf 67' lang='lat' dir='ltr'><strong><em>Ezechitc</em></strong></span> <span class='ocrx_word' id='word_1_56' title='bbox 1599 987 1619 1026; x_wconf 88' lang='lat'><strong><em>:</em></strong></span> <span class='ocrx_word' id='word_1_57' title='bbox 1653 970 1780 1026; x_wconf 72' lang='lat' dir='ltr'><strong><em>Hac</em></strong></span> <span class='ocrx_word' id='word_1_58' title='bbox 1805 971 1930 1024; x_wconf 85' lang='lat' dir='ltr'><strong><em>dicit</em></strong></span> <span class='ocrx_word' id='word_1_59' title='bbox 1960 968 2136 1024; x_wconf 83' lang='lat' dir='ltr'><strong><em>Domi-</em></strong></span> 
     </span>
    </p>
   </div>
   <div class='ocr_carea' id='block_1_10' title="bbox 529 1061 2135 1135">
    <p class='ocr_par' dir='ltr' id='par_1_10' title="bbox 529 1061 2135 1135">
     <span class='ocr_line' id='line_1_10' title="bbox 529 1061 2135 1135; baseline -0.001 -17"><span class='ocrx_word' id='word_1_60' title='bbox 529 1079 628 1118; x_wconf 87' lang='lat' dir='ltr'><strong><em>nus</em></strong></span> <span class='ocrx_word' id='word_1_61' title='bbox 651 1061 794 1118; x_wconf 89' lang='lat' dir='ltr'><strong><em>Deus</em></strong></span> <span class='ocrx_word' id='word_1_62' title='bbox 807 1062 980 1119; x_wconf 79' lang='lat' dir='ltr'><strong><em>David</em></strong></span> <span class='ocrx_word' id='word_1_63' title='bbox 1011 1067 1174 1135; x_wconf 86' lang='lat' dir='ltr'><strong><em>patris</em></strong></span> <span class='ocrx_word' id='word_1_64' title='bbox 1190 1068 1264 1121; x_wconf 88' lang='lat' dir='ltr'><strong><em>tui</em></strong></span> <span class='ocrx_word' id='word_1_65' title='bbox 1281 1083 1300 1122; x_wconf 88' lang='lat'><strong><em>:</em></strong></span> <span class='ocrx_word' id='word_1_66' title='bbox 1323 1067 1511 1122; x_wconf 71' lang='lat' dir='ltr'><strong><em>Audivi</em></strong></span> <span class='ocrx_word' id='word_1_67' title='bbox 1534 1068 1820 1121; x_wconf 87' lang='lat' dir='ltr'><strong><em>orationem</em></strong></span> <span class='ocrx_word' id='word_1_68' title='bbox 1842 1075 1983 1119; x_wconf 88' lang='lat' dir='ltr'><strong><em>tuam</em></strong></span> <span class='ocrx_word' id='word_1_69' title='bbox 2029 1063 2135 1118; x_wconf 89' lang='lat' dir='ltr'><strong><em>vidi</em></strong></span> 
     </span>
    </p>
   </div>
   <div class='ocr_carea' id='block_1_11' title="bbox 529 1159 2134 1235">
    <p class='ocr_par' dir='ltr' id='par_1_11' title="bbox 529 1159 2134 1235">
     <span class='ocr_line' id='line_1_11' title="bbox 529 1159 2134 1235; baseline 0 -23"><span class='ocrx_word' id='word_1_70' title='bbox 529 1160 786 1230; x_wconf 82' lang='lat' dir='ltr'><strong><em>lacrginas</em></strong></span> <span class='ocrx_word' id='word_1_71' title='bbox 809 1171 945 1214; x_wconf 91' lang='lat' dir='ltr'><strong><em>tuas.</em></strong></span> <span class='ocrx_word' id='word_1_72' title='bbox 967 1159 1098 1214; x_wconf 79' lang='lat' dir='ltr'><strong><em>Ecce</em></strong></span> <span class='ocrx_word' id='word_1_73' title='bbox 1109 1177 1206 1232; x_wconf 97' lang='lat' dir='ltr'><strong><em>ego</em></strong></span> <span class='ocrx_word' id='word_1_74' title='bbox 1221 1162 1471 1235; x_wconf 76' lang='lat' dir='ltr'><strong><em>adjiciam</em></strong></span> <span class='ocrx_word' id='word_1_75' title='bbox 1485 1177 1638 1230; x_wconf 81' lang='lat' dir='ltr'><strong><em>super</em></strong></span> <span class='ocrx_word' id='word_1_76' title='bbox 1654 1160 1764 1214; x_wconf 84' lang='lat' dir='ltr'><strong><em>dies</em></strong></span> <span class='ocrx_word' id='word_1_77' title='bbox 1787 1171 1899 1213; x_wconf 89' lang='lat' dir='ltr'><strong><em>tuos</em></strong></span> <span class='ocrx_word' id='word_1_78' title='bbox 1915 1159 2134 1231; x_wconf 84' lang='lat' dir='ltr'><strong><em>quinde-</em></strong></span> 
     </span>
    </p>
   </div>
   <div class='ocr_carea' id='block_1_12' title="bbox 529 1251 2134 1328">
    <p class='ocr_par' dir='ltr' id='par_1_12' title="bbox 529 1251 2134 1328">
     <span class='ocr_line' id='line_1_12' title="bbox 529 1251 2134 1328; baseline 0.001 -23"><span class='ocrx_word' id='word_1_79' title='bbox 529 1252 628 1306; x_wconf 89' lang='lat' dir='ltr'><strong><em>cim</em></strong></span> <span class='ocrx_word' id='word_1_80' title='bbox 649 1269 835 1315; x_wconf 83' lang='lat' dir='ltr'><strong><em>annos,</em></strong></span> <span class='ocrx_word' id='word_1_81' title='bbox 851 1263 896 1307; x_wconf 83' lang='lat' dir='ltr'><strong><em>et</em></strong></span> <span class='ocrx_word' id='word_1_82' title='bbox 921 1254 984 1308; x_wconf 90' lang='lat' dir='ltr'><strong><em>de</em></strong></span> <span class='ocrx_word' id='word_1_83' title='bbox 1000 1269 1154 1307; x_wconf 89' lang='lat' dir='ltr'><strong><em>manu</em></strong></span> <span class='ocrx_word' id='word_1_84' title='bbox 1173 1256 1309 1328; x_wconf 82' lang='lat' dir='ltr'><strong><em>regis</em></strong></span> <span class='ocrx_word' id='word_1_85' title='bbox 1327 1256 1662 1327; x_wconf 76' lang='lat' dir='ltr'><strong><em>Assyriorum</em></strong></span> <span class='ocrx_word' id='word_1_86' title='bbox 1683 1269 1860 1308; x_wconf 81' lang='lat' dir='ltr'><strong>eruam</strong></span> <span class='ocrx_word' id='word_1_87' title='bbox 1882 1262 1930 1306; x_wconf 87' lang='lat' dir='ltr'><strong><em>te</em></strong></span> <span class='ocrx_word' id='word_1_88' title='bbox 1950 1262 1998 1307; x_wconf 85' lang='lat' dir='ltr'><strong><em>et</em></strong></span> <span class='ocrx_word' id='word_1_89' title='bbox 2011 1251 2134 1306; x_wconf 79' lang='lat' dir='ltr'><strong><em>cici-</em></strong></span> 
     </span>
    </p>
   </div>
   <div class='ocr_carea' id='block_1_13' title="bbox 527 1346 2134 1421">
    <p class='ocr_par' dir='ltr' id='par_1_13' title="bbox 527 1346 2134 1421">
     <span class='ocr_line' id='line_1_13' title="bbox 527 1346 2134 1421; baseline 0.001 -24"><span class='ocrx_word' id='word_1_90' title='bbox 527 1353 684 1400; x_wconf 87' lang='lat' dir='ltr'><strong><em>talem</em></strong></span> <span class='ocrx_word' id='word_1_91' title='bbox 702 1346 876 1412; x_wconf 89' lang='lat' dir='ltr'><strong><em>istam,</em></strong></span> <span class='ocrx_word' id='word_1_92' title='bbox 891 1357 940 1401; x_wconf 87' lang='lat' dir='ltr'><strong><em>et</em></strong></span> <span class='ocrx_word' id='word_1_93' title='bbox 956 1361 1222 1421; x_wconf 74' lang='lat' dir='ltr'><strong><em>protegam</em></strong></span> <span class='ocrx_word' id='word_1_94' title='bbox 1236 1365 1368 1401; x_wconf 91' lang='lat' dir='ltr'><strong><em>eam.</em></strong></span> <span class='ocrx_word' id='word_1_95' title='bbox 1389 1346 1506 1402; x_wconf 84' lang='lat' dir='ltr'><strong><em>Hoc</em></strong></span> <span class='ocrx_word' id='word_1_96' title='bbox 1525 1360 1696 1402; x_wconf 88' lang='lat' dir='ltr'><strong><em>autem</em></strong></span> <span class='ocrx_word' id='word_1_97' title='bbox 1713 1347 1805 1401; x_wconf 91' lang='lat' dir='ltr'><strong><em>tibi</em></strong></span> <span class='ocrx_word' id='word_1_98' title='bbox 1815 1347 1910 1400; x_wconf 91' lang='lat' dir='ltr'><strong><em>erit</em></strong></span> <span class='ocrx_word' id='word_1_99' title='bbox 1929 1347 2134 1416; x_wconf 88' lang='lat' dir='ltr'><strong><em>signum</em></strong></span> 
     </span>
    </p>
   </div>
   <div class='ocr_carea' id='block_1_14' title="bbox 525 1436 2134 1511">
    <p class='ocr_par' dir='ltr' id='par_1_14' title="bbox 525 1436 2134 1511">
     <span class='ocr_line' id='line_1_14' title="bbox 525 1436 2134 1511; baseline 0 -19"><span class='ocrx_word' id='word_1_100' title='bbox 525 1455 558 1492; x_wconf 88' lang='lat' dir='ltr'><strong><em>a</em></strong></span> <span class='ocrx_word' id='word_1_101' title='bbox 591 1436 854 1495; x_wconf 89' lang='lat' dir='ltr'><strong><em>Domino:</em></strong></span> <span class='ocrx_word' id='word_1_102' title='bbox 905 1441 1030 1511; x_wconf 90' lang='lat' dir='ltr'><strong><em>quia</em></strong></span> <span class='ocrx_word' id='word_1_103' title='bbox 1063 1441 1216 1506; x_wconf 76' lang='lat' dir='ltr'><strong><em>faciet</em></strong></span> <span class='ocrx_word' id='word_1_104' title='bbox 1252 1439 1506 1496; x_wconf 78' lang='lat' dir='ltr'><strong><em>Dominus</em></strong></span> <span class='ocrx_word' id='word_1_105' title='bbox 1535 1440 1740 1496; x_wconf 82' lang='lat' dir='ltr'><strong><em>verbum</em></strong></span> <span class='ocrx_word' id='word_1_106' title='bbox 1765 1442 1860 1493; x_wconf 88' lang='lat' dir='ltr'><strong><em>hoc</em></strong></span> <span class='ocrx_word' id='word_1_107' title='bbox 1884 1440 2022 1510; x_wconf 87' lang='lat' dir='ltr'><strong><em>quod</em></strong></span> <span class='ocrx_word' id='word_1_108' title='bbox 2055 1439 2134 1493; x_wconf 77' lang='lat' dir='ltr'><strong><em>lo-</em></strong></span> 
     </span>
    </p>
   </div>
   <div class='ocr_carea' id='block_1_15' title="bbox 527 1531 2134 1606">
    <p class='ocr_par' dir='ltr' id='par_1_15' title="bbox 527 1531 2134 1606">
     <span class='ocr_line' id='line_1_15' title="bbox 527 1531 2134 1606; baseline -0.001 -21"><span class='ocrx_word' id='word_1_109' title='bbox 527 1543 677 1586; x_wconf 86' lang='lat' dir='ltr'><strong><em>cutus</em></strong></span> <span class='ocrx_word' id='word_1_110' title='bbox 691 1544 800 1588; x_wconf 81' lang='lat' dir='ltr'><strong><em>est:</em></strong></span> <span class='ocrx_word' id='word_1_111' title='bbox 826 1531 962 1588; x_wconf 87' lang='lat' dir='ltr'><strong><em>Ecce</em></strong></span> <span class='ocrx_word' id='word_1_112' title='bbox 983 1549 1078 1606; x_wconf 90' lang='lat' dir='ltr'><strong><em>ego</em></strong></span> <span class='ocrx_word' id='word_1_113' title='bbox 1090 1535 1274 1590; x_wconf 77' lang='lat' dir='ltr'><strong><em>recerti</em></strong></span> <span class='ocrx_word' id='word_1_114' title='bbox 1300 1535 1488 1606; x_wconf 78' lang='lat' dir='ltr'><strong><em>faciam</em></strong></span> <span class='ocrx_word' id='word_1_115' title='bbox 1511 1534 1746 1588; x_wconf 82' lang='lat' dir='ltr'><strong><em>umbram</em></strong></span> <span class='ocrx_word' id='word_1_116' title='bbox 1769 1533 2022 1587; x_wconf 88' lang='lat' dir='ltr'><strong><em>linearum</em></strong></span> <span class='ocrx_word' id='word_1_117' title='bbox 2044 1547 2134 1604; x_wconf 87' lang='lat' dir='ltr'><strong><em>per</em></strong></span> 
     </span>
    </p>
   </div>
   <div class='ocr_carea' id='block_1_16' title="bbox 493 1624 2134 1698">
    <p class='ocr_par' dir='ltr' id='par_1_16' title="bbox 493 1624 2134 1698">
     <span class='ocr_line' id='line_1_16' title="bbox 493 1624 2134 1698; baseline -0.001 -18"><span class='ocrx_word' id='word_1_118' title='bbox 493 1657 499 1664; x_wconf 70' lang='grc' dir='ltr'><strong>ε</strong></span> <span class='ocrx_word' id='word_1_119' title='bbox 527 1643 654 1698; x_wconf 78' lang='lat' dir='ltr'><strong><em>quas</em></strong></span> <span class='ocrx_word' id='word_1_120' title='bbox 681 1626 1013 1682; x_wconf 76' lang='lat' dir='ltr'><strong><em>descenderat</em></strong></span> <span class='ocrx_word' id='word_1_121' title='bbox 1038 1629 1091 1682; x_wconf 91' lang='lat' dir='ltr'><strong><em>in</em></strong></span> <span class='ocrx_word' id='word_1_122' title='bbox 1116 1626 1150 1680; x_wconf 92' lang='lat' dir='ltr'><strong><em>h</em></strong></span> <span class='ocrx_word' id='word_1_123' title='bbox 1186 1629 1387 1697; x_wconf 60' lang='lat' dir='ltr'><strong><em>rolog.&#39;o</em></strong></span> <span class='ocrx_word' id='word_1_124' title='bbox 1419 1627 1592 1681; x_wconf 66' lang='lat' dir='ltr'><strong><em>Acha:</em></strong></span> <span class='ocrx_word' id='word_1_125' title='bbox 1614 1627 1668 1681; x_wconf 92' lang='lat' dir='ltr'><strong><em>in</em></strong></span> <span class='ocrx_word' id='word_1_126' title='bbox 1692 1624 1802 1681; x_wconf 90' lang='lat' dir='ltr'><strong><em>sole</em></strong></span> <span class='ocrx_word' id='word_1_127' title='bbox 1848 1635 2134 1680; x_wconf 73' lang='lat' dir='ltr'><strong><em>retrorsum</em></strong></span> 
     </span>
    </p>
   </div>
   <div class='ocr_carea' id='block_1_17' title="bbox 529 1719 2135 1790">
    <p class='ocr_par' dir='ltr' id='par_1_17' title="bbox 529 1719 2135 1790">
     <span class='ocr_line' id='line_1_17' title="bbox 529 1719 2135 1790; baseline -0.002 -16"><span class='ocrx_word' id='word_1_128' title='bbox 529 1722 700 1776; x_wconf 89' lang='lat' dir='ltr'><strong><em>decem</em></strong></span> <span class='ocrx_word' id='word_1_129' title='bbox 729 1722 912 1776; x_wconf 79' lang='lat' dir='ltr'><strong><em>lineis:</em></strong></span> <span class='ocrx_word' id='word_1_130' title='bbox 933 1735 980 1776; x_wconf 93' lang='lat' dir='ltr'><strong><em>et</em></strong></span> <span class='ocrx_word' id='word_1_131' title='bbox 1001 1737 1232 1777; x_wconf 74' lang='lat' dir='ltr'><strong><em>ret-orsus</em></strong></span> <span class='ocrx_word' id='word_1_132' title='bbox 1260 1731 1335 1776; x_wconf 89' lang='lat' dir='ltr'><strong><em>est</em></strong></span> <span class='ocrx_word' id='word_1_133' title='bbox 1362 1721 1442 1776; x_wconf 90' lang='lat' dir='ltr'><strong><em>sol</em></strong></span> <span class='ocrx_word' id='word_1_134' title='bbox 1469 1720 1644 1774; x_wconf 85' lang='lat' dir='ltr'><strong><em>decem</em></strong></span> <span class='ocrx_word' id='word_1_135' title='bbox 1669 1719 1820 1774; x_wconf 81' lang='lat' dir='ltr'><strong><em>lineis</em></strong></span> <span class='ocrx_word' id='word_1_136' title='bbox 1837 1733 1927 1786; x_wconf 88' lang='lat' dir='ltr'><strong><em>per</em></strong></span> <span class='ocrx_word' id='word_1_137' title='bbox 1939 1720 2135 1790; x_wconf 87' lang='lat' dir='ltr'><strong><em>gradus</em></strong></span> 
     </span>
    </p>
   </div>
   <div class='ocr_carea' id='block_1_18' title="bbox 528 1811 2136 1884">
    <p class='ocr_par' dir='ltr' id='par_1_18' title="bbox 528 1811 2136 1884">
     <span class='ocr_line' id='line_1_18' title="bbox 528 1811 2136 1884; baseline -0.001 -17"><span class='ocrx_word' id='word_1_138' title='bbox 528 1828 656 1884; x_wconf 91' lang='lat' dir='ltr'><strong><em>quos</em></strong></span> <span class='ocrx_word' id='word_1_139' title='bbox 683 1815 1040 1869; x_wconf 69' lang='lat' dir='ltr'><strong><em>descenderat.</em></strong></span> <span class='ocrx_word' id='word_1_140' title='bbox 1057 1813 1400 1884; x_wconf 61' lang='lat' dir='ltr'><strong><em>Prwposu-ro</em></strong></span> <span class='ocrx_word' id='word_1_141' title='bbox 1421 1815 1614 1870; x_wconf 86' lang='lat' dir='ltr'><strong><em>ordine</em></strong></span> <span class='ocrx_word' id='word_1_142' title='bbox 1633 1811 1792 1884; x_wconf 68' lang='lat' dir='ltr'><strong><em>quasi</em></strong></span> <span class='ocrx_word' id='word_1_143' title='bbox 1818 1812 1870 1866; x_wconf 92' lang='lat' dir='ltr'><strong><em>in</em></strong></span> <span class='ocrx_word' id='word_1_144' title='bbox 1898 1813 2136 1883; x_wconf 79' lang='lat' dir='ltr'><strong><em>prophe-</em></strong></span> 
     </span>
    </p>
   </div>
   <div class='ocr_carea' id='block_1_19' title="bbox 2245 595 3826 668">
    <p class='ocr_par' dir='ltr' id='par_1_19' title="bbox 2245 595 3826 668">
     <span class='ocr_line' id='line_1_19' title="bbox 2245 595 3826 668; baseline 0.001 -18"><span class='ocrx_word' id='word_1_145' title='bbox 2245 612 2390 664; x_wconf 89' lang='lat' dir='ltr'><strong><em>mus,</em></strong></span> <span class='ocrx_word' id='word_1_146' title='bbox 2429 597 2520 668; x_wconf 88' lang='lat' dir='ltr'><strong><em>qui</em></strong></span> <span class='ocrx_word' id='word_1_147' title='bbox 2549 595 2755 668; x_wconf 89' lang='lat' dir='ltr'><strong><em>gradus</em></strong></span> <span class='ocrx_word' id='word_1_148' title='bbox 2785 597 3058 654; x_wconf 91' lang='lat' dir='ltr'><strong><em>intellexit</em></strong></span> <span class='ocrx_word' id='word_1_149' title='bbox 3090 598 3141 652; x_wconf 91' lang='lat' dir='ltr'><strong><em>in</em></strong></span> <span class='ocrx_word' id='word_1_150' title='bbox 3166 599 3329 655; x_wconf 89' lang='lat' dir='ltr'><strong><em>lineis</em></strong></span> <span class='ocrx_word' id='word_1_151' title='bbox 3350 639 3368 667; x_wconf 92' lang='lat'><strong><em>,</em></strong></span> <span class='ocrx_word' id='word_1_152' title='bbox 3416 609 3476 653; x_wconf 90' lang='lat' dir='ltr'><strong><em>ut</em></strong></span> <span class='ocrx_word' id='word_1_153' title='bbox 3500 598 3826 654; x_wconf 73' lang='lat' dir='ltr'><strong><em>manifestio-</em></strong></span> 
     </span>
    </p>
   </div>
   <div class='ocr_carea' id='block_1_20' title="bbox 2239 689 3830 762">
    <p class='ocr_par' dir='ltr' id='par_1_20' title="bbox 2239 689 3830 762">
     <span class='ocr_line' id='line_1_20' title="bbox 2239 689 3830 762; baseline 0.002 -18"><span class='ocrx_word' id='word_1_154' title='bbox 2239 704 2354 744; x_wconf 90' lang='lat' dir='ltr'><strong><em>rem</em></strong></span> <span class='ocrx_word' id='word_1_155' title='bbox 2406 704 2626 744; x_wconf 70' lang='lat' dir='ltr'><strong><em>sensum</em></strong></span> <span class='ocrx_word' id='word_1_156' title='bbox 2679 689 2984 762; x_wconf 66' lang='lat' dir='ltr'><strong><em>legentibus</em></strong></span> <span class='ocrx_word' id='word_1_157' title='bbox 3030 689 3254 748; x_wconf 82' lang='lat' dir='ltr'><strong><em>faceret.</em></strong></span> <span class='ocrx_word' id='word_1_158' title='bbox 3287 692 3417 749; x_wconf 91' lang='lat' dir='ltr'><strong><em>Sive</em></strong></span> <span class='ocrx_word' id='word_1_159' title='bbox 3471 691 3542 746; x_wconf 88' lang='lat' dir='ltr'><strong><em>ita</em></strong></span> <span class='ocrx_word' id='word_1_160' title='bbox 3573 690 3830 747; x_wconf 83' lang='lat' dir='ltr'><strong><em>exstructi</em></strong></span> 
     </span>
    </p>
   </div>
   <div class='ocr_carea' id='block_1_21' title="bbox 2238 765 3828 857">
    <p class='ocr_par' dir='ltr' id='par_1_21' title="bbox 2238 765 3828 857">
     <span class='ocr_line' id='line_1_21' title="bbox 2238 765 3828 857; baseline 0.001 -18"><span class='ocrx_word' id='word_1_161' title='bbox 2238 765 2626 854; x_wconf 26' lang='lat' dir='ltr'><strong><em>erant&#39;gradns</em></strong></span> <span class='ocrx_word' id='word_1_162' title='bbox 2647 794 2764 838; x_wconf 87' lang='lat' dir='ltr'><strong><em>arte</em></strong></span> <span class='ocrx_word' id='word_1_163' title='bbox 2791 784 3132 850; x_wconf 85' lang='lat' dir='ltr'><strong><em>mechanica,</em></strong></span> <span class='ocrx_word' id='word_1_164' title='bbox 3160 796 3214 840; x_wconf 90' lang='lat' dir='ltr'><strong><em>ut</em></strong></span> <span class='ocrx_word' id='word_1_165' title='bbox 3243 800 3345 857; x_wconf 86' lang='lat' dir='ltr'><strong><em>per</em></strong></span> <span class='ocrx_word' id='word_1_166' title='bbox 3375 784 3623 854; x_wconf 86' lang='lat' dir='ltr'><strong><em>singulos</em></strong></span> <span class='ocrx_word' id='word_1_167' title='bbox 3645 783 3828 840; x_wconf 78' lang='lat' dir='ltr'><strong><em>umbra</em></strong></span> 
     </span>
    </p>
   </div>
   <div class='ocr_carea' id='block_1_22' title="bbox 2237 877 3829 950">
    <p class='ocr_par' dir='ltr' id='par_1_22' title="bbox 2237 877 3829 950">
     <span class='ocr_line' id='line_1_22' title="bbox 2237 877 3829 950; baseline -0.003 -14"><span class='ocrx_word' id='word_1_168' title='bbox 2237 879 2598 944; x_wconf 87' lang='lat' dir='ltr'><strong><em>descendens,</em></strong></span> <span class='ocrx_word' id='word_1_169' title='bbox 2629 880 2883 936; x_wconf 87' lang='lat' dir='ltr'><strong><em>horarum</em></strong></span> <span class='ocrx_word' id='word_1_170' title='bbox 2936 881 3110 950; x_wconf 86' lang='lat' dir='ltr'><strong><em>spatia</em></strong></span> <span class='ocrx_word' id='word_1_171' title='bbox 3148 882 3491 936; x_wconf 87' lang='lat' dir='ltr'><strong><em>terminaret.</em></strong></span> <span class='ocrx_word' id='word_1_172' title='bbox 3526 879 3679 948; x_wconf 84' lang='lat' dir='ltr'><strong><em>Quod</em></strong></span> <span class='ocrx_word' id='word_1_173' title='bbox 3728 877 3829 949; x_wconf 83' lang='lat' dir='ltr'><strong><em>sig-</em></strong></span> 
     </span>
    </p>
   </div>
   <div class='ocr_carea' id='block_1_23' title="bbox 2239 971 3830 1046">
    <p class='ocr_par' dir='ltr' id='par_1_23' title="bbox 2239 971 3830 1046">
     <span class='ocr_line' id='line_1_23' title="bbox 2239 971 3830 1046; baseline -0.001 -17"><span class='ocrx_word' id='word_1_174' title='bbox 2239 989 2366 1029; x_wconf 92' lang='lat' dir='ltr'><strong><em>num</em></strong></span> <span class='ocrx_word' id='word_1_175' title='bbox 2415 971 2580 1046; x_wconf 61' lang='lat' dir='ltr'><strong><em>57o</em></strong></span> <span class='ocrx_word' id='word_1_176' title='bbox 2619 981 2675 1030; x_wconf 90' lang='lat' dir='ltr'><strong><em>et</em></strong></span> <span class='ocrx_word' id='word_1_177' title='bbox 2720 975 3007 1042; x_wconf 70' lang='lat' dir='ltr'><strong><em>praesentis</em></strong></span> <span class='ocrx_word' id='word_1_178' title='bbox 3055 977 3320 1045; x_wconf 86' lang='lat' dir='ltr'><strong><em>temporis</em></strong></span> <span class='ocrx_word' id='word_1_179' title='bbox 3374 985 3427 1031; x_wconf 91' lang='lat' dir='ltr'><strong><em>et</em></strong></span> <span class='ocrx_word' id='word_1_180' title='bbox 3470 972 3636 1029; x_wconf 81' lang='lat' dir='ltr'><strong><em>futuri</em></strong></span> <span class='ocrx_word' id='word_1_181' title='bbox 3679 986 3830 1046; x_wconf 79' lang='lat' dir='ltr'><strong><em>typus</em></strong></span> 
     </span>
    </p>
   </div>
   <div class='ocr_carea' id='block_1_24' title="bbox 2236 1065 3824 1136">
    <p class='ocr_par' dir='ltr' id='par_1_24' title="bbox 2236 1065 3824 1136">
     <span class='ocr_line' id='line_1_24' title="bbox 2236 1065 3824 1136; baseline -0.003 -14"><span class='ocrx_word' id='word_1_182' title='bbox 2236 1079 2386 1131; x_wconf 89' lang='lat' dir='ltr'><strong><em>erat;</em></strong></span> <span class='ocrx_word' id='word_1_183' title='bbox 2412 1081 2463 1119; x_wconf 93' lang='grc' dir='ltr'><strong><em>ιιι</em></strong></span> <span class='ocrx_word' id='word_1_184' title='bbox 2497 1065 2772 1136; x_wconf 86' lang='lat' dir='ltr'><strong><em>quumodo</em></strong></span> <span class='ocrx_word' id='word_1_185' title='bbox 2802 1069 2883 1122; x_wconf 91' lang='lat' dir='ltr'><strong><em>sol</em></strong></span> <span class='ocrx_word' id='word_1_186' title='bbox 2919 1078 3288 1124; x_wconf 84' lang='lat' dir='ltr'><strong><em>reverteretur</em></strong></span> <span class='ocrx_word' id='word_1_187' title='bbox 3308 1067 3373 1122; x_wconf 87' lang='lat' dir='ltr'><strong><em>ad</em></strong></span> <span class='ocrx_word' id='word_1_188' title='bbox 3404 1067 3694 1122; x_wconf 76' lang='lat' dir='ltr'><strong><em>exordium</em></strong></span> <span class='ocrx_word' id='word_1_189' title='bbox 3717 1066 3824 1131; x_wconf 76' lang='lat' dir='ltr'><strong><em>sui;</em></strong></span> 
     </span>
    </p>
   </div>
   <div class='ocr_carea' id='block_1_25' title="bbox 2237 1158 3831 1225">
    <p class='ocr_par' dir='ltr' id='par_1_25' title="bbox 2237 1158 3831 1225">
     <span class='ocr_line' id='line_1_25' title="bbox 2237 1158 3831 1225; baseline 0.001 -11"><span class='ocrx_word' id='word_1_190' title='bbox 2237 1160 2305 1214; x_wconf 87' lang='lat' dir='ltr'><strong><em>ita</em></strong></span> <span class='ocrx_word' id='word_1_191' title='bbox 2335 1169 2361 1196; x_wconf 78' lang='grc' dir='ltr'><strong><em>ἰ</em></strong></span> <span class='ocrx_word' id='word_1_192' title='bbox 2391 1170 2446 1215; x_wconf 91' lang='lat' dir='ltr'><strong><em>et</em></strong></span> <span class='ocrx_word' id='word_1_193' title='bbox 2475 1158 2720 1215; x_wconf 74' lang='lat' dir='ltr'><strong><em>Ezeclnte</em></strong></span> <span class='ocrx_word' id='word_1_194' title='bbox 2747 1160 2854 1216; x_wconf 90' lang='lat' dir='ltr'><strong><em>vita</em></strong></span> <span class='ocrx_word' id='word_1_195' title='bbox 2891 1161 2956 1216; x_wconf 89' lang='lat' dir='ltr'><strong><em>ad</em></strong></span> <span class='ocrx_word' id='word_1_196' title='bbox 2988 1162 3236 1218; x_wconf 89' lang='lat' dir='ltr'><strong><em>detextos</em></strong></span> <span class='ocrx_word' id='word_1_197' title='bbox 3262 1176 3434 1216; x_wconf 77' lang='lat' dir='ltr'><strong><em>annos</em></strong></span> <span class='ocrx_word' id='word_1_198' title='bbox 3459 1159 3704 1225; x_wconf 86' lang='lat' dir='ltr'><strong><em>rediret;</em></strong></span> <span class='ocrx_word' id='word_1_199' title='bbox 3738 1173 3831 1216; x_wconf 85' lang='lat' dir='ltr'><strong><em>no-</em></strong></span> 
     </span>
    </p>
   </div>
   <div class='ocr_carea' id='block_1_26' title="bbox 2239 1253 3831 1326">
    <p class='ocr_par' dir='ltr' id='par_1_26' title="bbox 2239 1253 3831 1326">
     <span class='ocr_line' id='line_1_26' title="bbox 2239 1253 3831 1326; baseline 0 -18"><span class='ocrx_word' id='word_1_200' title='bbox 2239 1255 2426 1324; x_wconf 79' lang='lat' dir='ltr'><strong><em>bisque</em></strong></span> <span class='ocrx_word' id='word_1_201' title='bbox 2453 1253 2507 1309; x_wconf 92' lang='lat' dir='ltr'><strong><em>in</em></strong></span> <span class='ocrx_word' id='word_1_202' title='bbox 2536 1254 2879 1310; x_wconf 70' lang='lat' dir='ltr'><strong><em>hebdomade</em></strong></span> <span class='ocrx_word' id='word_1_203' title='bbox 2893 1263 2950 1310; x_wconf 92' lang='lat' dir='ltr'><strong><em>et</em></strong></span> <span class='ocrx_word' id='word_1_204' title='bbox 2979 1255 3224 1326; x_wconf 65' lang='lat' dir='ltr'><strong><em>ogdnade</em></strong></span> <span class='ocrx_word' id='word_1_205' title='bbox 3260 1253 3604 1316; x_wconf 78' lang='lat' dir='ltr'><strong><em>viventibus,</em></strong></span> <span class='ocrx_word' id='word_1_206' title='bbox 3645 1267 3831 1324; x_wconf 78' lang='lat' dir='ltr'><strong><em>perre-</em></strong></span> 
     </span>
    </p>
   </div>
   <div class='ocr_carea' id='block_1_27' title="bbox 2238 1345 3833 1420">
    <p class='ocr_par' dir='ltr' id='par_1_27' title="bbox 2238 1345 3833 1420">
     <span class='ocr_line' id='line_1_27' title="bbox 2238 1345 3833 1420; baseline -0.002 -17"><span class='ocrx_word' id='word_1_207' title='bbox 2238 1347 2635 1403; x_wconf 89' lang='lat' dir='ltr'><strong><em>surrectionem</em></strong></span> <span class='ocrx_word' id='word_1_208' title='bbox 2663 1347 2890 1414; x_wconf 82' lang='lat' dir='ltr'><strong><em>Christi,</em></strong></span> <span class='ocrx_word' id='word_1_209' title='bbox 2920 1348 3045 1401; x_wconf 69' lang='lat' dir='ltr'><strong><em>vitae</em></strong></span> <span class='ocrx_word' id='word_1_210' title='bbox 3070 1348 3240 1416; x_wconf 87' lang='lat' dir='ltr'><strong><em>spatia</em></strong></span> <span class='ocrx_word' id='word_1_211' title='bbox 3265 1352 3632 1420; x_wconf 63' lang='lat' dir='ltr'><strong><em>protelentur.</em></strong></span> <span class='ocrx_word' id='word_1_212' title='bbox 3653 1345 3833 1400; x_wconf 76' lang='lat' dir='ltr'><strong><em>Sulrnt</em></strong></span> 
     </span>
    </p>
   </div>
   <div class='ocr_carea' id='block_1_28' title="bbox 2236 1439 3831 1510">
    <p class='ocr_par' dir='ltr' id='par_1_28' title="bbox 2236 1439 3831 1510">
     <span class='ocr_line' id='line_1_28' title="bbox 2236 1439 3831 1510; baseline -0.002 -16"><span class='ocrx_word' id='word_1_213' title='bbox 2236 1449 2546 1496; x_wconf 77' lang='lat' dir='ltr'><strong><em>sanctorum</em></strong></span> <span class='ocrx_word' id='word_1_214' title='bbox 2589 1440 2854 1496; x_wconf 86' lang='lat' dir='ltr'><strong><em>Locorum</em></strong></span> <span class='ocrx_word' id='word_1_215' title='bbox 2901 1440 2954 1495; x_wconf 91' lang='lat' dir='ltr'><strong><em>in</em></strong></span> <span class='ocrx_word' id='word_1_216' title='bbox 2980 1439 3082 1494; x_wconf 82' lang='lat' dir='ltr'><strong><em>hac</em></strong></span> <span class='ocrx_word' id='word_1_217' title='bbox 3123 1439 3397 1510; x_wconf 67' lang='lat' dir='ltr'><strong><em>provincia</em></strong></span> <span class='ocrx_word' id='word_1_218' title='bbox 3438 1446 3831 1494; x_wconf 53' lang='lat' dir='ltr'><strong><em>monstratae;</em></strong></span> 
     </span>
    </p>
   </div>
   <div class='ocr_carea' id='block_1_29' title="bbox 2239 1531 3834 1604">
    <p class='ocr_par' dir='ltr' id='par_1_29' title="bbox 2239 1531 3834 1604">
     <span class='ocr_line' id='line_1_29' title="bbox 2239 1531 3834 1604; baseline -0.001 -17"><span class='ocrx_word' id='word_1_219' title='bbox 2239 1534 2377 1588; x_wconf 88' lang='lat' dir='ltr'><strong><em>intra</em></strong></span> <span class='ocrx_word' id='word_1_220' title='bbox 2396 1541 2715 1604; x_wconf 87' lang='lat' dir='ltr'><strong><em>conseptum</em></strong></span> <span class='ocrx_word' id='word_1_221' title='bbox 2732 1533 2942 1603; x_wconf 83' lang='lat' dir='ltr'><strong><em>Templi</em></strong></span> <span class='ocrx_word' id='word_1_222' title='bbox 2970 1531 3262 1588; x_wconf 69' lang='lat' dir='ltr'><strong><em>nstetidere</em></strong></span> <span class='ocrx_word' id='word_1_223' title='bbox 3273 1533 3478 1602; x_wconf 85' lang='lat' dir='ltr'><strong><em>gradus</em></strong></span> <span class='ocrx_word' id='word_1_224' title='bbox 3499 1531 3696 1586; x_wconf 71' lang='lat' dir='ltr'><strong><em>donius</em></strong></span> <span class='ocrx_word' id='word_1_225' title='bbox 3724 1531 3834 1586; x_wconf 81' lang='lat' dir='ltr'><strong><em>Eze-</em></strong></span> 
     </span>
    </p>
   </div>
   <div class='ocr_carea' id='block_1_30' title="bbox 2235 1620 3833 1696">
    <p class='ocr_par' dir='ltr' id='par_1_30' title="bbox 2235 1620 3833 1696">
     <span class='ocr_line' id='line_1_30' title="bbox 2235 1620 3833 1696; baseline -0.001 -16"><span class='ocrx_word' id='word_1_226' title='bbox 2235 1627 2399 1690; x_wconf 61' lang='lat' dir='ltr'><strong><em>Chiae,</em></strong></span> <span class='ocrx_word' id='word_1_227' title='bbox 2423 1627 2504 1681; x_wconf 88' lang='lat' dir='ltr'><strong><em>vel</em></strong></span> <span class='ocrx_word' id='word_1_228' title='bbox 2529 1629 2730 1690; x_wconf 75' lang='lat' dir='ltr'><strong><em>Acltaz,</em></strong></span> <span class='ocrx_word' id='word_1_229' title='bbox 2765 1624 2910 1696; x_wconf 87' lang='lat' dir='ltr'><strong><em>quod</em></strong></span> <span class='ocrx_word' id='word_1_230' title='bbox 2941 1626 3027 1680; x_wconf 73' lang='lat' dir='ltr'><strong><em>Sol</em></strong></span> <span class='ocrx_word' id='word_1_231' title='bbox 3057 1641 3154 1695; x_wconf 88' lang='lat' dir='ltr'><strong><em>per</em></strong></span> <span class='ocrx_word' id='word_1_232' title='bbox 3179 1639 3278 1681; x_wconf 92' lang='lat' dir='ltr'><strong><em>eos</em></strong></span> <span class='ocrx_word' id='word_1_233' title='bbox 3308 1623 3680 1680; x_wconf 71' lang='lat' dir='ltr'><strong><em>tleSttentlel&#39;tl.</em></strong></span> <span class='ocrx_word' id='word_1_234' title='bbox 3737 1620 3833 1678; x_wconf 67' lang='lat' dir='ltr'><strong><em>Sed</em></strong></span> 
     </span>
    </p>
   </div>
   <div class='ocr_carea' id='block_1_31' title="bbox 2239 1716 3831 1792">
    <p class='ocr_par' dir='ltr' id='par_1_31' title="bbox 2239 1716 3831 1792">
     <span class='ocr_line' id='line_1_31' title="bbox 2239 1716 3831 1792; baseline -0.003 -16"><span class='ocrx_word' id='word_1_235' title='bbox 2239 1736 2533 1792; x_wconf 84' lang='lat' dir='ltr'><strong><em>numquam</em></strong></span> <span class='ocrx_word' id='word_1_236' title='bbox 2563 1734 2664 1792; x_wconf 89' lang='lat' dir='ltr'><strong><em>ego</em></strong></span> <span class='ocrx_word' id='word_1_237' title='bbox 2689 1720 2933 1783; x_wconf 90' lang='lat' dir='ltr'><strong><em>credam,</em></strong></span> <span class='ocrx_word' id='word_1_238' title='bbox 2970 1735 3078 1774; x_wconf 83' lang='lat' dir='ltr'><strong><em>nun</em></strong></span> <span class='ocrx_word' id='word_1_239' title='bbox 3107 1718 3231 1774; x_wconf 84' lang='lat' dir='ltr'><strong><em>dico</em></strong></span> <span class='ocrx_word' id='word_1_240' title='bbox 3257 1722 3472 1779; x_wconf 83' lang='lat' dir='ltr'><strong><em>Achaz.</em></strong></span> <span class='ocrx_word' id='word_1_241' title='bbox 3497 1716 3587 1789; x_wconf 90' lang='lat' dir='ltr'><strong><em>qui</em></strong></span> <span class='ocrx_word' id='word_1_242' title='bbox 3615 1732 3712 1772; x_wconf 83' lang='lat' dir='ltr'><strong><em>rex</em></strong></span> <span class='ocrx_word' id='word_1_243' title='bbox 3743 1717 3831 1771; x_wconf 86' lang='lat' dir='ltr'><strong><em>iat-</em></strong></span> 
     </span>
    </p>
   </div>
   <div class='ocr_carea' id='block_1_32' title="bbox 2241 1809 3832 1884">
    <p class='ocr_par' dir='ltr' id='par_1_32' title="bbox 2241 1809 3832 1884">
     <span class='ocr_line' id='line_1_32' title="bbox 2241 1809 3832 1884; baseline -0.001 -16"><span class='ocrx_word' id='word_1_244' title='bbox 2241 1815 2361 1884; x_wconf 85' lang='lat' dir='ltr'><strong><em>pius</em></strong></span> <span class='ocrx_word' id='word_1_245' title='bbox 2383 1815 2478 1869; x_wconf 82' lang='lat' dir='ltr'><strong><em>fuit</em></strong></span> <span class='ocrx_word' id='word_1_246' title='bbox 2507 1830 2522 1880; x_wconf 92' lang='lat'><strong>;</strong></span> <span class='ocrx_word' id='word_1_247' title='bbox 2550 1814 2645 1868; x_wconf 82' lang='lat' dir='ltr'><strong><em>sed</em></strong></span> <span class='ocrx_word' id='word_1_248' title='bbox 2677 1814 2972 1883; x_wconf 72' lang='lat' dir='ltr'><strong><em>cujuslibet</em></strong></span> <span class='ocrx_word' id='word_1_249' title='bbox 3022 1813 3165 1883; x_wconf 76' lang='lat' dir='ltr'><strong><em>tegis</em></strong></span> <span class='ocrx_word' id='word_1_250' title='bbox 3185 1813 3317 1883; x_wconf 88' lang='lat' dir='ltr'><strong><em>justi</em></strong></span> <span class='ocrx_word' id='word_1_251' title='bbox 3341 1812 3563 1868; x_wconf 83' lang='lat' dir='ltr'><strong><em>domum</em></strong></span> <span class='ocrx_word' id='word_1_252' title='bbox 3597 1809 3765 1866; x_wconf 76' lang='lat' dir='ltr'><strong><em>fuisse</em></strong></span> <span class='ocrx_word' id='word_1_253' title='bbox 3784 1809 3832 1867; x_wconf 88' lang='lat' dir='ltr'><strong><em>in</em></strong></span> 
     </span>
    </p>
   </div>
   <div class='ocr_carea' id='block_1_33' title="bbox 531 1904 3834 1980">
    <p class='ocr_par' dir='ltr' id='par_1_33' title="bbox 531 1904 3834 1980">
     <span class='ocr_line' id='line_1_33' title="bbox 531 1904 3834 1980; baseline -0.001 -18"><span class='ocrx_word' id='word_1_254' title='bbox 531 1907 601 1963; x_wconf 73' lang='lat' dir='ltr'><strong><em>tia</em></strong></span> <span class='ocrx_word' id='word_1_255' title='bbox 633 1907 722 1964; x_wconf 82' lang='lat' dir='ltr'><strong><em>lue</em></strong></span> <span class='ocrx_word' id='word_1_256' title='bbox 751 1908 986 1965; x_wconf 80' lang='lat' dir='ltr'><strong><em>refertur</em></strong></span> <span class='ocrx_word' id='word_1_257' title='bbox 1013 1909 1268 1976; x_wconf 80' lang='lat' dir='ltr'><strong><em>historia,</em></strong></span> <span class='ocrx_word' id='word_1_258' title='bbox 1300 1924 1422 1980; x_wconf 74' lang='lat' dir='ltr'><strong><em>quae</em></strong></span> <span class='ocrx_word' id='word_1_259' title='bbox 1453 1908 1506 1964; x_wconf 92' lang='lat' dir='ltr'><strong><em>in</em></strong></span> <span class='ocrx_word' id='word_1_260' title='bbox 1548 1907 1757 1978; x_wconf 80' lang='lat' dir='ltr'><strong><em>Regum</em></strong></span> <span class='ocrx_word' id='word_1_261' title='bbox 1785 1904 1952 1978; x_wconf 59' lang='lat'><strong><em>569</em></strong></span> <span class='ocrx_word' id='word_1_262' title='bbox 1982 1907 2132 1960; x_wconf 87' lang='lat' dir='ltr'><strong><em>volu—</em></strong></span> <span class='ocrx_word' id='word_1_263' title='bbox 2164 1906 2212 1967; x_wconf 77' lang='grc' dir='ltr'><strong>Β</strong></span> <span class='ocrx_word' id='word_1_264' title='bbox 2238 1907 2473 1980; x_wconf 78' lang='lat' dir='ltr'><strong><em>Temple</em></strong></span> <span class='ocrx_word' id='word_1_265' title='bbox 2506 1908 2636 1964; x_wconf 89' lang='lat' dir='ltr'><strong><em>Dei:</em></strong></span> <span class='ocrx_word' id='word_1_266' title='bbox 2666 1923 2792 1964; x_wconf 90' lang='lat' dir='ltr'><strong><em>cum</em></strong></span> <span class='ocrx_word' id='word_1_267' title='bbox 2826 1907 3085 1964; x_wconf 86' lang='lat' dir='ltr'><strong><em>Salomon</em></strong></span> <span class='ocrx_word' id='word_1_268' title='bbox 3115 1906 3320 1962; x_wconf 81' lang='lat' dir='ltr'><strong><em>idcirco</em></strong></span> <span class='ocrx_word' id='word_1_269' title='bbox 3368 1905 3536 1961; x_wconf 90' lang='lat' dir='ltr'><strong><em>Deum</em></strong></span> <span class='ocrx_word' id='word_1_270' title='bbox 3565 1907 3712 1960; x_wconf 90' lang='lat' dir='ltr'><strong><em>inter</em></strong></span> <span class='ocrx_word' id='word_1_271' title='bbox 3738 1920 3834 1960; x_wconf 53' lang='lat' dir='ltr'><strong><em>ca»</em></strong></span> 
     </span>
    </p>
   </div>
   <div class='ocr_carea' id='block_1_34' title="bbox 529 1997 2128 2073">
    <p class='ocr_par' dir='ltr' id='par_1_34' title="bbox 529 1997 2128 2073">
     <span class='ocr_line' id='line_1_34' title="bbox 529 1997 2128 2073; baseline -0.003 -17"><span class='ocrx_word' id='word_1_272' title='bbox 529 2000 676 2058; x_wconf 88' lang='lat' dir='ltr'><strong><em>mine</em></strong></span> <span class='ocrx_word' id='word_1_273' title='bbox 729 2003 1153 2073; x_wconf 81' lang='lat' dir='ltr'><strong><em>consequentius</em></strong></span> <span class='ocrx_word' id='word_1_274' title='bbox 1202 2003 1416 2073; x_wconf 92' lang='lat' dir='ltr'><strong><em>legitur.</em></strong></span> <span class='ocrx_word' id='word_1_275' title='bbox 1469 2000 1661 2056; x_wconf 79' lang='lat' dir='ltr'><strong><em>Flente</em></strong></span> <span class='ocrx_word' id='word_1_276' title='bbox 1711 1998 1942 2055; x_wconf 85' lang='lat' dir='ltr'><strong><em>Ezecnta</em></strong></span> <span class='ocrx_word' id='word_1_277' title='bbox 2001 1997 2128 2054; x_wconf 81' lang='lat' dir='ltr'><strong><em>ﬂetu</em></strong></span> 
     </span>
    </p>
   </div>
   <div class='ocr_carea' id='block_1_35' title="bbox 531 2091 2133 2168">
    <p class='ocr_par' dir='ltr' id='par_1_35' title="bbox 531 2091 2133 2168">
     <span class='ocr_line' id='line_1_35' title="bbox 531 2091 2133 2168; baseline -0.002 -20"><span class='ocrx_word' id='word_1_278' title='bbox 531 2109 730 2166; x_wconf 81' lang='lat' dir='ltr'><strong><em>magno</em></strong></span> <span class='ocrx_word' id='word_1_279' title='bbox 751 2137 766 2162; x_wconf 92' lang='lat'><strong><em>,</em></strong></span> <span class='ocrx_word' id='word_1_280' title='bbox 797 2093 1110 2165; x_wconf 78' lang='lat' dir='ltr'><strong><em>priusquam</em></strong></span> <span class='ocrx_word' id='word_1_281' title='bbox 1156 2096 1513 2168; x_wconf 74' lang='lat' dir='ltr'><strong><em>egrederetur</em></strong></span> <span class='ocrx_word' id='word_1_282' title='bbox 1542 2091 1716 2147; x_wconf 82' lang='lat' dir='ltr'><strong><em>Isaias</em></strong></span> <span class='ocrx_word' id='word_1_283' title='bbox 1756 2091 1980 2146; x_wconf 86' lang='lat' dir='ltr'><strong><em>mediam</em></strong></span> <span class='ocrx_word' id='word_1_284' title='bbox 2010 2107 2133 2158; x_wconf 88' lang='lat' dir='ltr'><strong><em>par-</em></strong></span> 
     </span>
    </p>
   </div>
   <div class='ocr_carea' id='block_1_36' title="bbox 533 2186 2129 2260">
    <p class='ocr_par' dir='ltr' id='par_1_36' title="bbox 533 2186 2129 2260">
     <span class='ocr_line' id='line_1_36' title="bbox 533 2186 2129 2260; baseline -0.002 -18"><span class='ocrx_word' id='word_1_285' title='bbox 533 2197 635 2244; x_wconf 87' lang='lat' dir='ltr'><strong><em>tem</em></strong></span> <span class='ocrx_word' id='word_1_286' title='bbox 662 2189 786 2243; x_wconf 88' lang='lat' dir='ltr'><strong><em>atrii</em></strong></span> <span class='ocrx_word' id='word_1_287' title='bbox 812 2231 828 2254; x_wconf 89' lang='lat'><strong><em>,</em></strong></span> <span class='ocrx_word' id='word_1_288' title='bbox 862 2193 1031 2260; x_wconf 77' lang='lat' dir='ltr'><strong><em>factus</em></strong></span> <span class='ocrx_word' id='word_1_289' title='bbox 1059 2200 1134 2245; x_wconf 91' lang='lat' dir='ltr'><strong><em>est</em></strong></span> <span class='ocrx_word' id='word_1_290' title='bbox 1181 2207 1348 2246; x_wconf 83' lang='lat' dir='ltr'><strong><em>sermo</em></strong></span> <span class='ocrx_word' id='word_1_291' title='bbox 1383 2187 1590 2243; x_wconf 88' lang='lat' dir='ltr'><strong><em>Domini</em></strong></span> <span class='ocrx_word' id='word_1_292' title='bbox 1615 2187 1684 2241; x_wconf 91' lang='lat' dir='ltr'><strong><em>ad</em></strong></span> <span class='ocrx_word' id='word_1_293' title='bbox 1709 2203 1826 2242; x_wconf 90' lang='lat' dir='ltr'><strong><em>eum</em></strong></span> <span class='ocrx_word' id='word_1_294' title='bbox 1851 2228 1864 2249; x_wconf 93' lang='lat'><strong><em>,</em></strong></span> <span class='ocrx_word' id='word_1_295' title='bbox 1907 2186 2084 2241; x_wconf 86' lang='lat' dir='ltr'><strong><em>dicens</em></strong></span> <span class='ocrx_word' id='word_1_296' title='bbox 2111 2200 2129 2239; x_wconf 90' lang='lat'><strong><em>:</em></strong></span> 
     </span>
    </p>
   </div>
   <div class='ocr_carea' id='block_1_37' title="bbox 533 2277 2132 2353">
    <p class='ocr_par' dir='ltr' id='par_1_37' title="bbox 533 2277 2132 2353">
     <span class='ocr_line' id='line_1_37' title="bbox 533 2277 2132 2353; baseline -0.004 -16"><span class='ocrx_word' id='word_1_297' title='bbox 533 2281 810 2337; x_wconf 54' lang='lat' dir='ltr'><strong><em>[invertere</em></strong></span> <span class='ocrx_word' id='word_1_298' title='bbox 833 2323 849 2346; x_wconf 87' lang='lat'><strong><em>,</em></strong></span> <span class='ocrx_word' id='word_1_299' title='bbox 897 2294 947 2337; x_wconf 94' lang='lat' dir='ltr'><strong><em>et</em></strong></span> <span class='ocrx_word' id='word_1_300' title='bbox 977 2283 1065 2338; x_wconf 88' lang='lat' dir='ltr'><strong><em>dic</em></strong></span> <span class='ocrx_word' id='word_1_301' title='bbox 1097 2282 1336 2338; x_wconf 73' lang='lat' dir='ltr'><strong><em>Ezechia:</em></strong></span> <span class='ocrx_word' id='word_1_302' title='bbox 1362 2283 1482 2336; x_wconf 91' lang='lat' dir='ltr'><strong><em>duci</em></strong></span> <span class='ocrx_word' id='word_1_303' title='bbox 1521 2281 1703 2353; x_wconf 73' lang='lat' dir='ltr'><strong><em>populi</em></strong></span> <span class='ocrx_word' id='word_1_304' title='bbox 1757 2279 1886 2335; x_wconf 88' lang='lat' dir='ltr'><strong><em>mei:</em></strong></span> <span class='ocrx_word' id='word_1_305' title='bbox 1943 2277 2132 2333; x_wconf 79' lang='lat' dir='ltr'><strong><em>Audivi</em></strong></span> 
     </span>
    </p>
   </div>
   <div class='ocr_carea' id='block_1_38' title="bbox 533 2368 2132 2443">
    <p class='ocr_par' dir='ltr' id='par_1_38' title="bbox 533 2368 2132 2443">
     <span class='ocr_line' id='line_1_38' title="bbox 533 2368 2132 2443; baseline -0.004 -15"><span class='ocrx_word' id='word_1_306' title='bbox 533 2374 820 2428; x_wconf 89' lang='lat' dir='ltr'><strong><em>orationem</em></strong></span> <span class='ocrx_word' id='word_1_307' title='bbox 843 2383 986 2427; x_wconf 89' lang='lat' dir='ltr'><strong><em>tuam</em></strong></span> <span class='ocrx_word' id='word_1_308' title='bbox 1007 2415 1024 2436; x_wconf 88' lang='lat'><strong><em>,</em></strong></span> <span class='ocrx_word' id='word_1_309' title='bbox 1057 2383 1104 2426; x_wconf 88' lang='lat' dir='ltr'><strong><em>et</em></strong></span> <span class='ocrx_word' id='word_1_310' title='bbox 1127 2373 1233 2427; x_wconf 89' lang='lat' dir='ltr'><strong><em>vidi</em></strong></span> <span class='ocrx_word' id='word_1_311' title='bbox 1263 2371 1550 2443; x_wconf 81' lang='lat' dir='ltr'><strong><em>lutrgntam</em></strong></span> <span class='ocrx_word' id='word_1_312' title='bbox 1579 2381 1756 2426; x_wconf 87' lang='lat' dir='ltr'><strong><em>tuam:</em></strong></span> <span class='ocrx_word' id='word_1_313' title='bbox 1789 2368 1926 2424; x_wconf 83' lang='lat' dir='ltr'><strong><em>Ecce</em></strong></span> <span class='ocrx_word' id='word_1_314' title='bbox 1951 2368 2132 2423; x_wconf 86' lang='lat' dir='ltr'><strong><em>snnnvi</em></strong></span> 
     </span>
    </p>
   </div>
   <div class='ocr_carea' id='block_1_39' title="bbox 525 2465 2124 2540">
    <p class='ocr_par' dir='ltr' id='par_1_39' title="bbox 525 2465 2124 2540">
     <span class='ocr_line' id='line_1_39' title="bbox 525 2465 2124 2540; baseline -0.005 -17"><span class='ocrx_word' id='word_1_315' title='bbox 525 2480 596 2523; x_wconf 90' lang='lat' dir='ltr'><strong><em>te.</em></strong></span> <span class='ocrx_word' id='word_1_316' title='bbox 650 2469 899 2540; x_wconf 71' lang='lat' dir='ltr'><strong><em>Dixitque</em></strong></span> <span class='ocrx_word' id='word_1_317' title='bbox 935 2465 1188 2522; x_wconf 83' lang='lat' dir='ltr'><strong><em>Esechias</em></strong></span> <span class='ocrx_word' id='word_1_318' title='bbox 1215 2467 1284 2520; x_wconf 89' lang='lat' dir='ltr'><strong><em>ad</em></strong></span> <span class='ocrx_word' id='word_1_319' title='bbox 1315 2465 1548 2520; x_wconf 84' lang='lat' dir='ltr'><strong><em>Isaiam:</em></strong></span> <span class='ocrx_word' id='word_1_320' title='bbox 1581 2465 1738 2534; x_wconf 83' lang='lat' dir='ltr'><strong><em>Quod</em></strong></span> <span class='ocrx_word' id='word_1_321' title='bbox 1775 2465 1869 2520; x_wconf 73' lang='lat' dir='ltr'><strong><em>erit</em></strong></span> <span class='ocrx_word' id='word_1_322' title='bbox 1897 2465 2124 2538; x_wconf 80' lang='lat' dir='ltr'><strong><em>signum,</em></strong></span> 
     </span>
    </p>
   </div>
   <div class='ocr_carea' id='block_1_40' title="bbox 525 2559 2130 2636">
    <p class='ocr_par' dir='ltr' id='par_1_40' title="bbox 525 2559 2130 2636">
     <span class='ocr_line' id='line_1_40' title="bbox 525 2559 2130 2636; baseline -0.002 -20"><span class='ocrx_word' id='word_1_323' title='bbox 525 2565 646 2633; x_wconf 85' lang='lat' dir='ltr'><strong><em>quia</em></strong></span> <span class='ocrx_word' id='word_1_324' title='bbox 667 2561 923 2617; x_wconf 79' lang='lat' dir='ltr'><strong><em>Dominus</em></strong></span> <span class='ocrx_word' id='word_1_325' title='bbox 937 2578 1016 2618; x_wconf 89' lang='lat' dir='ltr'><strong><em>me</em></strong></span> <span class='ocrx_word' id='word_1_326' title='bbox 1041 2561 1345 2633; x_wconf 85' lang='lat' dir='ltr'><strong><em>sanabit(lV</em></strong></span> <span class='ocrx_word' id='word_1_327' title='bbox 1363 2561 1491 2636; x_wconf 79' lang='lat' dir='ltr'><strong><em>Reg.</em></strong></span> <span class='ocrx_word' id='word_1_328' title='bbox 1513 2578 1576 2616; x_wconf 78' lang='lat' dir='ltr'><strong><em>xx</em></strong></span> <span class='ocrx_word' id='word_1_329' title='bbox 1595 2602 1611 2626; x_wconf 91' lang='lat'><strong><em>,</em></strong></span> <span class='ocrx_word' id='word_1_330' title='bbox 1627 2569 1655 2616; x_wconf 75' lang='grc'><strong>4</strong></span> <span class='ocrx_word' id='word_1_331' title='bbox 1689 2570 1738 2615; x_wconf 88' lang='lat' dir='ltr'><strong><em>et</em></strong></span> <span class='ocrx_word' id='word_1_332' title='bbox 1763 2559 1854 2631; x_wconf 76' lang='lat'><strong><em>5)?</em></strong></span> <span class='ocrx_word' id='word_1_333' title='bbox 1873 2559 1976 2616; x_wconf 88' lang='lat' dir='ltr'><strong><em>Cui</em></strong></span> <span class='ocrx_word' id='word_1_334' title='bbox 2000 2560 2130 2613; x_wconf 85' lang='lat' dir='ltr'><strong><em>Pro-</em></strong></span> 
     </span>
    </p>
   </div>
   <div class='ocr_carea' id='block_1_41' title="bbox 528 2651 2122 2730">
    <p class='ocr_par' dir='ltr' id='par_1_41' title="bbox 528 2651 2122 2730">
     <span class='ocr_line' id='line_1_41' title="bbox 528 2651 2122 2730; baseline -0.001 -22"><span class='ocrx_word' id='word_1_335' title='bbox 528 2657 688 2725; x_wconf 85' lang='lat' dir='ltr'><strong><em>pheta</em></strong></span> <span class='ocrx_word' id='word_1_336' title='bbox 721 2656 1034 2727; x_wconf 82' lang='lat' dir='ltr'><strong><em>respondit:</em></strong></span> <span class='ocrx_word' id='word_1_337' title='bbox 1063 2654 1179 2711; x_wconf 80' lang='lat' dir='ltr'><strong><em>Hoc</em></strong></span> <span class='ocrx_word' id='word_1_338' title='bbox 1204 2661 1301 2711; x_wconf 79' lang='lat' dir='ltr'><strong><em>erit</em></strong></span> <span class='ocrx_word' id='word_1_339' title='bbox 1320 2655 1525 2730; x_wconf 87' lang='lat' dir='ltr'><strong><em>signum</em></strong></span> <span class='ocrx_word' id='word_1_340' title='bbox 1547 2672 1578 2708; x_wconf 94' lang='lat' dir='ltr'><strong><em>a</em></strong></span> <span class='ocrx_word' id='word_1_341' title='bbox 1601 2651 1826 2709; x_wconf 86' lang='lat' dir='ltr'><strong><em>Domino</em></strong></span> <span class='ocrx_word' id='word_1_342' title='bbox 1847 2653 1987 2725; x_wconf 91' lang='lat' dir='ltr'><strong><em>quod</em></strong></span> <span class='ocrx_word' id='word_1_343' title='bbox 2011 2653 2122 2721; x_wconf 82' lang='lat' dir='ltr'><strong><em>{ac-</em></strong></span> 
     </span>
    </p>
   </div>
   <div class='ocr_carea' id='block_1_42' title="bbox 523 2744 2131 2820">
    <p class='ocr_par' dir='ltr' id='par_1_42' title="bbox 523 2744 2131 2820">
     <span class='ocr_line' id='line_1_42' title="bbox 523 2744 2131 2820; baseline -0.002 -18"><span class='ocrx_word' id='word_1_344' title='bbox 523 2757 673 2804; x_wconf 89' lang='lat' dir='ltr'><strong><em>turus</em></strong></span> <span class='ocrx_word' id='word_1_345' title='bbox 703 2752 772 2804; x_wconf 91' lang='lat' dir='ltr'><strong><em>sit</em></strong></span> <span class='ocrx_word' id='word_1_346' title='bbox 799 2750 1048 2805; x_wconf 81' lang='lat' dir='ltr'><strong><em>Dominus</em></strong></span> <span class='ocrx_word' id='word_1_347' title='bbox 1076 2765 1365 2804; x_wconf 87' lang='lat' dir='ltr'><strong><em>sermonem</em></strong></span> <span class='ocrx_word' id='word_1_348' title='bbox 1392 2763 1544 2820; x_wconf 84' lang='lat' dir='ltr'><strong><em>quem</em></strong></span> <span class='ocrx_word' id='word_1_349' title='bbox 1583 2749 1787 2802; x_wconf 86' lang='lat' dir='ltr'><strong><em>locutus</em></strong></span> <span class='ocrx_word' id='word_1_350' title='bbox 1815 2759 1923 2802; x_wconf 91' lang='lat' dir='ltr'><strong><em>est:</em></strong></span> <span class='ocrx_word' id='word_1_351' title='bbox 1957 2744 2048 2800; x_wconf 80' lang='lat' dir='ltr'><strong><em>Vis</em></strong></span> <span class='ocrx_word' id='word_1_352' title='bbox 2073 2752 2131 2799; x_wconf 92' lang='lat' dir='ltr'><strong><em>ut</em></strong></span> 
     </span>
    </p>
   </div>
   <div class='ocr_carea' id='block_1_43' title="bbox 525 2839 2125 2905">
    <p class='ocr_par' dir='ltr' id='par_1_43' title="bbox 525 2839 2125 2905">
     <span class='ocr_line' id='line_1_43' title="bbox 525 2839 2125 2905; baseline -0.002 -9"><span class='ocrx_word' id='word_1_353' title='bbox 525 2843 752 2899; x_wconf 84' lang='lat' dir='ltr'><strong><em>accedat</em></strong></span> <span class='ocrx_word' id='word_1_354' title='bbox 783 2843 973 2899; x_wconf 89' lang='lat' dir='ltr'><strong><em>umbra</em></strong></span> <span class='ocrx_word' id='word_1_355' title='bbox 1004 2853 1084 2899; x_wconf 81' lang='lat' dir='ltr'><strong><em>tot</em></strong></span> <span class='ocrx_word' id='word_1_356' title='bbox 1127 2844 1286 2898; x_wconf 75' lang='lat' dir='ltr'><strong><em>lineis</em></strong></span> <span class='ocrx_word' id='word_1_357' title='bbox 1308 2884 1321 2905; x_wconf 93' lang='lat'><strong><em>,</em></strong></span> <span class='ocrx_word' id='word_1_358' title='bbox 1370 2857 1437 2897; x_wconf 89' lang='lat' dir='ltr'><strong><em>au</em></strong></span> <span class='ocrx_word' id='word_1_359' title='bbox 1464 2855 1520 2895; x_wconf 88' lang='grc' dir='ltr'><strong><em>ιιι</em></strong></span> <span class='ocrx_word' id='word_1_360' title='bbox 1563 2849 1868 2897; x_wconf 67' lang='lat' dir='ltr'><strong><em>revertatur</em></strong></span> <span class='ocrx_word' id='word_1_361' title='bbox 1897 2839 2125 2895; x_wconf 86' lang='lat' dir='ltr'><strong><em>totidem</em></strong></span> 
     </span>
    </p>
   </div>
   <div class='ocr_carea' id='block_1_44' title="bbox 526 2932 2126 3008">
    <p class='ocr_par' dir='ltr' id='par_1_44' title="bbox 526 2932 2126 3008">
     <span class='ocr_line' id='line_1_44' title="bbox 526 2932 2126 3008; baseline -0.002 -17"><span class='ocrx_word' id='word_1_362' title='bbox 526 2937 823 3008; x_wconf 75' lang='lat' dir='ltr'><strong><em>gradibus?</em></strong></span> <span class='ocrx_word' id='word_1_363' title='bbox 868 2935 968 2992; x_wconf 88' lang='lat' dir='ltr'><strong><em>Cui</em></strong></span> <span class='ocrx_word' id='word_1_364' title='bbox 1019 2935 1160 2992; x_wconf 75' lang='lat' dir='ltr'><strong><em>dixit</em></strong></span> <span class='ocrx_word' id='word_1_365' title='bbox 1195 2933 1500 2991; x_wconf 80' lang='lat' dir='ltr'><strong><em>Ezechias:</em></strong></span> <span class='ocrx_word' id='word_1_366' title='bbox 1545 2932 1725 2989; x_wconf 85' lang='lat' dir='ltr'><strong><em>Facile</em></strong></span> <span class='ocrx_word' id='word_1_367' title='bbox 1760 2942 1845 2989; x_wconf 89' lang='lat' dir='ltr'><strong><em>est</em></strong></span> <span class='ocrx_word' id='word_1_368' title='bbox 1872 2934 2126 2988; x_wconf 85' lang='lat' dir='ltr'><strong><em>umbram</em></strong></span> 
     </span>
    </p>
   </div>
   <div class='ocr_carea' id='block_1_45' title="bbox 527 3027 2128 3094">
    <p class='ocr_par' dir='ltr' id='par_1_45' title="bbox 527 3027 2128 3094">
     <span class='ocr_line' id='line_1_45' title="bbox 527 3027 2128 3094; baseline -0.004 -8"><span class='ocrx_word' id='word_1_369' title='bbox 527 3044 778 3087; x_wconf 86' lang='lat' dir='ltr'><strong><em>crescere</em></strong></span> <span class='ocrx_word' id='word_1_370' title='bbox 811 3029 1001 3088; x_wconf 85' lang='lat' dir='ltr'><strong><em>decem</em></strong></span> <span class='ocrx_word' id='word_1_371' title='bbox 1034 3029 1194 3085; x_wconf 90' lang='lat' dir='ltr'><strong><em>lineis</em></strong></span> <span class='ocrx_word' id='word_1_372' title='bbox 1220 3071 1235 3094; x_wconf 94' lang='lat'><strong><em>,</em></strong></span> <span class='ocrx_word' id='word_1_373' title='bbox 1267 3045 1366 3085; x_wconf 82' lang='lat' dir='ltr'><strong><em>nec</em></strong></span> <span class='ocrx_word' id='word_1_374' title='bbox 1396 3028 1498 3083; x_wconf 76' lang='lat' dir='ltr'><strong><em>hoc</em></strong></span> <span class='ocrx_word' id='word_1_375' title='bbox 1528 3027 1651 3083; x_wconf 88' lang='lat' dir='ltr'><strong><em>volo</em></strong></span> <span class='ocrx_word' id='word_1_376' title='bbox 1679 3039 1738 3082; x_wconf 93' lang='lat' dir='ltr'><strong><em>ut</em></strong></span> <span class='ocrx_word' id='word_1_377' title='bbox 1770 3027 1899 3092; x_wconf 82' lang='lat' dir='ltr'><strong><em>ﬁat;</em></strong></span> <span class='ocrx_word' id='word_1_378' title='bbox 1948 3027 2043 3081; x_wconf 88' lang='lat' dir='ltr'><strong><em>sed</em></strong></span> <span class='ocrx_word' id='word_1_379' title='bbox 2071 3034 2128 3079; x_wconf 92' lang='lat' dir='ltr'><strong><em>nt</em></strong></span> 
     </span>
    </p>
   </div>
   <div class='ocr_carea' id='block_1_46' title="bbox 527 3121 2122 3193">
    <p class='ocr_par' dir='ltr' id='par_1_46' title="bbox 527 3121 2122 3193">
     <span class='ocr_line' id='line_1_46' title="bbox 527 3121 2122 3193; baseline -0.005 -11"><span class='ocrx_word' id='word_1_380' title='bbox 527 3134 832 3182; x_wconf 63' lang='lat' dir='ltr'><strong><em>revertatur</em></strong></span> <span class='ocrx_word' id='word_1_381' title='bbox 877 3135 1180 3181; x_wconf 71' lang='lat' dir='ltr'><strong><em>retrorsum</em></strong></span> <span class='ocrx_word' id='word_1_382' title='bbox 1210 3124 1402 3178; x_wconf 83' lang='lat' dir='ltr'><strong><em>decem</em></strong></span> <span class='ocrx_word' id='word_1_383' title='bbox 1434 3121 1716 3193; x_wconf 58' lang='lat' dir='ltr'><strong><em>graditius.</em></strong></span> <span class='ocrx_word' id='word_1_384' title='bbox 1762 3122 2009 3190; x_wconf 77' lang='lat' dir='ltr'><strong><em>Cumque</em></strong></span> <span class='ocrx_word' id='word_1_385' title='bbox 2035 3121 2122 3174; x_wconf 86' lang='lat' dir='ltr'><strong><em>in-</em></strong></span> 
     </span>
    </p>
   </div>
   <div class='ocr_carea' id='block_1_47' title="bbox 527 3210 2122 3286">
    <p class='ocr_par' dir='ltr' id='par_1_47' title="bbox 527 3210 2122 3286">
     <span class='ocr_line' id='line_1_47' title="bbox 527 3210 2122 3286; baseline -0.004 -14"><span class='ocrx_word' id='word_1_386' title='bbox 527 3226 756 3272; x_wconf 71' lang='lat' dir='ltr'><strong><em>Vacante</em></strong></span> <span class='ocrx_word' id='word_1_387' title='bbox 785 3217 920 3270; x_wconf 85' lang='lat' dir='ltr'><strong><em>lsaia</em></strong></span> <span class='ocrx_word' id='word_1_388' title='bbox 955 3216 1252 3286; x_wconf 84' lang='lat' dir='ltr'><strong><em>potentiam</em></strong></span> <span class='ocrx_word' id='word_1_389' title='bbox 1293 3213 1530 3280; x_wconf 85' lang='lat' dir='ltr'><strong><em>Dommi,</em></strong></span> <span class='ocrx_word' id='word_1_390' title='bbox 1553 3211 1764 3283; x_wconf 89' lang='lat' dir='ltr'><strong><em>signum</em></strong></span> <span class='ocrx_word' id='word_1_391' title='bbox 1792 3210 2122 3268; x_wconf 72' lang='lat' dir='ltr'><strong><em>es~eteﬂec-</em></strong></span> 
     </span>
    </p>
   </div>
   <div class='ocr_carea' id='block_1_48' title="bbox 2235 1996 3827 2068">
    <p class='ocr_par' dir='ltr' id='par_1_48' title="bbox 2235 1996 3827 2068">
     <span class='ocr_line' id='line_1_48' title="bbox 2235 1996 3827 2068; baseline -0.003 -13"><span class='ocrx_word' id='word_1_392' title='bbox 2235 2013 2347 2057; x_wconf 88' lang='lat' dir='ltr'><strong><em>tera</em></strong></span> <span class='ocrx_word' id='word_1_393' title='bbox 2379 2000 2676 2056; x_wconf 70' lang='lat' dir='ltr'><strong><em>olleudiSse</em></strong></span> <span class='ocrx_word' id='word_1_394' title='bbox 2701 2001 2938 2067; x_wconf 84' lang='lat' dir='ltr'><strong><em>dicatur,</em></strong></span> <span class='ocrx_word' id='word_1_395' title='bbox 2962 2001 3104 2068; x_wconf 82' lang='lat' dir='ltr'><strong><em>quod</em></strong></span> <span class='ocrx_word' id='word_1_396' title='bbox 3136 2002 3187 2052; x_wconf 91' lang='lat' dir='ltr'><strong><em>iu</em></strong></span> <span class='ocrx_word' id='word_1_397' title='bbox 3217 1998 3456 2055; x_wconf 81' lang='lat' dir='ltr'><strong><em>sublime</em></strong></span> <span class='ocrx_word' id='word_1_398' title='bbox 3482 1996 3827 2052; x_wconf 75' lang='lat' dir='ltr'><strong><em>tedtﬁcaverit</em></strong></span> 
     </span>
    </p>
   </div>
   <div class='ocr_carea' id='block_1_49' title="bbox 2239 2091 3832 2162">
    <p class='ocr_par' dir='ltr' id='par_1_49' title="bbox 2239 2091 3832 2162">
     <span class='ocr_line' id='line_1_49' title="bbox 2239 2091 3832 2162; baseline -0.004 -12"><span class='ocrx_word' id='word_1_399' title='bbox 2239 2095 2420 2160; x_wconf 67' lang='lat' dir='ltr'><strong><em>Mella,</em></strong></span> <span class='ocrx_word' id='word_1_400' title='bbox 2450 2093 2596 2149; x_wconf 88' lang='lat' dir='ltr'><strong><em>unde</em></strong></span> <span class='ocrx_word' id='word_1_401' title='bbox 2618 2096 2816 2148; x_wconf 88' lang='lat' dir='ltr'><strong><em>atrium</em></strong></span> <span class='ocrx_word' id='word_1_402' title='bbox 2847 2093 3083 2162; x_wconf 85' lang='lat' dir='ltr'><strong><em>Templi,</em></strong></span> <span class='ocrx_word' id='word_1_403' title='bbox 3105 2092 3467 2147; x_wconf 56' lang='lat' dir='ltr'><strong><em>deambulans</em></strong></span> <span class='ocrx_word' id='word_1_404' title='bbox 3491 2091 3547 2146; x_wconf 90' lang='lat' dir='ltr'><strong><em>in</em></strong></span> <span class='ocrx_word' id='word_1_405' title='bbox 3575 2101 3730 2147; x_wconf 85' lang='lat' dir='ltr'><strong><em>turre</em></strong></span> <span class='ocrx_word' id='word_1_406' title='bbox 3751 2105 3832 2161; x_wconf 82' lang='lat' dir='ltr'><strong><em>pa-</em></strong></span> 
     </span>
    </p>
   </div>
   <div class='ocr_carea' id='block_1_50' title="bbox 2233 2183 3480 2257">
    <p class='ocr_par' dir='ltr' id='par_1_50' title="bbox 2233 2183 3480 2257">
     <span class='ocr_line' id='line_1_50' title="bbox 2233 2183 3480 2257; baseline -0.003 -15"><span class='ocrx_word' id='word_1_407' title='bbox 2233 2187 2371 2253; x_wconf 91' lang='lat' dir='ltr'><strong><em>latii,</em></strong></span> <span class='ocrx_word' id='word_1_408' title='bbox 2396 2189 2679 2257; x_wconf 35' lang='lat' dir='ltr'><strong><em>dilapicere</em></strong></span> <span class='ocrx_word' id='word_1_409' title='bbox 2709 2189 2904 2241; x_wconf 75' lang='lat' dir='ltr'><strong><em>solitus</em></strong></span> <span class='ocrx_word' id='word_1_410' title='bbox 2933 2189 3003 2241; x_wconf 90' lang='lat' dir='ltr'><strong><em>sit</em></strong></span> <span class='ocrx_word' id='word_1_411' title='bbox 3041 2184 3133 2254; x_wconf 89' lang='lat' dir='ltr'><strong><em>(Ill</em></strong></span> <span class='ocrx_word' id='word_1_412' title='bbox 3169 2185 3296 2256; x_wconf 82' lang='lat' dir='ltr'><strong><em>lteg.</em></strong></span> <span class='ocrx_word' id='word_1_413' title='bbox 3328 2183 3432 2256; x_wconf 83' lang='lat' dir='ltr'><strong><em>Ix).</em></strong></span> <span class='ocrx_word' id='word_1_414' title='bbox 3469 2241 3480 2254; x_wconf 58' lang='grc'>,</span> 
     </span>
    </p>
   </div>
   <div class='ocr_carea' id='block_1_51' title="bbox 2304 2276 3832 2354">
    <p class='ocr_par' dir='ltr' id='par_1_51' title="bbox 2304 2276 3832 2354">
     <span class='ocr_line' id='line_1_51' title="bbox 2304 2276 3832 2354; baseline -0.003 -18"><span class='ocrx_word' id='word_1_415' title='bbox 2304 2283 2488 2354; x_wconf 58' lang='grc' dir='ltr'><strong><em>(νει-μ.</em></strong></span> <span class='ocrx_word' id='word_1_416' title='bbox 2521 2281 2601 2348; x_wconf 82' lang='grc'><strong><em>9.)</em></strong></span> <span class='ocrx_word' id='word_1_417' title='bbox 2635 2281 2910 2350; x_wconf 82' lang='lat' dir='ltr'><strong><em>Scriptura</em></strong></span> <span class='ocrx_word' id='word_1_418' title='bbox 2946 2277 3182 2334; x_wconf 66' lang='lat' dir='ltr'><strong><em>Ezechiae</em></strong></span> <span class='ocrx_word' id='word_1_419' title='bbox 3204 2282 3338 2349; x_wconf 83' lang='lat' dir='ltr'><strong><em>regis</em></strong></span> <span class='ocrx_word' id='word_1_420' title='bbox 3362 2276 3521 2333; x_wconf 73' lang='lat' dir='ltr'><strong><em>Iuda:</em></strong></span> <span class='ocrx_word' id='word_1_421' title='bbox 3540 2293 3656 2332; x_wconf 84' lang='lat' dir='ltr'><strong><em>cum</em></strong></span> <span class='ocrx_word' id='word_1_422' title='bbox 3673 2292 3832 2348; x_wconf 58' lang='lat' dir='ltr'><strong><em>egro-</em></strong></span> 
     </span>
    </p>
   </div>
   <div class='ocr_carea' id='block_1_52' title="bbox 2231 2369 3831 2439">
    <p class='ocr_par' dir='ltr' id='par_1_52' title="bbox 2231 2369 3831 2439">
     <span class='ocr_line' id='line_1_52' title="bbox 2231 2369 3831 2439; baseline -0.005 -9"><span class='ocrx_word' id='word_1_423' title='bbox 2231 2386 2383 2431; x_wconf 85' lang='lat' dir='ltr'><strong><em>tasset</em></strong></span> <span class='ocrx_word' id='word_1_424' title='bbox 2409 2386 2458 2431; x_wconf 91' lang='lat' dir='ltr'><strong><em>et</em></strong></span> <span class='ocrx_word' id='word_1_425' title='bbox 2487 2375 2832 2429; x_wconf 78' lang='lat' dir='ltr'><strong><em>convaluisset</em></strong></span> <span class='ocrx_word' id='word_1_426' title='bbox 2863 2375 2928 2426; x_wconf 88' lang='lat' dir='ltr'><strong><em>de</em></strong></span> <span class='ocrx_word' id='word_1_427' title='bbox 2957 2373 3266 2439; x_wconf 78' lang='lat' dir='ltr'><strong><em>inﬁrmitu&#39;e</em></strong></span> <span class='ocrx_word' id='word_1_428' title='bbox 3289 2387 3407 2426; x_wconf 87' lang='lat' dir='ltr'><strong><em>sua.</em></strong></span> <span class='ocrx_word' id='word_1_429' title='bbox 3437 2369 3619 2426; x_wconf 73' lang='lat' dir='ltr'><strong><em>LXX:</em></strong></span> <span class='ocrx_word' id='word_1_430' title='bbox 3648 2369 3831 2425; x_wconf 84' lang='lat' dir='ltr'><strong><em>Oratio</em></strong></span> 
     </span>
    </p>
   </div>
   <div class='ocr_carea' id='block_1_53' title="bbox 2234 2463 3827 2538">
    <p class='ocr_par' dir='ltr' id='par_1_53' title="bbox 2234 2463 3827 2538">
     <span class='ocr_line' id='line_1_53' title="bbox 2234 2463 3827 2538; baseline -0.005 -14"><span class='ocrx_word' id='word_1_431' title='bbox 2234 2468 2473 2525; x_wconf 70' lang='lat' dir='ltr'><strong><em>Ezechiae</em></strong></span> <span class='ocrx_word' id='word_1_432' title='bbox 2513 2469 2649 2538; x_wconf 87' lang='lat' dir='ltr'><strong><em>regis</em></strong></span> <span class='ocrx_word' id='word_1_433' title='bbox 2695 2465 2853 2522; x_wconf 79' lang='lat' dir='ltr'><strong><em>Jndtc</em></strong></span> <span class='ocrx_word' id='word_1_434' title='bbox 2898 2463 3110 2534; x_wconf 86' lang='lat' dir='ltr'><strong><em>quando</em></strong></span> <span class='ocrx_word' id='word_1_435' title='bbox 3150 2463 3378 2535; x_wconf 82' lang='lat' dir='ltr'><strong><em>languit,</em></strong></span> <span class='ocrx_word' id='word_1_436' title='bbox 3410 2473 3460 2519; x_wconf 91' lang='lat' dir='ltr'><strong><em>et</em></strong></span> <span class='ocrx_word' id='word_1_437' title='bbox 3495 2465 3730 2519; x_wconf 66' lang='lat' dir='ltr'><strong><em>surrexit</em></strong></span> <span class='ocrx_word' id='word_1_438' title='bbox 3771 2465 3827 2517; x_wconf 91' lang='lat' dir='ltr'><strong><em>de</em></strong></span> 
     </span>
    </p>
   </div>
   <div class='ocr_carea' id='block_1_54' title="bbox 2229 2559 3824 2634">
    <p class='ocr_par' dir='ltr' id='par_1_54' title="bbox 2229 2559 3824 2634">
     <span class='ocr_line' id='line_1_54' title="bbox 2229 2559 3824 2634; baseline -0.003 -17"><span class='ocrx_word' id='word_1_439' title='bbox 2229 2563 2535 2634; x_wconf 76' lang='lat' dir='ltr'><strong><em>inﬁrmitate</em></strong></span> <span class='ocrx_word' id='word_1_440' title='bbox 2560 2578 2676 2618; x_wconf 89' lang='lat' dir='ltr'><strong><em>sua.</em></strong></span> <span class='ocrx_word' id='word_1_441' title='bbox 2714 2561 2880 2616; x_wconf 78' lang='lat' dir='ltr'><strong><em>Miror</em></strong></span> <span class='ocrx_word' id='word_1_442' title='bbox 2908 2560 3186 2630; x_wconf 82' lang='lat' dir='ltr'><strong><em>quommln</em></strong></span> <span class='ocrx_word' id='word_1_443' title='bbox 3209 2560 3313 2614; x_wconf 93' lang='lat' dir='ltr'><strong><em>soli</em></strong></span> <span class='ocrx_word' id='word_1_444' title='bbox 3348 2559 3712 2628; x_wconf 75' lang='lat' dir='ltr'><strong><em>Septuaginta</em></strong></span> <span class='ocrx_word' id='word_1_445' title='bbox 3736 2572 3824 2627; x_wconf 84' lang='lat' dir='ltr'><strong><em>pro</em></strong></span> 
     </span>
    </p>
   </div>
   <div class='ocr_carea' id='block_1_55' title="bbox 2229 2652 3829 2726">
    <p class='ocr_par' dir='ltr' id='par_1_55' title="bbox 2229 2652 3829 2726">
     <span class='ocr_line' id='line_1_55' title="bbox 2229 2652 3829 2726; baseline -0.006 -13"><span class='ocrx_word' id='word_1_446' title='bbox 2229 2658 2523 2726; x_wconf 86' lang='lat' dir='ltr'><strong><em>scriptura,</em></strong></span> <span class='ocrx_word' id='word_1_447' title='bbox 2560 2658 2847 2710; x_wconf 85' lang='lat' dir='ltr'><strong><em>orationem</em></strong></span> <span class='ocrx_word' id='word_1_448' title='bbox 2871 2663 3179 2725; x_wconf 74' lang='lat' dir='ltr'><strong><em>posuerint.</em></strong></span> <span class='ocrx_word' id='word_1_449' title='bbox 3203 2668 3325 2708; x_wconf 88' lang='lat' dir='ltr'><strong><em>cum</em></strong></span> <span class='ocrx_word' id='word_1_450' title='bbox 3348 2652 3526 2710; x_wconf 80' lang='lat' dir='ltr'><strong><em>oratio</em></strong></span> <span class='ocrx_word' id='word_1_451' title='bbox 3555 2665 3829 2707; x_wconf 75' lang='lat' dir='ltr'><strong><em>ruerunt.-</em></strong></span> 
     </span>
    </p>
   </div>
   <div class='ocr_carea' id='block_1_56' title="bbox 2230 2733 3824 2822">
    <p class='ocr_par' dir='ltr' id='par_1_56' title="bbox 2230 2733 3824 2822">
     <span class='ocr_line' id='line_1_56' title="bbox 2230 2733 3824 2822; baseline -0.006 -14"><span class='ocrx_word' id='word_1_452' title='bbox 2230 2766 2366 2808; x_wconf 80' lang='grc' dir='ltr'>ιΑτιι</span> <span class='ocrx_word' id='word_1_453' title='bbox 2398 2733 2597 2822; x_wconf 46' lang='lat' dir='ltr'><strong><em>(tum)</em></strong></span> <span class='ocrx_word' id='word_1_454' title='bbox 2620 2749 2857 2814; x_wconf 80' lang='lat' dir='ltr'><strong><em>dicatur,</em></strong></span> <span class='ocrx_word' id='word_1_455' title='bbox 2906 2759 2962 2804; x_wconf 91' lang='lat' dir='ltr'><strong><em>et</em></strong></span> <span class='ocrx_word' id='word_1_456' title='bbox 2989 2765 3095 2804; x_wconf 88' lang='lat' dir='ltr'><strong><em>tton</em></strong></span> <span class='ocrx_word' id='word_1_457' title='bbox 3129 2762 3416 2804; x_wconf 72' lang='lat' dir='ltr'><strong><em>IACII‘I&#39;BAB</em></strong></span> <span class='ocrx_word' id='word_1_458' title='bbox 3442 2749 3674 2819; x_wconf 68' lang='lat' dir='ltr'><strong><em>(mm.</em></strong></span> <span class='ocrx_word' id='word_1_459' title='bbox 3712 2760 3824 2816; x_wconf 69' lang='lat' dir='ltr'><strong><em>qua:</em></strong></span> 
     </span>
    </p>
   </div>
   <div class='ocr_carea' id='block_1_57' title="bbox 2230 2841 3829 2914">
    <p class='ocr_par' dir='ltr' id='par_1_57' title="bbox 2230 2841 3829 2914">
     <span class='ocr_line' id='line_1_57' title="bbox 2230 2841 3829 2914; baseline -0.005 -15"><span class='ocrx_word' id='word_1_460' title='bbox 2230 2845 2284 2899; x_wconf 93' lang='lat' dir='ltr'><strong><em>in</em></strong></span> <span class='ocrx_word' id='word_1_461' title='bbox 2329 2843 2586 2914; x_wconf 49' lang='lat' dir='ltr'><strong><em>praisenti</em></strong></span> <span class='ocrx_word' id='word_1_462' title='bbox 2633 2843 2756 2897; x_wconf 87' lang='lat' dir='ltr'><strong><em>loco</em></strong></span> <span class='ocrx_word' id='word_1_463' title='bbox 2800 2841 3098 2907; x_wconf 86' lang='lat' dir='ltr'><strong><em>scribitur;</em></strong></span> <span class='ocrx_word' id='word_1_464' title='bbox 3143 2841 3385 2910; x_wconf 80' lang='lat' dir='ltr'><strong><em>alioquin</em></strong></span> <span class='ocrx_word' id='word_1_465' title='bbox 3427 2854 3829 2910; x_wconf 64' lang='lat' dir='ltr'><strong><em>ciiiisequeuter</em></strong></span> 
     </span>
    </p>
   </div>
   <div class='ocr_carea' id='block_1_58' title="bbox 2228 2935 3829 3005">
    <p class='ocr_par' dir='ltr' id='par_1_58' title="bbox 2228 2935 3829 3005">
     <span class='ocr_line' id='line_1_58' title="bbox 2228 2935 3829 3005; baseline -0.004 -12"><span class='ocrx_word' id='word_1_466' title='bbox 2228 2938 2506 2994; x_wconf 69' lang='lat' dir='ltr'><strong><em>die-retur</em></strong></span> <span class='ocrx_word' id='word_1_467' title='bbox 2555 2939 2746 3000; x_wconf 82' lang='lat' dir='ltr'><strong><em>oratio,</em></strong></span> <span class='ocrx_word' id='word_1_468' title='bbox 2792 2937 2837 2990; x_wconf 87' lang='lat' dir='ltr'><strong><em>si</em></strong></span> <span class='ocrx_word' id='word_1_469' title='bbox 2885 2935 2955 2991; x_wconf 92' lang='lat' dir='ltr'><strong><em>de</em></strong></span> <span class='ocrx_word' id='word_1_470' title='bbox 2999 2936 3252 3005; x_wconf 73' lang='lat' dir='ltr'><strong><em>prtesenti</em></strong></span> <span class='ocrx_word' id='word_1_471' title='bbox 3280 2942 3430 2990; x_wconf 81' lang='lat' dir='ltr'><strong><em>esset</em></strong></span> <span class='ocrx_word' id='word_1_472' title='bbox 3456 2949 3732 3004; x_wconf 79' lang='lat' dir='ltr'><strong><em>tempore.</em></strong></span> <span class='ocrx_word' id='word_1_473' title='bbox 3780 2941 3829 2988; x_wconf 85' lang='lat' dir='ltr'><strong><em>et</em></strong></span> 
     </span>
    </p>
   </div>
   <div class='ocr_carea' id='block_1_59' title="bbox 2231 3031 3826 3102">
    <p class='ocr_par' dir='ltr' id='par_1_59' title="bbox 2231 3031 3826 3102">
     <span class='ocr_line' id='line_1_59' title="bbox 2231 3031 3826 3102; baseline 0 -17"><span class='ocrx_word' id='word_1_474' title='bbox 2231 3046 2336 3087; x_wconf 88' lang='lat' dir='ltr'><strong><em>nou</em></strong></span> <span class='ocrx_word' id='word_1_475' title='bbox 2367 3031 2437 3088; x_wconf 91' lang='lat' dir='ltr'><strong><em>de</em></strong></span> <span class='ocrx_word' id='word_1_476' title='bbox 2490 3033 2786 3102; x_wconf 62' lang='lat' dir='ltr'><strong><em>praeterito.</em></strong></span> <span class='ocrx_word' id='word_1_477' title='bbox 2845 3031 3188 3088; x_wconf 80' lang='lat' dir='ltr'><strong><em>Manifestum</em></strong></span> <span class='ocrx_word' id='word_1_478' title='bbox 3217 3043 3302 3088; x_wconf 91' lang='lat' dir='ltr'><strong><em>est</em></strong></span> <span class='ocrx_word' id='word_1_479' title='bbox 3329 3033 3496 3095; x_wconf 88' lang='lat' dir='ltr'><strong><em>enim,</em></strong></span> <span class='ocrx_word' id='word_1_480' title='bbox 3533 3031 3685 3097; x_wconf 82' lang='lat' dir='ltr'><strong><em>quod</em></strong></span> <span class='ocrx_word' id='word_1_481' title='bbox 3717 3039 3826 3100; x_wconf 87' lang='lat' dir='ltr'><strong><em>post</em></strong></span> 
     </span>
    </p>
   </div>
   <div class='ocr_carea' id='block_1_60' title="bbox 2230 3126 3826 3198">
    <p class='ocr_par' dir='ltr' id='par_1_60' title="bbox 2230 3126 3826 3198">
     <span class='ocr_line' id='line_1_60' title="bbox 2230 3126 3826 3198; baseline -0.003 -17"><span class='ocrx_word' id='word_1_482' title='bbox 2230 3127 2498 3181; x_wconf 80' lang='lat' dir='ltr'><strong><em>redditam</em></strong></span> <span class='ocrx_word' id='word_1_483' title='bbox 2557 3127 2872 3191; x_wconf 82' lang='lat' dir='ltr'><strong><em>sanitatem,</em></strong></span> <span class='ocrx_word' id='word_1_484' title='bbox 2913 3127 2983 3183; x_wconf 90' lang='lat' dir='ltr'><strong><em>de</em></strong></span> <span class='ocrx_word' id='word_1_485' title='bbox 3022 3126 3336 3182; x_wconf 78' lang='lat' dir='ltr'><strong><em>inﬁrmitate</em></strong></span> <span class='ocrx_word' id='word_1_486' title='bbox 3363 3141 3710 3198; x_wconf 84' lang='lat' dir='ltr'><strong><em>consurgens</em></strong></span> <span class='ocrx_word' id='word_1_487' title='bbox 3739 3126 3826 3180; x_wconf 82' lang='lat' dir='ltr'><strong><em>ista</em></strong></span> 
     </span>
    </p>
   </div>
   <div class='ocr_carea' id='block_1_61' title="bbox 2229 3219 3825 3292">
    <p class='ocr_par' dir='ltr' id='par_1_61' title="bbox 2229 3219 3825 3292">
     <span class='ocr_line' id='line_1_61' title="bbox 2229 3219 3825 3292; baseline 0.001 -19"><span class='ocrx_word' id='word_1_488' title='bbox 2229 3219 2642 3286; x_wconf 75' lang='lat' dir='ltr'><strong><em>conscripserit,</em></strong></span> <span class='ocrx_word' id='word_1_489' title='bbox 2675 3235 2739 3275; x_wconf 90' lang='lat' dir='ltr'><strong><em>ex</em></strong></span> <span class='ocrx_word' id='word_1_490' title='bbox 2772 3234 2883 3290; x_wconf 91' lang='lat' dir='ltr'><strong><em>quo</em></strong></span> <span class='ocrx_word' id='word_1_491' title='bbox 2911 3234 3020 3276; x_wconf 91' lang='lat' dir='ltr'><strong><em>non</em></strong></span> <span class='ocrx_word' id='word_1_492' title='bbox 3049 3222 3228 3274; x_wconf 81' lang='lat' dir='ltr'><strong><em>oratio</em></strong></span> <span class='ocrx_word' id='word_1_493' title='bbox 3253 3227 3360 3281; x_wconf 53' lang='lat' dir='ltr'><strong><em>est.</em></strong></span> <span class='ocrx_word' id='word_1_494' title='bbox 3389 3220 3484 3276; x_wconf 89' lang='lat' dir='ltr'><strong><em>sed</em></strong></span> <span class='ocrx_word' id='word_1_495' title='bbox 3532 3222 3825 3292; x_wconf 82' lang='lat' dir='ltr'><strong><em>gratiarum</em></strong></span> 
     </span>
    </p>
   </div>
   <div class='ocr_carea' id='block_1_62' title="bbox 525 3294 3320 3385">
    <p class='ocr_par' dir='ltr' id='par_1_62' title="bbox 525 3294 3320 3385">
     <span class='ocr_line' id='line_1_62' title="bbox 525 3294 3320 3385; baseline -0.003 -20"><span class='ocrx_word' id='word_1_496' title='bbox 525 3318 635 3365; x_wconf 64' lang='lat' dir='ltr'><strong><em>&quot;Illi</em></strong></span> <span class='ocrx_word' id='word_1_497' title='bbox 660 3348 677 3374; x_wconf 78' lang='lat'><strong><em>,</em></strong></span> <span class='ocrx_word' id='word_1_498' title='bbox 708 3314 962 3378; x_wconf 65' lang='lat' dir='ltr'><strong><em>percepit</em></strong></span> <span class='ocrx_word' id='word_1_499' title='bbox 994 3307 1160 3365; x_wconf 82' lang='lat' dir='ltr'><strong><em>Isaias</em></strong></span> <span class='ocrx_word' id='word_1_500' title='bbox 1189 3306 1374 3362; x_wconf 62' lang='lat' dir='ltr'><strong><em>ali&#39;et&#39;ri</em></strong></span> <span class='ocrx_word' id='word_1_501' title='bbox 1403 3320 1638 3361; x_wconf 87' lang='lat' dir='ltr'><strong><em>massam</em></strong></span> <span class='ocrx_word' id='word_1_502' title='bbox 1667 3306 1893 3359; x_wconf 75' lang='lat' dir='ltr'><strong><em>Iicul&#39;llﬂl</em></strong></span> <span class='ocrx_word' id='word_1_503' title='bbox 1936 3319 2126 3360; x_wconf 87' lang='lat' dir='ltr'><strong><em>recen-</em></strong></span> <span class='ocrx_word' id='word_1_504' title='bbox 2155 3294 2200 3358; x_wconf 84' lang='lat' dir='ltr'><strong><em>C</em></strong></span> <span class='ocrx_word' id='word_1_505' title='bbox 2232 3317 2378 3370; x_wconf 60' lang='lat' dir='ltr'><strong><em>actio</em></strong></span> <span class='ocrx_word' id='word_1_506' title='bbox 2409 3327 2506 3384; x_wconf 78' lang='lat' dir='ltr'><strong><em>pro</em></strong></span> <span class='ocrx_word' id='word_1_507' title='bbox 2537 3313 2804 3370; x_wconf 70' lang='lat' dir='ltr'><strong><em>beneﬁci&quot;</em></strong></span> <span class='ocrx_word' id='word_1_508' title='bbox 2831 3313 2976 3385; x_wconf 75' lang='lat' dir='ltr'><strong>quod</strong></span> <span class='ocrx_word' id='word_1_509' title='bbox 3009 3323 3320 3384; x_wconf 58' lang='lat' dir='ltr'><strong><em>acceperat,</em></strong></span> 
     </span>
    </p>
   </div>
   <div class='ocr_carea' id='block_1_63' title="bbox 530 3398 2126 3474">
    <p class='ocr_par' dir='ltr' id='par_1_63' title="bbox 530 3398 2126 3474">
     <span class='ocr_line' id='line_1_63' title="bbox 530 3398 2126 3474; baseline -0.003 -17"><span class='ocrx_word' id='word_1_510' title='bbox 530 3404 884 3474; x_wconf 78' lang='lat' dir='ltr'><strong><em>timnzqnam</em></strong></span> <span class='ocrx_word' id='word_1_511' title='bbox 920 3416 1046 3457; x_wconf 81' lang='lat' dir='ltr'><strong><em>cum</em></strong></span> <span class='ocrx_word' id='word_1_512' title='bbox 1098 3398 1448 3462; x_wconf 60' lang='lat' dir='ltr'><strong><em>attulissent,</em></strong></span> <span class='ocrx_word' id='word_1_513' title='bbox 1501 3409 1556 3452; x_wconf 87' lang='lat' dir='ltr'><strong><em>et</em></strong></span> <span class='ocrx_word' id='word_1_514' title='bbox 1612 3398 1924 3467; x_wconf 83' lang='lat' dir='ltr'><strong><em>posuissent</em></strong></span> <span class='ocrx_word' id='word_1_515' title='bbox 1959 3413 2126 3468; x_wconf 82' lang='lat' dir='ltr'><strong><em>super</em></strong></span> 
     </span>
    </p>
   </div>
   <div class='ocr_carea' id='block_1_64' title="bbox 526 3490 2123 3565">
    <p class='ocr_par' dir='ltr' id='par_1_64' title="bbox 526 3490 2123 3565">
     <span class='ocr_line' id='line_1_64' title="bbox 526 3490 2123 3565; baseline -0.004 -15"><span class='ocrx_word' id='word_1_516' title='bbox 526 3495 726 3550; x_wconf 87' lang='lat' dir='ltr'><strong><em>vulnus</em></strong></span> <span class='ocrx_word' id='word_1_517' title='bbox 748 3496 888 3565; x_wconf 87' lang='lat' dir='ltr'><strong><em>ejus,</em></strong></span> <span class='ocrx_word' id='word_1_518' title='bbox 915 3506 1140 3550; x_wconf 84' lang='lat' dir='ltr'><strong><em>curatus</em></strong></span> <span class='ocrx_word' id='word_1_519' title='bbox 1166 3500 1267 3546; x_wconf 85' lang='lat' dir='ltr'><strong><em>est.</em></strong></span> <span class='ocrx_word' id='word_1_520' title='bbox 1292 3490 1609 3548; x_wconf 61' lang='lat' dir='ltr'><strong><em>Revertitur</em></strong></span> <span class='ocrx_word' id='word_1_521' title='bbox 1633 3501 1814 3545; x_wconf 88' lang='lat' dir='ltr'><strong><em>autem</em></strong></span> <span class='ocrx_word' id='word_1_522' title='bbox 1842 3491 1910 3543; x_wconf 89' lang='lat' dir='ltr'><strong><em>ad</em></strong></span> <span class='ocrx_word' id='word_1_523' title='bbox 1943 3503 2123 3560; x_wconf 85' lang='lat' dir='ltr'><strong><em>regem</em></strong></span> 
     </span>
    </p>
   </div>
   <div class='ocr_carea' id='block_1_65' title="bbox 527 3585 2128 3660">
    <p class='ocr_par' dir='ltr' id='par_1_65' title="bbox 527 3585 2128 3660">
     <span class='ocr_line' id='line_1_65' title="bbox 527 3585 2128 3660; baseline -0.005 -14"><span class='ocrx_word' id='word_1_524' title='bbox 527 3591 800 3660; x_wconf 82' lang='lat' dir='ltr'><strong><em>Prnplteta</em></strong></span> <span class='ocrx_word' id='word_1_525' title='bbox 843 3587 1054 3644; x_wconf 60' lang='lat' dir='ltr'><strong><em>Domini</em></strong></span> <span class='ocrx_word' id='word_1_526' title='bbox 1088 3587 1357 3658; x_wconf 84' lang='lat' dir='ltr'><strong><em>jussione,</em></strong></span> <span class='ocrx_word' id='word_1_527' title='bbox 1407 3594 1468 3642; x_wconf 89' lang='lat' dir='ltr'><strong><em>ut</em></strong></span> <span class='ocrx_word' id='word_1_528' title='bbox 1497 3589 1613 3656; x_wconf 85' lang='lat' dir='ltr'><strong><em>ipse</em></strong></span> <span class='ocrx_word' id='word_1_529' title='bbox 1639 3593 1859 3640; x_wconf 77' lang='lat' dir='ltr'><strong><em>sanaret</em></strong></span> <span class='ocrx_word' id='word_1_530' title='bbox 1884 3585 1976 3656; x_wconf 90' lang='lat' dir='ltr'><strong><em>qui</em></strong></span> <span class='ocrx_word' id='word_1_531' title='bbox 2008 3599 2128 3654; x_wconf 84' lang='lat' dir='ltr'><strong><em>per-</em></strong></span> 
     </span>
    </p>
   </div>
   <div class='ocr_carea' id='block_1_66' title="bbox 527 3677 2124 3750">
    <p class='ocr_par' dir='ltr' id='par_1_66' title="bbox 527 3677 2124 3750">
     <span class='ocr_line' id='line_1_66' title="bbox 527 3677 2124 3750; baseline -0.009 -6"><span class='ocrx_word' id='word_1_532' title='bbox 527 3695 802 3750; x_wconf 88' lang='lat' dir='ltr'><strong><em>cusserat;</em></strong></span> <span class='ocrx_word' id='word_1_533' title='bbox 827 3692 880 3738; x_wconf 88' lang='lat' dir='ltr'><strong><em>et</em></strong></span> <span class='ocrx_word' id='word_1_534' title='bbox 912 3691 1138 3738; x_wconf 80' lang='lat' dir='ltr'><strong><em>vocatur</em></strong></span> <span class='ocrx_word' id='word_1_535' title='bbox 1170 3679 1440 3736; x_wconf 82' lang='lat' dir='ltr'><strong><em>Ezechias</em></strong></span> <span class='ocrx_word' id='word_1_536' title='bbox 1466 3682 1576 3734; x_wconf 84' lang='lat' dir='ltr'><strong><em>dux</em></strong></span> <span class='ocrx_word' id='word_1_537' title='bbox 1608 3677 1788 3750; x_wconf 68' lang='lat' dir='ltr'><strong><em>populi</em></strong></span> <span class='ocrx_word' id='word_1_538' title='bbox 1817 3678 1956 3748; x_wconf 87' lang='lat' dir='ltr'><strong><em>ejus,</em></strong></span> <span class='ocrx_word' id='word_1_539' title='bbox 1979 3684 2036 3731; x_wconf 90' lang='lat' dir='ltr'><strong><em>et</em></strong></span> <span class='ocrx_word' id='word_1_540' title='bbox 2060 3677 2124 3730; x_wconf 88' lang='lat' dir='ltr'><strong><em>li-</em></strong></span> 
     </span>
    </p>
   </div>
   <div class='ocr_carea' id='block_1_67' title="bbox 525 3773 2126 3847">
    <p class='ocr_par' dir='ltr' id='par_1_67' title="bbox 525 3773 2126 3847">
     <span class='ocr_line' id='line_1_67' title="bbox 525 3773 2126 3847; baseline -0.004 -11"><span class='ocrx_word' id='word_1_541' title='bbox 525 3779 630 3837; x_wconf 66' lang='lat' dir='ltr'><strong><em>lius</em></strong></span> <span class='ocrx_word' id='word_1_542' title='bbox 656 3777 848 3844; x_wconf 84' lang='lat' dir='ltr'><strong><em>David,</em></strong></span> <span class='ocrx_word' id='word_1_543' title='bbox 879 3778 1037 3847; x_wconf 87' lang='lat' dir='ltr'><strong><em>cujus</em></strong></span> <span class='ocrx_word' id='word_1_544' title='bbox 1055 3792 1220 3845; x_wconf 80' lang='lat' dir='ltr'><strong><em>Opera</em></strong></span> <span class='ocrx_word' id='word_1_545' title='bbox 1245 3776 1580 3840; x_wconf 78' lang='lat' dir='ltr'><strong><em>sectabatur,</em></strong></span> <span class='ocrx_word' id='word_1_546' title='bbox 1615 3779 1816 3830; x_wconf 84' lang='lat' dir='ltr'><strong><em>lecerat</em></strong></span> <span class='ocrx_word' id='word_1_547' title='bbox 1836 3773 1984 3830; x_wconf 91' lang='lat' dir='ltr'><strong><em>enim</em></strong></span> <span class='ocrx_word' id='word_1_548' title='bbox 2013 3787 2126 3830; x_wconf 82' lang='lat' dir='ltr'><strong><em>rec-</em></strong></span> 
     </span>
    </p>
   </div>
   <div class='ocr_carea' id='block_1_68' title="bbox 527 3868 2126 3940">
    <p class='ocr_par' dir='ltr' id='par_1_68' title="bbox 527 3868 2126 3940">
     <span class='ocr_line' id='line_1_68' title="bbox 527 3868 2126 3940; baseline -0.006 -10"><span class='ocrx_word' id='word_1_549' title='bbox 527 3883 640 3930; x_wconf 89' lang='lat' dir='ltr'><strong><em>tutu</em></strong></span> <span class='ocrx_word' id='word_1_550' title='bbox 669 3875 820 3940; x_wconf 83' lang='lat' dir='ltr'><strong><em>juxta</em></strong></span> <span class='ocrx_word' id='word_1_551' title='bbox 855 3875 1038 3925; x_wconf 90' lang='lat' dir='ltr'><strong><em>omnia</em></strong></span> <span class='ocrx_word' id='word_1_552' title='bbox 1061 3885 1182 3938; x_wconf 62' lang='lat' dir='ltr'><strong><em>qua!</em></strong></span> <span class='ocrx_word' id='word_1_553' title='bbox 1213 3869 1345 3925; x_wconf 79' lang='lat' dir='ltr'><strong><em>fecit</em></strong></span> <span class='ocrx_word' id='word_1_554' title='bbox 1378 3869 1542 3923; x_wconf 87' lang='lat' dir='ltr'><strong><em>David</em></strong></span> <span class='ocrx_word' id='word_1_555' title='bbox 1577 3876 1732 3937; x_wconf 90' lang='lat' dir='ltr'><strong><em>pater</em></strong></span> <span class='ocrx_word' id='word_1_556' title='bbox 1762 3868 1916 3938; x_wconf 88' lang='lat' dir='ltr'><strong><em>ejus:</em></strong></span> <span class='ocrx_word' id='word_1_557' title='bbox 1949 3877 2000 3922; x_wconf 87' lang='lat' dir='ltr'><strong><em>et</em></strong></span> <span class='ocrx_word' id='word_1_558' title='bbox 2031 3882 2126 3921; x_wconf 84' lang='lat' dir='ltr'><strong><em>au-</em></strong></span> 
     </span>
    </p>
   </div>
   <div class='ocr_carea' id='block_1_69' title="bbox 526 3961 2128 4038">
    <p class='ocr_par' dir='ltr' id='par_1_69' title="bbox 526 3961 2128 4038">
     <span class='ocr_line' id='line_1_69' title="bbox 526 3961 2128 4038; baseline -0.006 -14"><span class='ocrx_word' id='word_1_559' title='bbox 526 3967 672 4024; x_wconf 89' lang='lat' dir='ltr'><strong><em>ditur</em></strong></span> <span class='ocrx_word' id='word_1_560' title='bbox 695 3965 813 4038; x_wconf 73' lang='lat' dir='ltr'><strong><em>ejus</em></strong></span> <span class='ocrx_word' id='word_1_561' title='bbox 833 3965 1030 4029; x_wconf 90' lang='lat' dir='ltr'><strong><em>oratio,</em></strong></span> <span class='ocrx_word' id='word_1_562' title='bbox 1048 3961 1711 4034; x_wconf 67' lang='lat' dir='ltr'><strong><em>videnturquelacrymaa,</em></strong></span> <span class='ocrx_word' id='word_1_563' title='bbox 1733 3961 1991 4030; x_wconf 88' lang='lat' dir='ltr'><strong><em>quoniam</em></strong></span> <span class='ocrx_word' id='word_1_564' title='bbox 2014 3975 2128 4015; x_wconf 86' lang='lat' dir='ltr'><strong><em>am-</em></strong></span> 
     </span>
    </p>
   </div>
   <div class='ocr_carea' id='block_1_70' title="bbox 526 4055 2163 4123">
    <p class='ocr_par' dir='ltr' id='par_1_70' title="bbox 526 4055 2163 4123">
     <span class='ocr_line' id='line_1_70' title="bbox 526 4055 2163 4123; baseline -0.005 -6"><span class='ocrx_word' id='word_1_565' title='bbox 526 4059 809 4117; x_wconf 86' lang='lat' dir='ltr'><strong><em>bulaverat</em></strong></span> <span class='ocrx_word' id='word_1_566' title='bbox 831 4071 1017 4116; x_wconf 90' lang='lat' dir='ltr'><strong><em>coram</em></strong></span> <span class='ocrx_word' id='word_1_567' title='bbox 1042 4056 1274 4113; x_wconf 84' lang='lat' dir='ltr'><strong><em>Domino</em></strong></span> <span class='ocrx_word' id='word_1_568' title='bbox 1303 4056 1355 4112; x_wconf 91' lang='lat' dir='ltr'><strong><em>in</em></strong></span> <span class='ocrx_word' id='word_1_569' title='bbox 1382 4063 1613 4111; x_wconf 81' lang='lat' dir='ltr'><strong><em>veritate</em></strong></span> <span class='ocrx_word' id='word_1_570' title='bbox 1641 4066 1698 4110; x_wconf 90' lang='lat' dir='ltr'><strong><em>et</em></strong></span> <span class='ocrx_word' id='word_1_571' title='bbox 1729 4055 1781 4109; x_wconf 90' lang='lat' dir='ltr'><strong><em>in</em></strong></span> <span class='ocrx_word' id='word_1_572' title='bbox 1813 4057 1984 4110; x_wconf 88' lang='lat' dir='ltr'><strong><em>corde</em></strong></span> <span class='ocrx_word' id='word_1_573' title='bbox 2005 4069 2163 4123; x_wconf 82' lang='lat' dir='ltr'><strong><em>per--</em></strong></span> 
     </span>
    </p>
   </div>
   <div class='ocr_carea' id='block_1_71' title="bbox 530 4149 2129 4221">
    <p class='ocr_par' dir='ltr' id='par_1_71' title="bbox 530 4149 2129 4221">
     <span class='ocr_line' id='line_1_71' title="bbox 530 4149 2129 4221; baseline -0.005 -11"><span class='ocrx_word' id='word_1_574' title='bbox 530 4155 694 4217; x_wconf 80' lang='lat' dir='ltr'><strong><em>lecto,</em></strong></span> <span class='ocrx_word' id='word_1_575' title='bbox 719 4163 773 4208; x_wconf 91' lang='lat' dir='ltr'><strong><em>et</em></strong></span> <span class='ocrx_word' id='word_1_576' title='bbox 803 4154 1022 4209; x_wconf 81' lang='lat' dir='ltr'><strong><em>ﬂeverat</em></strong></span> <span class='ocrx_word' id='word_1_577' title='bbox 1049 4151 1181 4207; x_wconf 83' lang='lat' dir='ltr'><strong><em>ﬂetu</em></strong></span> <span class='ocrx_word' id='word_1_578' title='bbox 1207 4165 1402 4221; x_wconf 86' lang='lat' dir='ltr'><strong><em>magno</em></strong></span> <span class='ocrx_word' id='word_1_579' title='bbox 1425 4166 1442 4216; x_wconf 86' lang='lat'><strong>;</strong></span> <span class='ocrx_word' id='word_1_580' title='bbox 1465 4159 1522 4204; x_wconf 92' lang='lat' dir='ltr'><strong><em>et</em></strong></span> <span class='ocrx_word' id='word_1_581' title='bbox 1547 4149 1691 4219; x_wconf 88' lang='lat' dir='ltr'><strong><em>quod</em></strong></span> <span class='ocrx_word' id='word_1_582' title='bbox 1726 4150 1984 4218; x_wconf 86' lang='lat' dir='ltr'><strong><em>placitum</em></strong></span> <span class='ocrx_word' id='word_1_583' title='bbox 2011 4155 2129 4202; x_wconf 85' lang='lat' dir='ltr'><strong><em>erat</em></strong></span> 
     </span>
    </p>
   </div>
   <div class='ocr_carea' id='block_1_72' title="bbox 528 4237 2124 4312">
    <p class='ocr_par' dir='ltr' id='par_1_72' title="bbox 528 4237 2124 4312">
     <span class='ocr_line' id='line_1_72' title="bbox 528 4237 2124 4312; baseline -0.006 -10"><span class='ocrx_word' id='word_1_584' title='bbox 528 4246 584 4302; x_wconf 93' lang='lat' dir='ltr'><strong><em>in</em></strong></span> <span class='ocrx_word' id='word_1_585' title='bbox 608 4244 780 4302; x_wconf 74' lang='lat' dir='ltr'><strong><em>oculis</em></strong></span> <span class='ocrx_word' id='word_1_586' title='bbox 805 4247 922 4312; x_wconf 85' lang='lat' dir='ltr'><strong><em>ejus</em></strong></span> <span class='ocrx_word' id='word_1_587' title='bbox 949 4244 1173 4300; x_wconf 80' lang='lat' dir='ltr'><strong><em>fecerat.</em></strong></span> <span class='ocrx_word' id='word_1_588' title='bbox 1205 4242 1549 4312; x_wconf 75' lang='lat' dir='ltr'><strong><em>Atljiciuntur</em></strong></span> <span class='ocrx_word' id='word_1_589' title='bbox 1571 4241 1880 4312; x_wconf 77' lang='lat' dir='ltr'><strong><em>quindecim</em></strong></span> <span class='ocrx_word' id='word_1_590' title='bbox 1901 4237 2031 4296; x_wconf 67' lang='lat' dir='ltr'><strong><em>anni</em></strong></span> <span class='ocrx_word' id='word_1_591' title='bbox 2057 4238 2124 4293; x_wconf 91' lang='lat' dir='ltr'><strong><em>ad</em></strong></span> 
     </span>
    </p>
   </div>
   <div class='ocr_carea' id='block_1_73' title="bbox 529 4335 2126 4410">
    <p class='ocr_par' dir='ltr' id='par_1_73' title="bbox 529 4335 2126 4410">
     <span class='ocr_line' id='line_1_73' title="bbox 529 4335 2126 4410; baseline -0.004 -15"><span class='ocrx_word' id='word_1_592' title='bbox 529 4341 720 4407; x_wconf 88' lang='lat' dir='ltr'><strong><em>vitam,</em></strong></span> <span class='ocrx_word' id='word_1_593' title='bbox 743 4354 880 4410; x_wconf 90' lang='lat' dir='ltr'><strong><em>quos</em></strong></span> <span class='ocrx_word' id='word_1_594' title='bbox 911 4338 1003 4394; x_wconf 86' lang='lat' dir='ltr'><strong><em>ille</em></strong></span> <span class='ocrx_word' id='word_1_595' title='bbox 1035 4351 1142 4393; x_wconf 90' lang='lat' dir='ltr'><strong><em>non</em></strong></span> <span class='ocrx_word' id='word_1_596' title='bbox 1174 4337 1564 4407; x_wconf 81' lang='lat' dir='ltr'><strong><em>postulaverat,</em></strong></span> <span class='ocrx_word' id='word_1_597' title='bbox 1583 4345 1637 4390; x_wconf 89' lang='lat' dir='ltr'><strong><em>et</em></strong></span> <span class='ocrx_word' id='word_1_598' title='bbox 1665 4336 1887 4405; x_wconf 87' lang='lat' dir='ltr'><strong><em>insuper</em></strong></span> <span class='ocrx_word' id='word_1_599' title='bbox 1911 4335 2126 4388; x_wconf 87' lang='lat' dir='ltr'><strong><em>vivente</em></strong></span> 
     </span>
    </p>
   </div>
   <div class='ocr_carea' id='block_1_74' title="bbox 529 4428 2142 4505">
    <p class='ocr_par' dir='ltr' id='par_1_74' title="bbox 529 4428 2142 4505">
     <span class='ocr_line' id='line_1_74' title="bbox 529 4428 2142 4505; baseline -0.006 -13"><span class='ocrx_word' id='word_1_600' title='bbox 529 4450 619 4503; x_wconf 89' lang='lat' dir='ltr'><strong><em>eo,</em></strong></span> <span class='ocrx_word' id='word_1_601' title='bbox 649 4434 801 4505; x_wconf 90' lang='lat' dir='ltr'><strong><em>regni</em></strong></span> <span class='ocrx_word' id='word_1_602' title='bbox 825 4435 1094 4490; x_wconf 72' lang='lat' dir='ltr'><strong><em>securitas</em></strong></span> <span class='ocrx_word' id='word_1_603' title='bbox 1117 4432 1537 4503; x_wconf 68' lang='lat' dir='ltr'><strong><em>repromittttur.</em></strong></span> <span class='ocrx_word' id='word_1_604' title='bbox 1573 4429 1670 4486; x_wconf 88' lang='lat' dir='ltr'><strong><em>Sin</em></strong></span> <span class='ocrx_word' id='word_1_605' title='bbox 1691 4441 1898 4496; x_wconf 87' lang='lat' dir='ltr'><strong><em>autem,</em></strong></span> <span class='ocrx_word' id='word_1_606' title='bbox 1925 4437 1984 4482; x_wconf 87' lang='lat' dir='ltr'><strong><em>ut</em></strong></span> <span class='ocrx_word' id='word_1_607' title='bbox 2007 4428 2142 4500; x_wconf 45' lang='lat' dir='ltr'><strong><em>qui:</em></strong></span> 
     </span>
    </p>
   </div>
   <div class='ocr_carea' id='block_1_75' title="bbox 532 4524 2127 4598">
    <p class='ocr_par' dir='ltr' id='par_1_75' title="bbox 532 4524 2127 4598">
     <span class='ocr_line' id='line_1_75' title="bbox 532 4524 2127 4598; baseline -0.004 -14"><span class='ocrx_word' id='word_1_608' title='bbox 532 4528 654 4584; x_wconf 87' lang='lat' dir='ltr'><strong><em>dam</em></strong></span> <span class='ocrx_word' id='word_1_609' title='bbox 689 4537 898 4598; x_wconf 85' lang='lat' dir='ltr'><strong><em>putant,</em></strong></span> <span class='ocrx_word' id='word_1_610' title='bbox 943 4527 998 4582; x_wconf 93' lang='lat' dir='ltr'><strong><em>in</em></strong></span> <span class='ocrx_word' id='word_1_611' title='bbox 1024 4541 1260 4596; x_wconf 82' lang='lat' dir='ltr'><strong><em>corpore</em></strong></span> <span class='ocrx_word' id='word_1_612' title='bbox 1285 4525 1471 4580; x_wconf 89' lang='lat' dir='ltr'><strong><em>vivere</em></strong></span> <span class='ocrx_word' id='word_1_613' title='bbox 1493 4524 1878 4580; x_wconf 88' lang='lat' dir='ltr'><strong><em>condemnatio</em></strong></span> <span class='ocrx_word' id='word_1_614' title='bbox 1905 4533 1984 4578; x_wconf 88' lang='lat' dir='ltr'><strong><em>est</em></strong></span> <span class='ocrx_word' id='word_1_615' title='bbox 2011 4563 2029 4591; x_wconf 92' lang='lat'><strong><em>,</em></strong></span> <span class='ocrx_word' id='word_1_616' title='bbox 2070 4531 2127 4579; x_wconf 90' lang='lat' dir='ltr'><strong><em>et</em></strong></span> 
     </span>
    </p>
   </div>
   <div class='ocr_carea' id='block_1_76' title="bbox 524 4615 2124 4693">
    <p class='ocr_par' dir='ltr' id='par_1_76' title="bbox 524 4615 2124 4693">
     <span class='ocr_line' id='line_1_76' title="bbox 524 4615 2124 4693; baseline -0.003 -18"><span class='ocrx_word' id='word_1_617' title='bbox 524 4621 677 4693; x_wconf 81' lang='lat' dir='ltr'><strong><em>juxta</em></strong></span> <span class='ocrx_word' id='word_1_618' title='bbox 712 4620 843 4676; x_wconf 90' lang='lat' dir='ltr'><strong><em>illttd</em></strong></span> <span class='ocrx_word' id='word_1_619' title='bbox 869 4619 1014 4692; x_wconf 79' lang='lat' dir='ltr'><strong><em>quod</em></strong></span> <span class='ocrx_word' id='word_1_620' title='bbox 1051 4620 1249 4674; x_wconf 82' lang='lat' dir='ltr'><strong><em>dicitur</em></strong></span> <span class='ocrx_word' id='word_1_621' title='bbox 1283 4634 1298 4671; x_wconf 92' lang='lat'><strong>:</strong></span> <span class='ocrx_word' id='word_1_622' title='bbox 1345 4615 1646 4686; x_wconf 83' lang='lat' dir='ltr'><strong><em>Revertere,</em></strong></span> <span class='ocrx_word' id='word_1_623' title='bbox 1681 4617 1856 4671; x_wconf 90' lang='lat' dir='ltr'><strong><em>anima</em></strong></span> <span class='ocrx_word' id='word_1_624' title='bbox 1890 4633 2034 4681; x_wconf 88' lang='lat' dir='ltr'><strong><em>mea,</em></strong></span> <span class='ocrx_word' id='word_1_625' title='bbox 2070 4617 2124 4671; x_wconf 90' lang='lat' dir='ltr'><strong><em>in</em></strong></span> 
     </span>
    </p>
   </div>
   <div class='ocr_carea' id='block_1_77' title="bbox 2302 3405 3830 3478">
    <p class='ocr_par' dir='ltr' id='par_1_77' title="bbox 2302 3405 3830 3478">
     <span class='ocr_line' id='line_1_77' title="bbox 2302 3405 3830 3478; baseline 0.003 -22"><span class='ocrx_word' id='word_1_626' title='bbox 2302 3405 2484 3478; x_wconf 59' lang='grc' dir='ltr'><strong><em>(νει-ε.</em></strong></span> <span class='ocrx_word' id='word_1_627' title='bbox 2515 3407 2582 3462; x_wconf 83' lang='lat' dir='ltr'><strong><em>lt)</em></strong></span> <span class='ocrx_word' id='word_1_628' title='bbox 2619 3407 2802 3478; x_wconf 88' lang='lat' dir='ltr'><strong><em>seqq.)</em></strong></span> <span class='ocrx_word' id='word_1_629' title='bbox 2830 3405 2944 3478; x_wconf 82' lang='lat' dir='ltr'><strong><em>Ego</em></strong></span> <span class='ocrx_word' id='word_1_630' title='bbox 2975 3406 3089 3461; x_wconf 77' lang='lat' dir='ltr'><strong><em>dixi</em></strong></span> <span class='ocrx_word' id='word_1_631' title='bbox 3130 3407 3186 3460; x_wconf 88' lang='lat' dir='ltr'><strong><em>in</em></strong></span> <span class='ocrx_word' id='word_1_632' title='bbox 3212 3407 3433 3461; x_wconf 87' lang='lat' dir='ltr'><strong><em>dimidio</em></strong></span> <span class='ocrx_word' id='word_1_633' title='bbox 3464 3406 3674 3463; x_wconf 83' lang='lat' dir='ltr'><strong><em>dierum</em></strong></span> <span class='ocrx_word' id='word_1_634' title='bbox 3702 3422 3830 3462; x_wconf 86' lang='lat' dir='ltr'><strong><em>meo-</em></strong></span> 
     </span>
    </p>
   </div>
   <div class='ocr_carea' id='block_1_78' title="bbox 2229 3498 3830 3571">
    <p class='ocr_par' dir='ltr' id='par_1_78' title="bbox 2229 3498 3830 3571">
     <span class='ocr_line' id='line_1_78' title="bbox 2229 3498 3830 3571; baseline 0.004 -22"><span class='ocrx_word' id='word_1_635' title='bbox 2229 3513 2366 3562; x_wconf 89' lang='lat' dir='ltr'><strong><em>rum,</em></strong></span> <span class='ocrx_word' id='word_1_636' title='bbox 2395 3499 2580 3552; x_wconf 86' lang='lat' dir='ltr'><strong><em>vadnm</em></strong></span> <span class='ocrx_word' id='word_1_637' title='bbox 2599 3498 2669 3552; x_wconf 89' lang='lat' dir='ltr'><strong><em>ad</em></strong></span> <span class='ocrx_word' id='word_1_638' title='bbox 2702 3509 2878 3566; x_wconf 87' lang='lat' dir='ltr'><strong><em>portas</em></strong></span> <span class='ocrx_word' id='word_1_639' title='bbox 2905 3499 3064 3568; x_wconf 80' lang='lat' dir='ltr'><strong><em>inferi</em></strong></span> <span class='ocrx_word' id='word_1_640' title='bbox 3092 3515 3111 3555; x_wconf 90' lang='lat'><strong><em>:</em></strong></span> <span class='ocrx_word' id='word_1_641' title='bbox 3138 3501 3354 3571; x_wconf 73' lang='lat' dir='ltr'><strong><em>qumivi</em></strong></span> <span class='ocrx_word' id='word_1_642' title='bbox 3376 3501 3648 3555; x_wconf 84' lang='lat' dir='ltr'><strong><em>residuum</em></strong></span> <span class='ocrx_word' id='word_1_643' title='bbox 3674 3514 3830 3556; x_wconf 83' lang='lat' dir='ltr'><strong><em>anno-</em></strong></span> 
     </span>
    </p>
   </div>
   <div class='ocr_carea' id='block_1_79' title="bbox 2228 3590 3826 3654">
    <p class='ocr_par' dir='ltr' id='par_1_79' title="bbox 2228 3590 3826 3654">
     <span class='ocr_line' id='line_1_79' title="bbox 2228 3590 3826 3654; baseline 0 -11"><span class='ocrx_word' id='word_1_644' title='bbox 2228 3605 2341 3643; x_wconf 86' lang='lat' dir='ltr'><strong><em>rum</em></strong></span> <span class='ocrx_word' id='word_1_645' title='bbox 2370 3606 2615 3645; x_wconf 89' lang='lat' dir='ltr'><strong><em>meorum.</em></strong></span> <span class='ocrx_word' id='word_1_646' title='bbox 2662 3590 2806 3654; x_wconf 77' lang='lat' dir='ltr'><strong><em>Dixi,</em></strong></span> <span class='ocrx_word' id='word_1_647' title='bbox 2847 3607 2952 3646; x_wconf 87' lang='lat' dir='ltr'><strong><em>non</em></strong></span> <span class='ocrx_word' id='word_1_648' title='bbox 2989 3592 3165 3646; x_wconf 86' lang='lat' dir='ltr'><strong><em>videbo</em></strong></span> <span class='ocrx_word' id='word_1_649' title='bbox 3198 3590 3475 3646; x_wconf 87' lang='lat' dir='ltr'><strong><em>Dominum</em></strong></span> <span class='ocrx_word' id='word_1_650' title='bbox 3498 3591 3526 3630; x_wconf 73' lang='grc' dir='ltr'>δ</span> <span class='ocrx_word' id='word_1_651' title='bbox 3562 3591 3734 3646; x_wconf 76' lang='lat' dir='ltr'><strong><em>Deum</em></strong></span> <span class='ocrx_word' id='word_1_652' title='bbox 3779 3593 3826 3643; x_wconf 83' lang='lat' dir='ltr'><strong><em>in</em></strong></span> 
     </span>
    </p>
   </div>
   <div class='ocr_carea' id='block_1_80' title="bbox 2229 3684 3829 3751">
    <p class='ocr_par' dir='ltr' id='par_1_80' title="bbox 2229 3684 3829 3751">
     <span class='ocr_line' id='line_1_80' title="bbox 2229 3684 3829 3751; baseline 0.001 -13"><span class='ocrx_word' id='word_1_653' title='bbox 2229 3695 2367 3739; x_wconf 85' lang='lat' dir='ltr'><strong><em>terra</em></strong></span> <span class='ocrx_word' id='word_1_654' title='bbox 2388 3686 2660 3739; x_wconf 79' lang='lat' dir='ltr'><strong><em>viventium</em></strong></span> <span class='ocrx_word' id='word_1_655' title='bbox 2686 3701 2704 3740; x_wconf 90' lang='lat'><em>:</em></span> <span class='ocrx_word' id='word_1_656' title='bbox 2732 3702 2836 3740; x_wconf 90' lang='lat' dir='ltr'><strong><em>non</em></strong></span> <span class='ocrx_word' id='word_1_657' title='bbox 2857 3685 3110 3751; x_wconf 83' lang='lat' dir='ltr'><strong><em>aspiciam</em></strong></span> <span class='ocrx_word' id='word_1_658' title='bbox 3138 3685 3399 3739; x_wconf 83' lang='lat' dir='ltr'><strong><em>hominem</em></strong></span> <span class='ocrx_word' id='word_1_659' title='bbox 3426 3685 3567 3739; x_wconf 89' lang='lat' dir='ltr'><strong><em>ultra</em></strong></span> <span class='ocrx_word' id='word_1_660' title='bbox 3598 3695 3652 3739; x_wconf 83' lang='lat' dir='ltr'><strong><em>et</em></strong></span> <span class='ocrx_word' id='word_1_661' title='bbox 3682 3684 3829 3739; x_wconf 81' lang='lat' dir='ltr'><strong><em>habi-</em></strong></span> 
     </span>
    </p>
   </div>
   <div class='ocr_carea' id='block_1_81' title="bbox 2229 3777 3829 3851">
    <p class='ocr_par' dir='ltr' id='par_1_81' title="bbox 2229 3777 3829 3851">
     <span class='ocr_line' id='line_1_81' title="bbox 2229 3777 3829 3851; baseline -0.004 -16"><span class='ocrx_word' id='word_1_662' title='bbox 2229 3791 2447 3835; x_wconf 74' lang='lat' dir='ltr'><strong><em>latorem</em></strong></span> <span class='ocrx_word' id='word_1_663' title='bbox 2466 3780 2651 3850; x_wconf 87' lang='lat' dir='ltr'><strong><em>quietis</em></strong></span> <span class='ocrx_word' id='word_1_664' title='bbox 2677 3790 2724 3834; x_wconf 75' lang='grc'><strong>⁸.</strong></span> <span class='ocrx_word' id='word_1_665' title='bbox 2755 3777 2988 3835; x_wconf 85' lang='lat' dir='ltr'><strong><em>Cessavit</em></strong></span> <span class='ocrx_word' id='word_1_666' title='bbox 3011 3781 3278 3851; x_wconf 88' lang='lat' dir='ltr'><strong><em>generatio</em></strong></span> <span class='ocrx_word' id='word_1_667' title='bbox 3303 3795 3416 3833; x_wconf 90' lang='lat' dir='ltr'><strong><em>mea</em></strong></span> <span class='ocrx_word' id='word_1_668' title='bbox 3443 3794 3462 3833; x_wconf 90' lang='lat'><strong><em>:</em></strong></span> <span class='ocrx_word' id='word_1_669' title='bbox 3485 3778 3670 3833; x_wconf 87' lang='lat' dir='ltr'><strong><em>ablata</em></strong></span> <span class='ocrx_word' id='word_1_670' title='bbox 3697 3789 3772 3833; x_wconf 88' lang='lat' dir='ltr'><strong><em>cst</em></strong></span> <span class='ocrx_word' id='word_1_671' title='bbox 3787 3787 3829 3832; x_wconf 88' lang='lat' dir='ltr'><strong><em>et</em></strong></span> 
     </span>
    </p>
   </div>
   <div class='ocr_carea' id='block_1_82' title="bbox 2230 3872 3828 3942">
    <p class='ocr_par' dir='ltr' id='par_1_82' title="bbox 2230 3872 3828 3942">
     <span class='ocr_line' id='line_1_82' title="bbox 2230 3872 3828 3942; baseline -0.001 -16"><span class='ocrx_word' id='word_1_672' title='bbox 2230 3873 2502 3926; x_wconf 72' lang='lat' dir='ltr'><strong><em>convoluta</em></strong></span> <span class='ocrx_word' id='word_1_673' title='bbox 2557 3880 2632 3926; x_wconf 90' lang='lat' dir='ltr'><strong><em>est</em></strong></span> <span class='ocrx_word' id='word_1_674' title='bbox 2679 3889 2714 3926; x_wconf 89' lang='lat' dir='ltr'><strong><em>a</em></strong></span> <span class='ocrx_word' id='word_1_675' title='bbox 2766 3888 2846 3928; x_wconf 87' lang='lat' dir='ltr'><strong><em>me</em></strong></span> <span class='ocrx_word' id='word_1_676' title='bbox 2890 3873 3040 3939; x_wconf 87' lang='lat' dir='ltr'><strong><em>quasi</em></strong></span> <span class='ocrx_word' id='word_1_677' title='bbox 3093 3872 3486 3927; x_wconf 78' lang='lat' dir='ltr'><strong><em>tabernaculum</em></strong></span> <span class='ocrx_word' id='word_1_678' title='bbox 3541 3882 3828 3942; x_wconf 79' lang='lat' dir='ltr'><strong><em>pastorum.</em></strong></span> 
     </span>
    </p>
   </div>
   <div class='ocr_carea' id='block_1_83' title="bbox 2233 3965 3830 4021">
    <p class='ocr_par' dir='ltr' id='par_1_83' title="bbox 2233 3965 3830 4021">
     <span class='ocr_line' id='line_1_83' title="bbox 2233 3965 3830 4021; baseline -0.001 -1"><span class='ocrx_word' id='word_1_679' title='bbox 2233 3965 2463 4021; x_wconf 68' lang='lat' dir='ltr'><strong><em>Pracisa</em></strong></span> <span class='ocrx_word' id='word_1_680' title='bbox 2509 3977 2584 4021; x_wconf 91' lang='lat' dir='ltr'><strong><em>est</em></strong></span> <span class='ocrx_word' id='word_1_681' title='bbox 2633 3966 2774 4020; x_wconf 87' lang='lat' dir='ltr'><strong><em>velut</em></strong></span> <span class='ocrx_word' id='word_1_682' title='bbox 2806 3982 2838 4019; x_wconf 94' lang='lat' dir='ltr'><strong><em>a</em></strong></span> <span class='ocrx_word' id='word_1_683' title='bbox 2867 3976 3066 4021; x_wconf 69' lang='lat' dir='ltr'><strong><em>texente</em></strong></span> <span class='ocrx_word' id='word_1_684' title='bbox 3091 3969 3194 4020; x_wconf 85' lang='lat' dir='ltr'><strong><em>vita</em></strong></span> <span class='ocrx_word' id='word_1_685' title='bbox 3214 3982 3326 4020; x_wconf 88' lang='lat' dir='ltr'><strong><em>mea</em></strong></span> <span class='ocrx_word' id='word_1_686' title='bbox 3351 3982 3371 4021; x_wconf 90' lang='lat'><strong><em>:</em></strong></span> <span class='ocrx_word' id='word_1_687' title='bbox 3396 3968 3522 4020; x_wconf 87' lang='lat' dir='ltr'><strong><em>dum</em></strong></span> <span class='ocrx_word' id='word_1_688' title='bbox 3546 3968 3726 4020; x_wconf 81' lang='lat' dir='ltr'><strong><em>adhuc</em></strong></span> <span class='ocrx_word' id='word_1_689' title='bbox 3752 3981 3830 4020; x_wconf 82' lang='lat' dir='ltr'><strong><em>or-</em></strong></span> 
     </span>
    </p>
   </div>
   <div class='ocr_carea' id='block_1_84' title="bbox 2230 4059 3831 4131">
    <p class='ocr_par' dir='ltr' id='par_1_84' title="bbox 2230 4059 3831 4131">
     <span class='ocr_line' id='line_1_84' title="bbox 2230 4059 3831 4131; baseline 0.001 -17"><span class='ocrx_word' id='word_1_690' title='bbox 2230 4061 2368 4116; x_wconf 86' lang='lat' dir='ltr'><strong><em>direr</em></strong></span> <span class='ocrx_word' id='word_1_691' title='bbox 2397 4061 2618 4117; x_wconf 74' lang='lat' dir='ltr'><strong><em>succidit</em></strong></span> <span class='ocrx_word' id='word_1_692' title='bbox 2649 4077 2768 4116; x_wconf 89' lang='lat' dir='ltr'><strong><em>me:</em></strong></span> <span class='ocrx_word' id='word_1_693' title='bbox 2796 4059 2862 4114; x_wconf 90' lang='lat' dir='ltr'><strong><em>de</em></strong></span> <span class='ocrx_word' id='word_1_694' title='bbox 2901 4077 3052 4116; x_wconf 89' lang='lat' dir='ltr'><strong><em>mane</em></strong></span> <span class='ocrx_word' id='word_1_695' title='bbox 3079 4076 3239 4131; x_wconf 84' lang='lat' dir='ltr'><strong><em>usque</em></strong></span> <span class='ocrx_word' id='word_1_696' title='bbox 3282 4061 3351 4114; x_wconf 88' lang='lat' dir='ltr'><strong><em>ad</em></strong></span> <span class='ocrx_word' id='word_1_697' title='bbox 3377 4076 3653 4131; x_wconf 86' lang='lat' dir='ltr'><strong><em>vesperum</em></strong></span> <span class='ocrx_word' id='word_1_698' title='bbox 3684 4061 3831 4130; x_wconf 77' lang='lat' dir='ltr'><strong><em>ﬁnies</em></strong></span> 
     </span>
    </p>
   </div>
   <div class='ocr_carea' id='block_1_85' title="bbox 2231 4154 3826 4228">
    <p class='ocr_par' dir='ltr' id='par_1_85' title="bbox 2231 4154 3826 4228">
     <span class='ocr_line' id='line_1_85' title="bbox 2231 4154 3826 4228; baseline -0.003 -18"><span class='ocrx_word' id='word_1_699' title='bbox 2231 4172 2328 4212; x_wconf 89' lang='lat' dir='ltr'><strong><em>me.</em></strong></span> <span class='ocrx_word' id='word_1_700' title='bbox 2381 4156 2668 4222; x_wconf 84' lang='lat' dir='ltr'><strong><em>Sperabam</em></strong></span> <span class='ocrx_word' id='word_1_701' title='bbox 2715 4170 2876 4228; x_wconf 82' lang='lat' dir='ltr'><strong><em>usque</em></strong></span> <span class='ocrx_word' id='word_1_702' title='bbox 2927 4171 3116 4210; x_wconf 87' lang='lat' dir='ltr'><strong><em>mane:</em></strong></span> <span class='ocrx_word' id='word_1_703' title='bbox 3144 4155 3297 4227; x_wconf 92' lang='lat' dir='ltr'><strong><em>quasi</em></strong></span> <span class='ocrx_word' id='word_1_704' title='bbox 3345 4157 3424 4210; x_wconf 87' lang='lat' dir='ltr'><strong><em>leo</em></strong></span> <span class='ocrx_word' id='word_1_705' title='bbox 3469 4157 3546 4209; x_wconf 92' lang='lat' dir='ltr'><strong><em>sic</em></strong></span> <span class='ocrx_word' id='word_1_706' title='bbox 3591 4154 3826 4210; x_wconf 74' lang='lat' dir='ltr'><strong><em>contrivit</em></strong></span> 
     </span>
    </p>
   </div>
   <div class='ocr_carea' id='block_1_86' title="bbox 2229 4247 3829 4318">
    <p class='ocr_par' dir='ltr' id='par_1_86' title="bbox 2229 4247 3829 4318">
     <span class='ocr_line' id='line_1_86' title="bbox 2229 4247 3829 4318; baseline -0.002 -15"><span class='ocrx_word' id='word_1_707' title='bbox 2229 4249 2403 4304; x_wconf 91' lang='lat' dir='ltr'><strong><em>omnia</em></strong></span> <span class='ocrx_word' id='word_1_708' title='bbox 2421 4266 2538 4305; x_wconf 81' lang='lat' dir='ltr'><strong><em>ossa</em></strong></span> <span class='ocrx_word' id='word_1_709' title='bbox 2560 4265 2696 4304; x_wconf 85' lang='lat' dir='ltr'><strong><em>mea.</em></strong></span> <span class='ocrx_word' id='word_1_710' title='bbox 2721 4247 2801 4303; x_wconf 90' lang='lat' dir='ltr'><strong><em>De</em></strong></span> <span class='ocrx_word' id='word_1_711' title='bbox 2823 4265 2974 4303; x_wconf 88' lang='lat' dir='ltr'><strong><em>mane</em></strong></span> <span class='ocrx_word' id='word_1_712' title='bbox 2996 4265 3162 4317; x_wconf 80' lang='lat' dir='ltr'><strong><em>usque</em></strong></span> <span class='ocrx_word' id='word_1_713' title='bbox 3181 4250 3248 4303; x_wconf 87' lang='lat' dir='ltr'><strong><em>ad</em></strong></span> <span class='ocrx_word' id='word_1_714' title='bbox 3275 4265 3544 4314; x_wconf 78' lang='lat' dir='ltr'><strong><em>vesperum</em></strong></span> <span class='ocrx_word' id='word_1_715' title='bbox 3564 4250 3720 4318; x_wconf 73' lang='lat' dir='ltr'><strong><em>ﬁnies</em></strong></span> <span class='ocrx_word' id='word_1_716' title='bbox 3738 4263 3829 4302; x_wconf 79' lang='lat' dir='ltr'><strong><em>nte.</em></strong></span> 
     </span>
    </p>
   </div>
   <div class='ocr_carea' id='block_1_87' title="bbox 2229 4338 3831 4416">
    <p class='ocr_par' dir='ltr' id='par_1_87' title="bbox 2229 4338 3831 4416">
     <span class='ocr_line' id='line_1_87' title="bbox 2229 4338 3831 4416; baseline -0.002 -18"><span class='ocrx_word' id='word_1_717' title='bbox 2229 4342 2374 4398; x_wconf 77' lang='lat' dir='ltr'><strong><em>LXX</em></strong></span> <span class='ocrx_word' id='word_1_718' title='bbox 2403 4364 2410 4392; x_wconf 80' lang='grc' dir='ltr'><strong><em>τ</em></strong></span> <span class='ocrx_word' id='word_1_719' title='bbox 2443 4340 2562 4416; x_wconf 86' lang='lat' dir='ltr'><strong><em>Ego</em></strong></span> <span class='ocrx_word' id='word_1_720' title='bbox 2587 4341 2700 4397; x_wconf 69' lang='lat' dir='ltr'><strong><em>dixi</em></strong></span> <span class='ocrx_word' id='word_1_721' title='bbox 2730 4342 2785 4395; x_wconf 85' lang='lat' dir='ltr'><strong><em>in</em></strong></span> <span class='ocrx_word' id='word_1_722' title='bbox 2804 4342 3006 4397; x_wconf 69' lang='lat' dir='ltr'><strong><em>excelso</em></strong></span> <span class='ocrx_word' id='word_1_723' title='bbox 3033 4345 3231 4396; x_wconf 89' lang='lat' dir='ltr'><strong><em>dierum</em></strong></span> <span class='ocrx_word' id='word_1_724' title='bbox 3260 4357 3511 4405; x_wconf 78' lang='lat' dir='ltr'><strong><em>nieorum,</em></strong></span> <span class='ocrx_word' id='word_1_725' title='bbox 3551 4341 3744 4396; x_wconf 78' lang='lat' dir='ltr'><strong><em>vadunt</em></strong></span> <span class='ocrx_word' id='word_1_726' title='bbox 3768 4338 3831 4394; x_wconf 83' lang='lat' dir='ltr'><strong><em>ad</em></strong></span> 
     </span>
    </p>
   </div>
   <div class='ocr_carea' id='block_1_88' title="bbox 2228 4433 3832 4506">
    <p class='ocr_par' dir='ltr' id='par_1_88' title="bbox 2228 4433 3832 4506">
     <span class='ocr_line' id='line_1_88' title="bbox 2228 4433 3832 4506; baseline 0 -20"><span class='ocrx_word' id='word_1_727' title='bbox 2228 4445 2408 4506; x_wconf 86' lang='lat' dir='ltr'><strong><em>portas</em></strong></span> <span class='ocrx_word' id='word_1_728' title='bbox 2432 4434 2589 4502; x_wconf 72' lang='lat' dir='ltr'><strong><em>in,&#39;eri</em></strong></span> <span class='ocrx_word' id='word_1_729' title='bbox 2610 4449 2630 4489; x_wconf 92' lang='lat'><strong><em>:</em></strong></span> <span class='ocrx_word' id='word_1_730' title='bbox 2656 4433 2946 4504; x_wconf 87' lang='lat' dir='ltr'><strong><em>relinquam</em></strong></span> <span class='ocrx_word' id='word_1_731' title='bbox 2975 4451 3143 4490; x_wconf 89' lang='lat' dir='ltr'><strong><em>annos</em></strong></span> <span class='ocrx_word' id='word_1_732' title='bbox 3167 4435 3402 4490; x_wconf 84' lang='lat' dir='ltr'><strong><em>residuos</em></strong></span> <span class='ocrx_word' id='word_1_733' title='bbox 3430 4451 3450 4491; x_wconf 89' lang='lat'><strong><em>:</em></strong></span> <span class='ocrx_word' id='word_1_734' title='bbox 3473 4434 3608 4496; x_wconf 70' lang='lat' dir='ltr'><strong><em>dixi.</em></strong></span> <span class='ocrx_word' id='word_1_735' title='bbox 3641 4449 3832 4504; x_wconf 82' lang='lat' dir='ltr'><strong><em>nequa-</em></strong></span> 
     </span>
    </p>
   </div>
   <div class='ocr_carea' id='block_1_89' title="bbox 2227 4531 3832 4606">
    <p class='ocr_par' dir='ltr' id='par_1_89' title="bbox 2227 4531 3832 4606">
     <span class='ocr_line' id='line_1_89' title="bbox 2227 4531 3832 4606; baseline 0.002 -21"><span class='ocrx_word' id='word_1_736' title='bbox 2227 4549 2382 4606; x_wconf 83' lang='lat' dir='ltr'><strong><em>quam</em></strong></span> <span class='ocrx_word' id='word_1_737' title='bbox 2404 4531 2544 4588; x_wconf 82' lang='lat' dir='ltr'><strong><em>ultra</em></strong></span> <span class='ocrx_word' id='word_1_738' title='bbox 2567 4531 2750 4588; x_wconf 85' lang='lat' dir='ltr'><strong><em>videbo</em></strong></span> <span class='ocrx_word' id='word_1_739' title='bbox 2777 4536 3010 4588; x_wconf 77' lang='lat' dir='ltr'><strong><em>salutare</em></strong></span> <span class='ocrx_word' id='word_1_740' title='bbox 3034 4533 3132 4590; x_wconf 80' lang='lat' dir='ltr'><strong><em>Dci</em></strong></span> <span class='ocrx_word' id='word_1_741' title='bbox 3158 4537 3210 4589; x_wconf 88' lang='lat' dir='ltr'><strong><em>in</em></strong></span> <span class='ocrx_word' id='word_1_742' title='bbox 3241 4545 3380 4591; x_wconf 89' lang='lat' dir='ltr'><strong><em>terra</em></strong></span> <span class='ocrx_word' id='word_1_743' title='bbox 3408 4536 3715 4598; x_wconf 71' lang='lat' dir='ltr'><strong><em>viventium,</em></strong></span> <span class='ocrx_word' id='word_1_744' title='bbox 3745 4551 3832 4589; x_wconf 81' lang='lat' dir='ltr'><strong><em>nec</em></strong></span> 
     </span>
    </p>
   </div>
   <div class='ocr_carea' id='block_1_90' title="bbox 2228 4624 3832 4699">
    <p class='ocr_par' dir='ltr' id='par_1_90' title="bbox 2228 4624 3832 4699">
     <span class='ocr_line' id='line_1_90' title="bbox 2228 4624 3832 4699; baseline 0.001 -19"><span class='ocrx_word' id='word_1_745' title='bbox 2228 4625 2405 4680; x_wconf 88' lang='lat' dir='ltr'><strong><em>videbo</em></strong></span> <span class='ocrx_word' id='word_1_746' title='bbox 2431 4624 2693 4682; x_wconf 85' lang='lat' dir='ltr'><strong><em>hominem</em></strong></span> <span class='ocrx_word' id='word_1_747' title='bbox 2720 4625 2894 4682; x_wconf 84' lang='lat' dir='ltr'><strong><em>adhuc</em></strong></span> <span class='ocrx_word' id='word_1_748' title='bbox 2919 4643 3039 4682; x_wconf 88' lang='lat' dir='ltr'><strong><em>cum</em></strong></span> <span class='ocrx_word' id='word_1_749' title='bbox 3061 4627 3409 4684; x_wconf 85' lang='lat' dir='ltr'><strong><em>habitantibus</em></strong></span> <span class='ocrx_word' id='word_1_750' title='bbox 3434 4643 3455 4684; x_wconf 89' lang='lat'><strong><em>:</em></strong></span> <span class='ocrx_word' id='word_1_751' title='bbox 3483 4627 3651 4699; x_wconf 59' lang='lat' dir='ltr'><strong><em>deieci</em></strong></span> <span class='ocrx_word' id='word_1_752' title='bbox 3685 4646 3719 4682; x_wconf 90' lang='lat' dir='ltr'><strong><em>a</em></strong></span> <span class='ocrx_word' id='word_1_753' title='bbox 3750 4644 3832 4682; x_wconf 85' lang='lat' dir='ltr'><strong><em>co-</em></strong></span> 
     </span>
    </p>
   </div>
   <div class='ocr_carea' id='block_1_91' title="bbox 528 4697 3835 4794">
    <p class='ocr_par' dir='ltr' id='par_1_91' title="bbox 528 4697 3835 4794">
     <span class='ocr_line' id='line_1_91' title="bbox 528 4697 3835 4794; baseline 0.001 -24"><span class='ocrx_word' id='word_1_754' title='bbox 528 4715 756 4786; x_wconf 90' lang='lat' dir='ltr'><strong><em>requiem</em></strong></span> <span class='ocrx_word' id='word_1_755' title='bbox 783 4727 925 4770; x_wconf 86' lang='lat' dir='ltr'><strong><em>tuam</em></strong></span> <span class='ocrx_word' id='word_1_756' title='bbox 954 4712 1077 4787; x_wconf 85' lang='lat' dir='ltr'><strong><em>(Ps.</em></strong></span> <span class='ocrx_word' id='word_1_757' title='bbox 1105 4725 1258 4778; x_wconf 89' lang='lat' dir='ltr'><strong><em>cxtv,</em></strong></span> <span class='ocrx_word' id='word_1_758' title='bbox 1283 4712 1365 4782; x_wconf 84' lang='lat'><strong><em>7).</em></strong></span> <span class='ocrx_word' id='word_1_759' title='bbox 1394 4711 1453 4767; x_wconf 84' lang='lat' dir='ltr'><strong><em>EI</em></strong></span> <span class='ocrx_word' id='word_1_760' title='bbox 1480 4711 1532 4766; x_wconf 92' lang='lat' dir='ltr'><strong><em>in</em></strong></span> <span class='ocrx_word' id='word_1_761' title='bbox 1560 4712 1670 4766; x_wconf 85' lang='lat' dir='ltr'><strong><em>alio</em></strong></span> <span class='ocrx_word' id='word_1_762' title='bbox 1699 4711 1849 4766; x_wconf 84' lang='lat' dir='ltr'><strong><em>loco:</em></strong></span> <span class='ocrx_word' id='word_1_763' title='bbox 1879 4709 2033 4765; x_wconf 87' lang='lat' dir='ltr'><strong><em>Educ</em></strong></span> <span class='ocrx_word' id='word_1_764' title='bbox 2062 4712 2127 4765; x_wconf 87' lang='lat' dir='ltr'><strong><em>de</em></strong></span> <span class='ocrx_word' id='word_1_765' title='bbox 2155 4697 2204 4759; x_wconf 83' lang='lat' dir='ltr'><strong><em>D</em></strong></span> <span class='ocrx_word' id='word_1_766' title='bbox 2231 4722 2473 4790; x_wconf 86' lang='lat' dir='ltr'><strong><em>gnatione</em></strong></span> <span class='ocrx_word' id='word_1_767' title='bbox 2499 4734 2633 4773; x_wconf 87' lang='lat' dir='ltr'><strong><em>mea.</em></strong></span> <span class='ocrx_word' id='word_1_768' title='bbox 2661 4717 2836 4774; x_wconf 69' lang='lat' dir='ltr'><strong><em>Exivit</em></strong></span> <span class='ocrx_word' id='word_1_769' title='bbox 2872 4730 2923 4774; x_wconf 92' lang='lat' dir='ltr'><strong><em>et</em></strong></span> <span class='ocrx_word' id='word_1_770' title='bbox 2968 4723 3179 4776; x_wconf 88' lang='lat' dir='ltr'><strong><em>recessit</em></strong></span> <span class='ocrx_word' id='word_1_771' title='bbox 3206 4737 3239 4774; x_wconf 93' lang='lat' dir='ltr'><strong><em>a</em></strong></span> <span class='ocrx_word' id='word_1_772' title='bbox 3260 4737 3361 4787; x_wconf 90' lang='lat' dir='ltr'><strong><em>me,</em></strong></span> <span class='ocrx_word' id='word_1_773' title='bbox 3401 4722 3535 4775; x_wconf 86' lang='lat' dir='ltr'><strong><em>sicut</em></strong></span> <span class='ocrx_word' id='word_1_774' title='bbox 3554 4697 3731 4794; x_wconf 18' lang='lat' dir='ltr'><strong><em>i571</em></strong></span> <span class='ocrx_word' id='word_1_775' title='bbox 3754 4730 3835 4773; x_wconf 81' lang='lat' dir='ltr'><strong><em>ta-</em></strong></span> 
     </span>
    </p>
   </div>
   <div class='ocr_carea' id='block_1_92' title="bbox 527 4804 2127 4876">
    <p class='ocr_par' dir='ltr' id='par_1_92' title="bbox 527 4804 2127 4876">
     <span class='ocr_line' id='line_1_92' title="bbox 527 4804 2127 4876; baseline -0.003 -11"><span class='ocrx_word' id='word_1_776' title='bbox 527 4825 732 4865; x_wconf 79' lang='lat' dir='ltr'><strong><em>carrere</em></strong></span> <span class='ocrx_word' id='word_1_777' title='bbox 787 4809 1016 4863; x_wconf 85' lang='lat' dir='ltr'><strong><em>animum</em></strong></span> <span class='ocrx_word' id='word_1_778' title='bbox 1064 4823 1234 4862; x_wconf 86' lang='lat' dir='ltr'><strong><em>meam</em></strong></span> <span class='ocrx_word' id='word_1_779' title='bbox 1271 4804 1390 4876; x_wconf 82' lang='lat' dir='ltr'><strong><em>(Ps.</em></strong></span> <span class='ocrx_word' id='word_1_780' title='bbox 1424 4821 1568 4869; x_wconf 82' lang='lat' dir='ltr'><strong><em>cxu.</em></strong></span> <span class='ocrx_word' id='word_1_781' title='bbox 1621 4807 1701 4876; x_wconf 84' lang='lat'><strong><em>8),</em></strong></span> <span class='ocrx_word' id='word_1_782' title='bbox 1763 4807 1999 4876; x_wconf 84' lang='lat' dir='ltr'><strong><em>optanda</em></strong></span> <span class='ocrx_word' id='word_1_783' title='bbox 2041 4815 2127 4863; x_wconf 88' lang='lat' dir='ltr'><strong><em>est</em></strong></span> 
     </span>
    </p>
   </div>
   <div class='ocr_carea' id='block_1_93' title="bbox 528 4897 2124 4966">
    <p class='ocr_par' dir='ltr' id='par_1_93' title="bbox 528 4897 2124 4966">
     <span class='ocr_line' id='line_1_93' title="bbox 528 4897 2124 4966; baseline -0.005 -6"><span class='ocrx_word' id='word_1_784' title='bbox 528 4918 678 4960; x_wconf 89' lang='lat' dir='ltr'><strong><em>mors</em></strong></span> <span class='ocrx_word' id='word_1_785' title='bbox 705 4903 844 4958; x_wconf 89' lang='lat' dir='ltr'><strong><em>ntde</em></strong></span> <span class='ocrx_word' id='word_1_786' title='bbox 869 4917 1093 4958; x_wconf 85' lang='lat' dir='ltr'><strong><em>carcere</em></strong></span> <span class='ocrx_word' id='word_1_787' title='bbox 1115 4901 1436 4958; x_wconf 83' lang='lat' dir='ltr'><strong><em>liberemur;</em></strong></span> <span class='ocrx_word' id='word_1_788' title='bbox 1469 4899 1747 4966; x_wconf 81' lang='lat' dir='ltr'><strong><em>quomodo</em></strong></span> <span class='ocrx_word' id='word_1_789' title='bbox 1775 4914 1920 4954; x_wconf 91' lang='lat' dir='ltr'><strong><em>nunc</em></strong></span> <span class='ocrx_word' id='word_1_790' title='bbox 1944 4897 2124 4953; x_wconf 87' lang='lat' dir='ltr'><strong><em>Domi-</em></strong></span> 
     </span>
    </p>
   </div>
   <div class='ocr_carea' id='block_1_94' title="bbox 527 4993 2120 5066">
    <p class='ocr_par' dir='ltr' id='par_1_94' title="bbox 527 4993 2120 5066">
     <span class='ocr_line' id='line_1_94' title="bbox 527 4993 2120 5066; baseline -0.003 -14"><span class='ocrx_word' id='word_1_791' title='bbox 527 5011 631 5053; x_wconf 86' lang='lat' dir='ltr'><strong><em>nus</em></strong></span> <span class='ocrx_word' id='word_1_792' title='bbox 685 4999 853 5052; x_wconf 83' lang='lat' dir='ltr'><strong><em>donat</em></strong></span> <span class='ocrx_word' id='word_1_793' title='bbox 884 5011 983 5066; x_wconf 78' lang='lat' dir='ltr'><strong><em>pro</em></strong></span> <span class='ocrx_word' id='word_1_794' title='bbox 1028 4994 1332 5060; x_wconf 86' lang='lat' dir='ltr'><strong><em>bettelicio,</em></strong></span> <span class='ocrx_word' id='word_1_795' title='bbox 1380 5001 1440 5049; x_wconf 89' lang='lat' dir='ltr'><strong><em>ut</em></strong></span> <span class='ocrx_word' id='word_1_796' title='bbox 1477 4994 1566 5063; x_wconf 91' lang='lat' dir='ltr'><strong><em>qui</em></strong></span> <span class='ocrx_word' id='word_1_797' title='bbox 1626 4993 1939 5047; x_wconf 81' lang='lat' dir='ltr'><strong><em>liberandus</em></strong></span> <span class='ocrx_word' id='word_1_798' title='bbox 1967 4999 2120 5058; x_wconf 84' lang='lat' dir='ltr'><strong><em>erat,</em></strong></span> 
     </span>
    </p>
   </div>
   <div class='ocr_carea' id='block_1_95' title="bbox 524 5087 2123 5159">
    <p class='ocr_par' dir='ltr' id='par_1_95' title="bbox 524 5087 2123 5159">
     <span class='ocr_line' id='line_1_95' title="bbox 524 5087 2123 5159; baseline -0.003 -12"><span class='ocrx_word' id='word_1_799' title='bbox 524 5091 705 5147; x_wconf 83' lang='lat' dir='ltr'><strong><em>adhuc</em></strong></span> <span class='ocrx_word' id='word_1_800' title='bbox 739 5089 1047 5159; x_wconf 84' lang='lat' dir='ltr'><strong><em>quindecim</em></strong></span> <span class='ocrx_word' id='word_1_801' title='bbox 1075 5087 1233 5144; x_wconf 83' lang='lat' dir='ltr'><strong><em>annis</em></strong></span> <span class='ocrx_word' id='word_1_802' title='bbox 1263 5087 1405 5144; x_wconf 90' lang='lat' dir='ltr'><strong><em>vivat</em></strong></span> <span class='ocrx_word' id='word_1_803' title='bbox 1441 5091 1492 5142; x_wconf 89' lang='lat' dir='ltr'><strong><em>in</em></strong></span> <span class='ocrx_word' id='word_1_804' title='bbox 1519 5087 1783 5144; x_wconf 70' lang='lat' dir='ltr'><strong><em>cat-cere?</em></strong></span> <span class='ocrx_word' id='word_1_805' title='bbox 1829 5087 1998 5142; x_wconf 85' lang='lat' dir='ltr'><strong><em>Datur</em></strong></span> <span class='ocrx_word' id='word_1_806' title='bbox 2025 5102 2123 5142; x_wconf 85' lang='lat' dir='ltr'><strong><em>au-</em></strong></span> 
     </span>
    </p>
   </div>
   <div class='ocr_carea' id='block_1_96' title="bbox 523 5181 2123 5258">
    <p class='ocr_par' dir='ltr' id='par_1_96' title="bbox 523 5181 2123 5258">
     <span class='ocr_line' id='line_1_96' title="bbox 523 5181 2123 5258; baseline -0.001 -16"><span class='ocrx_word' id='word_1_807' title='bbox 523 5193 631 5242; x_wconf 88' lang='lat' dir='ltr'><strong><em>tetu</em></strong></span> <span class='ocrx_word' id='word_1_808' title='bbox 659 5185 894 5258; x_wconf 82' lang='lat' dir='ltr'><strong><em>signum,</em></strong></span> <span class='ocrx_word' id='word_1_809' title='bbox 925 5191 984 5239; x_wconf 89' lang='lat' dir='ltr'><strong><em>ut</em></strong></span> <span class='ocrx_word' id='word_1_810' title='bbox 1010 5183 1092 5239; x_wconf 85' lang='lat' dir='ltr'><strong><em>sol</em></strong></span> <span class='ocrx_word' id='word_1_811' title='bbox 1119 5182 1313 5240; x_wconf 84' lang='lat' dir='ltr'><strong><em>decem</em></strong></span> <span class='ocrx_word' id='word_1_812' title='bbox 1343 5181 1601 5254; x_wconf 81' lang='lat' dir='ltr'><strong><em>gradibus</em></strong></span> <span class='ocrx_word' id='word_1_813' title='bbox 1621 5193 1949 5248; x_wconf 89' lang='lat' dir='ltr'><strong><em>revertatur,</em></strong></span> <span class='ocrx_word' id='word_1_814' title='bbox 1981 5198 2123 5255; x_wconf 85' lang='lat' dir='ltr'><strong><em>quos</em></strong></span> 
     </span>
    </p>
   </div>
   <div class='ocr_carea' id='block_1_97' title="bbox 599 5363 2126 5438">
    <p class='ocr_par' dir='ltr' id='par_1_97' title="bbox 599 5363 2126 5438">
     <span class='ocr_line' id='line_1_97' title="bbox 599 5363 2126 5438; baseline -0.009 -7"><span class='ocrx_word' id='word_1_815' title='bbox 599 5383 624 5412; x_wconf 79' lang='grc'><strong><em>⁸</em></strong></span> <span class='ocrx_word' id='word_1_816' title='bbox 655 5373 808 5431; x_wconf 81' lang='lat' dir='ltr'><strong><em>Alter</em></strong></span> <span class='ocrx_word' id='word_1_817' title='bbox 828 5368 1032 5438; x_wconf 56' lang='lat' dir='ltr'><strong><em>Vatia,</em></strong></span> <span class='ocrx_word' id='word_1_818' title='bbox 1064 5369 1140 5424; x_wconf 88' lang='lat' dir='ltr'><strong><em>ita</em></strong></span> <span class='ocrx_word' id='word_1_819' title='bbox 1166 5377 1214 5423; x_wconf 91' lang='lat' dir='ltr'><strong><em>et</em></strong></span> <span class='ocrx_word' id='word_1_820' title='bbox 1241 5367 1310 5422; x_wconf 89' lang='lat' dir='ltr'><strong><em>ad</em></strong></span> <span class='ocrx_word' id='word_1_821' title='bbox 1351 5363 1590 5422; x_wconf 61' lang='lat' dir='ltr'><strong><em>Ezechiae</em></strong></span> <span class='ocrx_word' id='word_1_822' title='bbox 1621 5365 1776 5420; x_wconf 81' lang='lat' dir='ltr'><strong><em>citam</em></strong></span> <span class='ocrx_word' id='word_1_823' title='bbox 1806 5364 2000 5420; x_wconf 87' lang='lat' dir='ltr'><strong><em>additis</em></strong></span> <span class='ocrx_word' id='word_1_824' title='bbox 2029 5381 2126 5419; x_wconf 84' lang='lat' dir='ltr'><strong><em>an-</em></strong></span> 
     </span>
    </p>
   </div>
   <div class='ocr_carea' id='block_1_98' title="bbox 526 5447 1006 5511">
    <p class='ocr_par' dir='ltr' id='par_1_98' title="bbox 526 5447 1006 5511">
     <span class='ocr_line' id='line_1_98' title="bbox 526 5447 1006 5511; baseline -0.015 -9"><span class='ocrx_word' id='word_1_825' title='bbox 526 5448 628 5511; x_wconf 86' lang='lat' dir='ltr'><strong><em>nis,</em></strong></span> <span class='ocrx_word' id='word_1_826' title='bbox 653 5447 868 5510; x_wconf 75' lang='lat' dir='ltr'><strong><em>rediret,</em></strong></span> <span class='ocrx_word' id='word_1_827' title='bbox 896 5451 1006 5498; x_wconf 89' lang='lat' dir='ltr'><strong><em>etc.</em></strong></span> 
     </span>
    </p>
   </div>
   <div class='ocr_carea' id='block_1_99' title="bbox 598 5529 2127 5608">
    <p class='ocr_par' dir='ltr' id='par_1_99' title="bbox 598 5529 2127 5608">
     <span class='ocr_line' id='line_1_99' title="bbox 598 5529 2127 5608; baseline -0.007 -14"><span class='ocrx_word' id='word_1_828' title='bbox 598 5538 626 5578; x_wconf 70' lang='grc' dir='ltr'>δ</span> <span class='ocrx_word' id='word_1_829' title='bbox 652 5539 728 5594; x_wconf 81' lang='lat' dir='ltr'><strong><em>Ex</em></strong></span> <span class='ocrx_word' id='word_1_830' title='bbox 752 5534 1068 5608; x_wconf 79' lang='lat' dir='ltr'><strong><em>Hieronymi</em></strong></span> <span class='ocrx_word' id='word_1_831' title='bbox 1099 5531 1347 5608; x_wconf 76' lang='lat' dir='ltr'><strong><em>subnexa</em></strong></span> <span class='ocrx_word' id='word_1_832' title='bbox 1365 5530 1710 5608; x_wconf 57' lang='lat' dir='ltr'><strong><em>expositione</em></strong></span> <span class='ocrx_word' id='word_1_833' title='bbox 1738 5529 1822 5586; x_wconf 84' lang='lat' dir='ltr'><strong><em>bis</em></strong></span> <span class='ocrx_word' id='word_1_834' title='bbox 1845 5529 2127 5586; x_wconf 89' lang='lat' dir='ltr'><strong><em>Dominum</em></strong></span> 
     </span>
    </p>
   </div>
   <div class='ocr_carea' id='block_1_100' title="bbox 526 5600 1694 5678">
    <p class='ocr_par' dir='ltr' id='par_1_100' title="bbox 526 5600 1694 5678">
     <span class='ocr_line' id='line_1_100' title="bbox 526 5600 1694 5678; baseline -0.009 -11"><span class='ocrx_word' id='word_1_835' title='bbox 526 5611 598 5667; x_wconf 86' lang='lat' dir='ltr'><strong><em>ab</em></strong></span> <span class='ocrx_word' id='word_1_836' title='bbox 623 5627 691 5665; x_wconf 79' lang='lat' dir='ltr'><strong><em>eo</em></strong></span> <span class='ocrx_word' id='word_1_837' title='bbox 716 5611 915 5666; x_wconf 86' lang='lat' dir='ltr'><strong><em>lectum</em></strong></span> <span class='ocrx_word' id='word_1_838' title='bbox 944 5600 1156 5662; x_wconf 68' lang='lat' dir='ltr'><strong><em>videtur</em></strong></span> <span class='ocrx_word' id='word_1_839' title='bbox 1182 5619 1282 5678; x_wconf 90' lang='lat' dir='ltr'><strong><em>pro</em></strong></span> <span class='ocrx_word' id='word_1_840' title='bbox 1301 5600 1475 5659; x_wconf 84' lang='lat' dir='ltr'><strong><em>altero</em></strong></span> <span class='ocrx_word' id='word_1_841' title='bbox 1505 5600 1694 5657; x_wconf 81' lang='lat' dir='ltr'><strong><em>Deum.</em></strong></span> 
     </span>
    </p>
   </div>
   <div class='ocr_carea' id='block_1_101' title="bbox 606 5695 2124 5774">
    <p class='ocr_par' dir='ltr' id='par_1_101' title="bbox 606 5695 2124 5774">
     <span class='ocr_line' id='line_1_101' title="bbox 606 5695 2124 5774; baseline -0.007 -14"><span class='ocrx_word' id='word_1_842' title='bbox 606 5717 628 5746; x_wconf 74' lang='grc' dir='ltr'>ε</span> <span class='ocrx_word' id='word_1_843' title='bbox 663 5706 880 5761; x_wconf 75' lang='lat' dir='ltr'><strong><em>Ilualius</em></strong></span> <span class='ocrx_word' id='word_1_844' title='bbox 927 5701 1185 5768; x_wconf 82' lang='lat' dir='ltr'><strong><em>vocibus,</em></strong></span> <span class='ocrx_word' id='word_1_845' title='bbox 1244 5699 1430 5774; x_wconf 86' lang='lat' dir='ltr'><strong><em>quietis</em></strong></span> <span class='ocrx_word' id='word_1_846' title='bbox 1460 5707 1517 5753; x_wconf 91' lang='lat' dir='ltr'><strong><em>et</em></strong></span> <span class='ocrx_word' id='word_1_847' title='bbox 1561 5696 1777 5751; x_wconf 67' lang='lat' dir='ltr'><strong><em>cessavit</em></strong></span> <span class='ocrx_word' id='word_1_848' title='bbox 1815 5695 2038 5753; x_wconf 88' lang='lat' dir='ltr'><strong><em>unicum</em></strong></span> <span class='ocrx_word' id='word_1_849' title='bbox 2072 5697 2124 5751; x_wconf 93' lang='lat' dir='ltr'><strong><em>in</em></strong></span> 
     </span>
    </p>
   </div>
   <div class='ocr_carea' id='block_1_102' title="bbox 531 5778 2128 5862">
    <p class='ocr_par' dir='ltr' id='par_1_102' title="bbox 531 5778 2128 5862">
     <span class='ocr_line' id='line_1_102' title="bbox 531 5778 2128 5862; baseline -0.005 -8"><span class='ocrx_word' id='word_1_850' title='bbox 531 5807 683 5856; x_wconf 82' lang='lat' dir='ltr'><strong><em>textu</em></strong></span> <span class='ocrx_word' id='word_1_851' title='bbox 716 5797 980 5855; x_wconf 76' lang='lat' dir='ltr'><strong><em>llehraicn</em></strong></span> <span class='ocrx_word' id='word_1_852' title='bbox 1010 5795 1236 5852; x_wconf 73' lang='lat' dir='ltr'><strong><em>verbum</em></strong></span> <span class='ocrx_word' id='word_1_853' title='bbox 1265 5778 1372 5855; x_wconf 68' lang='grc' dir='ltr'><strong><em>ιτινι-ι</em></strong></span> <span class='ocrx_word' id='word_1_854' title='bbox 1403 5792 1699 5862; x_wconf 87' lang='lat' dir='ltr'><strong><em>respondet</em></strong></span> <span class='ocrx_word' id='word_1_855' title='bbox 1728 5792 1870 5860; x_wconf 87' lang='lat' dir='ltr'><strong><em>quod</em></strong></span> <span class='ocrx_word' id='word_1_856' title='bbox 1915 5803 2128 5847; x_wconf 85' lang='lat' dir='ltr'><strong><em>utrum-</em></strong></span> 
     </span>
    </p>
   </div>
   <div class='ocr_carea' id='block_1_103' title="bbox 529 5866 2124 5943">
    <p class='ocr_par' dir='ltr' id='par_1_103' title="bbox 529 5866 2124 5943">
     <span class='ocr_line' id='line_1_103' title="bbox 529 5866 2124 5943; baseline -0.007 -14"><span class='ocrx_word' id='word_1_857' title='bbox 529 5888 639 5943; x_wconf 85' lang='lat' dir='ltr'><strong><em>que</em></strong></span> <span class='ocrx_word' id='word_1_858' title='bbox 694 5870 808 5928; x_wconf 81' lang='lat' dir='ltr'><strong><em>lete</em></strong></span> <span class='ocrx_word' id='word_1_859' title='bbox 835 5869 1393 5943; x_wconf 37' lang='grc' dir='ltr'>εἰςιιίίὶαιμῌιωιιδιιιι</span> <span class='ocrx_word' id='word_1_860' title='bbox 1420 5881 1574 5932; x_wconf 91' lang='lat' dir='ltr'><strong><em>vero,</em></strong></span> <span class='ocrx_word' id='word_1_861' title='bbox 1625 5867 1796 5943; x_wconf 72' lang='lat' dir='ltr'><strong><em>inquit</em></strong></span> <span class='ocrx_word' id='word_1_862' title='bbox 1832 5866 2124 5943; x_wconf 77' lang='lat' dir='ltr'><strong><em>Victorius,</em></strong></span> 
     </span>
    </p>
   </div>
   <div class='ocr_carea' id='block_1_104' title="bbox 531 5935 2126 6010">
    <p class='ocr_par' dir='ltr' id='par_1_104' title="bbox 531 5935 2126 6010">
     <span class='ocr_line' id='line_1_104' title="bbox 531 5935 2126 6010; baseline -0.006 -8"><span class='ocrx_word' id='word_1_863' title='bbox 531 5935 602 6002; x_wconf 69' lang='grc' dir='ltr'>ἀι</span> <span class='ocrx_word' id='word_1_864' title='bbox 620 5935 1051 6007; x_wconf 75' lang='lat' dir='ltr'><strong><em>Cottimetitarto,</em></strong></span> <span class='ocrx_word' id='word_1_865' title='bbox 1095 5937 1489 6010; x_wconf 79' lang='lat' dir='ltr'><strong><em>Hieronymum</em></strong></span> <span class='ocrx_word' id='word_1_866' title='bbox 1529 5935 1858 6010; x_wconf 79' lang='lat' dir='ltr'><strong><em>exposuisse</em></strong></span> <span class='ocrx_word' id='word_1_867' title='bbox 1889 5937 2126 6008; x_wconf 85' lang='lat' dir='ltr'><strong><em>primum</em></strong></span> 
     </span>
    </p>
   </div>
   <div class='ocr_carea' id='block_1_105' title="bbox 2231 4811 3832 4884">
    <p class='ocr_par' dir='ltr' id='par_1_105' title="bbox 2231 4811 3832 4884">
     <span class='ocr_line' id='line_1_105' title="bbox 2231 4811 3832 4884; baseline 0.001 -20"><span class='ocrx_word' id='word_1_868' title='bbox 2231 4811 2567 4866; x_wconf 80' lang='lat' dir='ltr'><strong><em>bernnculutn</em></strong></span> <span class='ocrx_word' id='word_1_869' title='bbox 2589 4813 2742 4868; x_wconf 80' lang='lat' dir='ltr'><strong><em>solvit</em></strong></span> <span class='ocrx_word' id='word_1_870' title='bbox 2765 4813 2854 4881; x_wconf 89' lang='lat' dir='ltr'><strong><em>qui</em></strong></span> <span class='ocrx_word' id='word_1_871' title='bbox 2884 4813 3073 4884; x_wconf 76' lang='lat' dir='ltr'><strong><em>ﬁxerat</em></strong></span> <span class='ocrx_word' id='word_1_872' title='bbox 3097 4831 3116 4868; x_wconf 91' lang='lat'><strong><em>:</em></strong></span> <span class='ocrx_word' id='word_1_873' title='bbox 3146 4815 3277 4869; x_wconf 88' lang='lat' dir='ltr'><strong><em>sicut</em></strong></span> <span class='ocrx_word' id='word_1_874' title='bbox 3303 4814 3402 4869; x_wconf 89' lang='lat' dir='ltr'><strong><em>tela</em></strong></span> <span class='ocrx_word' id='word_1_875' title='bbox 3429 4815 3652 4882; x_wconf 88' lang='lat' dir='ltr'><strong><em>spiritus</em></strong></span> <span class='ocrx_word' id='word_1_876' title='bbox 3696 4831 3832 4868; x_wconf 76' lang='lat' dir='ltr'><strong><em>ineas</em></strong></span> 
     </span>
    </p>
   </div>
   <div class='ocr_carea' id='block_1_106' title="bbox 2231 4904 3831 4970">
    <p class='ocr_par' dir='ltr' id='par_1_106' title="bbox 2231 4904 3831 4970">
     <span class='ocr_line' id='line_1_106' title="bbox 2231 4904 3831 4970; baseline 0.001 -12"><span class='ocrx_word' id='word_1_877' title='bbox 2231 4906 2461 4970; x_wconf 87' lang='lat' dir='ltr'><strong><em>recessit,</em></strong></span> <span class='ocrx_word' id='word_1_878' title='bbox 2486 4922 2601 4960; x_wconf 86' lang='lat' dir='ltr'><strong><em>cum</em></strong></span> <span class='ocrx_word' id='word_1_879' title='bbox 2622 4922 2655 4960; x_wconf 93' lang='lat' dir='ltr'><strong><em>a</em></strong></span> <span class='ocrx_word' id='word_1_880' title='bbox 2675 4913 2875 4960; x_wconf 63' lang='lat' dir='ltr'><strong><em>tenente</em></strong></span> <span class='ocrx_word' id='word_1_881' title='bbox 2921 4906 3226 4961; x_wconf 87' lang='lat' dir='ltr'><strong><em>succiditur.</em></strong></span> <span class='ocrx_word' id='word_1_882' title='bbox 3266 4905 3334 4960; x_wconf 85' lang='lat' dir='ltr'><strong><em>In</em></strong></span> <span class='ocrx_word' id='word_1_883' title='bbox 3367 4904 3460 4960; x_wconf 88' lang='lat' dir='ltr'><strong><em>illa</em></strong></span> <span class='ocrx_word' id='word_1_884' title='bbox 3493 4907 3580 4960; x_wconf 87' lang='lat' dir='ltr'><strong><em>die</em></strong></span> <span class='ocrx_word' id='word_1_885' title='bbox 3608 4907 3831 4960; x_wconf 84' lang='lat' dir='ltr'><strong><em>traditus</em></strong></span> 
     </span>
    </p>
   </div>
   <div class='ocr_carea' id='block_1_107' title="bbox 2224 4998 3833 5070">
    <p class='ocr_par' dir='ltr' id='par_1_107' title="bbox 2224 4998 3833 5070">
     <span class='ocr_line' id='line_1_107' title="bbox 2224 4998 3833 5070; baseline -0.003 -15"><span class='ocrx_word' id='word_1_886' title='bbox 2224 5017 2340 5055; x_wconf 88' lang='lat' dir='ltr'><strong><em>sum</em></strong></span> <span class='ocrx_word' id='word_1_887' title='bbox 2380 5016 2540 5070; x_wconf 75' lang='lat' dir='ltr'><strong><em>usjue</em></strong></span> <span class='ocrx_word' id='word_1_888' title='bbox 2582 5015 2733 5055; x_wconf 90' lang='lat' dir='ltr'><strong><em>mane</em></strong></span> <span class='ocrx_word' id='word_1_889' title='bbox 2757 5015 2776 5054; x_wconf 90' lang='lat'><strong><em>:</em></strong></span> <span class='ocrx_word' id='word_1_890' title='bbox 2799 5002 2934 5054; x_wconf 88' lang='lat' dir='ltr'><strong><em>sicut</em></strong></span> <span class='ocrx_word' id='word_1_891' title='bbox 2971 5001 3072 5066; x_wconf 89' lang='lat' dir='ltr'><strong><em>leo,</em></strong></span> <span class='ocrx_word' id='word_1_892' title='bbox 3110 5001 3185 5055; x_wconf 91' lang='lat' dir='ltr'><strong><em>sic</em></strong></span> <span class='ocrx_word' id='word_1_893' title='bbox 3221 4998 3462 5054; x_wconf 89' lang='lat' dir='ltr'><strong><em>contrivit</em></strong></span> <span class='ocrx_word' id='word_1_894' title='bbox 3514 4999 3692 5054; x_wconf 79' lang='lat' dir='ltr'><strong><em>omnia</em></strong></span> <span class='ocrx_word' id='word_1_895' title='bbox 3717 5013 3833 5052; x_wconf 83' lang='lat' dir='ltr'><strong><em>ossa</em></strong></span> 
     </span>
    </p>
   </div>
   <div class='ocr_carea' id='block_1_108' title="bbox 2226 5091 3831 5166">
    <p class='ocr_par' dir='ltr' id='par_1_108' title="bbox 2226 5091 3831 5166">
     <span class='ocr_line' id='line_1_108' title="bbox 2226 5091 3831 5166; baseline -0.001 -19"><span class='ocrx_word' id='word_1_896' title='bbox 2226 5110 2357 5148; x_wconf 89' lang='lat' dir='ltr'><strong><em>mea.</em></strong></span> <span class='ocrx_word' id='word_1_897' title='bbox 2380 5093 2427 5148; x_wconf 84' lang='lat' dir='ltr'><strong><em>A</em></strong></span> <span class='ocrx_word' id='word_1_898' title='bbox 2447 5093 2531 5146; x_wconf 87' lang='lat' dir='ltr'><strong><em>die</em></strong></span> <span class='ocrx_word' id='word_1_899' title='bbox 2550 5110 2711 5166; x_wconf 86' lang='lat' dir='ltr'><strong><em>usque</em></strong></span> <span class='ocrx_word' id='word_1_900' title='bbox 2739 5095 2809 5148; x_wconf 87' lang='lat' dir='ltr'><strong><em>ad</em></strong></span> <span class='ocrx_word' id='word_1_901' title='bbox 2835 5103 3035 5149; x_wconf 89' lang='lat' dir='ltr'><strong><em>noctem</em></strong></span> <span class='ocrx_word' id='word_1_902' title='bbox 3063 5093 3283 5150; x_wconf 78' lang='lat' dir='ltr'><strong><em>tradi-us</em></strong></span> <span class='ocrx_word' id='word_1_903' title='bbox 3307 5111 3440 5148; x_wconf 85' lang='lat' dir='ltr'><strong><em>sum.</em></strong></span> <span class='ocrx_word' id='word_1_904' title='bbox 3474 5093 3670 5149; x_wconf 82' lang='lat' dir='ltr'><strong><em>Narrat</em></strong></span> <span class='ocrx_word' id='word_1_905' title='bbox 3702 5091 3831 5161; x_wconf 77' lang='lat' dir='ltr'><strong><em>quid</em></strong></span> 
     </span>
    </p>
   </div>
   <div class='ocr_carea' id='block_1_109' title="bbox 2229 5186 3832 5259">
    <p class='ocr_par' dir='ltr' id='par_1_109' title="bbox 2229 5186 3832 5259">
     <span class='ocr_line' id='line_1_109' title="bbox 2229 5186 3832 5259; baseline -0.002 -17"><span class='ocrx_word' id='word_1_906' title='bbox 2229 5194 2477 5258; x_wconf 85' lang='lat' dir='ltr'><strong><em>tempore</em></strong></span> <span class='ocrx_word' id='word_1_907' title='bbox 2505 5188 2804 5258; x_wconf 87' lang='lat' dir='ltr'><strong><em>prementis</em></strong></span> <span class='ocrx_word' id='word_1_908' title='bbox 2825 5190 3089 5259; x_wconf 75' lang='lat' dir='ltr'><strong><em>angustia:</em></strong></span> <span class='ocrx_word' id='word_1_909' title='bbox 3120 5187 3566 5258; x_wconf 87' lang='lat' dir='ltr'><strong><em>imminentisque</em></strong></span> <span class='ocrx_word' id='word_1_910' title='bbox 3600 5186 3832 5257; x_wconf 86' lang='lat' dir='ltr'><strong><em>languo-</em></strong></span> 
     </span>
    </p>
   </div>
   <div class='ocr_carea' id='block_1_110' title="bbox 2235 5363 3834 5438">
    <p class='ocr_par' dir='ltr' id='par_1_110' title="bbox 2235 5363 3834 5438">
     <span class='ocr_line' id='line_1_110' title="bbox 2235 5363 3834 5438; baseline -0.001 -19"><span class='ocrx_word' id='word_1_911' title='bbox 2235 5381 2335 5438; x_wconf 89' lang='lat' dir='ltr'><strong><em>pro</em></strong></span> <span class='ocrx_word' id='word_1_912' title='bbox 2356 5365 2572 5420; x_wconf 81' lang='lat' dir='ltr'><strong><em>cessavit</em></strong></span> <span class='ocrx_word' id='word_1_913' title='bbox 2597 5365 2718 5422; x_wconf 86' lang='lat' dir='ltr'><strong><em>sive</em></strong></span> <span class='ocrx_word' id='word_1_914' title='bbox 2761 5365 2970 5430; x_wconf 86' lang='lat' dir='ltr'><strong><em>occidit,</em></strong></span> <span class='ocrx_word' id='word_1_915' title='bbox 3005 5373 3062 5421; x_wconf 90' lang='lat' dir='ltr'><strong><em>et</em></strong></span> <span class='ocrx_word' id='word_1_916' title='bbox 3106 5365 3354 5436; x_wconf 83' lang='lat' dir='ltr'><strong><em>sequenti</em></strong></span> <span class='ocrx_word' id='word_1_917' title='bbox 3381 5365 3630 5438; x_wconf 74' lang='lat' dir='ltr'><strong><em>iunxisse</em></strong></span> <span class='ocrx_word' id='word_1_918' title='bbox 3660 5363 3834 5420; x_wconf 73' lang='lat' dir='ltr'><strong><em>versi-</em></strong></span> 
     </span>
    </p>
   </div>
   <div class='ocr_carea' id='block_1_111' title="bbox 2233 5437 3829 5510">
    <p class='ocr_par' dir='ltr' id='par_1_111' title="bbox 2233 5437 3829 5510">
     <span class='ocr_line' id='line_1_111' title="bbox 2233 5437 3829 5510; baseline 0 -22"><span class='ocrx_word' id='word_1_919' title='bbox 2233 5437 2380 5510; x_wconf 70' lang='lat' dir='ltr'><strong><em>culo.</em></strong></span> <span class='ocrx_word' id='word_1_920' title='bbox 2415 5437 2466 5491; x_wconf 88' lang='lat' dir='ltr'><strong><em>id</em></strong></span> <span class='ocrx_word' id='word_1_921' title='bbox 2496 5449 2604 5499; x_wconf 89' lang='lat' dir='ltr'><strong><em>est,</em></strong></span> <span class='ocrx_word' id='word_1_922' title='bbox 2637 5439 2852 5491; x_wconf 80' lang='lat' dir='ltr'><strong><em>cessavit</em></strong></span> <span class='ocrx_word' id='word_1_923' title='bbox 2883 5439 3148 5510; x_wconf 90' lang='lat' dir='ltr'><strong><em>generatio</em></strong></span> <span class='ocrx_word' id='word_1_924' title='bbox 3177 5455 3308 5510; x_wconf 86' lang='lat' dir='ltr'><strong><em>mea.</em></strong></span> <span class='ocrx_word' id='word_1_925' title='bbox 3341 5447 3447 5494; x_wconf 89' lang='lat' dir='ltr'><strong><em>etc.</em></strong></span> <span class='ocrx_word' id='word_1_926' title='bbox 3477 5437 3595 5492; x_wconf 76' lang='lat' dir='ltr'><strong><em>Mox</em></strong></span> <span class='ocrx_word' id='word_1_927' title='bbox 3621 5452 3682 5490; x_wconf 88' lang='lat' dir='ltr'><strong><em>re</em></strong></span> <span class='ocrx_word' id='word_1_928' title='bbox 3716 5451 3829 5510; x_wconf 80' lang='lat' dir='ltr'><strong><em>me-</em></strong></span> 
     </span>
    </p>
   </div>
   <div class='ocr_carea' id='block_1_112' title="bbox 2234 5507 3833 5576">
    <p class='ocr_par' dir='ltr' id='par_1_112' title="bbox 2234 5507 3833 5576">
     <span class='ocr_line' id='line_1_112' title="bbox 2234 5507 3833 5576; baseline -0.002 -13"><span class='ocrx_word' id='word_1_929' title='bbox 2234 5509 2339 5563; x_wconf 74' lang='lat' dir='ltr'><strong><em>lius</em></strong></span> <span class='ocrx_word' id='word_1_930' title='bbox 2374 5523 2661 5576; x_wconf 83' lang='lat' dir='ltr'><strong><em>perpensa,</em></strong></span> <span class='ocrx_word' id='word_1_931' title='bbox 2711 5507 2952 5564; x_wconf 55' lang='lat' dir='ltr'><strong><em>mutasse</em></strong></span> <span class='ocrx_word' id='word_1_932' title='bbox 2992 5509 3353 5572; x_wconf 75' lang='lat' dir='ltr'><strong><em>sententiam,</em></strong></span> <span class='ocrx_word' id='word_1_933' title='bbox 3411 5523 3466 5565; x_wconf 86' lang='lat' dir='ltr'><strong><em>et</em></strong></span> <span class='ocrx_word' id='word_1_934' title='bbox 3513 5507 3833 5576; x_wconf 68' lang='lat' dir='ltr'><strong><em>exposuisse</em></strong></span> 
     </span>
    </p>
   </div>
   <div class='ocr_carea' id='block_1_113' title="bbox 2231 5580 3835 5648">
    <p class='ocr_par' dir='ltr' id='par_1_113' title="bbox 2231 5580 3835 5648">
     <span class='ocr_line' id='line_1_113' title="bbox 2231 5580 3835 5648; baseline -0.001 -14"><span class='ocrx_word' id='word_1_935' title='bbox 2231 5582 2477 5646; x_wconf 82' lang='lat' dir='ltr'><strong><em>quietem,</em></strong></span> <span class='ocrx_word' id='word_1_936' title='bbox 2516 5593 2570 5633; x_wconf 88' lang='grc' dir='ltr'><strong><em>ιιι</em></strong></span> <span class='ocrx_word' id='word_1_937' title='bbox 2608 5595 2714 5635; x_wconf 84' lang='lat' dir='ltr'><strong><em>non</em></strong></span> <span class='ocrx_word' id='word_1_938' title='bbox 2744 5581 3073 5647; x_wconf 83' lang='lat' dir='ltr'><strong><em>principium</em></strong></span> <span class='ocrx_word' id='word_1_939' title='bbox 3098 5581 3345 5648; x_wconf 83' lang='lat' dir='ltr'><strong><em>secundi,</em></strong></span> <span class='ocrx_word' id='word_1_940' title='bbox 3391 5580 3489 5633; x_wconf 77' lang='lat' dir='ltr'><strong><em>sed</em></strong></span> <span class='ocrx_word' id='word_1_941' title='bbox 3523 5580 3678 5645; x_wconf 81' lang='lat' dir='ltr'><strong><em>primi</em></strong></span> <span class='ocrx_word' id='word_1_942' title='bbox 3712 5595 3835 5633; x_wconf 79' lang='lat' dir='ltr'><strong><em>ver-</em></strong></span> 
     </span>
    </p>
   </div>
   <div class='ocr_carea' id='block_1_114' title="bbox 2230 5650 3834 5724">
    <p class='ocr_par' dir='ltr' id='par_1_114' title="bbox 2230 5650 3834 5724">
     <span class='ocr_line' id='line_1_114' title="bbox 2230 5650 3834 5724; baseline -0.002 -18"><span class='ocrx_word' id='word_1_943' title='bbox 2230 5667 2324 5724; x_wconf 68' lang='lat' dir='ltr'><strong><em>sus</em></strong></span> <span class='ocrx_word' id='word_1_944' title='bbox 2351 5663 2498 5707; x_wconf 84' lang='lat' dir='ltr'><strong><em>esset</em></strong></span> <span class='ocrx_word' id='word_1_945' title='bbox 2527 5652 2670 5719; x_wconf 74' lang='lat' dir='ltr'><strong><em>linis,</em></strong></span> <span class='ocrx_word' id='word_1_946' title='bbox 2726 5653 2828 5706; x_wconf 83' lang='lat' dir='ltr'><strong><em>huc</em></strong></span> <span class='ocrx_word' id='word_1_947' title='bbox 2854 5651 3113 5707; x_wconf 66' lang='lat' dir='ltr'><strong><em>vida-licet</em></strong></span> <span class='ocrx_word' id='word_1_948' title='bbox 3160 5653 3352 5707; x_wconf 87' lang='lat' dir='ltr'><strong><em>modo:</em></strong></span> <span class='ocrx_word' id='word_1_949' title='bbox 3415 5650 3535 5724; x_wconf 57' lang='lat' dir='ltr'><strong><em>lyon</em></strong></span> <span class='ocrx_word' id='word_1_950' title='bbox 3579 5651 3834 5724; x_wconf 76' lang='lat' dir='ltr'><strong><em>aspiciunt</em></strong></span> 
     </span>
    </p>
   </div>
   <div class='ocr_carea' id='block_1_115' title="bbox 2229 5721 3836 5797">
    <p class='ocr_par' dir='ltr' id='par_1_115' title="bbox 2229 5721 3836 5797">
     <span class='ocr_line' id='line_1_115' title="bbox 2229 5721 3836 5797; baseline 0 -22"><span class='ocrx_word' id='word_1_951' title='bbox 2229 5722 2493 5797; x_wconf 84' lang='lat' dir='ltr'><strong><em>hominem</em></strong></span> <span class='ocrx_word' id='word_1_952' title='bbox 2523 5725 2682 5784; x_wconf 90' lang='lat' dir='ltr'><strong><em>ultra.</em></strong></span> <span class='ocrx_word' id='word_1_953' title='bbox 2716 5736 2765 5797; x_wconf 73' lang='lat' dir='ltr'><strong><em>et</em></strong></span> <span class='ocrx_word' id='word_1_954' title='bbox 2803 5724 3142 5797; x_wconf 86' lang='lat' dir='ltr'><strong><em>habitatorem</em></strong></span> <span class='ocrx_word' id='word_1_955' title='bbox 3169 5728 3381 5796; x_wconf 89' lang='lat' dir='ltr'><strong><em>quietis.</em></strong></span> <span class='ocrx_word' id='word_1_956' title='bbox 3405 5721 3688 5797; x_wconf 45' lang='lat' dir='ltr'><strong><em>generatio</em></strong></span> <span class='ocrx_word' id='word_1_957' title='bbox 3720 5737 3836 5797; x_wconf 77' lang='lat' dir='ltr'><strong><em>mea</em></strong></span> 
     </span>
    </p>
   </div>
   <div class='ocr_carea' id='block_1_116' title="bbox 2232 5793 3835 5866">
    <p class='ocr_par' dir='ltr' id='par_1_116' title="bbox 2232 5793 3835 5866">
     <span class='ocr_line' id='line_1_116' title="bbox 2232 5793 3835 5866; baseline 0.001 -18"><span class='ocrx_word' id='word_1_958' title='bbox 2232 5795 2406 5849; x_wconf 75' lang='lat' dir='ltr'><strong><em>ablata</em></strong></span> <span class='ocrx_word' id='word_1_959' title='bbox 2437 5807 2534 5854; x_wconf 87' lang='lat' dir='ltr'><strong><em>est.</em></strong></span> <span class='ocrx_word' id='word_1_960' title='bbox 2567 5806 2675 5854; x_wconf 82' lang='lat' dir='ltr'><strong><em>etc.</em></strong></span> <span class='ocrx_word' id='word_1_961' title='bbox 2707 5795 2908 5851; x_wconf 75' lang='lat' dir='ltr'><strong><em>Confer</em></strong></span> <span class='ocrx_word' id='word_1_962' title='bbox 2935 5795 3160 5851; x_wconf 83' lang='lat' dir='ltr'><strong><em>Hieron.</em></strong></span> <span class='ocrx_word' id='word_1_963' title='bbox 3183 5793 3372 5866; x_wconf 23' lang='lat' dir='ltr'><strong><em>VIp-um</em></strong></span> <span class='ocrx_word' id='word_1_964' title='bbox 3403 5794 3541 5850; x_wconf 80' lang='lat' dir='ltr'><strong><em>infra</em></strong></span> <span class='ocrx_word' id='word_1_965' title='bbox 3571 5793 3673 5849; x_wconf 80' lang='lat' dir='ltr'><strong><em>sub</em></strong></span> <span class='ocrx_word' id='word_1_966' title='bbox 3703 5793 3835 5849; x_wconf 54' lang='lat' dir='ltr'><strong><em>sec-1</em></strong></span> 
     </span>
    </p>
   </div>
   <div class='ocr_carea' id='block_1_117' title="bbox 2235 5866 3836 5936">
    <p class='ocr_par' dir='ltr' id='par_1_117' title="bbox 2235 5866 3836 5936">
     <span class='ocr_line' id='line_1_117' title="bbox 2235 5866 3836 5936; baseline 0.002 -17"><span class='ocrx_word' id='word_1_967' title='bbox 2235 5869 2400 5922; x_wconf 90' lang='lat' dir='ltr'><strong><em>tionis</em></strong></span> <span class='ocrx_word' id='word_1_968' title='bbox 2427 5866 2592 5935; x_wconf 86' lang='lat' dir='ltr'><strong><em>hujus</em></strong></span> <span class='ocrx_word' id='word_1_969' title='bbox 2623 5869 2808 5932; x_wconf 75' lang='lat' dir='ltr'><strong><em>linem,</em></strong></span> <span class='ocrx_word' id='word_1_970' title='bbox 2840 5877 2896 5923; x_wconf 89' lang='lat' dir='ltr'><strong><em>et</em></strong></span> <span class='ocrx_word' id='word_1_971' title='bbox 2923 5883 3048 5936; x_wconf 65' lang='lat' dir='ltr'><strong><em>qua:</em></strong></span> <span class='ocrx_word' id='word_1_972' title='bbox 3077 5882 3176 5926; x_wconf 77' lang='lat' dir='ltr'><strong><em>uOs</em></strong></span> <span class='ocrx_word' id='word_1_973' title='bbox 3215 5867 3287 5924; x_wconf 88' lang='lat' dir='ltr'><strong><em>ibi</em></strong></span> <span class='ocrx_word' id='word_1_974' title='bbox 3316 5869 3670 5926; x_wconf 75' lang='lat' dir='ltr'><strong><em>observamus</em></strong></span> <span class='ocrx_word' id='word_1_975' title='bbox 3703 5881 3836 5936; x_wconf 51' lang='lat' dir='ltr'><strong><em>pro‘</em></strong></span> 
     </span>
    </p>
   </div>
   <div class='ocr_carea' id='block_1_118' title="bbox 2230 5938 3113 6012">
    <p class='ocr_par' dir='ltr' id='par_1_118' title="bbox 2230 5938 3113 6012">
     <span class='ocr_line' id='line_1_118' title="bbox 2230 5938 3113 6012; baseline 0 -18"><span class='ocrx_word' id='word_1_976' title='bbox 2230 5938 2379 5996; x_wconf 87' lang='lat' dir='ltr'><strong><em>xime</em></strong></span> <span class='ocrx_word' id='word_1_977' title='bbox 2407 5939 2715 6012; x_wconf 88' lang='lat' dir='ltr'><strong><em>insequenti</em></strong></span> <span class='ocrx_word' id='word_1_978' title='bbox 2735 5943 3113 5998; x_wconf 87' lang='lat' dir='ltr'><strong><em>annotatione.</em></strong></span> 
     </span>
    </p>
   </div>
  </div>
