4004 6870
207 436 292 492 595

609 427 1266 489 COMMENTARIOKUM
1307 425 1377 483 IN
1417 423 1658 481 ISAIAM
1690 422 2117 483 PROPllETAM
2144 422 2275 481 LIB.
2320 424 2410 482 .\'|.
2453 424 2609 482 CAP.
2651 423 2944 483 XXXVIII.

3340 426 3446 484 594

206 551 285 615 ris,
310 545 482 602 tacitus
505 543 785 612 cogitarit;
815 542 964 608 Dixi,
998 542 1200 612 inquit.
1234 541 1286 596 in
1317 539 1483 595 corde
1511 554 1656 602 meo,
1689 538 1742 591 in
1771 540 1825 603 Α
1851 554 2114 610 vesperum
2143 539 2290 608 ﬁnies
2320 556 2433 595 nte:
2481 541 2755 610 sperabam
2785 556 2947 612 usque
2985 556 3176 596 mane:
3219 540 3364 612 quod
3392 551 3450 597 et

204 640 384 697 dimidio
417 640 602 692 dierum
643 653 894 705 meorum,
947 636 1062 692 sive
1092 644 1148 690 ut
1177 634 1371 705 Aquila
1399 644 1454 689 et
1495 633 1744 705 Symma-

202 736 312 791 chus
329 743 377 790 et
399 730 691 788 Theodotio
720 729 1065 800 interpretati
1105 739 1252 786 sunt.
1285 729 1336 781 in
1366 727 1666 796 inﬁrmitate
1697 733 1744 778 et

200 829 370 887 silentio
410 827 601 882 dierum
630 841 880 893 meorum,
915 839 1014 896 pro
1055 839 1162 895 quo
1189 821 1333 879 LXX
1377 822 1633 877 excelsum
1665 821 1745 874 in-

204 923 441 995 terpretati
468 931 612 983 sunt,
643 920 713 976 ob
742 920 940 975 litterae
962 916 1398 981 similitudinem,
1427 931 1570 972 usus
1594 912 1744 984 (ηε-ι)

198 1034 278 1088 pro
300 1031 428 1072 osus
451 1013 598 1087 (tm)
630 1021 656 1050 ι
686 1013 930 1084 legentes
960 1029 973 1065 :
1005 1010 1132 1066 licet
1176 1008 1392 1078 quidam
1424 1024 1588 1072 usus,
1619 1022 1745 1062 san-

198 1111 364 1183 guinem
386 1113 661 1173 verterint,
702 1113 763 1160 ut
799 1109 872 1160 sit
898 1119 1119 1169 sensus,
1152 1101 1218 1157 In
1265 1103 1518 1175 sanguine
1545 1101 1746 1154 dierum

195 1219 409 1269 uicorum,
431 1200 642 1273 quando
685 1215 838 1254 meus
864 1214 1047 1265 cruor,
1085 1210 1350 1267 meusque
1387 1191 1747 1264 expetebatur

197 1297 582 1372 [Atexspectaba
592 1293 702 1368 tur]
715 1290 1192 1362 interitus.ltaque
1205 1291 1296 1344 des
1306 1286 1742 1360 perationedixi:

198 1393 368 1447 Vadam
411 1392 477 1445 ad
507 1399 683 1460 portas
714 1389 890 1459 inferi,
914 1385 1000 1442 vel
1036 1383 1311 1442 communi
1349 1383 1468 1454 lege
1512 1389 1742 1446 naturae,

193 1486 258 1541 vel
286 1486 390 1539 illas
416 1491 616 1552 portas,
649 1481 719 1536 de
747 1481 942 1551 quibus
974 1478 1116 1549 quod
1165 1477 1426 1532 liberatus
1473 1473 1566 1539 sit,
1596 1472 1748 1527 Psal-

191 1580 319 1633 mista
346 1576 614 1641 decantat,
649 1572 752 1642 Qui
786 1573 985 1628 exultas
1016 1587 1095 1624 me
1133 1570 1196 1623 de
1237 1569 1399 1638 portis
1440 1565 1644 1630 mortis,
1691 1572 1746 1617 ut

191 1673 450 1727 annuntieut
491 1684 667 1725 omnes
697 1667 1023 1722 laudationes
1053 1677 1166 1718 tuas
1195 1663 1247 1717 in
1272 1661 1434 1735 portis
1463 1659 1589 1730 ﬁlia:
1617 1657 1747 1712 Sion

189 1764 286 1839 (Ps.
311 1781 376 1831 ts,
408 1763 515 1827 15).
547 1762 658 1818 llas
683 1771 864 1832 portas
897 1759 1093 1815 inferni
1126 1772 1273 1823 re0r,
1308 1771 1428 1826 qua:
1456 1755 1745 1810 adversum

191 1859 374 1913 Petrum
402 1872 504 1912 non
549 1856 852 1926 prasvalent
899 1852 1115 1925 (Matth.
1148 1849 1286 1919 xvr),
1321 1850 1444 1919 quia
1489 1844 1750 1902 dormivit

1847 630 1949 686 Job
1973 633 2024 685 in
2059 632 2308 702 anguSIia
2332 647 2431 686 sua
2457 643 2619 706 atque
2647 635 2699 689 in
2730 634 3018 689 tormentis
3050 633 3300 704 corporis
3326 649 3447 690 sus,

1848 721 2077 779 tinuisse
2100 739 2160 780 se
2193 724 2489 803 dicitllob.
2521 724 2622 799 tv),
2646 725 2868 796 quando
2897 726 2950 781 in
2970 726 3059 781 die
3085 727 3452 796 exspectabat

1848 827 2084 882 noctem,
2129 826 2184 873 et
2215 819 2390 875 lucem
2430 820 2844 889 praestolabatur
2888 820 2941 875 in
2975 819 3239 888 tenebris,
3275 830 3454 876 muta-

1848 910 1996 967 tione
2021 920 2328 981 temporum
2366 922 2564 983 putans
2596 915 2793 969 mutari
2822 929 2980 983 posse
3005 913 3295 985 supplicia.
3335 913 3450 970 Hoc

1846 1013 2035 1062 verum
2061 1022 2182 1064 esse
2208 1010 2357 1063 novit
2387 1009 2478 1078 qui
2511 1008 2723 1080 magnis
2755 1009 2994 1065 febribus
3020 1017 3246 1076 aestuat,
3294 1009 3454 1079 cujus

1848 1098 1996 1171 ignis
2049 1098 2297 1154 internus
2350 1099 2403 1154 in
2443 1099 2856 1157 similitudinem
2906 1101 3083 1156 leonis
3120 1101 3300 1156 omnia
3330 1115 3456 1155 ossa

1847 1193 2144 1260 consumit,
2192 1208 2294 1249 nec
2318 1208 2377 1248 se
2407 1202 2559 1262 putat
2590 1209 2701 1267 pra:
2730 1193 2938 1249 doloris
2970 1195 3344 1265 magnitudine
3371 1195 3454 1250 ul-

1851 1295 1931 1341 tra
1963 1301 2086 1342 csse
2116 1288 2408 1342 victurum.

1922 1380 2103 1453 (Vers.
2137 1381 2250 1450 15.)
2310 1380 2455 1436 Sicut
2491 1383 2671 1450 pullus
2717 1382 3038 1449 hirundinis,
3079 1384 3152 1438 sic
3174 1382 3450 1439 clamabo:

1849 1473 2134 1529 meditabor
2162 1483 2216 1528 ut
2243 1473 2482 1529 columba
2502 1492 2520 1529 .'
2551 1476 2804 1530 attenuati
2828 1488 2944 1530 sunt
2972 1477 3105 1529 oculi
3135 1477 3232 1530 mei
3273 1477 3450 1546 suspi-

1850 1567 2038 1621 cientes
2055 1567 2110 1621 in
2131 1565 2409 1622 excelsum.
2443 1566 2686 1636 Domine,
2715 1571 2822 1622 vim
2851 1570 3062 1636 patior;
3091 1572 3344 1640 responde
3360 1585 3453 1640 pro

1850 1676 1930 1714 me
1950 1676 1970 1715 .'
1990 1661 2115 1730 quid
2140 1661 2308 1714 dicam
2329 1669 2420 1714 aut
2447 1661 2569 1731 quid
2592 1661 2917 1734 respondebit
2943 1661 3069 1716 mihi
3096 1678 3211 1715 cum
3241 1662 3351 1728 ipse
3374 1664 3454 1733 [e-

1852 1755 1976 1808 cerit
1995 1754 2019 1808 ἲ
2041 1754 2214 1810 LXX:
2238 1755 2401 1822 Quasi
2421 1757 2649 1809 hirundo
2661 1760 2735 1810 sic
2754 1756 2992 1810 clamabo
3011 1772 3029 1811 :
3047 1758 3194 1826 quasi
3217 1756 3458 1810 columba

1851 1849 1926 1902 sic
1947 1849 2254 1904 meditabor.
2282 1849 2599 1922 Defeccrunt
2622 1852 2758 1906 enim
2789 1852 2928 1905 oculi
2947 1853 3046 1906 mei
3075 1853 3376 1924 aspicienda
3401 1854 3457 1908 in

189 1950 232 2006 in
253 1949 567 2020 plenitudine
595 1950 809 2004 dierum
833 1960 1082 2001 suorum.
1131 1941 1318 2000 Sancti
1372 1940 1602 2010 implent
1635 1937 1752 1992 dies
1784 1940 1830 2000 Β
1857 1941 2118 1996 excelsum
2138 1943 2251 1997 coeli
2287 1943 2357 1996 ad
2389 1942 2711 1998 Dominum:
2739 1945 2827 2012 qui
2854 1946 2986 1999 eruit
3017 1961 3119 2011 me,
3167 1958 3214 1998 et
3245 1945 3462 2000 abstulit

190 2060 313 2110 suos,
339 2045 506 2114 qualis
561 2043 663 2098 luit
699 2040 1000 2108 Abraham,
1048 2039 1140 2109 qui
1170 2050 1416 2094 mortuus
1446 2045 1532 2091 est
1560 2034 1754 2105 plenus

188 2134 366 2190 dierum
414 2137 464 2190 in
510 2145 798 2190 senectute
847 2132 990 2189 boiia
1037 2131 1191 2201 (Gen.
1237 2133 1392 2199 xxv).
1431 2129 1756 2183 Peccatures

187 2245 297 2286 vero
319 2240 368 2286 et
396 2231 544 2299 impii
582 2233 634 2284 in
666 2229 896 2285 dimidio
926 2229 1141 2284 dierum
1171 2240 1397 2283 suorum
1425 2223 1755 2288 moriuntur,

186 2323 241 2379 de
261 2324 438 2394 quibus
468 2332 524 2380 et
552 2323 843 2379 Psalmista
894 2323 1140 2392 loquitttr
1173 2339 1186 2375 :
1221 2318 1338 2375 Viri
1367 2319 1682 2391 sanguinum
1710 2323 1758 2370 et

186 2417 324 2472 dolosi
350 2434 446 2471 non
468 2417 824 2471 dimidiabunt
868 2415 978 2470 dies
1030 2430 1150 2470 suos
1192 2412 1312 2484 (Ps.
1346 2428 1456 2479 LIV,
1495 2410 1612 2482 25).
1639 2408 1757 2464 Non

185 2507 305 2564 enim
333 2508 553 2580 implent
585 2524 752 2579 opera
783 2509 1066 2574 virtutum,
1102 2505 1454 2572 necstudent
1481 2503 1757 2574 pmniten-

187 2602 246 2656 tia
268 2605 544 2661 emendare
591 2603 812 2660 delicta.
845 2601 1001 2660 Unde
1026 2601 1079 2657 in
1123 2601 1306 2657 medio
1329 2603 1456 2655 vitae
1483 2613 1674 2664 cursu,
1705 2603 1764 2652 et

186 2694 230 2749 in
255 2711 480 2752 errorum
507 2696 762 2753 tenebris
783 2695 1054 2750 ducentur
1083 2693 1152 2749 ad
1195 2702 1481 2747 tartarum.
1512 2688 1758 2756 Qutesivi,

188 2790 354 2860 lnquit,
391 2791 672 2846 residuum
712 2805 968 2844 annorum
1013 2804 1278 2854 meorum,
1313 2801 1420 2842 non
1450 2801 1536 2840 me
1566 2795 1763 2855 putans

189 2880 306 2936 ultra
327 2896 443 2938 esse
473 2887 777 2938 victurum.
813 2880 960 2947 Dixi,
989 2897 1091 2937 non
1129 2879 1310 2935 videbo
1336 2877 1618 2933 Dominum
1648 2874 1762 2930 Do-

187 2974 354 3028 minum
380 2976 431 3030 in
461 2986 612 3030 terra
660 2976 957 3030 viventium.
1001 2973 1107 3030 Pro
1139 2974 1371 3029 Domino
1416 2980 1471 3026 et
1506 2970 1761 3036 Domino,

181 3063 252 3120 bis
278 3067 328 3123 in
350 3067 590 3125 Hebraeo
620 3069 842 3135 ponitur
875 3084 930 3124 tit
960 3065 1090 3139 (n9).
1121 3065 1266 3137 quod
1296 3065 1348 3120 in
1379 3077 1622 3120 estrema
1652 3060 1764 3132 syl~

182 3159 282 3216 laba
307 3180 562 3221 ALLELUM
604 3143 841 3237 (Πτὴίπι)
880 3169 1060 3224 sonat,
1093 3174 1194 3232 pro
1218 3173 1326 3229 quo
1352 3157 1499 3214 LXX
1528 3166 1765 3212 transtu-

182 3253 338 3312 lerunt
363 3275 376 3306 τ
402 3255 766 3328 Nequaquam
793 3254 932 3309 ultra
953 3251 1133 3307 videbo
1163 3251 1394 3306 salutare
1426 3248 1522 3304 Dei
1543 3249 1598 3302 in
1627 3256 1766 3300 terra

1859 2033 2091 2088 dolorem
2115 2035 2304 2091 animae
2329 2052 2475 2101 mese,
2498 2046 2544 2091 et
2573 2038 2684 2108 ipse
2705 2039 2848 2109 fecit.
2880 2037 3026 2093 Mors
3059 2037 3377 2102 imminens,
3403 2045 3461 2094 et

1859 2127 2142 2198 languoris
2169 2129 2488 2185 incumbens
2517 2131 2696 2197 dolor,
2720 2134 2873 2202 quasi
2901 2132 2986 2188 leo
3023 2133 3096 2186 ita
3131 2134 3310 2188 omnia
3343 2149 3466 2189 cor-

1860 2223 2009 2293 poris
2049 2223 2158 2278 mei
2185 2239 2309 2280 ossa
2341 2224 2657 2298 frangebat;
2701 2228 2794 2282 sed
2836 2243 2936 2300 ego
2963 2229 3018 2283 in
3050 2229 3463 2286 similitudinem

1861 2314 2176 2372 hirundinis
2201 2326 2258 2373 et
2309 2319 2612 2385 columbae,
2668 2319 2888 2377 ﬂetibus
2926 2333 2981 2376 et
3007 2323 3301 2393 gemitibus
3345 2324 3466 2381 dies

1863 2422 2161 2480 noctesque
2182 2411 2512 2481 jungebam;
2545 2421 2600 2467 et
2622 2430 2648 2465 a
2682 2414 2796 2469 Deo
2833 2415 2954 2471 solo
2981 2417 3070 2486 qui
3105 2428 3310 2488 poterat
3337 2419 3465 2473 sub-

1863 2503 2083 2569 venire.
2111 2505 2339 2560 elevatis
2369 2507 2422 2561 in
2453 2506 2624 2562 altum
2660 2509 2855 2574 oculis,
2887 2511 3149 2566 auxilium
3184 2515 3468 2582 pra-stola-

1863 2596 1981 2652 bar.
2023 2597 2384 2669 Dicebamque
2425 2599 2492 2656 ad
2532 2617 2692 2655 eum:
2756 2603 2876 2672 plus
2925 2606 3101 2674 patior
3137 2622 3297 2676 quant
3346 2624 3469 2664 mea

1866 2700 2103 2760 poscunt
2129 2691 2322 2747 merita
2350 2709 2365 2759 ;
2411 2694 2506 2749 sed
2538 2705 2588 2749 et
2617 2694 2663 2750 si
2688 2695 2816 2763 quid
2847 2699 3051 2764 erravi,
3079 2714 3372 2756 convertar
3398 2703 3470 2758 ad

1864 2785 2093 2852 melius;
2127 2795 2180 2840 tu
2214 2797 2237 2825 ο
2265 2787 2540 2854 τεειιοηόθ
2563 2805 2660 2858 pro
2686 2805 2808 2845 me:
2838 2789 2958 2846 Non
2985 2804 3062 2848 est
3087 2796 3224 2849 enim
3246 2795 3465 2851 volentis

1866 2894 2028 2950 neque
2055 2881 2342 2944 currentis,
2392 2881 2483 2937 sed
2517 2883 2812 2939 miserentis
2852 2883 2953 2940 Dei
3018 2886 3195 2958 (Rom.
3226 2906 3300 2958 ts,
3349 2890 3465 2963 16).

1866 2970 2216 3043 Rursumque
2259 2973 2316 3029 in
2368 2989 2428 3030 se
2479 2978 2806 3032 revertitur:
2840 2976 3003 3052 473
3053 2980 3191 3050 Quid
3245 2982 3464 3047 dicant,

1865 3065 2070 3138 quidve
2118 3067 2387 3124 causabor
2426 3079 2614 3126 contra
2668 3082 2720 3128 te
2769 3071 3034 3130 factorem
3089 3077 3318 3132 meum?
3372 3089 3470 3134 aut

1867 3158 1994 3227 quid
2042 3159 2174 3215 mihi
2204 3163 2556 3232 respondebit
2598 3163 2689 3235 qui
2723 3163 2853 3220 fecit
2910 3167 3027 3238 ipse
3056 3169 3199 3239 quod
3251 3171 3474 3226 voluit?

1868 3249 2196 3308 Sustineuda
2228 3269 2361 3326 ergo
2413 3265 2541 3312 sunt
2588 3272 2945 3328 quaecumque
3005 3259 3332 3319 decreverit.
3363 3263 3470 3320 Pro

180 3348 447 3405 virentium.
481 3351 558 3406 De
579 3363 699 3420 qua
729 3349 781 3403 in
812 3347 919 3402 alio
944 3346 1066 3401 loco
1093 3345 1358 3416 scriptum
1388 3351 1510 3399 est:
1543 3340 1772 3396 Placebo
1799 3339 1846 3404 C
1879 3344 2027 3414 pullo
2059 3344 2366 3402 hirundinis
2385 3387 2402 3416 ,
2442 3348 2558 3402 sive
2587 3347 2887 3417 hirundine,
2918 3362 2980 3408 ut
3005 3352 3150 3410 LXX
3179 3358 3474 3411 transtule-

181 3439 381 3498 Doniitto
404 3445 458 3498 in
479 3445 704 3516 regione
730 3440 1004 3496 viventium
1027 3436 1147 3511 (Ps.
1164 3453 1309 3502 cxw,
1330 3436 1408 3509 9).
1431 3436 1497 3491 Et
1516 3447 1766 3491 rursum:

183 3531 384 3591 Placebo
409 3534 653 3591 Domino
680 3537 735 3590 in
763 3533 955 3588 lumine
980 3532 1258 3586 viventium
1277 3529 1396 3602 (Ps.
1432 3544 1522 3587 ιγ.
1554 3527 1633 3599 9).
1663 3525 1770 3582 Re-

177 3628 255 3696 δίο
292 3644 417 3701 ergo
455 3629 797 3687 Sanctorum
847 3629 966 3698 ipsa
1009 3638 1115 3692 eat,
1155 3639 1280 3696 quae
1323 3623 1632 3694 appellatur
1677 3620 1770 3676 lux

178 3723 474 3780 Viventium.
502 3724 638 3782 Non
660 3733 744 3779 est
771 3723 916 3778 enim
939 3721 1086 3776 Deus
1109 3730 1472 3788 mortuorum,
1491 3717 1587 3774 sed
1617 3717 1771 3771 vivo-

178 3832 279 3872 rum
300 3819 514 3891 (llatth.
538 3826 710 3888 un).
733 3818 846 3872 l'loe
867 3826 1047 3871 autem
1077 3825 1160 3871 est
1187 3829 1350 3869 omne
1375 3812 1522 3883 quod
1554 3810 1766 3876 metuit,

176 3925 233 3965 ne
257 3913 488 3970 salutare
511 3913 644 3976 Dei,
667 3911 867 3967 ductus
890 3909 957 3966 ad
987 3907 1216 3967 inferos.
1239 3906 1403 3980 (‘72
1427 3918 1767 3976 nequaquam

177 4012 429 4062 mereatur
473 4007 756 4076 aspicere.
811 4003 1068 4072 Sequitur
1100 4019 1114 4056 :
1145 3998 1269 4056 Non
1311 3999 1563 4071 aspiciam
1602 3997 1770 4051 homi-

175 4113 276 4152 nem
299 4102 437 4156 ultra
457 4111 507 4156 et
527 4100 878 4156 habitatorem
899 4099 1105 4170 quietis.
1130 4095 1287 4165 Quod
1319 4109 1420 4151 nos
1447 4094 1578 4149 olim
1606 4107 1772 4163 prop-

177 4197 248 4246 ter
274 4193 422 4251 verbi
451 4194 877 4265 ambiguitatem
922 4188 1173 4261 sequenti
1217 4187 1493 4245 versiculo
1508 4187 1771 4258 junxera-

173 4299 308 4353 mus;
338 4303 530 4344 sermo
553 4286 711 4342 enim
741 4285 1040 4340 Heliraicus
1065 4298 1264 4346 noceo,
1293 4283 1338 4336 si
1371 4282 1582 4347 legatur
1605 4277 1658 4346 δ,
1679 4285 1775 4334 aut

172 4379 430 4438 scribatur
477 4397 632 4439 ειει)
663 4362 836 4453 (ἠΠ),
875 4379 1144 4451 requiem:
1170 4377 1218 4433 si
1246 4391 1386 4433 EDBL
1413 4358 1586 4448 (5m).
1616 4372 1770 4429 Occi-

171 4477 355 4537 dentem
389 4491 584 4538 sonat.
617 4479 799 4535 Timet
819 4494 952 4550 ergo
979 4494 1046 4535 ne
1071 4492 1198 4533 cum
1227 4476 1433 4532 sanctis
1453 4485 1510 4532 et
1537 4474 1774 4530 homini-

170 4567 259 4628 bus
283 4573 374 4631 Dei
420 4589 539 4631 non
577 4571 794 4629 habitet
820 4571 875 4627 in
901 4569 1106 4643 quiete,
1143 4585 1214 4626 ne
1242 4583 1350 4625 non
1382 4567 1562 4624 videat
1593 4564 1773 4622 Domi-

169 4679 283 4721 num
316 4669 368 4723 in
420 4679 576 4726 terra
611 4667 937 4734 viventium,
985 4681 1054 4722 ne
1096 4664 1381 4738 generatio
1412 4663 1560 4720 illius
1602 4662 1774 4718 instar

1871 3445 2020 3506 runt,
2056 3438 2111 3494 in
2144 3439 2412 3496 Hebraico
2441 3441 2702 3513 scriptum
2733 3454 2836 3512 est,
2870 3461 2963 3502 sus
2992 3462 3132 3504 soon
3161 3453 3304 3519 (11:?
3321 3451 3467 3522 οπο),

1872 3532 2017 3603 quod
2052 3533 2440 3606 interpretatus
2465 3549 2550 3593 est
2571 3537 2790 3610 Aquila,
2820 3556 2981 3608 equus
3001 3544 3144 3614 Agor
3165 3560 3185 3598 :
3214 3543 3472 3602 Theodo-

1873 3624 1966 3689 tio,
1985 3639 2060 3681 srs
2078 3641 2216 3682 noun
2234 3627 2378 3700 (anu
2391 3628 2544 3702 DD);
2572 3631 2747 3687 media
2771 3633 2915 3689 enim
2931 3635 3137 3690 vocalis
3158 3636 3336 3693 littera
3353 3655 3473 3704 vau,

1871 3716 1928 3772 si
1972 3730 2203 3788 ponatur
2233 3721 2374 3776 inter
2403 3723 2539 3777 duas
2593 3723 2813 3790 Samec,
2862 3727 3067 3797 legitur
3105 3746 3225 3796 sus,
3278 3739 3334 3786 et
3377 3746 3474 3801 ap-

1872 3810 2107 3882 pellatur
2166 3829 2365 3883 equus;
2415 3815 2459 3870 si
2508 3815 2601 3883 iod
2631 3859 2646 3881 ,
2706 3817 2907 3889 legitur
2954 3823 3068 3887 sis,
3139 3830 3194 3877 et
3247 3823 3473 3877 hirundo

1871 3909 2094 3967 dicitur.
2143 3908 2502 3982 Symmachus
2531 3920 2706 3966 autem
2733 3912 2805 3966 ita
2841 3915 3150 3971 transmlit:
3203 3916 3352 3972 Sicut
3386 3920 3472 3972 hi-

1873 4002 2043 4059 rundo
2059 4003 2283 4069 inclusa,
2306 4003 2381 4057 sic
2399 4003 2634 4059 cantabo.
2659 4004 2814 4073 Quod
2839 4007 3064 4063 verbum
3091 4026 3220 4080 agor
3239 4011 3361 4066 etin
3382 4011 3473 4068 Je—

1873 4098 2043 4152 retnia
2074 4095 2296 4167 legitur,
2354 4096 2444 4151 ubi
2483 4096 2746 4162 scriptum
2773 4109 2891 4153 est:
2940 4099 3133 4156 Milvus
3161 4104 3216 4156 in
3240 4108 3366 4159 caelo
3386 4121 3474 4158 co-

1872 4189 2047 4263 gnovit
2061 4198 2258 4262 tempus
2279 4205 2430 4244 suum
2445 4207 2464 4244 :
2491 4199 2660 4246 turtur
2672 4201 2721 4245 et
2743 4191 2993 4263 hirundo,
3013 4205 3060 4250 et
3081 4197 3283 4252 ciconia
3295 4209 3471 4254 custo-

1875 4282 2085 4338 dierunt
2112 4293 2346 4355 tempora
2373 4299 2467 4338 sua
2491 4281 2716 4354 (Jerem.
2741 4301 2856 4348 vin,
2891 4286 2970 4358 7).

1945 4375 2129 4446 (Vers.
2151 4375 2220 4432 16
2241 4376 2422 4448 seqq.)
2446 4375 2719 4450 Reputabo
2733 4394 2912 4434 omnes
2927 4397 3092 4438 annos
3103 4399 3243 4439 meos
3261 4385 3314 4440 in
3331 4402 3478 4443 anta-

1873 4469 2108 4526 ritudine
2135 4471 2326 4526 anima:
2356 4488 2504 4528 meae.
2527 4469 2772 4540 Domine,
2789 4475 2835 4528 si
2861 4475 2936 4529 sic
2967 4477 3177 4544 vivitur,
3208 4489 3256 4535 et
3284 4481 3337 4536 in
3359 4483 3480 4537 tali-

1874 4563 1968 4618 bus
1994 4565 2099 4619 vita
2139 4564 2355 4635 spiritus
2383 4565 2508 4628 mei,
2553 4567 2802 4638 corripies
2837 4584 2939 4635 me,
2983 4580 3034 4624 et
3068 4572 3348 4643 viviﬁcabis
3378 4592 3478 4630 me.

1879 4654 2015 4711 Ecce
2057 4657 2111 4710 in
2157 4672 2284 4729 pace
2319 4656 2617 4712 amaritudo
2646 4674 2761 4712 mea
2801 4661 3146 4717 amarissima.
3198 4664 3282 4720 Tu
3314 4682 3487 4722 autem

169 4759 498 4820 tabernaculi
524 4761 891 4826 dissolvatur,
923 4775 992 4816 ne
1038 4759 1092 4815 in
1118 4758 1241 4815 telae
1271 4755 1686 4813 similitudinem
1717 4755 1770 4811 in
1798 4740 1853 4802 D
1875 4750 2059 4805 eruisti
2087 4750 2317 4805 animam
2345 4767 2534 4817 meam,
2562 4760 2618 4804 ut
2654 4768 2757 4806 non
2783 4753 2974 4825 periret
3003 4771 3022 4810 :
3058 4760 3326 4832 projecisti
3370 4773 3490 4835 ροδι

166 4851 274 4923 ipso
298 4856 437 4913 lucis
470 4854 718 4911 exordio
751 4852 1104 4924 praecidatur.
1136 4861 1193 4909 et
1217 4864 1560 4920 nequaquam
1592 4849 1661 4905 de
1682 4863 1773 4905 se-

166 4948 302 5004 mine
328 4951 454 5020 ejns
482 4949 753 5006 Christus
779 4947 1007 5002 oriatur.
1027 4945 1184 5014 Quod
1211 4952 1394 5000 autem
1422 4957 1624 5012 corpus
1651 4956 1779 4997 nos-

164 5047 294 5097 trum
318 5044 655 5116 appelletur
676 5040 1112 5107 tabernaculum,
1141 5049 1196 5095 et
1234 5036 1532 5108 Aposmlus
1559 5036 1781 5090 instruit

164 5134 343 5194 dicens
376 5156 391 5192 :
422 5136 547 5192 Nos
572 5135 669 5208 qui
691 5150 868 5190 sumus
891 5138 944 5187 iu
969 5133 1066 5187 hoc
1101 5129 1454 5197 tabernaculo,
1478 5127 1777 5200 ingemisci-

165 5247 266 5286 mus
295 5231 587 5306 aggravati
625 5227 691 5299 (ll
717 5226 840 5283 Cor.
864 5241 919 5293 v,
949 5224 1030 5298 b).
1062 5223 1145 5280 De
1173 5239 1352 5292 mane,
1381 5222 1491 5289 ait,
1521 5237 1685 5292 usque
1712 5221 1781 5275 ad

226 5377 251 5408 ⁸
284 5368 557 5442 Legentes
584 5367 731 5442 licet,
757 5374 865 5442 etc.
887 5361 1354 5442 Qorruptissimus
1382 5360 1542 5442 locus
1563 5358 1618 5414 in
1643 5366 1793 5414 vete-

163 5441 305 5497 ribus
341 5431 755 5499 E'ditionibus:
797 5440 849 5492 in
886 5431 1210 5498 Erasntiana
1241 5433 1387 5489 enim
1419 5431 1643 5486 additur
1690 5447 1790 5486 no-

163 5528 282 5569 men
311 5531 450 5589 agro
475 5555 494 5583 ,
532 5510 676 5589 etin
709 5509 1022 5573 Marianzea,
1049 5507 1227 5589 idest,
1252 5507 1310 5588 in
1331 5506 1468 5582 ἀκρὰ
1502 5519 1516 5556 :
1553 5518 1786 5589 quorum

159 5577 726 5641 veranuni'nullnm
767 5592 940 5637 exstat
977 5579 1267 5650 vestigium
1298 5577 1354 5632 in
1400 5577 1790 5647 inanuscriptis

158 5653 493 5731 Hieronymi
523 5655 718 5710 libris.
764 5655 1035 5709 Manum.

221 5749 248 5788 δ
281 5725 442 5806 Unus
471 5746 692 5817 \Iatioq
722 5746 768 5800 si
796 5744 1020 5817 legatur,
1050 5751 1104 5798 ut
1125 5742 1392 5817 scribitur.
1426 5742 1494 5798 Et
1521 5755 1655 5799 vero

157 5797 441 5887 hedei've-t-
459 5797 766 5876 ﬁﬁ’lvte'led
794 5797 1272 5887 stitittﬂpi'omiscue
1299 5797 1512 5884 solent,
1535 5797 1587 5874 et
1609 5797 1789 5886 quoad

159 5886 318 5950 usum
369 5903 708 5966 synonyma
753 5898 899 5956 sunt,
969 5888 1182 5944 tametsi
1237 5886 1512 5947 diversam
1553 5891 1791 5947 sortian-

159 5995 241 6042 tur
283 5982 730 6060 etymologiam.
790 5980 888 6037 l~lic
910 5996 1077 6050 penes
1105 5980 1299 6040 Isaiam
1327 5992 1415 6043 est
1459 5966 1569 6047 ‘n'n
1602 5985 1732 6040 "cum
1779 5998 1793 6040 :

496 6077 798 6143 PATIOL.
823 6091 834 6097 '
857 6073 1098 6138 XXIV.

1878 4853 2080 4913 tergum
2109 4851 2255 4896 tuum
2283 4843 2457 4896 omnia
2493 4855 2706 4914 peccata
2745 4861 2877 4900 mea.
2925 4845 3064 4912 Quia
3106 4867 3208 4906 non
3248 4854 3486 4924 infernus

1881 4934 2207 5006 confitebitur
2234 4933 2354 5001 tibi,
2382 4951 2548 5007 neque
2568 4951 2707 4990 ntors
2735 4936 2973 4993 laudabit
3003 4951 3052 4995 te
3077 4957 3096 4996 .°
3127 4959 3233 4998 non
3278 4962 3489 5020 exspec-

1885 5030 2066 5084 tabuut
2093 5029 2186 5101 qui
2213 5027 2533 5083 descendunt
2561 5030 2615 5083 in
2658 5028 2852 5091 lacum.
2883 5035 3150 5091 veritatem
3187 5049 3352 5095 tuam.
3403 5043 3495 5098 Vi-

1886 5140 2026 5186 vens,
2058 5123 2232 5178 vivens
2263 5122 2373 5191 ipse
2415 5121 2746 5188 conﬁtebitur
2775 5125 2888 5192 tibi,
2931 5127 3068 5182 sicut
3098 5139 3148 5185 et
3174 5148 3268 5204 ego
3314 5133 3492 5192 hodie.

1886 5214 2050 5271 Pater
2079 5212 2205 5286 ﬁliis
2235 5223 2409 5268 notant
2438 5212 2593 5284 faciet
2619 5216 2882 5271 veritatem
2904 5227 3070 5276 tuam.
3102 5220 3345 5292 Domtne,
3375 5226 3490 5280 sal-

1902 5355 2121 5433 Pcalmo
2145 5363 2326 5409 autem
2351 5369 2498 5433 suis,
2526 5353 2583 5423 2,
2756 5362 2903 5414 33W.
2949 5360 3018 5416 Et
3047 5365 3228 5418 mundi
3270 5368 3492 5433 quidem

1899 5427 2218 5508 habitatores
2265 5427 2556 5508 utrobique
2602 5429 2992 5508 designantur;
3039 5437 3135 5508 sed
3174 5427 3342 5508 priori
3373 5440 3496 5497 loco

1900 5501 2082 5573 lutura
2111 5500 2286 5573 hujus
2299 5497 2487 5554 saeculi
2514 5497 2750 5556 cessatio
2772 5543 2787 5568 ,
2825 5514 2918 5559 aut
2949 5497 3191 5573 requies;
3217 5509 3391 5566 altero
3417 5514 3494 5568 vi-

1901 5571 2049 5640 litas,
2081 5574 2199 5628 sive
2223 5570 2544 5652 _obscu_ritas
2591 5573 2928 5652 intelligitur.
2986 5570 3184 5652 Verius
3227 5584 3496 5652 proinde,

1902 5656 2072 5720 atque
2081 5644 2315 5720 omnino
2342 5641 2410 5698 ad
2437 5641 3022 5720 Hier0tiy_rii‘ifmenteiii
3057 5641 3253 5720 legitur
3284 5656 3335 5708 in
3365 5641 3502 5712 duo:-

1903 5713 2006 5772 bus
2052 5715 2228 5774 Vatie.
2263 5729 2396 5771 mss.
2451 5715 2604 5786 prius
2647 5713 2810 5785 ’Edel,
2859 5713 3137 5791 requiem,
3172 5735 3285 5780 tum
3321 5724 3458 5783 Eled
3484 5771 3500 5798 ,

1903 5788 2237 5842 occidentem.

1899 5789 2237 5846 occidentem.

1977 5916 2000 5945 ε
2031 5904 2150 5985 Duo
2163 5903 2336 5959 Vatic.
2371 5903 2480 5968 llic,
2517 5911 2572 5958 tu
2602 5903 2802 5985 sponde
2824 5922 2919 5977 pro
2949 5923 3047 5978 me,
3077 5917 3133 5967 et
3161 5911 3322 5982 paulo
3351 5920 3501 5985 post,

1905 5985 2084 6034 contra
2106 5978 2356 6049 {actorem
2375 5991 2574 6047 meum,
2596 5982 2804 6048 absque
2825 5990 2892 6035 te.

3021 6077 3097 6139 13
