4096 6330
496 319 607 399 $95

1732 330 1794 391 S.
1836 323 2115 393 EUSEBII
2158 322 2543 393 HIERONYMI

3706 332 3807 393 ωδ

490 469 614 510 cum
656 466 738 508 me
773 452 883 524 fac,
931 456 978 504 et
1004 446 1231 522 psalmos
1277 454 1482 502 nostros
1534 444 1858 502 cantabimus
1905 445 2104 502 cunctis
2132 444 2179 508 Α
2207 443 2316 503 Pro
2356 459 2464 517 quo
2511 441 2659 501 LXX
2685 448 2986 515 posuerunt
3030 459 3044 499 :
3076 440 3151 498 Ab
3184 440 3339 499 hodie
3368 443 3509 501 enim
3541 443 3682 515 [ilics
3729 444 3809 515 {a-

495 546 678 603 diebus
716 544 836 599 vitte
869 550 1060 597 nostra:
1085 539 1143 596 in
1182 539 1336 595 domo
1363 536 1598 595 Domini.
1627 534 1771 594 LXX
1802 556 1817 597 :
1863 537 2102 607 Domine,

2205 539 2362 609 ciam,
2401 539 2493 611 qui
2530 537 2917 596 annuntiabunt
2934 538 3209 614 justitiam
3247 538 3411 597 tuam.
3457 539 3812 612 Causalisque

500 637 716 707 ἀείρω
742 635 1110 691 annuntiatum
1151 642 1229 690 est
1275 631 1369 688 tibi
1404 646 1425 688 :
1469 640 1517 688 et
1561 631 1826 691 suscitasti
1863 633 2105 707 spiritum
2205 632 2520 707 conjunctio
2576 631 2861 707 sequentia
2915 645 3042 690 cum
3106 632 3489 705 superioribus
3548 631 3811 703 copulat:

499 747 695 793 meum,
714 737 762 784 et
784 729 1087 784 consolatus
1106 726 1401 800 uiviﬁcasti.
1422 724 1556 783 Ecce
1582 728 1636 783 in
1659 743 1788 805 pace
1811 727 2105 783 amaritudo

495 839 613 879 mea
644 838 663 878 :
691 820 924 880 liberasti
948 822 1086 878 enim
1115 822 1345 877 animum
1374 829 1566 890 meam,
1598 830 1654 876 ut
1678 837 1783 876 non
1812 821 2022 893 periret,
2059 828 2108 877 et

495 916 766 992 projecisti
793 925 909 988 post
938 933 1019 972 me
1056 917 1234 973 omnia
1262 924 1475 990 peccata
1501 930 1635 971 mea.
1662 913 1851 987 Neque
1872 914 2009 970 enim
2030 908 2108 979 εἰη

493 1009 706 1084 inferno
749 1008 1041 1066 laudabunt
1090 1019 1160 1080 te,
1217 1027 1384 1084 neque
1426 1008 1619 1064 mortui
1648 1007 1949 1065 benedicent
1990 1006 2106 1063 tibi.

494 1096 683 1178 Neque
707 1105 987 1180 sperabunt
1023 1104 1116 1179 qui
1126 1105 1272 1179 apud
1298 1106 1495 1180 inferos
1525 1114 1646 1161 sunt
1694 1101 2108 1185 misericordiam

494 1204 641 1253 tuam
672 1215 691 1253 :
715 1198 942 1254 viventes
971 1196 1274 1255 benedicent
1301 1199 1419 1261 tibi,
1447 1198 1580 1254 sicut
1619 1206 1669 1254 et
1695 1213 1811 1270 ego.
1841 1197 1918 1252 Ab
1955 1194 2112 1252 hodie

496 1291 637 1346 enim
667 1288 807 1361 ﬁlios
845 1292 1063 1360 faciam,
1093 1291 1186 1364 qui
1226 1292 1607 1349 annuntiabunt
1637 1290 1904 1366 justitiam
1940 1298 2108 1357 tuam,

494 1381 726 1440 Domine
761 1382 951 1439 salutis
994 1400 1141 1454 meat,
1184 1393 1234 1441 et
1281 1400 1385 1440 non
1423 1385 1763 1457 requiescam,
1810 1382 2114 1440 benedicens

499 1475 595 1533 tibi
620 1493 741 1532 cum
780 1474 1070 1547 Psalterio,
1105 1479 1344 1535 omnibus
1380 1477 1558 1534 diebus
1587 1477 1706 1532 vitae
1745 1493 1872 1535 mea:
1894 1476 1949 1532 in
1987 1491 2113 1531 con-

497 1579 684 1643 spectu
728 1570 917 1629 domus
956 1568 1077 1629 Dei.
1124 1569 1285 1628 Nulla
1337 1587 1427 1629 res
1466 1572 1624 1645 longa
1661 1571 1973 1628 mortalium
2003 1579 2111 1639 est,

499 1663 795 1735 omnisque
834 1662 1068 1722 felicitas
1106 1662 1294 1722 saeculi
1344 1665 1473 1722 dum
1531 1674 1770 1734 tenetur,
1819 1665 2110 1723 amittitur.

500 1754 639 1812 Cum
692 1755 836 1811 enim
891 1756 1259 1815 tribulationis
1310 1767 1524 1831 tempus
1574 1759 1894 1830 advenerit,
1948 1775 2113 1819 omne

2206 725 2354 798 quod
2395 724 2650 783 videlicet
2689 723 2898 782 idcirco
2926 724 3181 783 viventes
3206 734 3262 782 ct
3293 724 3414 799 ipse
3435 723 3631 785 vivens
3656 723 3815 781 bene-

2208 821 2398 879 dicant
2434 821 2567 891 Deo,
2615 820 2745 893 quis
2771 818 2841 877 ab
2882 823 2984 876 hac
3010 816 3101 878 die
3128 819 3383 877 facturus
3412 818 3490 881 sit
3516 817 3686 887 ﬁlios,
3729 817 3816 890 qui

2209 912 2541 971 annuntient
2567 918 2856 969 veritatem
2893 912 3035 984 ejus,
3065 910 3210 987 quod
3241 920 3396 971 certe
3422 924 3539 969 suc
3569 925 3681 969 non
3705 918 3819 967 erat

2210 1011 2523 1085 potestatis.
2565 1009 2756 1084 Neque
2800 1009 2947 1067 enim
2999 1025 3100 1082 per
3150 1009 3488 1079 PrOphetam
3538 1006 3623 1067 illi
3666 1005 3816 1063 liberi

2212 1103 2538 1178 repromissi
2564 1111 2729 1161 sunt:
2774 1104 2875 1161 sed
2923 1117 3168 1177 prmsens
3198 1103 3305 1159 vita
3335 1116 3632 1161 concessa.
3674 1100 3817 1157 Prte-

2211 1197 2403 1255 sertim
2440 1212 2565 1254 cum
2600 1196 2985 1268 impiissimum
3017 1195 3191 1253 lilium
3222 1194 3476 1269 genuerit
3513 1193 3817 1263 Manassen,

2213 1289 2307 1364 qui
2352 1288 2646 1365 repleverit
2694 1287 2998 1347 Jerusalem
3040 1290 3333 1362 sanguine,
3366 1303 3396 1343 a
3450 1295 3610 1358 porta
3650 1301 3819 1360 usque

2214 1383 2285 1441 ad
2332 1392 2570 1456 portam,
2620 1393 2677 1439 et
2725 1396 2834 1438 non
2880 1379 3181 1451 benedixit,
3229 1379 3328 1437 sed
3382 1378 3676 1437 maledixit
3715 1378 3821 1436 Deo

2215 1493 2554 1551 persequens
2572 1486 2797 1535 sanctos
2827 1476 2967 1547 ejus.
2999 1475 3299 1533 Possumus
3325 1490 3457 1548 ergo
3494 1476 3656 1546 juxta
3686 1471 3821 1528 LXX

2213 1573 2379 1649 875
2407 1574 2513 1632 hoc
2540 1574 2748 1642 dicere,
2794 1572 2939 1647 quod
2969 1590 3099 1639 ,non
3130 1572 3356 1641 dixerit,
3406 1570 3550 1639 ﬁlios
3593 1569 3821 1641 Iccium:

2212 1668 2305 1725 sed
2340 1667 2541 1736 παιδία,
2573 1682 2714 1739 quos
2738 1667 2823 1725 vel
2853 1663 3125 1740 paruulos,
3151 1664 3235 1722 vel
3266 1679 3475 1737 pueros,
3505 1663 3626 1719 sive
3656 1662 3826 1734 infan-

2217 1760 2355 1817 tulos
2385 1768 2443 1818 et
2486 1770 2736 1833 posteros
2778 1758 3159 1831 intelligimus,
3209 1766 3268 1817 ut
3301 1772 3371 1814 ex
3408 1772 3477 1813 eo
3521 1755 3673 1828 quod
3716 1757 3827 1828 ipse

497 1846 648 1922 qbod
696 1851 1034 1922 praeteritum
1089 1856 1178 1907 est
1230 1848 1369 1908 nihil
1435 1852 1664 1925 adjuvat
1719 1855 2109 1913 sustinentem.
2143 1851 2192 1915 B
2219 1854 2655 1911 misericordiam
2682 1863 3015 1910 consecutus
3038 1862 3141 1919 est,
3173 1851 3353 1908 omnis
3380 1860 3617 1907 ventura
3648 1859 3826 1922 poste.

499 1932 660 1999 [inde
683 1942 847 1998 stulta
882 1938 1107 2014 Epicuri
1136 1944 1410 2001 sententia
1441 1954 1548 2014 est,
1578 1946 1667 2017 qui
1700 1950 1900 2005 asserit
1930 1960 2119 2005 recor-

498 2030 722 2093 datione
751 2038 1160 2104 praeteritorum
1191 2038 1486 2109 honorum,
1516 2038 1660 2096 mala
1691 2040 1981 2113 prasentia
2011 2041 2114 2097 mi-

501 2128 686 2201 tigari.
721 2128 866 2201 Ergo
897 2130 1168 2188 Ezechias
1208 2144 1470 2205 reputare
1502 2147 1564 2191 se
1609 2132 1742 2190 dicit
1782 2148 1975 2191 omnes
2019 2148 2118 2191 au-

499 2234 604 2276 nos
634 2222 792 2294 regni
821 2222 929 2290 sui,
960 2228 1018 2280 et
1052 2226 1368 2295 prmteritre,
1398 2234 1459 2281 ut
1485 2225 1737 2299 putabat,
1766 2225 2118 2285 beatitudinis

502 2315 559 2373 in
590 2316 850 2390 praesenti
885 2319 1276 2377 amaritudine.
1311 2322 1383 2378 Et
1430 2323 1555 2395 quia
1578 2322 1692 2397 jam
1739 2339 1966 2381 securus
2009 2332 2114 2390 est,

498 2425 605 2469 nec
623 2412 843 2482 'patitnr
872 2429 994 2486 qua:
1025 2414 1221 2483 refert,
1263 2412 1332 2471 de
1361 2416 1603 2473 humano
1630 2414 1799 2491 476
1822 2425 1970 2475 statu
2002 2417 2118 2491 plti-

500 2504 844 2575 losoithatur,
878 2516 936 2562 et
969 2506 1104 2564 dicit
1134 2524 1149 2564 :
1182 2504 1430 2578 Domine,
1468 2508 1513 2564 si
1543 2510 1619 2565 sic
1647 2511 1837 2567 uiuitur
1874 2527 1894 2567 :
1920 2520 1977 2568 et
2023 2511 2118 2569 tali

498 2611 691 2656 sumus
735 2600 1056 2658 conditione
1085 2602 1359 2674 generati,
1406 2603 1724 2677 corripuisti
1755 2620 1866 2673 me,
1911 2605 2007 2663 sed
2040 2604 2116 2661 vi-

496 2692 735 2751 viﬁcasti
784 2710 894 2762 me,
940 2710 1241 2769 pacemque
1289 2696 1570 2767 tribuisti,
1620 2696 1809 2771 fugato
1852 2698 2117 2772 Assyrio;

500 2786 599 2845 sed
629 2802 734 2861 pax
781 2804 903 2845 mea
945 2784 1095 2846 omni
1135 2790 1268 2846 mihi
1310 2786 1680 2848 amaritudine
1723 2790 1828 2851 fuit
1851 2794 2117 2862 amarior,

497 2882 625 2953 quia
656 2880 1060 2954 tranquillitate
1089 2883 1307 2956 populis
1354 2883 1591 2952 reddita,
1631 2895 1688 2943 et
1731 2887 1869 2945 urbe
1897 2903 2115 2955 secura,

503 2988 608 3046 ego
634 2975 785 3031 solus
817 2972 1011 3031 limina
1038 2978 1229 3035 mortis
1261 2978 1481 3034 intravi.
1512 2978 1623 3037 Sed
1667 2987 1727 3036 tu
1765 2979 1959 3039 eruisti
1994 2980 2117 3038 ani~

503 3083 655 3125 mam
695 3082 899 3135 meam,
950 3078 1014 3125 ut
1050 3087 1162 3126 non
1194 3073 1422 3144 periret,
1453 3073 1538 3131 vel
1578 3075 1838 3146 praesenti
1873 3074 2002 3131 vita:
2031 3075 2118 3132 vel

500 3160 725 3218 futurae.
767 3160 1055 3234 Projecisti
1093 3164 1239 3221 enim
1276 3174 1403 3238 post
1426 3176 1643 3239 tergum
1680 3167 1861 3224 omnia
1894 3178 2117 3241 peccata

2219 1949 2352 2005 ritas
2380 1948 2482 2007 hoc
2520 1961 2885 2020 cognoscens,
2919 1945 3108 2003 laudet
3131 1944 3251 2019 ejus
3283 1943 3671 2001 incredibilem
3719 1944 3829 2001 cle-

2219 2046 2509 2105 mentiam.
2544 2042 2771 2101 Salvum
2812 2057 2947 2115 ergo
2976 2058 3063 2099 me
3092 2042 3199 2109 lac,
3230 2038 3491 2103 Domine;
3540 2047 3599 2097 et
3639 2052 3825 2097 omnes

2218 2136 2314 2209 qui
2346 2136 2401 2193 in
2434 2145 2486 2193 te
2512 2135 2813 2204 credimus,
2855 2145 3060 2205 tuoque
3102 2147 3294 2190 sumus
3332 2129 3544 2189 auxilio
3592 2128 3824 2197 liberati.

2219 2228 2436 2286 cunctis
2459 2228 2657 2285 diebus
2678 2226 2807 2285 vitae
2837 2237 3043 2284 ucstra:
3075 2236 3129 2281 te
3162 2239 3427 2295 canemus
3451 2224 3507 2281 in
3534 2222 3791 2294 Tetnplo.

2296 2321 2480 2395 (Vers.
2509 2321 2601 2393 21,
2642 2320 2765 2395 ει.)
2794 2317 2865 2375 Ει
2897 2320 3062 2394 jussit
3098 2316 3275 2375 Isaias
3315 2328 3370 2373 ut
3403 2325 3673 2373 sumerent
3700 2331 3830 2371 atas-

2219 2432 2331 2471 sam
2354 2416 2419 2471 de
2445 2415 2583 2489 ﬁcis,
2616 2425 2662 2473 et
2687 2415 3132 2489 cataplasmarcnt
3164 2429 3321 2486 super
3358 2413 3573 2480 vulnus,
3597 2421 3648 2468 et
3675 2427 3822 2469 sana.

2220 2523 2387 2571 retur.
2430 2512 2663 2571 Etdixit
2714 2510 2997 2580 Ezechias,
3059 2509 3201 2583 quod
3256 2510 3355 2569 erit
3420 2510 3656 2582 signum,
3709 2506 3828 2580 quis

2220 2605 2503 2665 ascendam
2528 2607 2581 2661 in
2611 2603 2822 2661 domum
2852 2601 3092 2661 Domini.
3114 2600 3232 2661 Hoc
3253 2602 3411 2675 prius
3432 2600 3735 2674 legendum
3750 2608 3831 2657 est

2220 2716 2384 2774 quam
2412 2700 2591 2757 oratio
2620 2698 2913 2769 Ezccbirc,
2955 2698 3077 2759 sive
3120 2697 3429 2768 Scriptura,
3472 2711 3638 2768 quam
3690 2708 3831 2753 nunc

2221 2793 2570 2866 interpretati
2601 2807 2797 2853 sumus
2837 2810 2853 2847 :
2895 2801 3025 2849 ante
3053 2794 3201 2851 enim
3240 2789 3582 2861 cataplasma
3627 2787 3830 2844 vulneri

2218 2887 2541 2959 impositum
2573 2898 2679 2957 est,
2710 2896 2768 2945 et
2812 2887 2969 2959 prius
2999 2886 3219 2959 signum
3247 2885 3319 2941 ab
3357 2899 3429 2941 eo
3467 2883 3703 2955 petitum
3751 2881 3828 2939 fu-

2221 2988 2362 3039 turae
2409 2979 2686 3047 sanitatis,
2715 2994 2877 3052 quam
2909 2979 3116 3052 gratias
3157 2984 3346 3050 ageret
3374 2976 3638 3043 Domine,
3688 2974 3830 3047 quod

2222 3071 2428 3130 dicitur
2487 3072 2687 3133 fecisse
2742 3081 2992 3133 senatus.
3070 3073 3239 3133 Aiunt
3310 3072 3529 3129 llebmi
3607 3069 3829 3129 verbum

2225 3173 2251 3205 ⁸
2276 3179 2385 3224 sttN
2406 3166 2617 3257 qm),
2644 3166 2791 3238 quod
2821 3163 3408 3239 prmterrniseteLXX,
3435 3165 3588 3221 ulcus
3616 3178 3832 3228 sonare,

506 3270 655 3325 mea,
688 3268 758 3312 ne
780 3254 872 3312 illa
906 3258 1077 3314 tristis
1113 3260 1416 3332 aspicerem
1444 3306 1460 3331 ,
1491 3262 1587 3318 sed
1621 3272 1768 3319 tuam
1807 3264 2123 3323 misericor-
2149 3248 2197 3317 C
2227 3275 2341 3319 non
2371 3248 2579 3317 vulnus.
2605 3260 2744 3321 Nam
2767 3273 2826 3317 et
2852 3260 3050 3332 Aquila
3077 3258 3555 3333 Symmachusqtte
3578 3265 3637 3317 et
3660 3256 3835 3317 Thoo-

509 3346 657 3404 diam
680 3350 1108 3421 contemptarer.
1134 3348 1389 3409 infernus
1417 3354 1561 3410 enim
1592 3364 1645 3411 et
1678 3370 1829 3412 mors
1853 3372 1961 3412 non
1992 3372 2126 3415 cou~

506 3439 832 3511 titebuntur,
864 3456 1042 3517 neque
1066 3443 1364 3503 laudabunt
1397 3457 1469 3515 te,
1488 3446 1644 3520 juxta
1667 3448 1800 3507 illud
1826 3451 1968 3520 quod
1994 3453 2129 3509 scri-

504 3539 660 3603 ptum
703 3544 831 3592 est:
870 3532 938 3591 In
988 3538 1196 3609 inferno
1243 3549 1420 3596 autem
1466 3541 1584 3613 quis
1638 3542 1967 3613 conﬁtebitur
2034 3544 2129 3602 tibi

513 3624 691 3699 (Psal.
731 3642 809 3696 vi,
860 3627 961 3701 6)?
1007 3626 1405 3704 Confessioque
1443 3633 1496 3689 in
1535 3628 1641 3695 hoc
1682 3636 1827 3705 loco,
1871 3653 1981 3695 non
2028 3652 2129 3709 pro

511 3723 865 3792 paenitentia,
899 3723 995 3780 sed
1029 3736 1128 3796 pro
1156 3725 1333 3798 gloria
1374 3737 1429 3783 et
1475 3727 1638 3786 laude
1666 3731 1957 3805 accipitur,
1988 3733 2132 3789 sicut

507 3822 566 3872 et
608 3815 664 3872 in
709 3816 1012 3891 Evangelio
1056 3819 1309 3895 legimus,
1366 3820 1667 3892 Con/utebar
1715 3823 1825 3897 [AL
1860 3822 2132 3899 conﬁteor]

510 3910 627 3979 tibi,
660 3908 906 3980 Domine,
937 3908 1099 3968 Pater
1131 3910 1247 3969 ειειί
1275 3923 1324 3968 et
1353 3922 1505 3975 terra:
1533 3913 1697 3985 (Mat.
1726 3920 1811 3984 XI,
1837 3916 1958 3991 25).
2009 3916 2133 3977 Non

512 4005 910 4077 exspectabant,
945 4006 1142 4080 inquit,
1173 4006 1265 4081 qui
1292 4007 1614 4065 descendunt
1638 4009 1693 4065 in
1725 4009 1917 4079 lacum,
1945 4012 2136 4067 uerita-

517 4104 620 4150 tem
646 4104 790 4152 tuam
817 4113 836 4152 :
868 4097 1067 4155 melius
1096 4115 1258 4170 quam
1292 4100 1346 4155 in
1376 4098 1521 4157 LXX
1562 4101 2001 4161 misericordiam.
2030 4102 2133 4175 Qui

517 4188 668 4246 enim
700 4189 755 4245 in
783 4188 1003 4246 inferno
1024 4201 1129 4258 est,
1161 4207 1268 4246 non
1298 4200 1581 4264 exspectat
1599 4192 1789 4265 judicii
1814 4195 2133 4263 veritatem,

520 4283 620 4339 sed
662 4284 1102 4340 misericordiam
1152 4285 1250 4343 Dei
1282 4304 1295 4341 :
1335 4288 1574 4345 maxime
1609 4304 1732 4347 cum
1781 4287 2038 4347 Salvator
2067 4288 2135 4346 ad

518 4373 737 4431 inferna
773 4374 1145 4446 descenderit,
1191 4388 1248 4433 ut
1275 4376 1492 4435 vinctos
1518 4379 1587 4434 de
1615 4378 1810 4439 inferis
1852 4380 2134 4441 liberaret.

522 4466 635 4524 Pro
696 4468 816 4523 lacu
865 4467 1212 4526 manifestius
1260 4470 1430 4527 iidem
1478 4472 1672 4543 inferos
1717 4472 2135 4535 transtulerunt.

2225 3354 2379 3413 dotio
2411 3356 2550 3425 tam
2574 3356 2919 3428 interpretati
2970 3364 3117 3427 sunt,
3176 3369 3274 3424 per
3298 3353 3446 3427 quod
3483 3353 3723 3410 morbum
3752 3366 3832 3409 re-

2226 3452 2372 3524 gium
2422 3449 2651 3522 intelligi
2690 3450 2904 3515 volunt.
2954 3447 3043 3507 cui
3088 3447 3372 3507 contraria
3414 3456 3706 3519 putantur,
3757 3444 3840 3505 vel

2225 3550 2444 3613 sumpta
2490 3541 2545 3599 in
2593 3542 2739 3611 cibo,
2786 3541 2873 3599 vel
2920 3540 3169 3614 apposita
3213 3540 3438 3613 corpori
3480 3553 3840 3612 quaecumque

2228 3644 2357 3693 sunt
2380 3633 2583 3691 dulcia.
2615 3632 2762 3705 Ergo
2793 3643 2854 3689 ut
2882 3634 2976 3691 Dei
3009 3631 3259 3705 potentia
3292 3641 3719 3702 monstraretur,
3748 3645 3841 3701 per

2230 3742 2323 3784 res
2362 3727 2552 3785 noxias
2600 3736 2659 3787 et
2701 3725 2966 3787 adversus
3008 3726 3218 3785 sanitas
3270 3725 3531 3789 restituta
3582 3733 3699 3789 est.
3742 3721 3839 3780 Alii

2230 3836 2358 3889 sint,
2394 3834 2505 3877 non
2536 3818 2709 3888 ulcus,
2749 3819 2847 3876 sed
2890 3829 3158 3893 apostsma
3202 3816 3558 3889 suspicamur
3588 3836 3600 3873 :
3628 3814 3841 3889 quando

2232 3927 2451 3979 tumens
2477 3932 2682 3989 corpus
2705 3928 2865 3975 cocto
2892 3926 2948 3974 et
2974 3923 3324 3988 putrescente
3348 3930 3491 3986 pure
3510 3916 3838 3985 completur.

2234 4011 2304 4071 Et
2325 4012 2481 4084 juxta
2505 4025 2682 4069 artem
2710 4011 3075 4080 medicorum,
3107 4011 3293 4068 omnis
3311 4011 3501 4071 sanies
3520 4008 3844 4069 siccioribus

2234 4105 2357 4165 ﬁcis
2397 4116 2565 4179 atque
2592 4104 2966 4174 contusis,in
2997 4107 3139 4165 cutis
3179 4104 3530 4177 superﬁciem
3572 4119 3840 4175 princes-

2237 4207 2323 4257 tur
2354 4217 2367 4254 :
2399 4214 2464 4256 ac
2496 4215 2595 4273 per
2633 4201 2739 4258 hoc
2766 4215 2878 4261 nou
2904 4199 3279 4273 spernendam
3316 4212 3444 4259 esse
3488 4199 3841 4266 medicinam,

2235 4309 2361 4366 quas
2387 4310 2491 4353 usa
2510 4303 2727 4357 constet
2753 4304 2813 4353 et
2833 4295 3216 4368 experimento
3248 4313 3265 4351 :
3290 4294 3425 4367 quis
3450 4305 3509 4355 st
3526 4294 3677 4351 huc
3702 4293 3839 4357 loco

2235 4388 2310 4443 rit
2340 4387 2513 4445 Deus.
2540 4388 2730 4447 Oratio
2758 4389 2923 4461 igitur
2951 4404 3016 4447 ac
3040 4389 3343 4461 gratiarum
3387 4387 3534 4447 actio
3568 4387 3846 4459 hucusque

2237 4480 2547 4554 conscripta
2569 4494 2675 4540 est.
2701 4483 2977 4543 Caeterum
3002 4482 3149 4555 quod
3175 4481 3396 4556 signum
3419 4483 3611 4543 datum
3638 4484 3732 4552 sit,
3760 4497 3848 4539 suo

534 4561 761 4631 Vivens,
806 4561 979 4618 uiuens
1026 4564 1135 4637 ipse
1198 4564 1533 4636 conﬁtebitur
1585 4565 1678 4623 tibi
1703 4610 1717 4633 ,
1770 4567 1906 4622 sicut
1957 4577 2003 4623 et
2047 4584 2209 4649 ego“
2241 4573 2427 4649 perinr
2452 4573 2705 4633 historia
2731 4575 2869 4632 ordo
2898 4576 3161 4633 narravit.

526 4654 701 4711 hodie.
740 4656 805 4711 Et
832 4656 924 4712 hic
950 4656 1227 4712 confessio
1271 4671 1374 4730 pro
1402 4650 1722 4713 laudatione
1751 4659 1998 4731 ponitur.
2027 4638 2132 4719 Ne-
2164 4638 2216 4703 ι)
2243 4638 2262 4649 Ὗ
2315 4663 2493 4740 (Cap.
2524 4667 3095 4727 XXXIX.——-Vers.l
3139 4669 3320 4741 seqq.)
3367 4667 3437 4725 1n
3487 4679 3720 4743 tempore
3760 4668 3849 4725 illa

527 4765 638 4822 que
681 4751 826 4808 enim
875 4766 971 4807 sua
1020 4751 1229 4813 scelera
1268 4752 1598 4820 conﬁtetur;
1651 4751 1746 4809 sed
1793 4753 2001 4825 gratias
2028 4753 2143 4827 agit
2240 4758 2379 4815 misit
2410 4757 2696 4816 Merodach
2724 4758 2989 4829 Baladan,
3016 4759 3164 4833 ﬁlius
3198 4760 3467 4831 Baladan,
3496 4779 3596 4819 rex
3628 4761 3850 4836 Babylo-

528 4841 649 4900 Deo
680 4858 694 4898 :
728 4853 783 4900 et
812 4858 921 4899 non
953 4852 1037 4900 est
1066 4844 1297 4913 pulchra
1331 4843 1571 4900 laudatio
1603 4844 1655 4899 in
1691 4859 1789 4903 ore
1833 4846 2141 4918 peccatoris
2245 4853 2349 4921 nis,
2396 4853 2554 4909 libras
2590 4864 2640 4909 et
2682 4870 2899 4911 munera
2940 4853 3011 4911 ad
3059 4853 3341 4911 Ezechiam
3365 4870 3385 4910 :
3433 4855 3676 4912 audierat
3717 4856 3852 4911 enim
3948 4908 3953 4913 .

533 4933 862 5009 (Eccli.xv).
896 4936 1144 5009 Cumque
1172 4938 1428 4995 infernus
1448 4951 1501 4994 et
1533 4954 1682 4997 mors
1704 4956 1812 4995 non
1839 4941 2141 4999 conlitean-
2245 4949 2384 5021 quod
2419 4958 2719 5021 mgrotasset
2750 4960 2798 5007 et
2834 4952 3198 5009 convaluisset.
3232 4952 3561 5026 Ltetatusque
3588 4964 3665 5011 est
3699 4970 3853 5026 super

532 5040 626 5087 tur
655 5046 757 5088 nec
778 5030 999 5088 laudent
1028 5032 1220 5103 Deum,
1250 5049 1280 5090 e
1308 5034 1590 5090 contrario
1620 5034 1725 5095 vita
1755 5044 1922 5107 atque
1949 5038 2137 5093 viven-
2244 5043 2321 5098 eis
2351 5041 2601 5099 Ezechias
2631 5058 2651 5099 :
2679 5052 2731 5101 et
2752 5044 2979 5105 ostendit
3018 5046 3094 5101 eis
3129 5045 3317 5102 cellam
3342 5056 3664 5112 aromatum,
3694 5056 3745 5103 et
3769 5061 3855 5101 ar-

535 5134 622 5181 tes
655 5124 948 5181 Dominum
978 5125 1309 5199 gloriﬁcant.
1343 5127 1611 5201 Quodque
1649 5130 1892 5202 sequitur
1923 5147 1936 5185 :
1986 5129 2149 5188 Pater
2251 5135 2414 5206 genti,
2441 5144 2490 5191 et
2517 5135 2654 5203 auri,
2699 5147 2746 5192 et
2773 5136 3251 5203 odoramerstorum,
3286 5147 3334 5193 et
3361 5138 3614 5212 urguenti
3650 5137 3853 5209 optimi,

536 5214 668 5288 ﬁliis
712 5226 889 5272 notam
942 5219 1100 5291 faciet
1155 5219 1419 5275 veritatem
1467 5231 1640 5290 tuam,
1697 5221 1801 5278 hoc
1859 5222 2151 5293 signiﬁcat,
2254 5237 2303 5282 et
2331 5243 2505 5282 omnes
2547 5228 2826 5301 apothecas
2862 5226 3206 5299 supellectilis
3235 5245 3347 5285 sua:
3384 5238 3435 5284 et
3476 5229 3718 5285 universa
3745 5243 3857 5301 qua:

534 5309 684 5381 quod
738 5312 792 5365 in
844 5310 1274 5367 Deuteronotllo
1316 5306 1517 5369 dicitur
1566 5329 1579 5367 :
1623 5311 1903 5386 Interroga
1947 5322 2170 5384 putrem,
2252 5319 2458 5375 inventa
2482 5324 2602 5374 sunt
2630 5320 2687 5374 in
2712 5317 2965 5375 thesauris
2993 5322 3110 5396 ejus
3136 5336 3157 5375 :
3187 5336 3289 5376 non
3328 5320 3428 5391 fuit
3466 5321 3679 5378 verbum
3719 5318 3856 5393 quod

536 5410 706 5468 tuum,
734 5412 785 5459 et
811 5404 1143 5459 annuntiabit
1181 5404 1308 5471 tibi;
1333 5406 1563 5460 seniores
1593 5414 1732 5474 tuos,
1765 5415 1814 5461 et
1848 5404 2021 5463 dicent
2059 5408 2154 5466 tibi
2253 5428 2357 5467 non
2397 5412 2678 5471 ostenderit
2712 5413 2784 5468 eis
2825 5410 3080 5469 Ezechias
3114 5417 3170 5468 in
3196 5412 3351 5468 domo
3381 5429 3503 5483 sua,
3539 5423 3586 5469 et
3622 5412 3682 5469 in
3719 5410 3858 5468 omni

542 5490 568 5566 (
591 5493 744 5550 Deut.
772 5508 949 5564 xxxii,
975 5494 1076 5568 1.),
1103 5505 1163 5553 ut
1181 5510 1279 5568 per
1302 5497 1688 5555 successiones
1712 5508 1768 5557 et
1794 5500 2151 5575 singulasgo-
2250 5512 2499 5574 potestate
2528 5519 2646 5559 sua.
2679 5503 2859 5576 Supra
2901 5504 3151 5578 legitnus,
3194 5520 3392 5578 quarto
3438 5506 3659 5563 decimo
3696 5502 3859 5579 476

538 5590 860 5648 nerationes
900 5590 1001 5649 Dei
1043 5591 1101 5649 in
1142 5603 1400 5663 posteros
1444 5590 1742 5648 elementis
1794 5595 2145 5664 pmdicetur.
2253 5610 2398 5653 anno
2426 5596 2568 5669 regis
2597 5596 2852 5655 Ezecltia
2879 5598 3202 5656 ascendisse
3248 5596 3633 5658 Sennacherib
3677 5610 3855 5669 regem

535 5852 561 5916 δ
597 5789 940 5917 Ιῖιιξὲιιιιιιιε
980 5798 1037 5845 et
1085 5788 1211 5845 cod.
1255 5789 1547 5862 Sangerm.
1593 5792 1735 5861 apud
1761 5790 2132 5862 Montlaucon,
2166 5795 2254 5855 bic
2285 5804 2451 5871 atque
2489 5794 2631 5857 infra
2661 5813 2783 5872 snt,
2815 5801 2901 5859 vel
2935 5817 3044 5873 snt,
3078 5801 3288 5862 habent
3317 5815 3445 5863 cum
3486 5816 3595 5861 una
3644 5812 3852 5859 tantum
