4096 6330
231 259 335 333 $91

751 265 1399 329 COMMENTARIORUM
1441 265 1511 326 IN
1545 263 1796 342 ,ISAIAM
1837 261 2268 326 PROPHETAM
2308 266 2438 324 LIB.
2473 266 2568 325 Xl.
2612 266 2768 328 CAP.
2810 268 3063 330 XXXIX:

3464 277 3572 336 598

181 423 188 432 .
233 383 590 458 Assyriorum
620 399 788 458 super
815 402 1008 446 omnes
1035 387 1287 444 civitates
1321 383 1477 443 Judte
1508 385 1768 451 munitas,
1793 391 1848 440 et
1875 382 1927 446 Α
1955 397 2085 438 rens
2124 400 2135 436 :
2187 381 2255 438 Et
2300 385 2606 442 humiliatus
2636 395 2711 441 est
2755 395 2956 458 postea,
2998 402 3060 446 eo
3099 388 3240 460 quod
3283 377 3568 446 exaltatum

230 477 446 547 cepisse
485 491 610 546 eas,
666 487 719 535 et
752 487 940 550 postea
982 478 1267 536 obsedisse
1311 477 1533 543 Laehis,
1577 476 1845 534 transisse

230 567 496 638 Lobnam,
531 570 757 629 misisse
801 571 1108 630 Jerusalem
1154 581 1365 641 partem
1413 571 1694 630 exercitus
1738 570 1845 636 sui,

229 677 479 735 ursaque
532 679 636 735 per
689 664 957 735 Angelum
1005 673 1226 720 centum
1273 665 1551 732 octoginta
1608 663 1847 734 quinque

232 755 392 816 millia
420 757 709 814 exercitus
729 758 868 828 ejus,
893 768 948 813 et
969 757 1142 828 ipsum
1171 755 1378 827 fugisse
1395 755 1650 822 Niniven,
1680 755 1847 812 inter-

231 851 547 925 iectumque
574 867 604 906 a
641 851 769 908 tiliis
813 853 866 908 in
912 851 1038 907 fauo
1071 851 1172 908 Dei
1199 850 1305 918 sui,
1358 859 1416 906 et
1453 864 1723 920 regnasse
1746 863 1848 921 pro

231 961 293 1005 eo
323 945 692 1004 Assaraddon
727 947 901 1004 (ilium
932 946 1050 1016 ejus
1078 963 1092 999 :
1126 953 1426 1014 mgrotasse
1454 943 1771 1010 Ezechiam,
1793 953 1849 1000 et

231 1041 510 1110 recepisse
555 1039 854 1107 Prophetae
902 1040 1098 1094 nuntio
1124 1037 1477 1107 sospitatem;
1531 1038 1734 1094 factum
1773 1037 1849 1093 si—

228 1148 388 1206 gnum
419 1133 781 1202 incredibile,
815 1141 873 1189 ut
899 1132 982 1190 sol
1015 1131 1207 1188 decem
1242 1131 1500 1188 horarum
1543 1129 1736 1200 spatiis
1765 1145 1849 1190 re-

230 1235 540 1284 verteretur
580 1227 652 1282 ad
685 1236 869 1282 ortum
901 1241 1083 1293 suum,
1116 1235 1171 1282 et
1202 1240 1340 1296 pene
1367 1223 1568 1293 duplex
1594 1224 1716 1280 dics
1752 1224 1850 1280 lie-

229 1329 327 1376 ret.
353 1318 515 1376 Nunc
547 1319 788 1394 legimus
814 1317 960 1390 quod
992 1318 1046 1372 in
1091 1325 1337 1387 tempore
1365 1317 1482 1382 illo,
1515 1315 1622 1372 hoc
1650 1323 1758 1381 est,
1791 1314 1847 1370 in

229 1412 419 1470 eodem
452 1426 607 1472 anno
637 1427 747 1484 quo
775 1410 890 1466 haec
917 1419 1071 1482 gesta
1095 1419 1226 1464 sunt
1247 1411 1452 1474 omnia,
1485 1407 1701 1464 miserit
1737 1407 1850 1464 Meo

228 1503 432 1561 rodach
490 1504 778 1571 Baladan,
832 1503 977 1558 titius
1029 1501 1308 1567 Baladan,
1363 1517 1463 1558 rex
1518 1501 1845 1575 Babylonis,

231 1596 469 1654 libroset
488 1611 725 1656 munera
760 1595 826 1650 ad
851 1595 1139 1652 Ezechiam
1165 1611 1179 1662 ;
1211 1609 1319 1652 non
1349 1594 1730 1658 Assaraddon,
1755 1595 1846 1664 qui

229 1689 616 1748 Sennacherib
643 1689 783 1761 patri
811 1687 953 1760 apud
985 1689 1242 1760 Assyrios
1266 1689 1321 1743 in
1360 1703 1594 1760 regnum
1624 1703 1848 1745 succes-

1953 485 2082 534 essct
2127 491 2218 530 cor
2261 476 2394 546 eius,
2421 487 2525 532 tam
2555 478 2662 550 ipse
2701 495 2858 549 quam
2887 478 3202 536 habitatores
3226 479 3522 536 Jerusalem
3549 498 3567 536 :

1952 577 2001 623 et
2047 568 2248 626 idcirco
2294 587 2398 624 non
2443 573 2580 628 venit
2615 589 2769 644 super
2795 589 2884 628 eos
2925 575 3008 634 ira,
3037 573 3253 630 Domini
3283 577 3337 630 in
3383 577 3568 634 diebus

1952 660 2209 718 Ezechiaz.
2242 663 2475 722 Laetatus
2501 676 2584 721 est
2605 681 2738 737 ergo
2767 665 2822 722 in
2849 665 3088 724 adventu
3111 668 3418 738 legatorum
3448 669 3558 724 Me-

1950 756 2183 826 rodacb,
2232 773 2396 828 quem
2441 767 2649 829 patrem
2700 760 2868 816 fuisse
2913 760 3426 820 Nabuchodonosor
3455 763 3568 820 ilc-

1949 847 2084 906 braei
2113 859 2436 916 autumant;
2467 860 2518 906 et
2561 852 2614 906 in
2655 851 2933 912 oblatione
2978 869 3294 923 munerum,
3339 863 3398 910 et
3433 870 3566 911 con-

1949 947 2324 1017 gratulatione
2368 948 2620 1003 sanitatis
2680 961 2814 1004 sum.
2867 949 3232 1021 Ostenditque
3286 950 3370 1006 eis
3411 950 3568 1019 juxta

1947 1040 2306 1112 Septuaginta
2335 1041 2556 1096 domum
2588 1055 2877 1097 unauana
2899 1043 3116 1116 (ηωι),
3147 1059 3247 1114 pro
3271 1060 3376 1113 qua
3409 1043 3574 1116 Sytni

1951 1132 2180 1189 machus
2223 1135 2506 1190 transtulit
2549 1143 2844 1189 aromatum
2881 1151 3128 1202 suorum;
3173 1144 3230 1192 et
3278 1139 3569 1190 thesauros

1951 1229 2185 1297 argenti,
2232 1236 2290 1283 et.
2315 1227 2432 1284 auri
2478 1239 2534 1284 et
2563 1230 3049 1284 odoramentorutn
3079 1235 3137 1284 et
3177 1228 3440 1299 unguenti
3471 1243 3569 1298 op.

1953 1324 2069 1380 timi
2102 1340 2116 1379 :
2144 1325 2288 1394 quod
2315 1323 2370 1378 in
2393 1323 2662 1380 Hebraico
2687 1325 2972 1404 scribitur,
2995 1325 3096 1379 olei
3119 1323 3238 1378 boni
3258 1339 3279 1390 ;
3299 1333 3358 1379 et
3379 1339 3571 1379 un'tnes

1951 1416 2244 1474 thesauros
2263 1433 2524 1474 vasorum
2556 1435 2726 1490 gazas,
2761 1420 2900 1486 sive,
2932 1427 2992 1475 ut
3023 1418 3102 1474 ibi
3147 1419 3380 1489 legitur,
3412 1434 3572 1474 vaso-

1950 1526 2072 1566 rum
2105 1526 2350 1578 suorum.
2400 1511 2550 1567 Gaza
2582 1522 2770 1568 autem
2800 1513 2990 1584 lingua
3029 1511 3330 1568 Persarum
3376 1512 3573 1566 divitia:

1951 1615 2339 1676 nuncupantur
2364 1621 2379 1659 :
2411 1608 2616 1673 necﬁest
2641 1605 2906 1661 Hebraeus
2930 1620 3140 1672 sermo,
3165 1605 3261 1660 sed
3278 1604 3572 1660 Barbarus.

1953 1697 2082 1753 Non
2123 1699 2246 1768 fuit,
2297 1697 2514 1768 inquit,
2561 1700 2770 1753 uerbum
2817 1698 2990 1769 (quod
3045 1702 3196 1768 juxta
3243 1699 3572 1771 llebraicam

229 1794 396 1852 serat,
429 1783 507 1840 de
527 1785 690 1851 cuius
726 1797 822 1838 seu
863 1793 1062 1848 morte,
1093 1797 1189 1840 seu
1228 1783 1334 1840 vita
1369 1781 1650 1852 Scriptura
1680 1784 1860 1838 Conli-
1887 1785 1936 1846 Β
1963 1790 2425 1847 consuetudinem
2480 1805 2582 1861 pro
2627 1807 2683 1846 re
2723 1791 3046 1862 frequenter
3096 1791 3409 1861 accipitur),
3439 1788 3580 1861 quod

234 1877 363 1932 cuit.
410 1877 496 1932 Ex
538 1893 651 1948 quo
685 1877 1037 1947 perspicuum
1078 1885 1164 1933 est
1206 1875 1355 1932 aliud
1393 1874 1564 1932 fuisse
1598 1886 1726 1933 tunc
1770 1892 1856 1933 re-

234 1986 395 2043 gnum
431 1969 818 2044 Assyriorum,
849 1980 908 2026 ct
933 1970 1080 2026 aliud
1128 1970 1576 2042 Babyloniorum.
1608 1971 1855 2041 Denique

237 2065 564 2133 Samariam,
605 2065 660 2121 id
694 2076 798 2128 εει,
827 2065 1016 2120 decem
1052 2064 1226 2120 tribus
1268 2079 1469 2135 cepere
1497 2063 1734 2136 Assyrii.
1761 2065 1856 2120 Ju-

236 2161 356 2218 dam
421 2171 612 2218 autem
664 2170 719 2216 et
769 2160 1070 2218 Jerusalem
1118 2171 1306 2230 puStea
1353 2160 1586 2231 legimus
1640 2159 1855 2230 cepisse

237 2255 550 2322 Chaldaeos,
609 2271 845 2324 quorum
896 2270 994 2312 rex
1045 2253 1555 2312 Nabuchodonosor
1605 2255 1728 2310 fuit.
1784 2254 1857 2311 Et

239 2349 360 2420 quia
391 2347 532 2420 apud
567 2362 668 2402 eos
699 2356 973 2403 astrorum
1005 2346 1355 2403 observantia
1383 2355 1491 2415 est,
1540 2348 1854 2404 stellarum-

241 2456 342 2513 que
368 2455 564 2498 cursus
592 2440 758 2510 longo
779 2455 881 2496 usu
903 2449 959 2496 et
987 2439 1383 2498 exercitatione
1405 2440 1679 2510 cognitus,
1708 2440 1852 2510 quod

241 2538 376 2592 etin
420 2534 640 2591 Domini
687 2534 973 2590 nativitate
1022 2541 1358 2590 monstratur
1407 2552 1419 2589 :
1469 2533 1856 2590 intellexerunt

237 2629 415 2686 solem
461 2644 776 2694 reversum,
826 2628 931 2684 diei
972 2627 1146 2700 spatia
1193 2629 1493 2698 duplicata,
1543 2628 1752 2684 servire
1801 2627 1854 2683 ei

243 2738 405 2794 quem
431 2723 610 2779 solum
664 2724 831 2778 Deum
865 2732 888 2760 ι
919 2723 1200 2793 putabant.
1245 2723 1494 2792 Cumque
1518 2737 1716 2778 causas
1756 2722 1853 2776 hu-

243 2815 330 2888 jus
384 2801 641 2872 miraculi
688 2816 1066 2888 rationemque
1100 2817 1514 2886 perquirerent,
1567 2815 1708 2871 fama
1755 2830 1856 2887 per

245 2922 436 2965 omnes
463 2918 665 2980 gentes
693 2907 977 2975 volitante,
1007 2909 1324 2966 didicerunt
1353 2920 1579 2979 preptcr
1622 2921 1858 2980 aegrota-

247 3001 450 3058 tionem
497 3003 650 3071 regis
696 3001 875 3068 Judtc,
905 3004 1068 3058 etiam
1113 3017 1339 3059 cursum
1377 3001 1518 3074 signi
1565 3003 1854 3058 clarissimi

247 3105 670 3152 commutatum.
724 3095 896 3163 Quam
930 3113 1040 3154 non
1071 3112 1198 3154 esse
1231 3099 1604 3168 opinationem
1652 3115 1854 3167 meam,

1960 1900 2064 1938 non
2103 1881 2383 1938 ostenderit
2411 1882 2486 1936 eis
2533 1883 2593 1936 in
2632 1883 2786 1936 domo
2816 1899 2912 1938 sua
2953 1893 3003 1936 et
3044 1884 3106 1936 in
3141 1883 3281 1937 omni
3325 1890 3580 1954 potestate

1957 1993 2074 2032 sua.
2115 1974 2272 2031 Unde
2316 1975 2412 2030 Dei
2457 1975 2538 2030 ira
2578 1975 2908 2046 justissima,
2940 1976 3200 2047 quoniam
3239 1991 3346 2031 non
3397 1977 3576 2031 solum

1959 2069 2254 2125 thesauros
2299 2083 2428 2124 suos
2458 2078 2626 2139 atque
2656 2068 2869 2140 palatii,
2914 2071 3011 2125 sed
3047 2081 3101 2127 et
3138 2069 3352 2141 Templi
3389 2079 3577 2126 osten-

1957 2161 2105 2220 derit
2145 2178 2156 2214 :
2199 2160 2344 2231 quod
2393 2170 2544 2216 certe
2574 2160 2604 2200 ι)
2661 2161 2761 2216 luit
2801 2163 3090 2232 potestatis
3139 2163 3284 2234 ejus,
3313 2162 3384 2219 de
3419 2163 3581 2234 cujus

1957 2253 2130 2308 valvis
2159 2255 2278 2307 auri
2311 2253 2545 2308 laminas
2571 2263 2698 2309 ante
2722 2254 2836 2323 jam
2871 2256 3090 2311 tulerat.

2028 2346 2212 2419 (Vers.
2237 2347 2476 2418 δαείω.)
2500 2345 2746 2402 Introivit
2768 2357 2940 2402 autent
2972 2348 3146 2402 Isaias
3181 2349 3454 2423 Pt'bpheta
3509 2350 3577 2405 ad

1955 2457 2129 2512 regem
2163 2440 2462 2507 Ezechiam,
2493 2441 2694 2495 “dixit
2725 2442 2770 2494 ei
2793 2456 2812 2495 :
2841 2441 2982 2507 Quid
3021 2443 3264 2497 dixerunt
3294 2444 3387 2497 uiri
3445 2444 3534 2498 isti
3561 2458 3580 2496 :

1958 2545 2006 2590 et
2031 2534 2169 2590 unde
2193 2534 2642 2589 veneruntadte?
2685 2533 2752 2588 Et
2799 2533 2935 2589 dixit
2980 2534 3276 2591 Ezechias:
3331 2535 3411 2590 De
3449 2544 3584 2590 terra

1957 2626 2242 2700 longinqua
2269 2639 2510 2683 venerunt
2537 2629 2607 2682 ad
2631 2644 2730 2694 me,
2759 2629 2822 2683 de
2841 2629 3126 2701 Babylone.
3151 2629 3220 2683 Et
3243 2631 3426 2692 dixit;
3443 2632 3583 2698 Quid

1956 2721 2196 2776 viderunt
2223 2721 2276 2774 in
2310 2721 2464 2775 domo
2487 2723 2615 2776 tua?
2642 2719 2708 2774 Et
2734 2721 2868 2775 dixit
2910 2720 3164 2776 Ezechias
3184 2739 3202 2776 :
3229 2721 3422 2778 Omnia
3467 2739 3584 2789 quae

1955 2813 2012 2867 in
2040 2814 2196 2867 domo
2227 2829 2342 2868 mea
2370 2822 2491 2867 sunt
2514 2812 2751 2867 uiderunt
2777 2830 2794 2866 :
2827 2829 2930 2867 non
2951 2813 3051 2884 fuit
3073 2814 3302 2881 verbum,
3338 2815 3450 2869 sive
3477 2830 3579 2882 res,

1956 2921 2114 2976 quant
2153 2921 2254 2959 non
2279 2906 2592 2960 ostenderim
2617 2907 2772 2960 eisin
2822 2908 3080 2961 thesauris
3131 2908 3279 2962 meis.
3335 2907 3399 2961 Et
3449 2897 3582 2964 dixi‘

1959 2994 2134 3052 Isaias
2153 2998 2222 3051 ad
2247 2996 2566 3052 Ezechiam:
2597 2999 2721 3052 audi
2743 2997 2951 3052 uerbum
3003 2997 3219 3053 Domini
3246 3000 3581 3056 exercituum.

1957 3086 2095 3143 Ecce
2115 3088 2226 3143 dies
2262 3089 2454 3153 veniet,
2479 3100 2527 3143 et
2574 3095 2884 3160 auferantur
2945 3092 3123 3144 omnia
3173 3106 3290 3161 quae
3326 3092 3379 3144 in
3429 3091 3582 3146 domo

250 3187 343 3244 sed
379 3187 690 3259 Scriptura:
729 3198 933 3246 sanctae
973 3188 1160 3256 iidem,
1194 3190 1419 3246 Dierum
1459 3191 1622 3248 verba
1655 3200 1860 3249 testan-

1967 3183 2058 3234 ινα
2083 3191 2225 3251 sunt,
2279 3191 2326 3236 et
2355 3199 2472 3252 quin
2505 3181 2984 3237 thesaurizaoerunt
3011 3193 3186 3255 ptum
3207 3189 3282 3238 tui
3304 3201 3464 3256 usque
3515 3187 3583 3238 ad

253 3292 357 3350 tur,
384 3299 507 3356 quae
533 3284 730 3340 dixere
762 3293 883 3354 post
907 3284 1012 3340 alia
1042 3302 1056 3340 :
1085 3282 1115 3338 Ι
1122 3301 1210 3355 pse
1238 3294 1313 3340 est
1334 3284 1612 3352 Erechias,
1645 3289 1733 3357 qui
1775 3288 1866 3342 alt--

253 3378 436 3432 tumuit
479 3377 806 3450 superiorem
847 3377 1038 3448 [autent
1061 3395 1317 3450 aquarum
1356 3379 1493 3436 Gion
1536 3397 1555 3436 :
1595 3391 1643 3436 et
1681 3384 1868 3438 avertit

256 3488 338 3526 eas
362 3471 538 3526 subter
554 3470 626 3524 ad
647 3471 964 3526 occidentem
990 3472 1134 3525 urbis
1171 3471 1359 3529 David.
1391 3473 1459 3528 In
1481 3474 1716 3530 omnibus
1743 3491 1868 3547 ape-

256 3562 393 3618 ribus
417 3565 527 3620 suis
559 3563 686 3634 fecit
730 3580 978 3634 prospere
1008 3581 1123 3634 qua:
1148 3567 1346 3633 voluit;
1375 3577 1600 3628 attamen
1631 3569 1686 3622 in
1725 3569 1866 3642 (ego.

257 3659 388 3716 tione
420 3659 724 3732 principum
758 3658 1068 3731 Babylonia,
1095 3661 1186 3731 qui
1229 3661 1370 3717 missi
1390 3661 1596 3731 fuerant
1625 3663 1694 3716 ad
1724 3679 1863 3730 eum,

259 3763 312 3807 ut
352 3755 736 3826 interrogarent
761 3753 824 3807 de
850 3762 1087 3823 portento
1111 3755 1251 3824 quod
1285 3754 1548 3809 acciderat
1577 3771 1733 3824 super
1767 3765 1869 3810 ter-

260 3862 386 3914 ram,
417 3846 632 3918 reliquit
667 3863 786 3902 eum
819 3845 962 3902 Deus
1003 3857 1060 3902 ut
1086 3857 1371 3904 tentaretur
1401 3863 1420 3902 :
1458 3857 1506 3902 et
1532 3858 1656 3902 nota
1685 3849 1872 3918 ﬁerent

261 3938 432 3991 omnia
461 3953 578 4007 qua:
603 3945 756 3990 erant
795 3937 850 3992 in
885 3936 1042 3991 corde
1082 3939 1196 4007 ejus
1250 3939 1313 4008 (ll
1345 3937 1532 3993 Paral.
1562 3953 1730 4008 um,
1774 3939 1867 4006 50,

259 4027 369 4098 51).
399 4029 618 4086 idcirco
647 4040 832 4086 autem
877 4030 1163 4088 tentationi
1193 4032 1416 4088 relictus
1447 4041 1556 4097 est,
1593 4032 1719 4102 quia
1749 4039 1872 4102 post

263 4129 465 4178 tantam
491 4124 817 4190 victoriam,
846 4135 900 4180 et
928 4125 1060 4180 solis
1082 4140 1418 4196 regressum,
1447 4134 1502 4179 et
1521 4127 1872 4196 congratula-

265 4215 488 4272 tionem'
509 4216 671 4287 regni
706 4216 1091 4285 potentissimi,
1125 4232 1220 4273 cor
1268 4217 1416 4274 illius
1461 4217 1730 4273 elevatum
1761 4227 1871 4272 est.

261 4306 508 4380 Denique
552 4307 717 4382 477
748 4310 800 4364 in
832 4308 1028 4365 eodem
1070 4309 1350 4366 volumine
1379 4309 1639 4366 scribitur
1670 4327 1684 4364 :
1715 4309 1873 4366 Multi

263 4402 562 4476 deferebant
590 4401 811 4469 hostias,
835 4411 883 4456 et
910 4403 1176 4473 sacrificia
1207 4402 1434 4459 Domino
1457 4405 1512 4458 in
1549 4402 1868 4474 Jerusalem,

263 4508 310 4553 et
347 4514 568 4553 munera
606 4495 848 4552 Ezechias
875 4498 982 4568 regi
1007 4495 1152 4553 Juda
1183 4514 1202 4554 :
1229 4509 1275 4554 et
1303 4498 1561 4555 excitatus
1591 4510 1666 4554 est
1693 4516 1870 4554 coram

1968 3274 2102 3328 diem
2129 3273 2289 3341 hanc,
2323 3277 2377 3328 in
2401 3274 2727 3347 Babylonem
2752 3293 2770 3330 :
2793 3293 2894 3330 non
2933 3277 3260 3348 relinquetur
3273 3278 3582 3350 quidquam,

1968 3366 2102 3422 dixit
2133 3368 2408 3423 Dominus.
2447 3368 2513 3422 Et
2538 3370 2601 3424 de
2619 3369 2788 3442 478
2811 3372 2936 3441 ﬁliis
2960 3372 3066 3426 tuis
3118 3375 3208 3444 qui
3255 3375 3584 3447 rgredietttur

1968 3475 2032 3515 ea:
2061 3469 2132 3528 te,
2158 3477 2288 3533 quos
2305 3464 2566 3533 genitoris,
2602 3462 2786 3517 tollent
2811 3481 2831 3518 :
2857 3476 2906 3517 et
2934 3475 3088 3519 erant
3112 3465 3335 3519 eunuchi
3362 3468 3414 3520 in
3437 3467 3587 3537 pala-

1970 3555 2042 3607 tio
2067 3558 2203 3628 regis
2239 3555 2543 3628 Babylonis.
2578 3556 2644 3610 lit
2668 3557 2802 3610 dixit
2833 3555 3088 3612 Ezechias
3107 3560 3176 3610 ad
3209 3557 3408 3612 Isaiam
3434 3574 3452 3612 :
3475 3558 3582 3613 Bo-

1971 3665 2096 3706 num
2120 3651 2329 3704 verbum
2358 3649 2568 3704 Domini
2597 3649 2736 3720 quod
2757 3647 2962 3704 loculus
2983 3659 3080 3704 est.
3113 3648 3182 3702 Et
3204 3651 3310 3703 ait:
3329 3647 3449 3704 Fiat
3469 3659 3587 3704 tan-

1969 3755 2076 3800 tum
2126 3759 2230 3815 pax
2255 3750 2304 3796 et
2334 3741 2599 3796 veritasin
2647 3740 2828 3794 diebus
2877 3742 3024 3796 meis.
3080 3741 3328 3796 Tradunt
3371 3742 3586 3800 llebra'i

1974 3849 1997 3877 ο
2020 3836 2144 3890 ideo
2167 3843 2464 3904 aegrotasse
2490 3832 2802 3899 Ezechiam,
2835 3834 3094 3903 quoniam
3138 3842 3259 3903 post
3289 3833 3586 3889 inauditam

1973 3911 2084 3984 [ΑΙ.
2113 3924 2379 3998 auditam]
2401 3926 2686 3982 victoriam
2709 3927 3051 3992 Judaeorum,
3081 3937 3136 3982 et
3175 3925 3386 3999 Assyrii
3441 3930 3586 4000 regis

1973 4023 2279 4088 interitum,
2315 4035 2422 4075 non
2460 4019 2729 4077 cecinerit
2773 4021 2964 4076 laudes
2993 4019 3249 4086 Domino,
3277 4035 3414 4092 quas
3440 4023 3589 4078 ceci-

1973 4113 2054 4169 nit
2078 4114 2294 4186 Moyses
2315 4113 2603 4169 Pharaone
2625 4114 2912 4169 submerso
2932 4110 3134 4182 (Exod.
3171 4115 3292 4185 xv),
3345 4126 3400 4172 et
3445 4116 3589 4173 Del»

1974 4209 2104 4264 hora
2129 4206 2416 4263 interfecto
2441 4207 2626 4264 Sisara
2656 4206 2860 4281 (Judic.
2879 4203 2986 4279 tv),
3007 4218 3062 4265 et
3085 4208 3240 4264 Anna
3271 4212 3460 4282 genito
3481 4214 3552 4269 Sa
3575 4244 3586 4256 -

1974 4303 2153 4360 muele
2182 4302 2223 4374 (Ι
2254 4302 2388 4376 Reg.
2413 4303 2495 4372 tt).
2526 4301 2684 4360 Unde
2705 4304 3097 4359 communitum
3129 4319 3252 4361 esse
3275 4307 3586 4380 fragilitatis

1973 4411 2105 4451 sum.
2142 4395 2490 4466 Rursumque
2509 4404 2632 4465 post
2645 4398 2894 4468 corporis
2909 4398 3226 4468 sanitatem,
3243 4403 3446 4476 etsigni
3471 4422 3586 4461 ma-

1975 4489 2314 4560 gnitudinem
2327 4489 2511 4544 offerri
2527 4489 2692 4546 aliam
2707 4491 3056 4547 occasionem
3077 4494 3372 4562 superbiae,
3399 4511 3583 4568 quam,

260 4594 458 4646 omni;
506 4589 770 4662 gentibus.
823 4588 892 4644 1η
918 4589 1101 4648 diebus
1139 4593 1247 4648 iui;
1286 4594 1560 4664 (agrorum
1597 4609 1759 4665 usque
1795 4593 1868 4649 ad
1891 4569 1947 4633 Ι)
1976 4593 2032 4640 ut
2069 4585 2310 4654 prudens
2338 4594 2394 4642 et
2413 4583 2510 4641 Dei
2533 4585 2736 4650 cultor,
2772 4585 2946 4641 vitare
2967 4585 3236 4644 debuerat
3261 4606 3274 4655 ;
3301 4605 3402 4647 nec
3428 4607 3587 4648 mon-

261 4693 499 4748 mortem,
523 4691 574 4738 et
592 4681 762 4737 orauit
785 4680 1104 4750 Dominum;
1133 4692 1182 4738 et
1209 4685 1472 4742 exaudiuit
1496 4703 1633 4753 eum,
1663 4694 1714 4740 et
1733 4685 1874 4741 dedit

262 4775 309 4829 ei
331 4777 576 4849 signum;
607 4774 700 4830 sed
740 4791 843 4828 non
860 4778 1020 4848 βιαία
1057 4776 1305 4846 beneﬁcia
1334 4793 1450 4848 qua
1477 4787 1766 4849 acceperat,
1794 4795 1876 4833 re-

266 4867 444 4924 tribuit
470 4885 489 4924 :
521 4867 646 4940 quia
679 4868 964 4923 emltatum
993 4877 1069 4923 est
1108 4885 1198 4923 cor
1229 4872 1370 4941 ejus,
1401 4878 1448 4923 et
1477 4871 1616 4939 facta
1643 4881 1718 4926 est
1751 4889 1876 4926 con-

269 4973 347 5021 tra
373 4981 492 5020 eum
526 4965 632 5032 ira,
673 4974 724 5019 et
761 4973 941 5020 contra
984 4961 1182 5019 ludant
1203 4973 1270 5022 et,
1295 4962 1588 5020 Jerusalem
1633 4965 1701 5035 (ll
1750 4964 1875 5022 Par.

268 5073 442 5125 nxu,
471 5059 568 5128 9.3,
601 5055 722 5127 (ἰὰ).
755 5057 1110 5129 Rursumque
1140 5057 1422 5127 Scriptura
1459 5068 1650 5113 sancta
1688 5057 1880 5114 elatio-

271 5167 392 5209 nem
430 5151 617 5209 cordis
665 5149 784 5222 cjus
826 5149 961 5206 dicit
1006 5151 1327 5220 poenitentia
1369 5151 1698 5223 mitigatam,
1747 5151 1882 5208 inle-

345 5327 369 5353 ⁸
395 5311 684 5372 Interserit
707 5313 882 5371 Vatic.
906 5314 1052 5387 quod
1080 5323 1136 5372 et
1159 5313 1421 5370 Rabanus
1451 5313 1602 5388 legit,
1623 5314 1678 5368 id
1702 5323 1776 5370 est
1800 5331 1885 5369 so-

279 5387 692 5543 ἷεῗοῦοιιιτθτὶο
753 5473 916 5514 sensu
972 5457 1110 5514 alter
1165 5458 1368 5526 Vatic.,
1409 5456 1547 5529 quod
1601 5467 1738 5512 certe
1780 5473 1885 5512 non

279 5531 537 5674 “filice
565 5618 709 5674 pene
732 5601 799 5674 ad
831 5601 1054 5674 verbum
1074 5618 1141 5662 ex
1191 5601 1430 5674 Eusebio
1476 5599 1758 5665 transfert,
1799 5600 1892 5670 qui

281 5671 352 5730 ait
384 5673 471 5732 2'0
500 5669 602 5732 ea}
625 5673 886 5732 Ἰουδαίων
917 5669 1216 5746 διδάσκᾳλος
1234 5671 1430 5746 ἔλεγεν,
1460 5674 1777 5732 νενικηκέναι
1802 5669 1894 5746 μὲν

285 5748 366 5802 τὸν
389 5747 617 5813 Ἐζεκίαν
647 5748 758 5803 ἐπεὶ
778 5751 846 5818 μὴ
877 5743 1212 5818 εἷρήηιώδὴν
1238 5749 1309 5807 εἷς
1332 5743 1420 5802 ῖτὸν
1447 5747 1554 5801 θεὸν
1585 5747 1721 5817 εὖχα
1762 5743 1898 5804 ιστῆ-

289 5835 390 5873 διον
417 5821 502 5873 επὶ
528 5827 591 5873 τῆ
617 5821 816 5873 πτώσει
846 5825 946 5873 τῶν
977 5817 1263 5873 Ἀσσυρίων
1281 5859 1294 5873 .
1328 5821 1396 5873 ὡς
1419 5825 1643 5873 Medici:
1673 5764 1788 5873 ﬁeri»
1817 5817 1898 5873 ἐπὶ

1974 4687 2150 4736 strare
2177 4679 2504 4751 alienigenis
2531 4679 2754 4735 divitias
2785 4693 2932 4743 suas,
2963 4694 3122 4750 quas,
3157 4683 3268 4738 Deo
3290 4684 3586 4754 tribuente,

1981 4774 2321 4846 possederat.
2353 4773 2433 4827 Ex
2465 4769 2574 4842 quo
2598 4771 2750 4842 juxta
2790 4771 2966 4842 Leges
2993 4789 3210 4846 quoque
3267 4779 3590 4851 tropologia:

1983 4866 2266 4934 discimus,
2297 4881 2404 4921 non
2425 4863 2720 4920 mittendas
2747 4867 3078 4936 margaritas
3097 4878 3226 4925 ante
3239 4885 3458 4940 porcos,
3489 4888 3590 4926 nec

1983 4962 2222 5019 dandum
2240 4970 2489 5018 sanctum
2513 4959 2738 5015 canibus
2765 4958 2982 5031 (Matth.
3011 4960 3132 5033 vn).
3155 4961 3258 5030 Qui
3286 4966 3431 5019 enim
3460 4965 3592 5020 iide-

1986 5055 2055 5110 lis
2080 5065 2166 5112 est
2188 5053 2214 5090 ἀ
2246 5054 2494 5126 spiritus,
2526 5051 2818 5107 abscondit
2870 5055 3085 5124 negotia
3111 5071 3125 5120 ;
3159 5065 3213 5110 et
3267 5057 3592 5128 quicumque

1988 5147 2094 5204 hoc
2117 5159 2156 5216 θ,
2185 5162 2293 5203 non
2327 5145 2544 5214 fecerit,
2604 5148 2782 5202 omnis
2841 5145 3017 5204 virtus
3070 5149 3221 5205 illius
3269 5159 3589 5218 enervatur;

1985 5319 2048 5390 τῇ
2077 5311 2304 5386 ἀπωλείᾳ
2329 5315 2431 5365 τῶν
2451 5308 2763 5390 Αἰγυπτέων,
2791 5311 2876 5390 uoti
2905 5308 2974 5367 ὡς
3004 5306 3232 5390 Δςϐὁρρα
3251 5310 3338 5362 ἐπὶ
3363 5318 3425 5385 τῇ
3452 5311 3596 5364 ἀπω-

1986 5374 2098 5461 aiio;
2107 5389 2203 5442 τοῦ
2223 5374 2436 5461 Stetimus,
2561 5382 2631 5441 ὡς
2649 5374 2804 5461 ’Ἄννας
2825 5374 3206 5461 ἒπὶτῇῌγέγησὲι
3225 5386 3317 5460 eo}?
3343 5374 3595 5461 imperari):

1987 5450 2162 5524 Quam
2198 5450 2635 5509 tameint‘abnlam
2681 5451 2843 5522 paulo
2889 5450 3010 5520 post
3056 5451 3172 5518 ipse
3217 5450 3419 5520 rejicit,
3453 5453 3602 5522 quod

1992 5529 2602 5603 ρεςοριάγαχρρνισμφο
2865 5593 2875 5602 .
3065 5599 3074 5603 -
3169 5591 3179 5601 .

2066 5545 2184 5584 ccet
2211 5545 2602 5653 ωαχὶςονισμῳ.
2669 5594 2679 5603 ι
2717 5593 2728 5604 .
2865 5593 2875 5602 _
3169 5591 3179 5601 .

2066 5599 2094 5637 ἀ
2123 5599 2284 5671 Legit
2385 5599 2544 5653 ictor.
2600 5602 2815 5666 spirulas
2865 5607 2918 5646 In
2966 5599 3118 5647 recto
3161 5601 3316 5661 juxta
3354 5593 3602 5652 Graecum

1998 5695 2126 5730 πνοη
2135 5710 2146 5725 ο

2076 5695 2358 5810 ἰῃἈΙιδίιιιθ
2409 5736 2638 5808 negandi
2685 5731 2946 5804 particula
2994 5731 3100 5788 duo
3137 5729 3333 5804 Vatia,
3375 5739 3607 5808 quietum

289 5835 390 5875 mou
417 5821 502 5875 ἰπὶ
528 5827 591 5894 τῇ
617 5813 816 5875 πτὼσὶι
846 5813 946 5874 rei
977 5817 1263 5895 Ἀσσυρίων
1281 5859 1294 5884 ,
1328 5821 1396 5881 ὡς
1419 5813 1653 5878 Medicis
1670 5813 1788 5893 ᾖδεν
1817 5817 1862 5873 ir

2001 5833 2102 5888 que
2132 5813 2226 5868 hoc
2257 5813 2449 5878 fecerit.
