4096 6330
514 316 621 374 599

1777 307 1836 365 S.
1881 302 2161 370 EUSEBII
2201 303 2585 365 HIERONYMI

3722 303 3824 364 400

513 430 764 501 peritque
787 427 1102 498 posteritas,
1126 433 1182 481 et
1201 424 1406 481 amisso
1430 421 1569 478 virili
1596 421 1817 489 robore,
1841 420 1895 476 itt
1919 421 2116 477 mulie-
2142 422 2198 483 Α
2224 419 2431 488 xxxiv).
2466 417 2536 472 Et
2560 414 2892 486 ubicumque
2918 413 3102 471 simile
3149 413 3280 486 quid
3325 414 3641 480 inveneris,
3689 415 3830 472 hunc

517 525 671 582 hrem
705 523 968 594 redigitur
987 519 1384 577 mollitudinem
1437 516 1624 591 (Prov.
1661 533 1735 584 χι,
1784 515 1995 589 1³545).
2029 515 2114 570 ιη-

517 621 762 692 greditur
788 633 920 688 ergo
952 615 1116 672 Isaias
1135 615 1204 670 ad
1232 629 1443 685 regem,
1476 622 1533 668 et
1556 613 1708 683 quasi
1743 611 1961 667 nescius
1983 608 2119 664 scis-

517 713 741 768 citatur:
777 710 916 778 Quid
946 708 1191 763 dixerunt
1213 708 1309 761 viri
1331 707 1442 773 isti,
1466 715 1513 759 et
1541 705 1679 759 unde
1699 704 1980 758 venerunt?
1999 701 2118 755 Duo

513 804 836 872 interrogat,
857 801 984 872 quid
1014 799 1180 855 locuti
1209 798 1344 866 sint,
1375 808 1430 854 et
1459 797 1604 853 unde
1627 795 1910 853 venerint?
1935 794 2030 850 Ille
2048 791 2117 846 ad

519 910 686 951 nnttm
740 892 1044 964 respondit,
1103 891 1281 947 altero
1339 889 1739 960 praetermisso:
1799 886 1943 959 quod
1992 899 2116 941 cum

506 989 743 1064 ἐμφάσει,
765 994 822 1041 et
842 983 1133 1054 supercilio
1161 981 1451 1052 legendum
1477 992 1588 1036 est:
1615 977 1694 1032 De
1721 990 1860 1034 terra
1906 976 2118 1049 longin-

508 1099 613 1152 qua
637 1089 880 1136 venerunt
911 1078 980 1133 ad
999 1094 1099 1144 nte,
1131 1077 1195 1132 de
1222 1074 1488 1148 Babylone
1511 1090 1530 1130 :
1557 1073 1702 1145 quod
1736 1080 1940 1143 quanto
1974 1080 2116 1125 terra

513 1173 727 1244 longior
755 1171 826 1227 sit
848 1170 991 1226 unde
1009 1177 1298 1231 venerunt,
1329 1177 1480 1224 tanto
1512 1167 1614 1222 iste
1635 1164 1925 1236 gloriosior
1952 1176 2116 1233 prop-

511 1275 598 1324 ter
623 1280 784 1337 quem
810 1262 1082 1320 venerint.
1107 1261 1178 1316 Et
1206 1271 1472 1327 venerunt,
1503 1259 1702 1330 inquit,
1760 1256 1828 1310 ad
1872 1271 1950 1310 me
1973 1272 1992 1322 ;
2023 1253 2118 1325 qni

508 1357 993 1423 debueratdicere,
1015 1354 1364 1412 veneruntad
1377 1351 1798 1425 gloriﬁcandutn
1826 1351 1993 1406 Deum
2020 1361 2119 1415 pro

511 1452 652 1525 signi
683 1451 1072 1522 magnitudine,
1113 1449 1176 1502 de
1221 1445 1510 1519 Babylone,
1561 1461 1680 1514 quae
1729 1442 1862 1498 urbs
1891 1443 1944 1496 in
2004 1449 2118 1495 toto

515 1544 650 1600 orbe
679 1542 1057 1612 potentissima
1082 1549 1185 1594 est.
1209 1539 1556 1608 Rursumque
1595 1535 1784 1602 Isaias,
1844 1533 2004 1601 Quid,
2036 1531 2120 1585 itt-

513 1639 656 1711 quit,
678 1637 914 1692 uiderunt
941 1637 997 1690 in
1022 1635 1178 1689 domo
1209 1635 1336 1688 tua?
1357 1632 1425 1688 Et
1447 1631 1539 1688 ille
1566 1627 1850 1699 reSpondit
1868 1642 1936 1682 ex
1959 1635 2119 1698 parte

515 1746 727 1795 verum,
751 1728 895 1800 quod
917 1727 1099 1784 omnia
1129 1726 1367 1782 viderint
1395 1727 1447 1779 in
1471 1724 1632 1779 domo
1659 1722 1825 1788 illius,
1861 1734 1962 1775 nec
2001 1718 2117 1774 Iue-

2215 527 2436 569 sensum
2460 511 2645 566 habet.
2667 510 2958 581 Causaque
2979 508 3395 574 consolationis,
3418 507 3680 564 remissio
3712 525 3831 577 pec-

2215 613 2461 661 catorum
2493 615 2607 660 est:
2636 611 2694 659 et
2721 617 2882 658 causa
2913 601 3285 670 remissionis,
3327 602 3591 674 quoniam
3647 618 3831 658 susce-

2219 698 2294 768 pit
2323 697 2392 752 de
2421 713 2582 752 manu
2607 695 2818 751 Domini
2849 694 3088 766 duplicia
3141 710 3239 764 pro
3290 694 3548 750 omnibus
3595 695 3832 765 peccatis

2216 789 2350 845 suis.
2383 789 2487 857 Qui
2517 788 2662 844 enim
2692 787 2796 844 scit
2823 788 3162 844 voluntatem
3193 787 3406 842 Domini
3454 787 3564 852 sui,
3598 795 3655 842 et
3704 803 3828 857 pec-

2216 895 2327 952 cat,
2351 887 2632 955 vapulabit
2659 887 2846 942 multis
2869 886 3026 959 (Luc.
3057 884 3176 958 xn).
3199 884 3505 958 Omnisque
3533 887 3628 957 qni
3678 884 3836 942 habet

2217 980 2272 1036 in
2298 995 2358 1036 se
2387 981 2753 1037 habitatorem
2786 980 3052 1051 Spiritum
3079 979 3373 1046 Sanctum,
3403 994 3569 1050 quem
3587 978 3838 1036 Salvator

2217 1073 2498 1144 Apostolis
2522 1075 3104 1145 promittebat,dicens
3130 1092 3143 1128 :
3175 1073 3389 1144 Rogabo
3415 1071 3629 1127 Patrem
3647 1088 3835 1146 meum,

2219 1164 2454 1239 580a
2485 1164 2649 1219 alium
2687 1163 3067 1242 consolatorem
3100 1164 3244 1218 dabit
3269 1164 3428 1229 vobis,
3475 1172 3537 1218 ut
3581 1165 3651 1218 sit
3675 1163 3840 1218 vobis-

2219 1276 2337 1314 cum
2364 1262 2418 1312 in
2442 1259 2839 1328 sempiternum,
2857 1258 3360 1330 Spiritumtteritatts
3379 1255 3565 1331 (Joan.
3587 1273 3702 1319 xtv,
3720 1256 3836 1328 16);

2219 1364 2272 1408 et
2296 1352 2498 1407 iterum
2518 1369 2529 1404 :
2565 1349 2695 1406 Cum
2708 1359 2884 1404 autem
2901 1351 3090 1406 venerit
3106 1348 3404 1405 consolator
3417 1350 3655 1416 Spiritus
3671 1349 3840 1406 Sanc-

2219 1457 2320 1508 tus.
2350 1461 2502 1517 quem
2527 1445 2688 1499 mittet
2718 1443 2880 1500 Pater
2930 1460 3072 1498 meus
3123 1444 3176 1498 in
3231 1445 3438 1499 nomine
3459 1459 3594 1509 meo,
3637 1441 3732 1498 ille
3758 1459 3841 1498 vos

2223 1536 2420 1592 docebit
2443 1538 2620 1592 omnia
2664 1535 2864 1610 (Ibid.,
2905 1534 3028 1604 26);
3059 1546 3115 1592 et
3167 1552 3418 1592 rursum:
3467 1529 3600 1591 Cum
3651 1535 3843 1591 venerit

2221 1628 2519 1684 consolator
2556 1646 2708 1701 quem
2727 1646 2823 1701 ego
2853 1630 3057 1684 mittam
3105 1629 3246 1684 vobis
3297 1646 3330 1682 a
3359 1627 3553 1695 Patre,
3588 1629 3844 1699 Spiritum

2222 1727 2451 1780 veritatis
2468 1726 2557 1796 qui
2587 1742 2620 1778 a
2645 1723 2809 1779 Patre
2827 1725 3116 1796 egreditur.
3146 1723 3239 1779 ille
3261 1724 3632 1795 testificabitur
3662 1724 3727 1777 de
3765 1737 3844 1776 me

515 1825 588 1880 rit
609 1839 699 1880 res
728 1837 889 1892 quam
921 1837 1027 1877 non
1088 1819 1392 1876 ostenderit
1435 1819 1518 1872 eis
1565 1816 1622 1871 in
1666 1812 1938 1870 thesauris
1983 1811 2118 1867 suis.
2151 1807 2201 1870 B
2229 1817 2410 1888 (Joan,
2432 1835 2524 1885 xv,
2549 1817 2682 1890 26);
2715 1830 2799 1873 et:
2834 1816 3058 1872 Ρι-οάεεε
3086 1818 3225 1872 vobis
3251 1825 3308 1871 ur
3361 1832 3456 1887 ego
3485 1818 3676 1871 cadam
3703 1831 3722 1870 ε
3748 1813 3842 1869 nisi

514 1916 623 1973 Sed
647 1915 880 1971 alterum
903 1921 1070 1981 tacet,
1096 1913 1164 1968 de
1191 1926 1299 1982 quo
1320 1909 1613 1966 verebatur
1634 1906 1925 1970 offensam,
1978 1901 2120 1974 quod

515 2008 819 2068 ostenderit
847 2007 929 2064 eis
956 2014 1151 2062 cuncta
1173 2021 1297 2074 quae
1320 2003 1548 2058 haberet
1578 2003 1632 2056 in
1659 2007 1932 2068 potestate
1989 2011 2116 2060 sua;

514 2101 659 2158 haud
685 2100 910 2156 dubium
937 2097 1069 2170 quin
1107 2104 1164 2153 et
1180 2095 1392 2166 Templi
1416 2091 1841 2162 supellectilem.
1891 2088 2122 2158 Propter

513 2211 636 2266 qua:
665 2193 834 2250 Isaias
868 2192 962 2247 Dei
1009 2204 1264 2246 sermone
1314 2186 1524 2256 profert
1567 2183 1931 2241 sententiam:
1985 2181 2124 2236 Audi

507 2289 720 2347 uerbum
753 2286 963 2342 Domini
1005 2284 1360 2340 exercituum:
1395 2280 1582 2337 Veniet
1633 2288 1848 2348 tempus
1897 2275 2122 2347 quando

513 2385 698 2441 omnia
723 2383 841 2437 haec
869 2396 991 2452 qua:
1020 2379 1074 2434 in
1097 2379 1263 2433 domo
1289 2387 1378 2432 tua
1401 2383 1550 2438 sunt,
1573 2371 1742 2446 4³19
1763 2379 1822 2428 et
1846 2384 1955 2426 non
2004 2379 2117 2438 tuo,

512 2476 611 2532 sed
635 2483 852 2546 patrum
875 2481 1093 2527 tuorum
1142 2468 1327 2523 labore
1377 2465 1633 2537 quaesita,
1690 2465 1744 2519 in
1786 2461 2123 2531 Babylonem

516 2567 936 2632 transterantur,
969 2574 1024 2620 et
1049 2563 1120 2619 de
1146 2561 1358 2618 semine
1384 2571 1478 2616 tuo
1501 2557 1632 2613 ﬁant
1665 2556 1901 2613 eunuchi
1928 2556 1980 2610 itt
2002 2554 2124 2610 aula

514 2664 686 2734 regia.
716 2661 795 2717 Ex
817 2674 928 2730 quo
975 2655 1188 2714 Hebraei
1231 2653 1421 2710 volunt
1477 2650 1780 2713 Danielem,
1827 2646 2123 2712 Ananiam,

511 2754 722 2818 Misael,
743 2761 801 2808 et
829 2750 1101 2816 Amriam,
1123 2748 1213 2819 qui
1234 2747 1385 2802 luere
1413 2745 1483 2801 de
1497 2743 1651 2816 regio
1673 2741 1912 2804 semine,
1947 2737 2125 2794 factos

515 2863 637 2904 esse
658 2843 960 2906 eunuchos,
984 2857 1122 2912 quos
1148 2841 1203 2896 in
1234 2838 1543 2896 ministerio
1570 2836 1716 2908 regis
1761 2832 2128 2891 Nabuchodo-

517 2956 685 2997 nosor
705 2939 874 2994 fuisse
905 2951 1012 2992 non
1034 2934 1257 2990 dubium
1288 2939 1394 2988 est.
1422 2931 1564 2986 Dixit
1587 2931 1773 3000 itaque
1822 2925 2120 2983 Ezechias:

521 3031 726 3087 Bonum
746 3029 956 3084 verbum
977 3025 1190 3080 Domini
1240 3023 1381 3095 quod
1421 3022 1624 3086 locutus
1669 3030 1766 3076 est.
1817 3019 1874 3074 In
1905 3033 2016 3086 quo
2058 3017 2128 3072 ab

519 3123 768 3181 llebratis
798 3118 1242 3189 reprehenditur,
1268 3130 1366 3172 cur
1386 3129 1494 3170 non
1523 3115 1594 3168 sit
1615 3112 1861 3168 imitatus
1907 3109 2126 3165 bonita-

2224 1913 2360 1967 enim
2389 1929 2485 1984 ego
2515 1913 2712 1977 abiero,
2741 1911 3042 1966 consolator
3063 1927 3168 1966 non
3194 1911 3361 1966 ueniet
3413 1913 3482 1964 ad
3524 1926 3613 1964 ros
3662 1901 3862 1981 (10am

2225 2021 2338 2071 xw,
2364 2005 2452 2077 7);
2484 2005 2804 2060 consolator
2853 2013 2960 2069 est,
2990 2003 3079 2060 cui
3139 2012 3196 2059 et
3223 2018 3368 2058 nunc
3401 2001 3742 2073 praecipitur,
3787 2009 3846 2056 ut

2226 2099 2546 2154 consoletur
2569 2098 2832 2170 populum
2863 2096 2982 2152 Dei.
3027 2097 3184 2152 Unde
3213 2105 3269 2152 et
3317 2097 3620 2168 Apostolus
3651 2096 3843 2151 Paulus

2225 2192 2555 2264 loquebatur
2584 2193 2651 2248 ad
2673 2192 2967 2249 credentes
2999 2211 3012 2248 :
3056 2190 3367 2248 Benedictus
3401 2190 3545 2246 Deus
3593 2199 3642 2246 et
3688 2189 3845 2245 Pater

2226 2282 2444 2339 Domini
2471 2286 2636 2340 nostri
2660 2282 2785 2340 Iesu
2817 2282 3034 2348 Christi,
3067 2283 3227 2339 Pater
3273 2284 3772 2345 misericordiarum.
3798 2288 3844 2338 et

2226 2375 2368 2432 Deus
2396 2377 2564 2432 omnis
2586 2375 2979 2444 consolationis,
3007 2378 3099 2447 qui
3141 2379 3446 2434 consolatur
3488 2393 3586 2432 nos
3611 2378 3666 2432 in
3713 2377 3844 2431 omni

2227 2467 2563 2524 tribulatione
2601 2479 2804 2536 nostra,
2833 2481 2889 2524 ut
2918 2471 3180 2536 possimus
3229 2469 3496 2525 consolari
3558 2486 3652 2528 eos
3679 2470 3767 2542 qui
3795 2469 3846 2522 in

2230 2563 2372 2617 ontni
2421 2561 2754 2618 tribulatione
2804 2573 2947 2628 sunt,
3006 2580 3100 2635 per
3149 2562 3566 2619 consolationem
3615 2580 3724 2633 qua
3753 2561 3848 2634 ipsi

2227 2653 2559 2710 consolamur
2586 2673 2619 2709 a
2643 2653 2755 2710 Deo
2780 2671 2798 2710 :
2831 2657 3076 2727 quoniam
3101 2658 3234 2712 sicut
3256 2657 3688 2726 superabundant
3735 2672 3849 2728 pas-

2225 2747 2398 2802 siones
2420 2747 2614 2802 Christi
2643 2749 2698 2802 in
2727 2748 2895 2816 nobis,
2949 2749 3025 2803 sic
3053 2767 3146 2822 per
3171 2749 3437 2805 Christum
3490 2749 3776 2805 abundabit
3801 2759 3848 2804 et

2226 2843 2515 2896 consolatio
2547 2851 2726 2896 nostra
2751 2841 2820 2915 (ll
2852 2839 2976 2898 Cor.
3000 2858 3041 2911 ι,
3066 2841 3228 2914 l-G);
3263 2853 3318 2899 et
3349 2843 3549 2899 iterum
3589 2861 3602 2896 ε
3637 2841 3710 2898 Et
3735 2859 3846 2916 spes

2227 2941 2406 2988 nostra
2434 2933 2587 3003 ﬁrma
2617 2943 2692 2988 est
2717 2951 2812 3006 pro
2842 2935 3018 2990 vobis:
3042 2935 3260 2990 scientes
3280 2935 3528 3005 quoniam
3549 2935 3685 2994 sicut
3735 2952 3850 3005 par-

2225 3027 2407 3098 ticipes
2432 3028 2554 3082 estis
2584 3027 2911 3097 passionum,
2958 3027 3034 3081 sic
3088 3038 3138 3084 et
3166 3027 3538 3083 consolationis
3594 3028 3736 3083 eritis
3782 3025 3848 3101 (ll

2227 3118 2348 3178 Cor.
2374 3137 2412 3190 ι,
2441 3122 2520 3192 7).
2539 3123 2676 3190 Quis
2702 3124 2773 3178 sit
2805 3131 2991 3178 autem
3023 3122 3128 3179 iste
3154 3122 3411 3194 populus.
3437 3123 3534 3194 qui
3567 3137 3670 3194 per
3707 3122 3851 3192 Apo-

520 3226 630 3274 tem
655 3215 848 3287 Moysi,
871 3213 962 3284 qui
987 3213 1197 3268 locutus
1219 3209 1288 3265 ad
1333 3208 1617 3264 Dominum
1645 3213 1758 3260 est:
1787 3203 1890 3257 Aul
1921 3202 2124 3256 dimitte
2151 3199 2197 3262 C
2228 3213 2404 3270 stolos
2435 3224 2492 3271 et
2512 3215 2662 3272 viros
2693 3214 3115 3272 Ecclesiasticos
3143 3217 3480 3279 consolatur.
3511 3231 3627 3272 non
3658 3215 3846 3281 Israel,

519 3312 592 3366 eis
623 3311 758 3364 hanc
785 3319 1013 3362 noxam:
1041 3313 1135 3358 aut
1159 3303 1205 3358 si
1231 3317 1337 3368 non
1357 3301 1507 3370 facis,
1537 3298 1651 3352 dele
1671 3312 1750 3351 me
1777 3296 1842 3350 de
1855 3294 1988 3349 libro
2007 3304 2118 3359 tuo,

521 3421 675 3476 quem
693 3399 1167 3475 scripsistiwxod.
1194 3411 1342 3459 χχχι,
1391 3394 1507 3461 52).
1531 3390 1690 3448 Unde
1743 3398 1800 3445 et
1842 3386 2123 3459 apostolus

522 3499 728 3554 Paulus
773 3494 1066 3551 anathema
1087 3493 1204 3548 vult
1241 3504 1365 3546 esse
1392 3504 1423 3544 a
1471 3485 1694 3542 Christo
1732 3499 1830 3555 pro
1869 3481 2124 3538 fratribus

520 3595 638 3650 suis
657 3592 747 3665 qui
789 3599 918 3648 sunt
956 3587 1218 3645 Israelita:
1243 3581 1550 3656 (Rom.-tx);
1578 3589 1633 3637 et
1659 3587 1947 3650 propterea
1987 3573 2127 3631 Eze-

517 3688 698 3744 cltiam
734 3684 828 3741 Dei
850 3681 1200 3755 sermonibus
1225 3693 1333 3735 non
1367 3677 1681 3747 probatum,
1705 3673 1795 3743 qui
1829 3670 1882 3726 in
1935 3683 2129 3726 conse-

521 3779 811 3852 quentibus
824 3777 1069 3847 loquitur
1087 3793 1098 3828 :
1115 3769 1492 3836 Consolamini,
1509 3764 1874 3829 consolamini,
1899 3762 2125 3835 populus

519 3891 684 3940 meus,
715 3873 842 3927 dicit
870 3869 1010 3926 Deus
1039 3876 1224 3934 vester,
1258 3875 1430 3935 utpro
1459 3861 1659 3932 quibus
1682 3858 1774 3914 ille
1805 3871 1914 3912 non
1966 3869 2128 3926 roga-

521 3975 697 4032 verat,
729 3963 948 4020 Domini
981 3959 1271 4020 clementia
1289 3954 1664 4013 consolentur.

601 4058 757 4132 (Cap.
793 4056 908 4112 XL.
940 4085 1010 4096 —
1035 4054 1193 4111 Vers.
1223 4051 1250 4106 1
1277 4049 1461 4120 seqq.)
1485 4044 1860 4111 Consolarnini,
1890 4038 2132 4132 consolaf

523 4131 674 4220 mini,
707 4151 928 4224 papulas
955 4165 1122 4213 meus,
1153 4145 1279 4200 dicit
1330 4142 1472 4198 Deus
1503 4149 1701 4195 uester:
1732 4134 2030 4208 Loquimini
2059 4131 2130 4186 ad

522 4261 612 4300 cor
638 4240 958 4306 Jerusalem,
991 4250 1038 4294 et
1091 4237 1339 4291 advocate
1367 4250 1524 4300 eam;
1573 4231 1819 4302 quoniam
1869 4227 2132 4298 completa

529 4348 605 4394 est
634 4336 840 4391 malitia
861 4338 996 4408 ejus,
1024 4333 1241 4386 dimissa
1264 4340 1337 4385 est
1391 4327 1642 4398 iniquitas
1673 4323 1839 4379 illius.
1895 4319 2136 4394 Suscepit

530 4431 596 4486 de
621 4445 778 4484 manu
808 4426 1022 4482 Domini
1043 4421 1278 4492 duplicia
1344 4437 1437 4490 pro
1483 4418 1718 4474 ontnibus
1755 4414 1974 4485 peccatis
2002 4413 2132 4468 suis.

2223 3319 2278 3366 et
2307 3310 2477 3366 Jacob
2505 3318 2563 3366 et
2585 3310 2745 3378 Juda,
2776 3320 2839 3367 ut
2870 3310 2927 3366 in
2957 3311 3082 3366 aliis
3113 3311 3246 3367 locis
3273 3311 3561 3382 Scriptura
3610 3326 3849 3368 comme-

2224 3411 2424 3466 morat,
2463 3403 2560 3460 sed
2590 3406 2854 3475 populum
2887 3405 3004 3472 Dei,
3035 3405 3333 3461 Zacharias
3371 3405 3652 3477 Propheta
3681 3413 3847 3462 testa-

2226 3504 2315 3551 tur
2351 3495 2574 3552 dicens:
2603 3497 2790 3553 Gaude
2812 3510 2859 3554 et
2888 3497 3090 3566 ltetare,
3122 3499 3238 3570 [ilia
3265 3500 3433 3556 Sion:
3488 3501 3612 3570 quia
3634 3517 3728 3574 ego
3774 3515 3851 3556 ue-

2227 3589 2367 3644 niant
2395 3600 2443 3644 et
2469 3590 2709 3646 habitabo
2737 3592 2792 3647 in
2821 3593 2988 3648 medio
3015 3594 3111 3660 tui,
3141 3593 3268 3648 dicit
3294 3592 3577 3649 Dominus.
3613 3591 3685 3648 Et
3733 3608 3852 3649 con-

2228 3681 2430 3754 fugient
2457 3693 2634 3756 gentes
2663 3684 2843 3741 multa:
2857 3686 2926 3740 ad
2956 3685 3234 3742 Dominum
3263 3687 3317 3741 in
3341 3686 3427 3742 die
3454 3686 3574 3753 illa,
3605 3696 3656 3743 et
3704 3695 3853 3743 erunt

2229 3777 2278 3836 ei
2302 3777 2354 3832 in
2383 3779 2656 3848 populum,
2685 3789 2736 3835 et
2750 3779 3055 3835 habitabant
3077 3781 3132 3835 in
3146 3781 3313 3834 medio
3328 3782 3426 3846 tui,
3472 3791 3522 3836 et
3548 3787 3852 3850 cognoscent

2227 3871 2477 3940 quoniam
2494 3871 2745 3926 Dontinus
2783 3873 3107 3946 omnipotens
3130 3873 3269 3928 misit
3289 3889 3369 3928 me
3395 3873 3464 3928 ad
3491 3882 3540 3930 te
3566 3873 3757 3946 (Zuch.
3789 3889 3847 3944 tt,

2229 3963 2464 4034 10,11).
2521 3965 2641 4035 Quo
2695 3968 3012 4024 testimonio
3070 3969 3365 4040 perspicue
3407 3967 3848 4037 demonstratur,

2231 4066 2429 4126 gentes
2455 4058 2718 4127 plurimas
2744 4057 2800 4113 in
2827 4059 3087 4130 populum
3113 4060 3208 4116 Dei
3239 4075 3364 4118 esse
3413 4062 3734 4119 vertendas.
3790 4062 3851 4119 Et

2233 4147 2353 4204 huic
2381 4149 2516 4206 dicit
2545 4151 2810 4208 Dominus
2834 4151 3036 4209 missus
3059 4169 3088 4209 a
3116 4153 3367 4221 Domino,
3395 4155 3482 4210 cui
3511 4171 3710 4212 nomen
3725 4156 3852 4212 0m~

2237 4241 2490 4312 nipotetts
2542 4253 2646 4298 est.
2681 4243 2751 4299 Et
2778 4245 2884 4300 hoc
2915 4245 3214 4301 notandum
3239 4247 3385 4318 quod
3434 4263 3546 4303 non
3575 4247 3852 4305 solvantur

2237 4344 2459 4405 peccata
2491 4345 2702 4405 nostra,
2735 4337 2838 4393 nisi
2860 4337 2930 4392 de
2957 4353 3121 4394 manu
3153 4339 3364 4395 Domini
3383 4342 3848 4411 reccperimusea.

2237 4427 2351 4484 Nec
2381 4429 2522 4484 idem
2552 4436 2638 4486 est
2667 4429 2807 4486 solvi
2836 4425 3080 4500 peccata,
3113 4439 3278 4502 atque
3303 4432 3527 4489 dimitti.
3559 4431 3662 4490 Cui
3710 4435 3851 4492 enim

533 4522 711 4580 LXX:
737 4518 1112 4580 Consolamini,
1137 4512 1480 4571 consolantini
1502 4510 1750 4582 populum
1779 4522 1970 4598 meum,
2013 4504 2127 4559 dicit

2237 4519 2612 4588 dintittnntur,
2643 4523 2918 4580 solutione
2945 4540 3051 4580 non
3082 4524 3308 4598 indiget,
3335 4526 3567 4584 audiens
3598 4528 3653 4584 in
3686 4529 3856 4584 Evan-

535 4614 680 4671 Deus
704 4620 759 4680 ιε-
777 4611 1073 4669 sacerdotes
1100 4611 1144 4677 ’,
1166 4603 1442 4676 loquimini
1463 4601 1532 4656 ad
1551 4619 1642 4658 cor
1665 4597 1992 4656 Jerusalem:
2014 4612 2127 4650 con-

2235 4614 2420 4685 gelio':
2453 4613 2691 4687 Conﬁde,
2714 4617 2818 4688 ﬁli,
2835 4597 3266 4674 dimittunturtibi
3279 4633 3489 4690 peccaui
3501 4630 3589 4676 tua
3625 4620 3841 4695 (natu.

529 4709 772 4764 solamini
796 4722 945 4762 eam:
972 4705 1096 4777 quia
1115 4701 1314 4776 repleta
1332 4708 1410 4756 est
1438 4697 1701 4752 humilitas
1721 4697 1854 4769 ejus.
1891 4692 2137 4749 Salutant

532 4820 608 4866 ρει
639 4817 906 4880 peccatum
935 4806 1105 4873 illius,
1128 4805 1253 4877 quia
1281 4801 1472 4874 recepit
1503 4799 1568 4854 de
1589 4814 1751 4853 manu
1773 4794 1989 4852 Domini
2035 4794 2137 4848 dn-

533 4911 693 4983 plicia
720 4918 930 4982 peccata
955 4923 1072 4963 sua.
1099 4905 1264 4962 Juxta
1299 4907 1631 4973 interpretes
1663 4908 1915 4966 caeteros,
1943 4895 2140 4968 juben-

527 5025 620 5073 tur
649 5015 763 5081 alii,
809 5021 869 5070 ut
899 5011 1162 5084 populum
1194 5011 1291 5068 Dei
1315 5017 1372 5066 et
1397 5007 1702 5064 Jerusalem
1735 5005 1944 5077 pariter
1999 5019 2136 5059 con-

527 5121 815 5177 solentur:
841 5117 994 5188 juxta
1019 5113 1345 5171 Hebraicum
1377 5111 1482 5182 ipsi
1534 5110 1853 5183 praecipitur
1909 5109 2136 5180 populo,

531 5229 591 5275 ut
621 5217 962 5280 conSoletur,
992 5222 1051 5270 et
1082 5213 1340 5284 loquatur
1365 5210 1436 5268 ad
1463 5225 1560 5267 Cur
1598 5210 1928 5279 Jerusalem,
1956 5220 2013 5266 et
2044 5208 2142 5264 ad-

527 5329 695 5379 vocet
723 5335 864 5377 eam.
901 5318 1069 5390 Loqtti
1125 5327 1309 5372 autem
1358 5315 1426 5370 ad
1455 5330 1553 5371 cor
1571 5313 1905 5379 Jerusalem,
1937 5312 2140 5369 idioma

529 5425 942 5495 Scripturarum
982 5429 1092 5482 est.
1121 5420 1225 5489 Qui
1283 5419 1426 5476 enim
1478 5419 1736 5476 mterenti
1791 5418 2056 5489 loquitur,
2089 5425 2145 5473 et

529 5531 821 5588 blandiens
841 5529 1153 5586 consolator
1177 5536 1284 5595 est,
1313 5525 1383 5580 ad
1414 5540 1511 5581 cor
1567 5526 1719 5596 loqui
1773 5527 1995 5583 dicitur.
2041 5525 2146 5580 Do-

529 5644 652 5690 ceat
682 5649 781 5688 nos
807 5632 1029 5690 Sichem
1053 5631 1199 5688 Illius
1229 5630 1458 5696 Hemor,
1477 5629 1569 5699 qui
1597 5639 1854 5699 corrupta
1879 5631 2012 5686 Dina
2053 5630 2135 5686 lo-

531 5745 689 5791 cutus
704 5745 790 5792 est
818 5735 889 5790 ad
911 5749 1008 5792 cor
1033 5735 1174 5806 ejus,
1199 5743 1255 5792 et
1284 5733 1603 5791 consolatus
1621 5743 1706 5790 est
1752 5749 1874 5791 eam
1923 5733 2132 5805 (Gener.

2246 4724 2324 4775 ιχ,
2363 4707 2590 4782 2).,οιιί
2634 4721 2816 4768 autem
2852 4712 3159 4780 solvuntur,
3206 4723 3493 4786 propterea
3532 4715 3849 4784 solvuntur,

2246 4803 2601 4875 quiztpurgata
2671 4813 2870 4862 suntet
2913 4806 3089 4862 soluta
3145 4823 3243 4880 per
3283 4823 3491 4879 poenas.
3533 4811 3694 4866 Juxta
3738 4809 3848 4867 ltis’

2248 4895 2440 4951 toriam
2469 4897 2678 4968 recepit
2703 4898 3009 4956 Jerusalem
3050 4899 3120 4956 de
3155 4916 3320 4956 manu
3364 4901 3580 4958 Domini
3619 4901 3853 4974 duplicia

2247 4997 2470 5059 peccata
2491 5006 2614 5056 sua;
2645 4993 2815 5048 semel
2847 5008 2874 5046 a
2892 4993 3226 5066 Babyloniis,
3249 4995 3494 5052 secundo
3522 5011 3550 5050 a
3576 4995 3854 5054 Romanis.

2246 5083 2517 5156 Quodque
2549 5084 2676 5140 addi
2710 5095 2796 5141 tnr
2827 5104 2854 5141 a
2886 5087 3239 5161 Septuaginta
3259 5131 3274 5156 ,
3329 5089 3665 5159 Sacerdotes,
3697 5092 3854 5150 obelo

2243 5183 2283 5242 ιι,
2297 5175 2710 5246 praenotandum
2752 5187 2853 5234 est.

2317 5269 2500 5340 (Vera.
2533 5273 2567 5326 5
2596 5270 2780 5345 seqq.)
2815 5271 2930 5328 Vox
2975 5273 3250 5330 clamantis
3292 5275 3348 5328 in
3401 5275 3624 5344 deserto,
3681 5285 3856 5351 parate

2245 5362 2384 5416 uiam
2456 5360 2701 5428 Domini,
2751 5373 2921 5420 rectas
2983 5365 3141 5435 facile
3199 5366 3257 5420 in
3315 5365 3597 5423 solitudine
3652 5369 3856 5424 semitas

2247 5456 2411 5531 48],
2448 5456 2546 5513 Dei
2592 5459 2778 5514 nostri.
2809 5459 2994 5512 Omnis
3030 5459 3182 5514 uallis
3214 5461 3564 5527 multabitur,
3611 5470 3662 5516 et
3690 5462 3855 5517 omnis

2249 5565 2397 5606 mons
2424 5561 2470 5604 et
2493 5550 2644 5604 collis
2672 5550 3040 5605 humiliabitur
3066 5568 3086 5606 :
3117 5563 3166 5607 et
3195 5562 3348 5608 erunt
3369 5569 3532 5622 prava
3557 5553 3612 5607 in
3641 5554 3850 5621 directa,

2244 5652 2292 5698 et
2321 5659 2508 5714 aspera
2532 5643 2587 5698 in
2619 5643 2730 5698 uias
2759 5641 2968 5716 planas,
2996 5654 3044 5699 et
3073 5644 3386 5700 revelabitur
3411 5643 3584 5716 gloria
3623 5642 3852 5712 Domini,

2243 5745 2295 5794 et
2318 5736 2504 5794 videbit
2529 5737 2701 5796 omnis
2725 5754 2851 5794 caro
2880 5739 3080 5796 pariter
3108 5738 3248 5810 quod
3288 5755 3347 5795 os
3376 5735 3595 5795 Domini
3630 5736 3856 5794 locutum

601 5859 626 5886 τι
653 5849 717 5906 Et
732 5850 893 5907 obelo
918 5853 974 5912 -:-
1017 5848 1236 5920 quidem
1267 5849 1322 5905 in
1353 5847 1634 5906 Vaticanis
1663 5847 1828 5906 codd.
1866 5857 2234 5920 praenotatur.
