4096 6330
258 339 367 397 405

836 344 1485 406 COMMENTARIORUM
1524 345 1591 407 IN
1632 345 1872 410 ISAIAM
1910 349 2341 413 PROPHETAM
2378 358 2508 414 LIB.
2551 359 2645 418 Xl.
2687 359 2840 418 CAP.
2886 362 3002 418 XL.

3473 363 3580 424 406

255 456 406 510 dabit
456 457 681 554 verbum
745 459 1214 532 euangelizantibus
1263 462 1452 520 virtute
1527 465 1690 520 multa
1747 464 1866 536 (Ps.
1899 468 1952 530 Α
1976 482 2148 538 agnos
2177 468 2387 528 foveret
2420 473 2472 527 in
2505 473 2647 542 sinu,
2682 483 2738 531 ct
2770 471 2932 534 latas
2958 477 3074 548 ipse
3091 475 3257 554 487
3292 489 3579 552 portaret:

255 565 433 620 cxxtt,
458 552 518 624 5)
550 573 564 609 :
601 553 692 610 bis
717 555 975 612 videlicet
994 557 1280 612 animabus
1300 571 1425 628 qua:
1448 557 1706 628 Spiritum
1721 573 1879 614 sanc-

257 654 372 700 tum
426 660 756 705 consecuta
808 659 952 706 sunt.
983 651 1206 706 Necnon
1257 661 1311 706 et
1340 652 1471 707 illud
1508 671 1521 707 :
1564 653 1714 710 Sicut
1740 655 1878 710 oculi

255 741 470 796 ancilla
507 742 568 796 in
613 744 856 798 manibus
895 745 1119 799 domina!
1157 761 1289 812 sua,
1334 745 1571 799 animant
1607 746 1878 816 interpre-

257 842 448 890 tantur
473 836 772 904 ancillam,
803 847 858 892 et
889 837 1166 893 dominam
1191 838 1450 908 Spiritum
1471 847 1747 894 sanctum;
1765 837 1874 896 Sed

258 935 315 982 et
334 928 388 980 in
423 928 739 1000 Evangelia
756 930 901 1000 quod
920 931 1080 1000 juxta
1112 930 1374 986 Hebraeos
1396 929 1874 1002 scriptum,Naza-

257 1022 656 1091 railectitant,
687 1025 951 1080 Dominus
978 1025 1216 1095 loquitur
1245 1042 1260 1080 :
1289 1025 1446 1079 modo
1474 1041 1553 1078 me
1581 1027 1701 1080 tulit
1723 1033 1876 1080 ἠια-

257 1125 334 1170 ter
382 1131 499 1169 mea
523 1160 537 1184 ,
575 1116 817 1181 Spiritus
845 1128 1076 1172 sanctus.
1096 1116 1268 1172 Nemo
1295 1126 1476 1172 autem
1513 1117 1565 1170 in
1591 1117 1692 1172 hac
1722 1126 1874 1187 parte

256 1208 640 1266 scandalizari
661 1210 850 1279 debet,
869 1211 1012 1282 quod
1039 1210 1256 1266 dicatur
1279 1211 1421 1282 apud
1441 1209 1603 1283 486
1620 1211 1874 1270 Hebraeos

253 1304 490 1374 spiritus
520 1318 733 1374 genere
767 1305 1053 1372 feminino,
1086 1321 1210 1361 cum
1257 1314 1442 1360 nostra
1475 1306 1654 1376 lingua
1690 1305 1875 1378 appel-

259 1397 406 1452 letur
436 1411 649 1470 genere
696 1399 1018 1464 masculino,
1055 1409 1110 1456 et
1140 1398 1334 1455 Graeco
1366 1413 1625 1455 sermone
1655 1408 1870 1456 neutro.

259 1493 314 1547 In
348 1493 646 1550 divinitate
685 1493 834 1550 enim
864 1494 1043 1550 nullus
1082 1504 1165 1550 est
1197 1509 1380 1550 sexus.
1418 1494 1482 1549 Et
1521 1491 1644 1550 ideo
1680 1493 1732 1548 in
1770 1493 1872 1548 tri-

258 1585 360 1642 bus
411 1587 820 1658 principalibus
849 1587 1050 1658 linguis
1074 1627 1088 1652 ,
1122 1587 1318 1658 quibus
1352 1587 1543 1642 titulus
1573 1585 1871 1642 Dominic'e

259 1683 502 1753 scriptus
549 1695 634 1737 est
681 1681 952 1753 passionis
972 1725 987 1749 ,
1022 1683 1196 1738 tribus
1224 1682 1516 1754 generibus
1544 1683 1868 1754 appellatur,

261 1785 317 1828 ut
349 1774 594 1830 sciamus
643 1774 846 1829 nullius
881 1789 1003 1830 esse
1029 1775 1249 1846 generis
1278 1774 1425 1844 quod
1455 1773 1734 1830 diversum
1765 1785 1866 1830 est.

1979 559 2310 617 describitur
2337 561 2480 620 illius
2513 565 2852 637 magnitudo,
2893 569 3039 639 quod
3094 569 3229 625 nihil
3270 571 3319 626 ei
3367 571 3582 642 impos-

1978 651 2140 710 sibile
2179 654 2286 722 sit;
2336 664 2391 711 ct
2429 657 2518 727 qui
2571 659 2822 716 universa
2870 661 3197 731 condiderit,
3245 663 3585 737 Creatorque

1977 745 2048 800 sit
2088 748 2360 813 omnium;
2391 751 2555 804 etiam
2599 749 2715 808 haec
2759 768 2880 824 quae
2930 757 3346 826 comparatione
3386 774 3582 816 eorum

1979 851 2144 909 parva
2175 849 2322 906 sunt,
2358 841 2532 898 valeat
2556 833 2895 917 perpetrare.
2921 847 3075 917 Quod
3103 862 3286 906 autem
3311 853 3584 924 pugillum

1977 941 2138 987 vocat
2189 941 2246 988 et
2299 933 2568 1004 palmum,
2630 939 2880 996 humanm
2932 945 3346 1000 consuetudinis
3379 947 3584 1004 verbis

1978 1023 2149 1078 utitur
2176 1033 2340 1096 atque
2377 1029 2673 1097 mensuris,
2707 1039 2765 1085 ut
2792 1029 2888 1086 Dei
2925 1034 3223 1103 potentiam
3267 1051 3364 1106 per
3392 1046 3582 1092 nostra

1975 1120 2140 1174 verba
2170 1117 2467 1178 discamus.
2507 1122 2564 1178 lu
2585 1137 2650 1181 eo
2679 1125 2766 1180 ubi
2798 1121 2943 1181 LXX
2974 1129 3413 1184 transtulerunt:
3451 1129 3584 1198 Quis

1976 1229 2181 1269 mensus
2210 1225 2282 1271 est
2312 1233 2468 1270 manu
2495 1219 2727 1288 aquam?
2752 1219 2872 1274 sive
2904 1229 2960 1276 ut
2988 1237 3086 1276 nos
3111 1223 3377 1278 vertimus
3406 1242 3419 1279 :
3451 1225 3585 1292 Quis

1975 1323 2182 1362 mensus
2233 1319 2309 1362 est
2349 1309 2549 1380 pugillo
2595 1315 2792 1385 aquas?
2846 1312 3042 1384 Aquila
3087 1315 3404 1371 transtulit:
3453 1317 3584 1384 Quis

1975 1417 2178 1457 mensus
2222 1413 2297 1456 est
2341 1403 2558 1458 minimo
2597 1405 2762 1479 digito
2802 1409 3006 1480 aquas?
3036 1407 3148 1464 Hoc
3189 1410 3335 1465 enim
3370 1422 3391 1450 ο
3419 1413 3581 1484 λιχάς

1974 1503 2172 1550 sonat:
2205 1505 2264 1550 ut
2293 1496 2502 1553 scilicet
2532 1513 2640 1554 non
2672 1507 2780 1554 tota
2814 1515 3012 1570 manu,
3046 1501 3142 1558 sed
3175 1517 3344 1574 parvo
3374 1502 3577 1574 digito,

1974 1602 2134 1658 quem
2195 1587 2358 1660 vulgo
2407 1597 2741 1661 gustatorem
2806 1603 3034 1662 vocant,
3078 1595 3257 1650 omnis
3309 1611 3576 1668 aquarum

1973 1679 2200 1738 vastitas
2241 1683 2614 1754 ponderetur:
2649 1687 2883 1761 σπιθαμή
2913 1698 3120 1756 autem,
3173 1689 3278 1745 hoc
3311 1698 3413 1755 est,
3443 1691 3584 1761 {pal-

1975 1787 2118 1840 mus,
2153 1781 2432 1830 extentam
2460 1777 2732 1849 signiﬁcat
2763 1794 2981 1835 manum
3023 1796 3053 1836 a
3083 1781 3286 1852 pollice
3315 1797 3484 1852 usque
3511 1784 3579 1838 ad

333 1863 626 1936 (VersJi
671 1865 851 1936 seqq.)
883 1863 1012 1930 Quis
1060 1882 1267 1920 mensus
1305 1875 1382 1920 est
1428 1863 1630 1937 pugillo
1682 1882 1868 1936 aquas,
1901 1863 1949 1926 B
1976 1878 2280 1925 extremum
2305 1870 2552 1942 digitum.
2589 1873 2682 1928 Sin
2703 1884 2886 1930 autem
2909 1874 3300 1931 contrabainus
3331 1891 3575 1945 manum,

261 1968 306 2013 et
335 1960 522 2013 calum
550 1959 729 2030 palmo
759 1959 1108 2027 ponderavit?
1136 1959 1266 2026 Quis
1307 1961 1558 2031 appendit
1590 1959 1752 2014 tribus
1787 1961 1869 2016 di-

258 2051 376 2125 gitis
425 2049 618 2106 molem
665 2060 857 2116 terra,
909 2061 954 2104 et
999 2051 1201 2106 libravit
1248 2052 1303 2106 in
1349 2051 1580 2124 pondere
1634 2063 1868 2119 montes,

260 2155 307 2199 et
357 2143 516 2199 colles
547 2143 602 2198 in
650 2144 887 2198 statera?
930 2143 1058 2210 Quis
1101 2144 1303 2214 adjuvit
1342 2144 1582 2216 spiritum
1616 2143 1872 2200 Domini:

262 2249 350 2293 aut
395 2239 507 2306 quis
533 2239 870 2292 consiliarius
909 2241 1022 2312 ejus
1077 2238 1212 2308 fuit;
1251 2245 1301 2294 et
1347 2239 1571 2294 ostendit
1608 2239 1726 2294 illi?
1754 2255 1871 2293 cum

259 2352 359 2407 quo
403 2315 523 2389 iniit
565 2333 870 2400 comitium,
913 2343 960 2388 et
989 2335 1240 2388 instruxit
1282 2347 1419 2400 eum,
1467 2344 1513 2388 et
1544 2333 1718 2388 docuit
1756 2349 1870 2388 eum

263 2427 498 2480 semitam
518 2427 772 2496 justitia,
822 2435 870 2480 et
919 2424 1143 2480 erudivit
1193 2437 1310 2479 eum
1357 2427 1593 2492 scientia,
1636 2433 1685 2478 et
1738 2425 1872 2480 viam

264 2520 554 2589 prudentia
575 2517 804 2572 ostendit
831 2518 958 2573 illi?
984 2517 1114 2573 Ecce
1141 2528 1317 2589 gentes
1347 2519 1480 2573 sicut
1507 2519 1651 2572 stilla
1673 2517 1868 2587 situla,

264 2625 311 2669 et
336 2614 484 2685 quasi
511 2623 835 2667 momentum
857 2622 1062 2668 statera
1087 2622 1343 2683 reputata
1369 2623 1488 2668 sunt
1512 2630 1530 2667 :
1555 2629 1666 2668 ecce
1688 2613 1872 2669 insula

265 2708 410 2778 quasi
440 2707 613 2778 pulvis
645 2707 884 2778 exiguus.
927 2705 996 2759 Et
1025 2705 1258 2760 Libanus
1285 2721 1388 2760 non
1428 2705 1625 2776 sufﬁcit
1655 2707 1724 2760 ad
1753 2721 1872 2760 suc-

268 2799 614 2865 cendendum,
661 2808 711 2853 et
749 2799 1002 2852 animalia
1041 2801 1156 2870 ejus
1187 2813 1288 2852 non
1325 2798 1587 2869 sufﬁcient
1618 2797 1687 2850 ad
1717 2796 1870 2850 holo-

270 2905 524 2948 caustum.
563 2892 759 2947 Omnes
787 2902 960 2965 gentes
983 2893 1134 2963 quasi
1156 2909 1260 2947 non
1289 2892 1420 2958 sint,
1449 2892 1524 2944 sic
1547 2901 1664 2945 sunt
1694 2907 1869 2946 coram

269 3003 346 3053 eo,
375 2997 421 3042 et
446 2989 595 3058 quasi
640 2986 794 3041 nihili
831 2995 876 3040 et
923 2987 1079 3041 inane
1127 2995 1381 3056 reputata
1410 2995 1526 3039 sunt
1578 2985 1642 3039 ei.
1686 2981 1870 3040 LXX:

277 3081 396 3148 Quis
427 3095 636 3136 mensus
677 3090 751 3134 est
791 3097 948 3134 manu
993 3095 1204 3149 aquam,
1250 3089 1296 3134 el
1349 3077 1535 3133 calum
1585 3077 1778 3147 palmo,
1823 3087 1870 3132 et

274 3189 472 3227 omnem
507 3181 700 3227 terram
745 3172 990 3246 pugillo?
1019 3171 1145 3237 Quis
1186 3171 1365 3226 statuit
1396 3178 1595 3224 montes
1617 3169 1866 3240 pondere,

1975 1959 2211 2031 pugillus
2243 1957 2528 2019 efﬁcitur:
2563 1969 2619 2019 ut
2651 1977 2747 2036 per
2784 1966 3021 2036 palmum
3055 1973 3110 2021 et
3159 1967 3446 2036 pugillum,
3483 1985 3580 2024 ex-

1975 2061 2152 2108 tentos
2172 2053 2340 2110 caelos
2362 2065 2416 2110 et
2442 2055 2663 2126 globum
2689 2064 2852 2112 terrae
2878 2057 3213 2114 noverimus.
3241 2059 3348 2116 Pro
3379 2060 3578 2133 pugillo

1971 2161 2131 2212 quem
2167 2146 2220 2202 in
2251 2149 2743 2220 comprehensione
2774 2161 2936 2206 terra
2979 2151 3123 2206 LXX
3155 2153 3577 2222 transtulerunt,

1974 2239 2026 2294 in
2061 2238 2324 2294 llebraico
2355 2241 2616 2311 scriptum
2661 2254 2744 2298 est
2785 2259 2930 2298 suus
2962 2227 3197 2316 (τυνιπυ),
3229 2261 3390 2314 quem
3419 2246 3576 2318 Sym-

1975 2331 2201 2387 machus
2230 2336 2404 2411 τρίτον
2424 2377 2438 2401 ,
2470 2334 2668 2405 Aquila
2696 2331 2722 2372 δ
2751 2339 3009 2411 τρίσωμον
3039 2338 3378 2409 interpretati
3409 2347 3537 2394 sunt
3563 2358 3576 2393 ε

1973 2436 2027 2482 et
2048 2440 2150 2481 nos
2180 2436 2238 2481 ut
2283 2425 2623 2482 manifestius
2659 2427 2984 2492 faceremus,
3021 2429 3074 2483 in
3109 2439 3209 2485 tres
3240 2431 3431 2500 digitos
3458 2447 3580 2485 ver-

1975 2521 2167 2585 timus;
2197 2519 2340 2590 quod
2372 2521 2582 2576 scilicet
2631 2522 2826 2576 molem
2875 2531 3032 2575 terrae
3063 2523 3378 2578 et'excelsa
3425 2540 3584 2579 mon-

1975 2612 2107 2667 tium
2158 2611 2491 2682 colliumque
2520 2611 2678 2682 quasi
2729 2612 2902 2667 tribus
2958 2611 3202 2684 digitulis
3256 2622 3308 2668 et
3359 2622 3579 2672 statetss

1976 2719 2138 2774 parvo
2172 2713 2450 2760 momento
2481 2704 2802 2776 appenderit
2833 2723 2845 2760 :
2885 2719 2982 2776 per
3012 2721 3132 2777 qua:
3181 2707 3274 2761 Dei
3315 2707 3578 2778 majestas

1973 2807 2029 2852 et
2080 2796 2355 2850 Creatoris
2404 2797 2644 2866 petentia
2695 2795 3120 2852 demonstratur.
3173 2797 3324 2864 Quis,
3377 2798 3576 2870 inquit,

1974 2888 2172 2961 adjuvit
2205 2888 2466 2957 spiritum
2510 2885 2742 2956 Domini,
2789 2897 2882 2943 aut
2927 2889 3042 2960 quis
3085 2885 3414 2945 consiliarius
3466 2892 3577 2962 ejus

1975 2981 2096 3052 fuit,
2153 2990 2199 3034 et
2238 2981 2461 3034 ostendit
2504 2981 2626 3036 illi?
2654 2991 2762 3036 etc.
2811 2979 2919 3038 Pro
2969 2980 3161 3052 quibus
3213 2980 3578 3052 Symmachus

1980 3073 2372 3144 interpretatus
2399 3081 2522 3129 est:
2561 3074 2687 3141 Quis
2717 3073 2920 3144 parauit
2967 3073 3206 3145 spiritum
3250 3071 3482 3140 Domini,
3527 3083 3578 3128 et

1975 3168 2144 3221 virum
2187 3168 2393 3222 consilii
2437 3171 2552 3241 ejus
2601 3167 2716 3239 quis
2774 3167 2995 3223 ostendit
3023 3163 3107 3223 ei?
3151 3185 3268 3224 cum
3310 3185 3411 3236 quo
3462 3170 3583 3225 iniit

273 3277 320 3321 et
342 3274 493 3336 rupes
523 3267 758 3322 statera?
787 3266 916 3334 Quis
953 3266 1191 3338 cognovit
1231 3275 1451 3320 mentem
1494 3265 1742 3319 Domini:
1783 3273 1871 3319 aut
1900 3257 1947 3322 C
1979 3261 2272 3327 consilium,
2328 3260 2569 3332 deditque
2599 3261 2647 3315 ei
2691 3260 3112 3332 intelligentiam,
3165 3271 3213 3315 et
3261 3263 3437 3315 docuit
3467 3277 3585 3316 eum

275 3361 384 3430 quis
425 3361 762 3415 consiliarius
803 3364 915 3433 ejus
961 3361 1106 3431 fuit?
1151 3357 1278 3428 Quis
1318 3359 1495 3413 docuit
1535 3373 1672 3423 eum,
1723 3359 1874 3428 cujus

279 3454 470 3524 accepit
502 3453 780 3506 consilium
807 3494 821 3516 ,
865 3459 907 3506 et
937 3452 1182 3506 instruxit
1214 3449 1406 3505 illum?
1439 3450 1534 3505 Vel
1563 3450 1676 3521 quis
1703 3460 1876 3504 osten-

277 3548 420 3601 ditei
455 3545 745 3620 judicium,
799 3555 847 3600 et
895 3547 1030 3600 viam
1080 3545 1442 3616 intelligentia
1488 3545 1603 3615 quis
1651 3543 1875 3598 ostendit

275 3639 394 3694 illi?
425 3641 486 3696 Si
523 3655 702 3696 omnes
737 3648 913 3712 gentes
938 3641 1071 3694 sicut
1101 3638 1244 3694 stilla
1272 3638 1466 3704 situla,
1509 3649 1556 3692 et
1581 3638 1731 3709 quasi
1759 3653 1873 3691 mo-

279 3743 495 3788 mentum
526 3743 739 3788 statera
753 3739 1002 3804 reputata
1026 3741 1168 3796 sunt,
1199 3741 1244 3785 et
1266 3732 1412 3802 quasi
1434 3731 1597 3784 saliva
1619 3739 1875 3800 reputatae

278 3839 412 3882 sunt.
446 3828 680 3883 Libanus
711 3844 810 3882 non
859 3827 1056 3897 sufficit
1101 3827 1170 3880 ad
1212 3825 1635 3890 comburendum,
1681 3823 1728 3878 et
1763 3840 1876 3878 om-

279 3923 360 3976 nia
409 3921 776 3994 quadrupedia
809 3937 912 3975 non
959 3921 1229 3993 sufﬁciunt
1283 3920 1350 3974 ad
1391 3919 1769 3984 holocaustum,
1827 3927 1874 3971 et

277 4026 466 4070 cuncta
489 4025 670 4088 gentes
710 4016 859 4086 quasi
886 4014 1034 4068 nihili
1063 4021 1220 4080 sunt,
1249 4023 1295 4067 et
1339 4015 1390 4068 in
1422 4013 1576 4067 nihili
1623 4020 1875 4082 reputate:

279 4117 388 4162 sunt
430 4109 495 4163 ei.
527 4107 604 4163 Ne
635 4107 758 4179 quis
805 4117 1023 4178 putaret
1053 4101 1330 4162 difﬁcilem
1374 4119 1496 4161 esse
1530 4105 1873 4161 vocationem

277 4201 513 4269 gentium
535 4243 550 4269 ,
581 4207 639 4254 et
669 4200 814 4270 quod
843 4199 1023 4254 omnis
1054 4213 1183 4254 caro
1214 4199 1430 4253 videret
1461 4193 1703 4251 salutare
1746 4197 1872 4264 Dei;

279 4307 436 4362 super
459 4306 701 4352 montem
727 4295 1002 4350 excelsum
1028 4294 1353 4364 iuberentur
1375 4291 1482 4366 [AL
1514 4289 1763 4365 iubetur]
1788 4307 1878 4347 as-

280 4389 533 4454 cendere,
569 4387 660 4459 qui
705 4387 1084 4458 evangelizant
1128 4385 1249 4462 [ΑΙ.
1287 4383 1674 4459 evangelizat]
1705 4384 1872 4452 Sion;

279 4493 330 4538 et
350 4481 378 4520 ιι
398 4485 517 4555 ipse
542 4482 806 4538 Dominus
830 4482 1046 4538 veniret
1072 4483 1124 4536 in
1153 4479 1498 4549 fortitudine,
1533 4490 1588 4535 et
1616 4481 1880 4538 redderet

283 4575 572 4646 unicuique
602 4574 903 4630 secundum
931 4589 1069 4645 opus
1099 4589 1287 4641 suum;
1324 4573 1602 4645 instarque
1643 4573 1877 4645 pastoris

1975 3353 2113 3408 ciam
2154 3353 2360 3421 iudicii,
2404 3364 2451 3407 et
2491 3353 2737 3408 instruxit
2782 3353 2931 3406 illum
2977 3353 3222 3418 scicntia,
3255 3360 3303 3406 et
3329 3352 3428 3407 iter
3455 3368 3581 3423 pru-

1976 3447 2163 3500 dentia
2200 3447 2505 3500 monstravit
2535 3446 2625 3500 ei?
2649 3446 2752 3502 Per
2787 3443 2930 3517 quod
2959 3443 3204 3499 ostendit
3233 3443 3582 3500 manifestius

1979 3551 2222 3611 paratum
2248 3541 2532 3610 spiritum,
2566 3539 2680 3596 sive
2713 3540 2986 3617 ﬁrmatum
3019 3538 3170 3593 illum
3199 3553 3342 3604 esse,
3375 3537 3444 3595 de
3470 3553 3580 3610 quo

1977 3635 2030 3688 in
2059 3632 2322 3703 Apostolo
2351 3633 2550 3704 legitur
2575 3651 2588 3687 :
2621 3631 2872 3688 Dominus
2900 3643 3071 3687 autem
3106 3631 3337 3701 Spiritus
3358 3641 3452 3685 est.
3483 3629 3573 3700 Et,

1979 3728 2148 3800 Super
2175 3745 2324 3799 quem
2345 3729 2588 3799 requievit
2616 3727 2850 3796 Spiritus
2878 3725 2999 3792 Dei,
3031 3727 3260 3798 Spiritus
3287 3725 3580 3797 sapientia,

1975 3833 2021 3875 et
2053 3821 2421 3891 intelligentia,
2443 3829 2500 3875 et
2522 3821 2751 3890 reliqua.
2791 3819 2893 3886 Qui
2932 3819 3068 3873 dicit
3092 3819 3145 3872 in
3181 3817 3578 3886 consequenti-

1977 3913 2109 3968 bus:
2158 3912 2385 3982 Spirttus
2415 3909 2626 3966 Domini
2664 3927 2818 3980 super
2847 3926 2966 3964 me:
2997 3919 3211 3980 prOpter
3253 3909 3392 3980 quod
3435 3909 3587 3963 unxit

1976 4023 2057 4062 me
2085 4005 2240 4080 (lsai.
2273 4021 2388 4071 th,
2423 4005 2494 4078 l).
2525 4006 2644 4078 Ipse
2687 4013 2769 4060 est
2801 4004 2943 4059 enim
2976 4005 3204 4074 spiritus
3251 4003 3488 4070 Domini,
3525 4011 3584 4059 et

1977 4100 2062 4153 vir
2103 4097 2316 4155 consilii
2340 4097 2480 4170 ejus,
2534 4097 2590 4153 in
2622 4113 2729 4169 quo
2769 4095 3039 4152 habitavit
3079 4098 3257 4152 omnis
3303 4093 3588 4167 plenitudo

1978 4193 2281 4249 divinitatis
2333 4194 2700 4264 corporaliter
2743 4189 2966 4262 (Coloss.
3010 4189 3092 4264 tt).
3147 4191 3283 4245 Cum
3323 4185 3415 4246 illo
3469 4190 3592 4245 iniit

1977 4287 2263 4346 Consilium
2288 4331 2303 4356 ,
2352 4287 2421 4344 de
2451 4303 2557 4359 quo
2606 4303 2769 4359 supra
2800 4287 2904 4362 (Ad
2950 4303 3069 4356 cap.
3100 4302 3178 4350 tu,
3207 4285 3264 4358 6)
3305 4285 3540 4342 diximus
3567 4302 3582 4341 :

1979 4383 2336 4449 Admirabilis,
2355 4381 2706 4438 consiliarius.
2723 4381 2784 4436 Et
2804 4375 2972 4454 488
2988 4379 3039 4435 in
3067 4378 3385 4436 Proverbiis
3408 4383 3581 4452 scrip-

1979 4490 2090 4535 tutn
2119 4490 2226 4543 ρει,
2257 4475 2397 4530 Deus
2426 4477 2680 4547 sapientia
2721 4474 2958 4543 fundavit
2995 4485 3188 4528 terram
3216 4489 3235 4527 :
3262 4473 3462 4544 paravit
3491 4487 3584 4527 au-

1980 4589 2076 4633 tem
2107 4574 2260 4630 caios
2290 4568 2571 4642 prudentia
2613 4565 2805 4638 (Prov.
2835 4581 2914 4632 ιιι,
2949 4565 3063 4638 19).
3113 4565 3286 4621 Porro
3315 4563 3460 4620 LXX
3489 4565 3582 4638 qui

284 4733 689 4794 Fortitudinem
724 4748 889 4802 porro
923 4733 1150 4790 multam
1171 4777 1187 4800 ,
1239 4749 1402 4804 quant
1445 4735 1642 4790 animae
1671 4749 1885 4792 annun-
1910 4739 1964 4800 D
1989 4733 2210 4804 Christo
2237 4728 2515 4798 assignare
2537 4722 2833 4804 absurdum
2861 4734 2985 4776 esse
3029 4721 3422 4804 intelligerent,
3465 4725 3590 4795 Spi-

287 4812 436 4874 tiant,
459 4806 727 4876 Spiritum
744 4805 1015 4876 Sanctum
1049 4805 1448 4876 intelligebant.

352 4887 377 4916 ⁸
419 4875 687 4949 Ειιῖιιάθιιι
741 4875 886 4949 hunc
940 4877 1116 4949 locum
1169 4875 1369 4947 allegat
1411 4879 1574 4932 etiam
1619 4878 1883 4949 Origenes

286 4949 478 5004 Homil.
516 4949 584 5004 15
633 4948 687 5002 ln
740 4947 944 5004 Jerem.
993 4959 1050 5002 et
1092 4947 1264 5002 Turno
1317 4963 1353 5002 ιι
1393 4947 1762 5003 Commentar.
1823 4949 1877 5006 in

283 5020 575 5076 Joannem.
609 5019 716 5075 Sed
754 5029 810 5074 et
853 5020 965 5086 ipse
1007 5019 1368 5091 Hieronymus
1401 5030 1511 5091 tum
1545 5020 1702 5082 alibi,
1753 5034 1876 5076 cum

288 5095 337 5146 in
377 5091 616 5158 Micbaa:
665 5107 783 5160 cap.
841 5105 932 5144 vlt.
967 5089 1222 5146 Tametsi
1255 5091 1400 5158 quod
1449 5089 1655 5148 Christi
1701 5103 1880 5148 mater

289 5162 523 5232 Spiritus
553 5163 873 5232 Sanctus-en
898 5163 950 5216 in
977 5161 1267 5230 Evangelio
1291 5161 1586 5232 diceretur,
1618 5164 1876 5220 nonsatis

291 5229 426 5290 bene
471 5245 702 5290 excusat
741 5231 1006 5302 Origenes
1031 5249 1094 5287 ex
1128 5229 1195 5287 eo
1222 5229 1368 5302 quod
1401 5239 1456 5286 et
1487 5231 1675 5296 frater;
1709 5244 1764 5288 et
1795 5249 1886 5288 so-

292 5321 399 5372 ror,
429 5318 485 5361 et
517 5317 694 5359 mater
722 5301 989 5358 vocentur
1015 5321 1041 5359 a
1063 5301 1280 5358 Christo
1311 5305 1398 5373 qui
1432 5301 1608 5358 Patris
1637 5305 1886 5358 volunta-

292 5388 394 5433 tem
427 5376 686 5434 fecerint.
715 5377 932 5430 lirroris
954 5376 1300 5431 occasionem
1330 5385 1666 5430 annotarunt
1685 5375 1887 5432 eruditi

290 5450 384 5504 viri
414 5466 481 5505 ex
512 5449 698 5501 verbis
730 5446 964 5516 Mattlnci
995 5463 1072 5512 tn,
1113 5447 1178 5501 ib
1207 5459 1254 5501 et
1297 5449 1380 5511 l7,
1414 5446 1480 5500 de
1503 5445 1720 5502 Christo
1749 5447 1886 5516 bap-

289 5522 450 5575 tizato
478 5530 534 5576 et
553 5517 763 5586 Spiritu
785 5515 990 5571 Sancto
1014 5518 1066 5572 in
1091 5518 1357 5588 columbae
1379 5517 1561 5588 specie
1585 5515 1887 5583 apparente

291 5607 392 5646 una
419 5605 544 5646 cum
589 5583 726 5644 voce
766 5604 796 5643 e
818 5589 981 5662 calo
1010 5589 1242 5662 delapsa
1270 5607 1282 5642 :
1317 5583 1521 5662 asses:
1549 5589 1885 5662 ﬁliusimeus,

290 5671 419 5726 etc.,
442 5677 606 5733 quam
630 5660 1043 5733 cnlgumbaaipsi,
1073 5661 1186 5733 sive
1207 5657 1437 5733 Spiritui
1461 5660 1661 5714 SattClo
1686 5661 1889 5733 dictam

292 5730 637 5789 ascribebant
684 5731 926 5784 Nazarazi
983 5730 1180 5800 supino
1225 5731 1443 5802 quidem
1491 5745 1713 5794 errore,
1747 5730 1890 5800 quod

294 5806 570 5860 Christum
629 5802 797 5856 lilium
856 5816 1012 5855 suum
1063 5801 1313 5857 vocnsSet
1363 5801 1602 5870 Spiritus
1633 5802 1888 5868 Sanctus,

299 5879 388 5968 sed
440 5891 551 5952 quo
597 5883 781 5928 tamen
834 5873 1002 5928 semel
1051 5873 1314 5952 admisso,
1361 5888 1483 5953 cum
1515 5871 1654 5952 duos
1705 5873 1894 5928 Patres

1989 4809 2153 4861 ritum
2185 4793 2443 4858 Sanctiini
2477 4807 2707 4852 matrem
2736 4793 2864 4848 Jesu
2895 4793 3260 4864 appellarunt.

2058 4875 2086 4914 ι)
2119 4875 2340 4930 Mancus
2373 4871 2520 4922 locus
2550 4865 2653 4920 iste
2699 4869 2845 4918 visus
2879 4875 2962 4919 est
2990 4864 3250 4931 Victoria,
3274 4866 3363 4936 qui
3392 4866 3460 4922 de
3489 4882 3592 4924 suo

1980 4947 2194 5018 supplet
2212 4985 2240 5018 ,_
2261 4950 2310 4996 et
2355 4941 2524 5018 dicere
2564 4937 2720 5018 quod,
2749 4937 2897 5018 ipse,
2949 4945 3095 5018 etc.,_
3122 4946 3178 4992 et
3227 4935 3392 5018 mo_x_:
3422 4935 3584 5018 _Nunc

1982 5007 2153 5072 au'tém
2205 5010 2515 5066 describitur
2572 5008 2754 5075 illius,
2815 5014 2922 5061 etc.
2991 5007 3098 5063 Sed
3142 5023 3274 5062 mss.
3312 5009 3432 5063 libri
3475 5024 3586 5064 non

1977 5085 2360 5152 suﬁragantur.
2516 5150 2529 5152 _
2711 5148 2721 5152 _
3001 5149 3014 5152 _
3166 5095 3169 5099 ‘

2055 5173 2076 5199 ε
2122 5148 2312 5214 Maluit
2359 5148 2816 5214 Montlauconius,
2871 5149 3017 5218 quod
3067 5156 3124 5204 et
3174 5148 3386 5219 vulgati
3458 5160 3586 5210 ante

1987 5231 2360 5286 Martianteum
2382 5221 3020 5294 praeferebantlixavoez
3047 5220 3126 5273 sic
3148 5218 3292 5274 enini
3317 5229 3604 5290 gustatur,’

1987 5303 2104 5359 sive
2133 5301 2293 5355 index
2337 5291 2540 5366 digitus
2581 5291 2911 5366 appellatur.
2951 5291 3148 5366 γει-ηιμ
3194 5303 3586 5366 mss._0mnes,

1987 5389 2125 5444 quos
2167 5381 2222 5426 et
2261 5383 2363 5424 nos
2400 5359 2472 5444 vet
2507 5359 2729 5444 laudati
2771 5359 3127 5444 ‘Beuedictiui
3173 5359 3592 5441 consuluerunt.

1993 5429 2106 5516 pari
2132 5455 2404 5499 consensu
2436 5436 2635 5516 habent
2663 5433 2838 5516 λιχὰς,
2875 5447 2994 5516 titul!
3027 5429 3443 5516 Y9x.ilii_ll_i{n={llt
3478 5449 3594 5516 Ilia-

1993 5499 2105 5571 im;
2126 5526 2435 5570 mensuram
2463 5515 2634 5581 notat.
2667 5499 2862 5573 pollice
2884 5514 3047 5581 atque
3071 5499 3554 5581 indiceexplicntis
3577 5521 3592 5560 :

1991 5570 2181 5655 estitue
2209 5579 2577 5655 adeoAttlli'in
2609 5570 3372 5655 inierpre‘a‘iiim"pussma’
3401 5587 3590 5644 quem.

1993 5651 2287 5714 admodum
2311 5653 2378 5706 ab
2413 5651 2746 5714 l‘lieronyino
2773 5651 3086 5723 etrigantur.
3338 5712 3349 5723 .

2067 5709 2194 5781 διὸ
2229 5725 2406 5779 Vane.
2443 5709 2759 5778 Tmca'tutt:
2803 5713 2854 5765 in
2895 5709 3350 5778 Sangermanensi
3403 5727 3587 5776 autem

1999 5817 2108 5857 ms.
2143 5807 2436 5862 TRICCQM,
2483 5803 2620 5850 teste
2653 5783 3077 5862 Montl'aucomp,
3125 5783 3214 5849 qui
3255 5788 3461 5862 _merito
3511 5805 3601 5856 sn-

2006 5851 2252 5946 ξβίξειῖυέ
2283 5851 2472 5922 voce'm
2513 5865 2769 5932 τρίσωμον
2795 5853 2998 5907 cubare
3023 5851 3074 5904 in
3107 5853 3324 5908 mendo.
