2002 3667
252 178 304 206 407
879 173 909 200 S.
931 172 1065 201 EUSEBII
1086 170 1275 200 HIERONYMI
1838 171 1879 198 408

254 236 403 263 dixerunt:
421 235 485 268 Quis
500 234 570 262 nouit
585 239 693 261 mentem
713 233 830 267 Domini,
845 238 868 260 et
889 234 945 268 quis
968 233 1054 260 consi-
1067 235 1095 265 Α
1107 237 1151 260 tttr
1163 240 1303 260 Αιιςυοιιλιι
1317 232 1443 277 (pom);
1459 233 1531 268 qttod
1545 240 1632 268 genus
1645 233 1707 268 ligni
1723 237 1763 260 est
1774 233 1881 267 impetri-

254 282 347 309 tiarius
360 282 416 317 ejus
432 280 504 316 fuit?
518 281 571 307 hoc
592 279 709 315 intelligi
725 280 835 313 volunt,
850 279 922 314 quod
939 286 1016 307 mens
1028 282 1056 306 et

255 329 325 356 ratio
339 333 367 355 et
383 334 484 361 sensus
509 326 576 361 Dei,
598 334 647 362 per
666 334 746 361 quem
771 325 840 354 facta
863 330 924 353 sunt
944 325 1035 353 omnia
1049 346 1057 358 ,

254 379 282 402 et
295 376 352 401 sine
373 381 427 409 quo
450 374 550 401 factum
566 378 608 401 est
624 373 701 405 nihil,
718 373 763 400 ille
779 372 815 400 sit
829 372 863 399 de
875 379 930 407 quo
942 372 968 399 in
982 371 1057 399 Psal-

254 421 306 448 mis
317 421 425 448 canitur
440 431 446 447 :
465 420 548 447 Verbo
561 419 668 447 Domini
683 419 740 447 cadi
766 420 863 454 ﬁrmati
878 424 947 450 sunt.
964 424 988 446 et
1003 419 1057 454 spi-

254 469 306 495 ritu
323 468 375 495 oris
385 469 443 504 ejus
459 469 542 494 omnis
564 467 643 494 virtus
659 474 748 494 eorum
762 466 822 503 (Ps.
839 474 925 499 χχχιι,
939 465 979 500 6).
994 467 1057 493 0m-

256 522 306 542 nes
333 521 428 550 gentes
455 522 515 549 qua:
538 522 592 541 non
623 518 755 549 noverant
779 512 937 540 Creatorem
959 520 1057 544 suum,

255 562 313 589 sive
329 562 486 589 universum
501 561 656 587 mortalium
677 567 760 594 genus
774 559 807 586 ad
824 559 1058 595 comparationem

254 607 302 635 Dei
330 608 408 642 quasi
435 608 506 634 stilla
525 606 613 634 situla:
635 612 711 639 sunt,
736 611 764 634 et
786 607 863 641 quasi
889 611 1057 633 momentum

255 658 375 685 atatem,
392 653 464 688 quod
478 653 532 680 levi
548 653 668 688 pondere
682 653 708 680 in
725 656 829 688 partem
846 652 958 680 alteram
975 651 1059 679 decli-

254 705 345 726 ttatttr.
364 699 397 726 Et
411 700 550 734 quomodo
564 701 586 726 si
609 699 642 727 de
658 700 739 726 situla
754 699 825 726 stilla
849 698 956 726 modica
980 698 1057 732 ﬂuat,

255 755 271 774 ιι
288 751 419 782 portante
434 746 598 782 negligitur:
616 746 653 774 ita
670 747 797 773 universa
823 747 941 780 gentium
964 745 1059 772 multi-

256 794 322 821 tudo
336 795 465 828 supernis
489 793 653 820 ministeriis
675 798 832 827 comparata
853 796 880 819 et
895 792 1058 827 Angelorum

257 840 435 873 ntttltitudini,
452 847 501 875 pro
517 840 603 867 nihilo
617 840 734 867 ducitur.
750 839 848 867 Insula:
861 846 970 874 quoque
982 839 1059 874 qttasi

255 886 340 913 saliva
358 892 531 920 reputantur,
554 886 612 913 sive
629 891 657 913 ut
670 885 852 921 Symmachus
867 891 895 913 et
907 884 1060 912 Theodotio

1106 280 1173 312 bile,
1196 287 1251 313 quo
1265 280 1309 308 vel
1328 281 1445 309 maxime
1459 280 1530 309 idola
1545 280 1624 308 ﬁunt.
1642 280 1703 307 llazc
1716 285 1800 307 autem
1818 280 1881 314 dicit,

1108 331 1137 354 ut
1162 326 1242 354 idolis
1272 327 1443 361 reprobatis,
1469 327 1641 363 Evangelieae
1666 326 1794 355 doctrinas
1823 332 1884 361 paret

1107 372 1190 405 viam,
1206 378 1233 400 et
1247 373 1338 400 omnia
1360 381 1441 408 prava
1462 373 1616 409 dirigantur
1638 374 1664 401 in
1691 379 1806 406 rectum;
1821 375 1883 401 eral-

1109 424 1199 447 tentur
1221 419 1326 452 valles.
1350 425 1377 447 et
1402 420 1487 448 colles
1512 420 1706 453 humilientur;
1729 425 1755 447 et
1768 421 1886 448 reveletur

1107 465 1192 501 gloria
1210 465 1328 499 Domini,
1345 471 1374 493 ut
1398 467 1488 493 omnis
1504 474 1569 494 caro
1595 466 1683 494 videat
1705 466 1817 494 salutare
1837 465 1885 494 Dei.

1108 511 1189 539 Juxta
1206 512 1387 547 tropologiam
1404 520 1551 547 po~sumus
1563 512 1668 546 dicere,
1680 513 1750 548 qttod
1766 520 1887 547 ntcrepen-

1109 563 1152 586 tur
1175 559 1313 595 principes
1338 559 1546 593 hmreticorum,
1575 560 1684 588 diversa
1714 560 1782 587 idola
1796 559 1827 586 de
1849 567 1888 587 suo

1109 607 1194 634 corde
1216 607 1365 642 tingentes;
1383 608 1426 635 vel
1443 607 1543 641 eloquii
1559 611 1716 639 venustate,
1740 607 1808 642 quod
1821 607 1889 634 inter-

1111 657 1233 688 pretatur
1247 658 1408 689 argentum;
1425 654 1469 681 vel
1484 654 1631 688 splendore
1646 653 1722 687 auri,
1738 652 1807 687 quod
1821 652 1890 679 reler-

1111 705 1154 727 tur
1165 699 1198 727 ad
1214 707 1346 733 sensum;
1362 700 1403 728 vel
1426 701 1502 736 ligno
1522 700 1684 732 imputrihili
1697 721 1705 732 ,
1732 707 1790 734 quae
1810 700 1889 726 viliora

1110 751 1175 775 Sunt
1189 747 1313 782 dogmata
1329 756 1335 774 :
1359 752 1387 775 et
1411 752 1541 782 perpetua
1563 751 1692 782 putentur
1705 754 1719 774 a
1736 746 1889 781 fingentibus,

1110 797 1138 820 et
1152 793 1295 821 dialectica
1312 799 1370 821 arte
1385 794 1540 824 firmentur,
1566 801 1599 821 ne
1615 797 1777 820 moveantur
1800 796 1825 819 et
1844 799 1891 819 cor-

1112 844 1207 872 ruant.
1223 840 1271 867 sed
1286 840 1373 867 solida
1389 840 1482 867 radice
1497 840 1660 867 consistant.

1150 885 1248 921 (Vers.
1276 886 1309 913 21
1325 894 1402 922 seqq.
1418 887 1427 921 )
1441 886 1575 921 Numquid
1591 895 1641 913 non
1659 886 1769 913 scietis?
1783 885 1888 920 numquid

259 933 348 966 ipsttm
374 936 506 966 ponentes
532 931 708 965 llebraicum,
727 932 796 959 sicut
822 938 871 959 poc
896 931 966 975 (p1),
991 931 1059 966 quod
1077 938 1100 967 Β
1115 940 1166 959 non
1181 933 1316 960 audietis?
1327 933 1453 968 numquid
1467 942 1519 960 non
1539 933 1724 968 annuntiatum
1745 937 1780 959 est
1795 931 1892 959 abinitia

257 980 353 1007 decidit
366 989 375 1007 :
390 989 439 1015 pro
454 988 508 1015 qtto
520 980 616 1016 Aquila
629 981 721 1009 λεπτὸν
736 981 887 1017 βαλλόμενον
910 980 1059 1008 transtulit.

259 1026 344 1054 Aiunt
364 1032 456 1054 autem
472 1026 579 1054 Hebrzei
596 1026 648 1054 hoc
670 1027 755 1054 verbo
769 1027 917 1061 signiﬁcari
942 1027 1062 1053 tenuissi—

258 1082 330 1100 mum
343 1074 484 1108 pulverem,
508 1073 554 1108 qui
571 1077 653 1101 vento
676 1078 803 1107 raptaute
817 1080 891 1108 Stepe
915 1075 942 1100 in
967 1073 1062 1100 oculos

259 1120 390 1152 mittitur,
405 1124 433 1147 et
453 1124 572 1147 sentitur
598 1120 687 1154 potius
701 1127 782 1155 quam
798 1119 915 1147 videtur.
938 1120 1063 1147 Miuutis-

259 1167 328 1194 sima
351 1174 416 1202 ergo
438 1166 523 1193 frusta
547 1166 666 1201 pulveris
688 1171 716 1195 et
740 1174 809 1202 pene
835 1167 997 1201 invisibilia,
1012 1168 1064 1195 hoc

261 1214 349 1241 verbo
375 1213 571 1248 appellantur:
596 1222 662 1248 quas
683 1213 797 1241 forsitan
817 1214 989 1242 Democritus
1003 1221 1063 1241 cum

261 1261 381 1296 Epicuro
396 1268 448 1288 suo
474 1266 583 1290 atomos
599 1266 687 1288 vocat.
703 1261 840 1296 Multaque
864 1265 927 1289 sunt
955 1261 1064 1289 nomina

259 1315 321 1343 qua:
337 1308 372 1335 ita
388 1304 519 1342 leguntur
534 1307 587 1343 [ΑΙ.
605 1307 803 1344 intelliguntur]
827 1309 853 1335 in
870 1307 977 1342 Graeco,
994 1313 1024 1336 ut
1039 1309 1064 1335 in

259 1354 395 1383 Hebraico
410 1356 497 1390 posita
512 1359 587 1388 sunt,
605 1360 716 1389 propter
734 1352 934 1390 interpretandi
948 1356 1066 1384 difficul-

259 1408 354 1435 tatem,
370 1408 398 1430 et
419 1402 452 1435 ad
475 1402 708 1437 comparationem
732 1403 831 1438 linguae
855 1403 985 1436 Hebraeae,
1011 1408 1065 1430 tam

259 1449 348 1477 Graeci
364 1457 446 1484 quam
462 1449 552 1477 Latini
571 1450 708 1477 sermonis
728 1449 897 1485 pauperiem.
924 1449 1067 1484 Simulque

262 1501 291 1523 ut
304 1496 432 1529 paulatim
450 1496 575 1523 homines
589 1496 733 1523 abstrahat
746 1496 781 1523 ab
796 1496 963 1529 idololatria,
980 1497 1068 1524 aufert

263 1542 447 1569 caeremonias
460 1542 632 1569 victimarum
644 1550 651 1571 :
669 1546 697 1569 et
710 1542 791 1569 docnt
803 1542 875 1577 quod
889 1542 980 1569 omnia
996 1542 1068 1577 ligna

262 1588 359 1616 Libani
376 1593 403 1617 et
419 1594 541 1616 armenta
553 1597 613 1623 qure
625 1589 651 1616 in
666 1596 699 1616 eo
718 1594 880 1625 pascuntur,
903 1589 1068 1617 holocaustis

1113 979 1183 1007 vobis
1193 980 1205 1006 ?
1217 980 1343 1015 numquid
1359 988 1409 1007 non
1435 980 1601 1006 intellexistis
1625 979 1794 1014 fundamento
1813 978 1893 1005 terra?

1115 1026 1167 1059 Qui
1178 1027 1247 1053 sedet
1264 1034 1340 1062 super
1350 1035 1442 1062 gyrum
1458 1031 1552 1054 terrte:
1567 1031 1591 1054 et
1603 1026 1763 1053 habitatores
1773 1026 1824 1060 ejus
1836 1024 1893 1059 quasi

1115 1075 1235 1102 locusttc.
1254 1074 1306 1108 Qui
1322 1074 1439 1101 extendit
1454 1074 1523 1101 uelut
1535 1074 1644 1100 nihilum
1660 1074 1748 1101 ctelos.
1760 1077 1783 1100 et
1795 1070 1895 1105 expandit

1115 1128 1158 1148 eos
1189 1120 1256 1147 sicut
1282 1120 1478 1147 tabernaculum
1503 1119 1538 1146 ad
1563 1118 1771 1146 inhabitandam.
1798 1116 1843 1150 Qui
1860 1116 1894 1141 dat

1114 1171 1273 1193 secretorum
1287 1170 1445 1193 scrutatores
1456 1165 1529 1201 quasi
1554 1173 1606 1191 non
1630 1164 1684 1191 sint
1699 1171 1708 1191 :
1718 1163 1818 1199 judices
1839 1167 1895 1188 terra

1115 1214 1186 1241 velut
1204 1213 1283 1240 inane
1309 1213 1381 1248 fecit.
1406 1212 1534 1248 Equidem
1556 1220 1639 1246 neque
1672 1211 1810 1247 plantatus,
1835 1215 1896 1243 neque

1115 1264 1198 1290 satus,
1213 1267 1293 1294 neque
1303 1259 1438 1286 radicatus
1449 1259 1476 1285 in
1493 1264 1560 1285 terra
1573 1264 1684 1284 truncus
1696 1264 1782 1284 eorum
1793 1263 1802 1282 :
1813 1258 1895 1289 repente

1116 1307 1188 1341 ﬂavit
1203 1307 1230 1333 in
1242 1314 1285 1334 eos
1300 1311 1324 1333 et
1339 1312 1473 1338 aruerunt,
1497 1311 1520 1332 et
1536 1305 1610 1332 turbo
1635 1305 1711 1339 quasi
1735 1304 1848 1338 stipulam
1860 1309 1895 1326 au-

1115 1354 1180 1388 feret
1196 1361 1249 1380 eos.
1263 1352 1297 1379 Et
1312 1353 1355 1379 cui
1366 1351 1531 1379 assimilastis
1559 1360 1598 1378 me
1611 1356 1634 1378 et
1649 1348 1826 1386 adtequastis?
1847 1347 1895 1375 dicit

1118 1399 1243 1427 Sanctus.
1270 1398 1363 1425 Leonte
1385 1399 1412 1425 in
1426 1399 1555 1426 excelsum
1575 1397 1666 1424 oculos
1681 1402 1786 1428 vestros,
1799 1394 1868 1431 490
1878 1397 1896 1420 et

1116 1446 1200 1473 videte
1214 1446 1272 1481 quis
1288 1446 1383 1473 creavit
1398 1445 1470 1473 lttec:
1484 1447 1528 1481 qui
1543 1445 1630 1473 educit
1643 1445 1673 1472 in
1687 1452 1790 1472 numero
1801 1443 1896 1470 militum!

1118 1500 1219 1525 eorum,
1241 1498 1265 1520 et
1289 1501 1377 1520 omnes
1400 1500 1431 1519 ex
1452 1492 1556 1519 nomine
1570 1496 1653 1519 vocat.
1683 1491 1743 1519 Prte
1757 1489 1897 1517 multitudine

1119 1539 1282 1574 fortitudinis
1298 1544 1321 1566 et
1335 1539 1448 1571 roboris,
1463 1539 1617 1574 virtutisque
1637 1538 1719 1572 ejus:
1740 1544 1815 1571 neque
1835 1541 1896 1562 unum

1119 1585 1246 1621 reliquum
1258 1586 1316 1621 fuit.
1335 1585 1406 1614 LXX
1419 1595 1426 1614 :
1446 1585 1540 1613 Nonne
1554 1586 1640 1613 scietis
1652 1586 1665 1612 ?
1679 1593 1763 1612 nonne
1784 1581 1897 1610 audietis?

262 1635 323 1671 ejus
338 1636 465 1664 sullicere
480 1640 625 1670 nequeant.
644 1634 673 1663 Si
692 1641 783 1663 autem
805 1643 900 1663 omnes
914 1640 1010 1671 gentes
1025 1636 1064 1663 sic
1079 1630 1103 1662 C
1119 1642 1203 1661 nonne
1227 1633 1409 1660 annuntintum
1431 1638 1468 1660 est
1491 1633 1561 1660 vobis
1584 1641 1601 1660 a
1622 1632 1776 1667 principio?
1791 1629 1843 1658 Non
1862 1636 1896 1655 co-

263 1687 327 1709 sunt
350 1682 375 1708 in
397 1685 547 1716 conspectu
579 1682 653 1709 illius
672 1682 749 1716 quasi
775 1689 829 1709 non
852 1681 923 1712 sint.
945 1686 973 1709 et
992 1682 1068 1716 quasi

262 1727 330 1755 nihil
365 1732 392 1754 ct
427 1728 508 1754 inane
547 1732 708 1762 reptttantttr
743 1727 792 1763 (iu
814 1727 943 1755 omnibus
974 1733 1067 1755 autem

263 1773 393 1808 gentibus
423 1779 450 1800 et
478 1773 562 1800 lsrael
594 1775 675 1808 est),
702 1781 767 1808 ergo
803 1777 830 1800 et
861 1773 920 1807 ipse
953 1773 993 1800 sic
1027 1777 1069 1801 cst

264 1819 342 1854 quasi
369 1827 422 1846 non
439 1820 485 1852 sit,
507 1823 535 1853 et
550 1819 576 1846 in
599 1819 677 1847 nihili
704 1825 786 1855 atque
808 1820 889 1848 inane
916 1825 1067 1855 reputatur.

264 1865 323 1892 lloc
338 1865 467 1898 dicimus,
483 1870 513 1892 ut
528 1866 669 1901 frangatur
683 1865 744 1900 ejus
755 1866 893 1901 superbia,
911 1871 937 1893 et
957 1873 1070 1894 caetera-

267 1919 326 1939 rum
338 1913 461 1947 gentium
476 1912 581 1939 similes
594 1919 657 1940 esse
668 1919 698 1939 se
711 1912 848 1940 noverint.

302 1958 395 1994 (Vers.
410 1958 443 1986 18
454 1958 544 1994 seqq.)
564 1958 613 1985 Cui
628 1966 690 1995 ergo
711 1959 823 1985 similem
845 1959 942 1995 fecistis
964 1957 1047 1986 Deum
1061 1967 1070 1986 :

264 2011 310 2033 aut
333 2014 411 2040 quam
437 2006 575 2042 imaginem
590 2006 689 2040 ponetis
714 2006 775 2033 illi?
791 2005 926 2041 Numquid
951 2005 1071 2040 sculptile

265 2052 387 2086 conﬂavit
400 2051 483 2086 faber,
500 2058 545 2079 aut
558 2052 665 2087 aurifex
678 2060 743 2079 auro
758 2052 842 2088 5.89
856 2053 976 2089 ﬁgurauit
992 2052 1069 2084 illud,

264 2104 287 2126 et
305 2099 411 2125 laminis
424 2099 553 2135 argenteis
573 2099 756 2134 argentarius?
770 2098 849 2126 Forte
863 2099 964 2135 lignunt
978 2103 1002 2125 et
1022 2098 1071 2124 int-

266 2144 389 2179 putribite
412 2144 488 2180 elegit
511 2144 607 2178 artifex
630 2144 756 2178 sapiens:
778 2150 802 2171 et
824 2149 921 2180 quaeret
943 2144 1070 2177 quomodo

265 2194 363 2217 statuat
378 2190 547 2217 simulacrum
559 2190 628 2223 quod
644 2198 696 2216 non
705 2195 849 2217 moveatur.
867 2190 1007 2225 Descripta
1024 2191 1070 2218 Dei

266 2235 465 2271 magnitudine,
480 2239 509 2263 et
529 2236 652 2270 potentia
668 2236 740 2263 illius
763 2243 797 2263 ex
816 2241 892 2271 parte
907 2242 1069 2268 monstrata,

265 2282 394 2317 gentibus
416 2290 524 2317 quoque
547 2282 701 2317 insulisque
727 2283 802 2317 quasi
829 2283 902 2310 stilla
926 2283 1025 2316 situlze,
1041 2287 1069 2311 et

1120 1679 1243 1715 guouistis
1258 1678 1429 1714 fundamento
1445 1679 1537 1706 terras?
1550 1678 1601 1712 Qui
1617 1682 1685 1705 tenet
1695 1684 1784 1713 gyrum
1797 1680 1868 1706 terror,
1880 1678 1897 1700 et

1119 1725 1277 1753 habitatores
1291 1727 1346 1761 ejus
1367 1725 1441 1760 quasi
1458 1724 1585 1751 locustas.
1610 1724 1663 1757 Qui
1678 1725 1765 1751 statuit
1786 1722 1849 1757 quasi
1864 1728 1897 1746 ca.

1119 1781 1218 1800 meram
1243 1773 1346 1805 ctelunt,
1376 1778 1400 1800 et
1419 1773 1534 1800 extendit
1558 1773 1633 1808 quasi
1666 1770 1851 1799 tabernaculum
1872 1767 1898 1794 ad

1120 1819 1302 1846 habitandum.
1326 1819 1377 1852 Qui
1405 1819 1448 1845 dat
1475 1819 1607 1855 principes
1631 1827 1743 1855 regnare
1765 1825 1809 1852 pro
1838 1813 1898 1848 nihil,

1120 1870 1216 1893 terrant
1229 1869 1315 1893 autem
1337 1866 1412 1899 quasi
1426 1865 1502 1893 nihili
1516 1866 1587 1900 fecit.
1610 1864 1747 1900 Siquidem
1761 1872 1807 1891 non
1818 1862 1900 1899 planta-

1121 1913 1228 1945 buntur.
1251 1920 1334 1948 neque
1355 1917 1484 1945 serantur,
1501 1920 1546 1939 nec
1559 1912 1716 1939 solidabitur
1730 1912 1755 1939 in
1765 1917 1827 1938 terra
1837 1907 1897 1936 rudit

1121 1967 1219 1987 eorum.
1234 1957 1323 1986 Fluttit
1338 1966 1416 1994 super
1430 1967 1485 1992 eos,
1502 1963 1525 1985 et
1546 1959 1656 1993 arefacti
1669 1964 1740 1991 sunt,
1753 1961 1777 1984 et
1788 1959 1900 1989 tempestas

1121 2010 1235 2033 assumet
1249 2005 1309 2033 illos
1331 2006 1407 2041 qttusi
1420 2006 1556 2042 stipulam.
1585 2005 1663 2032 Nunc
1679 2014 1738 2041 ergo
1761 2005 1800 2031 cui
1818 2000 1899 2029 assimi-

1120 2053 1194 2080 lastis
1217 2053 1451 2088 me?e:uequubor
1473 2052 1531 2080 eis?
1558 2052 1625 2079 dixit
1649 2051 1772 2080 Sanctus.
1813 2048 1900 2077 Eleum

1121 2108 1223 2127 sursum
1248 2100 1337 2126 oculos
1362 2104 1472 2131 vestros,
1503 2103 1527 2126 et
1546 2099 1630 2126 videte
1653 2100 1712 2134 quis
1739 2097 1842 2125 ostendit
1860 2094 1901 2121 hac

1123 2146 1220 2173 omnia.
1239 2145 1291 2178 Qui
1320 2145 1405 2172 educit
1425 2147 1506 2182 juxta
1533 2153 1668 2172 numerum
1697 2149 1812 2172 ornatum
1835 2148 1899 2172 luunt.

1122 2200 1210 2219 onmes
1224 2193 1251 2219 iu
1266 2192 1370 2219 nomine
1382 2191 1494 2224 vocabit,
1507 2200 1523 2218 (ι
1537 2190 1621 2218 multa
1635 2190 1722 2227 gloria
1744 2195 1768 2218 et
1790 2191 1814 2217 in
1831 2187 1902 2215 robor!

1122 2238 1283 2272 fortitudinis
1298 2247 1308 2265 :
1330 2242 1343 2256 ει
1359 2237 1425 2265 nihil
1438 2242 1463 2265 te
1489 2238 1562 2265 latet.
1575 2237 1616 2265 Ab
1630 2238 1724 2269 initio,
1742 2236 1833 2271 inquit,
1844 2237 1903 2261 natu-

1122 2285 1173 2313 rali
1197 2285 1257 2321 lege
1283 2292 1333 2312 vos
1353 2284 1445 2317 docui,
1472 2290 1501 2312 et
1518 2289 1611 2319 postea
1634 2292 1685 2319 per
1700 2284 1810 2320 Moysen
1820 2280 1901 2315 scripta

266 2333 409 2356 momento
424 2333 535 2356 staterze
550 2329 695 2365 reputatis,
708 2337 740 2357 ac
761 2330 874 2365 pulvere
889 2350 896 2362 ,
917 2334 945 2357 et
965 2330 1069 2357 hostia-
1084 2324 1110 2354 Ι)
1123 2331 1194 2367 Lege
1211 2336 1325 2359 testatus
1338 2339 1410 2364 sum,
1424 2331 1489 2366 quid
1512 2331 1580 2358 nihil
1603 2336 1678 2358 esset
1702 2330 1785 2363 idola,
1802 2334 1826 2356 ct
1847 2324 1902 2362 ειυυίΙ

267 2383 328 2403 rum
344 2376 517 2403 caeremoniis
539 2375 675 2410 refutatis,
697 2383 746 2404 cur
768 2384 863 2404 omnes
879 2381 977 2410 gentes
994 2377 1072 2411 quasi

266 2422 347 2451 nihili
362 2422 416 2450 sint
427 2422 453 2449 in
468 2428 619 2458 conspectu
630 2423 699 2458 ejus,
716 2428 742 2451 et
755 2424 833 2459 quasi
846 2422 927 2450 inane
942 2427 1074 2458 reputen-

267 2475 322 2503 tur,
344 2469 525 2503 sequentibus
536 2469 636 2497 docet:
653 2468 702 2496 Cui
722 2470 833 2497 similem
854 2469 949 2504 fecistis
964 2468 1050 2497 Deum
1064 2478 1072 2497 :

266 2520 312 2543 aut
324 2523 401 2550 quant
422 2516 561 2550 imaginem
584 2516 684 2549 ponetis
700 2516 739 2548 ei,
762 2516 806 2549 qui
831 2516 946 2550 spiritus
971 2521 1022 2548 est,
1047 2521 1075 2543 et

267 2565 294 2591 in
310 2563 438 2590 omnibus
453 2567 504 2594 est,
518 2567 546 2590 et
562 2563 663 2597 ubique
677 2562 818 2595 discurrit,
831 2566 860 2589 et
878 2567 981 2590 terram
998 2563 1074 2597 quasi

267 2609 371 2645 pugillo
385 2608 526 2636 continet?
542 2608 688 2641 Simulque
704 2607 802 2635 irridet
821 2608 966 2635 stultitiam
987 2608 1075 2635 natio-

267 2663 346 2689 num,
372 2655 444 2689 quod
462 2654 562 2682 artifex
587 2653 646 2681 sive
662 2653 740 2681 faber
759 2656 885 2687 erarius,
907 2659 954 2681 aut
968 2654 1074 2682 aurifex

267 2708 316 2731 aut
329 2703 500 2737 argentarius
514 2701 600 2728 Deum
614 2700 665 2727 sibi
681 2700 793 2734 faciant,
809 2707 836 2729 et
850 2701 961 2729 laminis
976 2700 1075 2728 clavis-

267 2757 321 2784 que
345 2748 522 2783 compingant
546 2754 578 2774 ac
599 2746 707 2774 fortiter
724 2752 857 2780 statuant.
882 2755 916 2775 ne
931 2753 1076 2775 ventorum

268 2796 379 2823 flatibus
402 2795 577 2822 dett-utimur.
594 2794 727 2829 Quodque
751 2796 861 2822 intulit:
884 2798 952 2830 forte
974 2796 1074 2829 lignum

271 2847 294 2868 rt
310 2842 468 2876 imputribilc
481 2842 555 2874 cleqit
571 2842 667 2877 artifex
687 2842 799 2876 sapiens,
814 2841 840 2868 in
858 2842 991 2870 llebt'aico
1006 2842 1073 2869 dlci-

311 2939 321 2950 ‘
343 2935 400 2962 Duo
427 2934 524 2963 Vatia.
540 2936 605 2962 nihil
621 2944 635 2962 (ι
651 2940 673 2960 tn
686 2935 867 2961 absconditum
885 2939 922 2961 est

1125 2378 1239 2406 Creator
1254 2378 1347 2405 mundi
1374 2378 1432 2412 ipse
1456 2383 1530 2405 esset
1546 2377 1629 2412 Deus,
1646 2378 1693 2413 qui
1710 2381 1809 2405 tantam
1824 2373 1902 2403 molem

1125 2430 1207 2453 terra:
1231 2425 1372 2452 fundasset
1383 2433 1467 2460 super
1478 2426 1577 2458 maria,
1598 2430 1625 2453 et
1641 2434 1725 2461 super
1739 2425 1842 2453 flumina
1855 2420 1900 2448 col-

1126 2472 1243 2500 locasset
1264 2479 1347 2498 eam:
1378 2477 1405 2498 ιιι
1433 2472 1599 2499 elementum
1628 2473 1817 2507 gravissimum
1838 2474 1902 2502 super

1126 2523 1224 2546 tenues
1240 2525 1326 2553 aquas
1343 2518 1390 2545 Dei
1408 2518 1540 2553 penderet
1555 2519 1680 2552 arbitrio,
1695 2519 1740 2554 qui
1755 2519 1835 2546 instar
1846 2514 1902 2548 regis

1128 2564 1207 2592 sedet
1221 2571 1303 2599 super
1317 2572 1415 2600 gyrum
1442 2570 1527 2592 terrae
1544 2574 1550 2592 :
1578 2573 1611 2592 ex
1624 2573 1680 2599 quo
1706 2564 1824 2593 nonnulli
1844 2558 1904 2596 quasi

1129 2614 1259 2646 punctntn
1276 2614 1302 2637 et
1325 2610 1435 2645 globum
1451 2618 1512 2638 eam
1527 2608 1590 2638 esse
1609 2611 1790 2642 comendunt,
1809 2613 1833 2637 et
1845 2604 1904 2635 habi-

1124 2661 1227 2684 tatores
1242 2656 1316 2684 illius
1331 2657 1409 2691 quasi
1426 2657 1556 2684 locustas.
1582 2657 1611 2684 Si
1631 2656 1704 2684 enim
1728 2657 1754 2684 in
1777 2660 1830 2682 toto
1851 2651 1903 2680 urbe

1125 2703 1333 2732 consideremus
1358 2703 1449 2730 varias
1464 2703 1604 2736 nationes,
1619 2708 1646 2730 et
1660 2703 1696 2730 ab
1718 2702 1823 2731 Oceano
1837 2702 1904 2732 usque

1126 2749 1159 2777 ad
1173 2749 1325 2782 Oceanum,
1341 2748 1367 2776 id
1387 2753 1442 2783 est,
1457 2749 1491 2776 ab
1514 2748 1607 2776 Indico
1622 2750 1691 2776 mari
1716 2755 1800 2784 usque
1819 2745 1848 2774 ad
1860 2742 1904 2771 Bri-

1126 2798 1276 2828 tannicum,
1298 2801 1325 2823 et
1340 2796 1373 2822 al)
1400 2796 1537 2823 Atlantico
1560 2804 1644 2831 usque
1667 2797 1699 2823 ad
1727 2789 1903 2830 Septentrioni:

1126 2845 1257 2878 rigorem,
1270 2844 1296 2870 in
1314 2852 1367 2879 quo
1383 2844 1580 2878 congelascunt
1597 2851 1686 2878 aqum,
1701 2848 1729 2871 et
1743 2841 1845 2870 succina
1857 2837 1901 2874 pul-

27 3196 1974 3667 ξ
