4096 6330
244 271 352 328 ως)

812 273 1470 334 COMMENTARIORUM
1507 274 1575 332 IN
1614 273 1852 333 ISAIAM
1893 273 2314 333 PROPHETAM
2354 277 2489 335 LIB.
2531 277 2651 336 XII.
2691 276 2848 336 CAP.
2891 278 3008 336 XL.

3477 285 3587 342 410

247 391 381 448 chra
407 399 818 462 concrescunt,
849 407 1014 449 omne
1053 391 1108 448 in
1157 391 1338 448 medio
1389 391 1675 448 hominum
1705 406 1878 464 genus
1906 396 1962 456 Α
1985 403 2155 450 terra:
2185 395 2339 462 quasi
2368 395 2530 452 inane
2557 396 2827 468 reputari.
2853 395 2957 463 Qui
2983 395 3259 469 principes
3304 406 3361 454 et
3381 397 3596 468 judices

247 487 408 558 quasi
433 486 690 543 locustas
745 497 768 525 ιι
815 487 1060 544 habitare
1088 487 1394 543 cernimus.
1419 485 1560 555 Quid
1594 487 1759 558 igitur
1787 502 1871 544 su-

252 581 435 652 pcrbit
466 589 622 635 terra
659 590 716 638 et
737 582 918 638 cinis?
939 583 1063 654 quia
1094 581 1318 646 ctelum,
1351 581 1517 636 immo
1539 591 1602 634 ut
1631 581 1880 651 Scriptu-

251 691 439 732 rarum
485 685 617 731 utar
670 681 1042 743 auctoritate,
1097 678 1223 733 caeli
1275 676 1670 741 extenduntur,
1723 676 1880 745 quasi

250 783 518 833 camera;
543 768 692 836 sive,
748 777 806 824 ut
838 770 889 823 in
921 769 1188 824 I'Iebraico
1209 769 1542 832 continetur,
1573 767 1728 839 quasi
1756 782 1878 832 noc,

253 860 322 917 de
370 874 488 930 quo
541 877 714 931 supra
763 861 1037 918 diximus:
1073 877 1172 932 pro
1221 877 1330 933 quo
1360 857 1504 915 LXX
1537 860 1615 914 ibi
1661 860 1878 914 salivam

253 954 612 1026 interpretati
644 965 813 1011 sunt:
864 967 914 1010 et
969 971 1134 1011 unum
1167 955 1396 1010 verbum
1446 970 1591 1010 nunc
1633 962 1878 1029 sputum,

253 1064 401 1106 nunc
428 1065 724 1115 cameram,
768 1049 820 1105 id
870 1058 993 1116 cst,
1048 1049 1297 1119 fornicem
1345 1047 1784 1113 transtulerunt;
1825 1055 1882 1102 et

254 1154 472 1201 tantam
524 1159 724 1200 eorum
775 1143 1118 1200 latitudinem
1151 1143 1304 1214 quasi
1360 1139 1776 1197 tabernaculum
1824 1148 1881 1195 et

254 1239 599 1311 papilionem
631 1237 877 1294 extendit
935 1237 1193 1308 desuper.
1245 1245 1306 1293 ut
1355 1237 1408 1292 in
1463 1235 1876 1314 similitudinem

256 1335 388 1391 tecti
445 1335 698 1402 Operiret
742 1334 1016 1400 homines,
1066 1343 1120 1389 et
1149 1333 1304 1404 quasi
1337 1333 1390 1388 in
1417 1332 1584 1388 domo
1611 1332 1878 1388 latissima

258 1426 521 1482 habitare
569 1425 820 1482 faceret:
863 1426 991 1498 quid
1025 1427 1286 1481 miremur
1325 1427 1368 1480 si
1402 1439 1566 1496 parva
1599 1425 1878 1479 hominum

257 1535 496 1591 corpora
533 1521 692 1592 quasi
725 1520 972 1590 locusta’,
1005 1532 1058 1577 et
1091 1522 1299 1576 minuta
1346 1519 1507 1593 49],
1557 1527 1879 1589 reputentur

258 1615 615 1670 animantia?
643 1615 881 1670 Rursum
911 1625 967 1672 et
1015 1615 1068 1670 in
1117 1615 1223 1671 hoc
1249 1615 1370 1670 loco
1397 1615 1686 1687 ἡμικύκλιον
1716 1613 1881 1669 terris

261 1705 562 1764 imminere
589 1707 792 1763 caelum
812 1707 936 1780 [ΑΙ.
964 1708 1230 1764 ςωιοιιιιη
1246 1706 1290 1780 ],
1309 1717 1359 1762 ct
1390 1709 1444 1762 in
1466 1707 1878 1763 similitudinem

1985 496 2147 544 terra:
2192 489 2354 561 (sive,
2383 500 2441 544 ut
2471 490 2566 545 alii
2607 491 2982 560 suspicantur,
3008 492 3160 563 cteli)
3185 505 3287 548 nec
3309 494 3412 548 sati
3442 502 3591 562 sunt,

1984 596 2086 637 nec
2136 582 2363 652 plantati
2414 593 2564 652 sunt,
2613 599 2719 640 nec
2748 583 2902 640 ﬁrma
2935 585 3120 656 radice
3150 586 3394 655 solidati,
3415 597 3475 644 et
3503 603 3593 645 re-

1984 683 2148 746 pente
2180 674 2430 745 jussione
2481 675 2573 731 Dei
2605 677 2677 732 ita
2712 678 3037 734 auferuntur
3064 687 3123 734 et
3152 691 3406 751 pereunt,
3436 682 3591 752 quasi

1981 767 2181 838 atipula
2209 783 2238 824 a
2267 771 2485 826 turbine
2513 780 2569 826 et
2593 781 2920 840 tempeState
2950 783 3199 842 raptatur
3225 791 3240 840 ;
3268 775 3420 842 juxta
3451 775 3586 832 illud

1983 863 2127 935 quod
2181 865 2444 933 scriptum
2489 874 2610 920 est:
2655 864 2725 919 Et
2757 869 2994 932 transivi,
3027 877 3073 924 et
3121 885 3223 924 non
3243 867 3411 943 492
3433 880 3544 925 erat
3569 888 3590 937 ;

1983 966 2030 1012 et
2065 958 2278 1028 qurcsitii
2323 973 2460 1025 eam,
2485 967 2535 1012 et
2565 974 2670 1013 non
2705 969 2778 1013 est
2815 961 3052 1016 iuventus
3101 962 3246 1016 locus
3291 965 3402 1035 ejus
3437 964 3456 1034 (
3486 961 3580 1020 Ps.

1983 1053 2323 1125 xxxvt,56).
2365 1051 2501 1108 Cum
2543 1066 2679 1122 ergo
2726 1063 2872 1109 tanta
2915 1057 2988 1110 sit
3015 1057 3258 1127 potentia
3306 1055 3586 1114 Creatoris

1982 1155 2146 1218 atque
2184 1149 2465 1217 majestas,
2498 1148 2582 1202 cui
2621 1146 2792 1201 Deum
2824 1149 3166 1204 similitudini
3211 1150 3590 1220 comparatis?

1982 1252 2038 1298 et
2067 1258 2172 1297 non
2215 1243 2394 1313 potius
2439 1256 2505 1297 ex
2535 1250 2916 1298 creaturarum
2966 1243 3340 1314 magnitudine
3381 1243 3586 1300 intelli-

1979 1337 2109 1407 gitis
2155 1335 2541 1392 conditorem?
2578 1335 2634 1392 Si
2669 1352 2774 1392 nott
2828 1336 3058 1394 creditis
3112 1337 3327 1403 verbis,
3383 1337 3578 1393 saltem

1982 1431 2158 1488 oculis
2206 1432 2405 1486 vestris
2455 1430 2703 1498 credite;
2754 1439 2811 1486 et
2853 1445 2920 1486 ex
2968 1431 3234 1487 caelorum
3282 1431 3583 1487 elemento-

1983 1539 2212 1595 t'umque
2240 1524 2482 1579 omnium
2517 1523 2780 1579 servitute
2811 1509 3139 1595 potestatem
3170 1523 3386 1580 Domini
3433 1511 3582 1594 cogi-

1985 1627 2117 1674 tate.
2177 1617 2279 1684 Qui
2303 1618 2474 1673 educit
2510 1619 2563 1672 in
2615 1633 2828 1672 numero
2873 1619 3114 1673 militiam
3152 1634 3352 1680 eorum.
3390 1616 3447 1673 id
3498 1625 3585 1673 est

1982 1713 2248 1770 cmlornm
2280 1729 2296 1778 ;
2326 1721 2372 1767 et
2395 1727 2570 1767 omnes
2607 1727 2672 1766 ea:
2699 1713 2909 1766 nomine
2972 1722 3118 1768 vocat
3153 1754 3169 1780 ,
3220 1711 3544 1768 subauditur
3568 1758 3582 1782 ,

262 1800 497 1870 Sphaera:
526 1801 732 1857 caelum
766 1816 890 1856 esse
921 1801 1282 1867 contendunt,
1332 1801 1631 1855 abutuntur
1659 1798 1884 1855 nomine
1914 1796 1963 1856 B
1988 1807 2201 1862 stellas.
2235 1805 2312 1860 De
2339 1803 2534 1872 quibus
2561 1813 2618 1860 et
2643 1804 2697 1858 in
2730 1803 2960 1860 Psalmis
2988 1803 3234 1861 canitur:
3269 1803 3375 1871 Qui
3400 1821 3588 1859 nume-

263 1893 523 1976 fornicis,
568 1894 717 1966 quod
769 1895 983 1950 scilicet
1035 1895 1214 1951 media
1277 1909 1404 1965 pars
1449 1894 1680 1965 spbazrze
1710 1904 1882 1950 terras

264 1991 521 2062 operiat:
573 2005 701 2046 cum
735 1992 788 2044 in
819 1990 1085 2046 llebraico
1112 2004 1218 2045 non
1262 1988 1555 2056 fornicem,
1605 1987 1705 2044 sed
1753 2001 1880 2055 nec,

269 2083 322 2140 id
355 2096 462 2152 est,
521 2085 889 2140 tenuissimum
937 2081 1198 2155 pulverem
1243 2082 1559 2154 legerimus.
1615 2081 1723 2136 Pro
1775 2097 1883 2152 quo

271 2184 441 2239 saliva
473 2197 600 2255 qua:
631 2181 921 2254 projicitur
949 2183 1002 2237 in
1035 2189 1258 2249 terram,
1294 2191 1350 2236 et
1391 2180 1600 2248 pulveri
1628 2180 1886 2236 commis-

273 2289 452 2344 cetur,
501 2287 561 2332 et
612 2276 875 2344 deperit,
930 2275 1171 2330 ostendit
1224 2275 1533 2330 universam
1588 2287 1884 2342 corporum

276 2370 721 2439 magnitudinem
779 2386 876 2437 pro
906 2369 1061 2425 nihili
1109 2369 1489 2440 reputandam.
1546 2368 1648 2438 Qui
1703 2377 1883 2423 autem

278 2463 525 2520 extendit
551 2462 728 2518 caelos
756 2472 812 2518 et
848 2461 1107 2529 expandit
1136 2475 1271 2516 eos:
1309 2469 1365 2515 ut
1395 2461 1477 2516 vel
1519 2474 1681 2527 supra
1729 2459 1886 2514 babi-

193 2607 198 2611 _
280 2566 456 2613 tarent
492 2555 837 2627 Angelorum
869 2554 1268 2622 multitudines,
1300 2553 1386 2608 vel
1419 2553 1608 2609 subter
1639 2551 1889 2608 homines

280 2661 663 2715 morarentur,
693 2658 748 2704 et
779 2649 935 2720 quasi
963 2663 1210 2719 magnam
1267 2647 1684 2702 rationabilibus
1729 2657 1886 2702 crea-

283 2744 419 2799 turis
471 2743 604 2798 fecit
632 2741 856 2798 domum
905 2759 918 2796 :
965 2740 1081 2812 ipse
1110 2755 1207 2810 pro
1261 2740 1524 2811 qualitate
1578 2750 1887 2810 temporum

285 2835 570 2907 principes
598 2835 909 2902 constituit,
938 2835 1055 2890 sive
1077 2843 1416 2889 secretorum
1449 2842 1804 2895 scrutatores,
1835 2840 1892 2886 ut

284 2929 393 2985 sint
420 2929 576 3000 quasi
606 2945 716 2984 non
759 2927 915 2988 sint:
969 2936 1024 2982 et
1061 2926 1278 2996 judices
1324 2933 1486 2981 terra:
1537 2925 1688 2979 velut
1730 2926 1892 2979 inane

284 3021 429 3078 lenit.
479 3021 590 3076 Pro
623 3035 734 3092 quo
804 3019 945 3076 LXX
1003 3021 1420 3084 tranStulerunt,
1474 3027 1663 3073 terram
1718 3029 1891 3072 autem

287 3116 430 3186 quasi
457 3113 614 3169 nihili
639 3114 794 3186 fecit;
821 3114 1095 3180 siquidem
1123 3122 1179 3169 et
1228 3113 1282 3169 in
1317 3112 1583 3182 principio
1611 3112 1893 3168 Ceneseos

1988 1910 2068 1955 rat
2091 1899 2482 1954 multitudinem
2508 1899 2774 1953 stellarum
2797 1915 2816 1953 :
2860 1903 2909 1954 et
2936 1916 3114 1954 onmes
3156 1916 3244 1954 eas
3285 1915 3351 1955 ea:
3383 1899 3592 1956 nomine

1985 2000 2133 2047 vocat
2158 1992 2176 2065 (
2206 1991 2299 2047 Ps.
2330 2007 2482 2058 XLVI,
2508 1989 2543 2044 4
2565 1989 2609 2062 ).
2636 1989 2761 2046 Sive
2781 1991 3031 2046 militiam
3067 1989 3221 2058 caeli,
3243 1988 3482 2060 Angelos
3511 1990 3595 2045 in-

1989 2097 2382 2158 lerpretcmur,
2407 2093 2464 2141 et
2492 2100 2686 2140 omnes
2713 2084 2978 2140 cmlorum
3023 2084 3321 2148 exercitus,
3366 2081 3438 2138 de
3468 2081 3594 2153 qui-

1990 2182 2093 2238 bus
2123 2191 2178 2237 et
2225 2180 2417 2237 Daniel
2465 2179 2708 2252 loquitur
2735 2198 2746 2234 :
2782 2177 2958 2234 Millia
2987 2176 3212 2232 millium
3235 2177 3597 2232 ministrabant

1988 2278 2057 2340 ei,
2080 2286 2128 2330 et
2152 2276 2324 2330 decies
2341 2283 2554 2330 centena
2577 2273 2745 2329 millia
2767 2273 3169 2328 assistebantilli
3188 2270 3352 2343 (Dan.
3367 2286 3464 2336 vlt,
3481 2269 3598 2343 l0).

1988 2368 2146 2428 Unde
2173 2379 2231 2426 et
2252 2367 2513 2423 Dominus
2540 2366 2759 2422 sabaoth
2787 2367 3126 2437 appellatur,
3150 2367 3241 2435 qui
3276 2373 3466 2420 nostra
3499 2365 3606 2420 lin-

1989 2482 2094 2537 gua
2152 2465 2376 2526 dicitur,
2409 2463 2664 2517 Dominus
2692 2461 3074 2531 milititeatqttc
3104 2459 3449 2523 exercituum,
3479 2457 3597 2513 sive

1990 2561 2257 2612 virtutum.
2307 2555 2504 2611 Educit
2553 2566 2738 2610 autem
2786 2554 2946 2622 juxta
3001 2565 3291 2607 numerum
3325 2552 3592 2606 cwlorum

1991 2651 2240 2708 militiam
2274 2668 2289 2706 :
2338 2659 2395 2705 ut
2425 2659 2481 2706 et
2509 2648 2618 2716 sol,
2649 2658 2704 2703 et
2733 2647 2885 2714 luna,
2925 2656 2981 2702 et
3025 2655 3172 2701 astra
3201 2653 3424 2710 cat-tera,
3469 2657 3592 2714 quae

1992 2745 2582 2802 Abrahamnumerare
2606 2757 2713 2797 non
2738 2739 2938 2812 potuit,
2971 2739 3052 2794 illi
3078 2748 3362 2794 numerata
3391 2737 3602 2801 sint,et

1993 2837 2234 2894 serviant
2263 2836 2444 2892 ofﬁcio
2471 2836 2724 2906 delegato
2749 2833 2922 2905 (Gen.
2955 2836 3051 2903 xv)
3095 2851 3107 2886 :
3153 2831 3282 2888 dum
3335 2827 3593 2887 eumdem

1994 2930 2118 2988 cmli
2139 2944 2359 2986 cursum
2385 2929 2467 2984 sol
2495 2942 2780 2994 unoauno,
2808 2923 3322 2996 lucilervesperqne
3351 2923 3594 2987 biennio,

1996 3025 2120 3080 luna
2145 3023 2374 3095 singulis
2398 3021 2590 3088 explet
2620 3021 2924 3086 mensibus,
2954 3032 3254 3085 omnesque
3280 3017 3456 3072 stellae
3477 3029 3603 3069 cer-

1997 3117 2065 3173 tis
2089 3115 2431 3186 temporibus
2460 3122 2750 3184 peragunt,
2779 3121 2832 3167 et
2859 3111 3107 3182 quantam
3139 3125 3208 3165 ex
3239 3109 3305 3164 iis
3338 3117 3604 3163 vocantur

288 3208 374 3264 ubi
401 3210 672 3278 scriptum
707 3217 793 3263 est
821 3226 835 3262 :
866 3207 1033 3263 Terra
1075 3216 1250 3262 autem
1292 3204 1587 3268 invisibilis,
1622 3215 1669 3260 et
1692 3207 1887 3260 incom-
1918 3199 1963 3262 C
1996 3223 2269 3276 errantes,
2316 3218 2479 3279 atque
2503 3207 2800 3278 inaequales
2828 3221 3020 3262 earum
3055 3215 3232 3260 motus
3260 3203 3458 3269 oculis,
3493 3217 3601 3258 non

287 3301 454 3372 posita
485 3301 504 3368 (
531 3299 722 3356 Cenes.
755 3317 792 3367 ι,
828 3301 939 3369 1),
989 3302 1170 3356 carteri
1224 3293 1618 3355 transtulerunt
1661 3317 1673 3354 :
1729 3297 1893 3354 Terra

289 3408 456 3450 autem
500 3405 612 3450 erat
653 3394 813 3449 inane
839 3403 886 3447 et
910 3394 1083 3448 nihili.
1142 3393 1388 3461 Quantos
1418 3408 1576 3464 reges
1620 3401 1675 3446 et
1705 3391 1896 3448 Crteca

289 3500 340 3543 et
394 3487 661 3555 Barbara,
723 3485 1085 3556 Romanaque
1129 3499 1308 3540 narrat
1360 3484 1628 3540 historia!
1661 3482 1764 3540 Ubi
1814 3491 1900 3539 est

293 3579 490 3638 Xerxis
525 3579 948 3636 innumerabilis
997 3579 1094 3635 ille
1120 3579 1438 3635 exercitus?
1468 3579 1568 3635 Ubi
1597 3577 1899 3633 Israelitica

291 3675 342 3730 in
387 3690 576 3732 eremo
625 3674 918 3730 multitudo
960 3673 984 3728 ?
1035 3674 1136 3731 Ubi
1173 3689 1361 3744 regum
1407 3673 1748 3729 incredibilis
1796 3687 1896 3744 po-

293 3766 495 3823 tentia?
524 3766 672 3835 Quid
695 3765 764 3823 de
781 3766 1058 3823 veteribus
1077 3766 1304 3837 loquar?
1329 3764 1619 3837 praesentia
1647 3765 1897 3835 exempla

290 3876 386 3918 nos
423 3861 685 3928 doceant,
718 3875 841 3918 esse
871 3861 1146 3931 principes
1175 3860 1328 3932 quasi
1363 3859 1542 3925 nibili,
1594 3868 1647 3914 et
1676 3857 1866 3928 judice

359 3988 384 4016 ⁸
423 3979 593 4036 Iidem
627 3995 784 4044 mss.,
817 3979 968 4051 quasi
1015 3977 1240 4032 locustas
1270 3976 1448 4032 haberi
1482 3976 1766 4030 cernimus.

1998 3317 2181 3362 mente
2232 3305 2622 3375 conspicimus,
2676 3317 2777 3358 nec
2827 3312 2933 3356 tam
2989 3300 3387 3370 intelligimtts,
3441 3313 3603 3366 quam

1998 3401 2280 3457 miramur.
2315 3396 2635 3470 Magnitudo
2664 3397 2810 3452 enim
2853 3393 3195 3450 fortitudinis
3223 3393 3318 3448 Dei
3344 3405 3448 3446 suo
3479 3390 3609 3446 iacit

1997 3493 2194 3549 ordine
2221 3499 2417 3546 cuncta
2445 3492 2677 3545 servire.
2713 3486 2840 3544 Sive
2867 3486 3019 3556 juxta
3039 3484 3393 3555 Septuaginta
3417 3497 3444 3534 a
3468 3482 3612 3536 mul-

1999 3585 2236 3641 titudine
2265 3583 2450 3654 gloriae
2492 3591 2548 3638 et
2579 3581 2839 3652 potentiae
2878 3579 3098 3633 virtutis
3127 3575 3267 3646 ejus,
3315 3571 3449 3628 nihil
3479 3585 3605 3626 eum

1999 3679 2172 3736 Iatcrc
2200 3687 2416 3746 potest:
2446 3674 2542 3731 sed
2572 3673 2818 3730 omnium
2845 3672 2962 3727 vias
2997 3669 3352 3738 rationesque
3381 3673 3440 3721 et
3481 3678 3607 3719 cur-

1999 3786 2094 3826 sus
2117 3768 2144 3808 b
2172 3767 2456 3826 Creatoris
2482 3765 2770 3838 majestate
2811 3762 3113 3833 cognoscit.
3573 3756 3578 3760 ’

2067 3971 2095 4011 ι’
2127 3953 2288 4027 ¹[Ιηιιε
2329 3967 2535 4035 Vatic.,
2569 3975 2776 4021 creator
2803 3980 2898 4019 sua
2931 3963 3204 4033 majestate
3227 3959 3515 4033 cognoscit.

297 4072 3598 4115 __________________________________.___.________.

1110 4161 1584 4277 LIBER
1665 4162 1776 4269 D
1798 4159 1913 4267 [Γ
1911 4159 2223 4268 ODE
2238 4157 2529 4265 01M
2539 4153 2762 4262 US.

354 4433 553 4491 Nullus
584 4439 694 4487 tam
739 4429 1026 4501 imperitus
1075 4427 1316 4497 scriptor
1343 4434 1432 4482 est
1458 4466 1472 4490 ,
1501 4423 1592 4492 qui
1623 4425 1894 4480 lectorem
1925 4425 1978 4486 D
2002 4422 2399 4477 cbinnantium.
2442 4418 2610 4491 lgitur
2656 4428 2710 4474 ct
2757 4428 2948 4474 noster
2981 4429 3002 4457 ε
3050 4415 3282 4473 Luscius
3331 4413 3613 4470 Lanuinus

288 4544 395 4585 non
443 4527 691 4583 inveniat
720 4525 958 4580 similent
988 4523 1070 4578 sui
1103 4540 1114 4576 :
1148 4520 1430 4592 multoque
1460 4535 1586 4590 pars
1610 4519 1784 4588 major
1810 4524 1896 4572 est

286 4620 528 4678 Milesias
574 4627 602 4655 ⁸
657 4616 887 4672 fabellas
936 4613 1368 4677 revolventium,
1427 4627 1588 4682 quam
1652 4608 1893 4665 Platonis

290 4713 481 4770 libros.
531 4711 588 4766 ln
621 4709 799 4764 altero
845 4708 991 4763 cutim
1020 4706 1180 4761 ludus
1233 4715 1287 4759 et
1318 4703 1610 4760 oblectatio
1665 4713 1787 4768 est,
1844 4701 1896 4754 in

289 4809 462 4863 altero
490 4804 791 4862 difficultas
819 4813 872 4858 et
901 4800 930 4840 ι)
962 4801 1132 4856 sudor
1162 4799 1367 4855 mixtus
1396 4799 1600 4854 labori.
1649 4798 1892 4867 Denique

287 4901 554 4958 Tiinzeum
620 4898 690 4953 de
749 4894 937 4952 mundi
1008 4894 1292 4948 harmonia
1370 4889 1737 4964 493-494
1800 4905 1894 4944 as-

291 5005 616 5064 trorumque
671 5006 836 5046 cursu
896 4997 952 5044 et
1028 4988 1275 5042 numeris
1323 4985 1719 5055 disputantem,
1779 4984 1896 5050 ipse

290 5088 379 5158 qui
445 5087 840 5153 interpretatus
893 5089 978 5136 est
1035 5077 1266 5143 Tullius,
1315 5091 1376 5131 se
1424 5092 1530 5130 non
1585 5075 1896 5145 intelligere

296 5182 614 5239 confitetur.
649 5177 1065 5236 Testamentum
1096 5184 1278 5229 autem
1309 5171 1544 5229 Grunnii
1592 5169 1901 5230 Corocottie

296 5275 529 5332 Porcelli
571 5273 870 5328 decantant
919 5269 973 5324 in
999 5267 1202 5324 scholis
1228 5279 1528 5336 puerorum
1557 5262 1774 5334 agmina
1813 5275 1905 5318 ca-

369 5397 396 5426 ει
436 5385 723 5444 Accedunt
777 5397 921 5438 nunc
951 5381 1101 5436 hisce
1129 5377 1554 5434 Commentariis
1603 5391 1901 5446 recognos--

297 5461 488 5517 condis
517 5460 628 5512 duo
645 5453 991 5511 Ambrosiaui
1023 5467 1156 5506 mss.
1185 5465 1415 5521 quorum
1445 5450 1584 5504 alter
1601 5449 1737 5521 satis
1759 5449 1901 5502 anti-

299 5532 505 5600 qunsS
546 5529 748 5600 littera,
771 5536 1053 5600 etunum.
1103 5517 1564 5600 §_5_-pr:enotatns,
1595 5517 1829 5600 Milesias
1856 5527 1904 5572 et

303 5591 524 5676 fabellas
552 5599 640 5654 hic
681 5598 829 5676 legit.
860 5595 1066 5664 Nempe
1095 5593 1330 5676 Milesia!
1355 5591 1694 5676 substantive
1716 5591 1904 5676 dixere

310 5663 532 5728 'Veteres
566 5681 660 5724 :et
691 5663 912 5723 Hieron.
958 5663 1148 5721 contra
1202 5663 1454 5720 Ruﬁnum
1499 5663 1592 5717 lib.
1620 5678 1660 5727 ι,
1709 5679 1763 5715 n.
1796 5663 1897 5716 l7:

309 5743 632 5812 Cirratorum
659 5736 1160 5812 turbaﬂilesiarnm
1196 5737 1254 5812 in
1301 5733 1499 5812 scholis
1528 5732 1772 5806 ﬁgmenta
1812 5732 1905 5812 tle:

308 5824 500 5870 cantat.
547 5803 704 5869 Alter
746 5803 1056 5881 prmgrattdl
1093 5805 1266 5865 forma
1299 5806 1339 5862 E
1387 5803 1583 5863 lit-teraw
1618 5815 1671 5859 et
1718 5815 1772 5858 n'.
1828 5803 1898 5856 98

2001 4515 2212 4568 fruatur
2242 4512 2498 4579 testibus,
2538 4512 2705 4566 immo
2755 4510 3061 4566 fautoribus
3111 4511 3266 4575 suis;
3320 4509 3612 4579 vincatque

2001 4605 2372 4672 multitudine,
2401 4607 2531 4676 quia
2562 4604 2794 4660 forsitan
2828 4605 2999 4658 vincit
3030 4601 3278 4674 ingenio.
3329 4601 3458 4657 Mihi
3489 4599 3606 4656 suf-

2003 4700 2114 4754 ficit
2142 4713 2438 4766 paucorum
2465 4697 2862 4760 testimonium,
2881 4707 2936 4750 et
2962 4695 3264 4750 amicorum
3297 4694 3456 4750 laude
3478 4709 3613 4748 con-

1999 4801 2184 4848 tentus
2211 4807 2356 4854 sum,
2385 4791 2476 4861 qui
2503 4791 2557 4844 in
2582 4788 2908 4859 expetendis
2930 4787 3208 4858 opusculis
3232 4788 3394 4855 meis,
3423 4800 3614 4842 amore

1999 4886 2168 4942 nostri
2193 4885 2467 4948 labuntur,
2507 4894 2561 4938 et
2592 4882 2773 4937 studio
2818 4880 3227 4951 Scripturarum
3250 4899 3264 4948 ;
3287 4895 3352 4936 ac
3373 4879 3612 4936 nonnul-

2003 4978 2083 5032 los
2113 4977 2232 5031 fore
2277 4975 2520 5030 arbitror
2549 4976 2638 5045 qtti
2670 4975 2774 5030 hoc
2831 4976 3008 5046 ipsum
3040 4975 3186 5044 quod
3221 4973 3287 5027 ad
3316 4986 3387 5034 te.
3416 4971 3614 5026 Eusto-

2003 5071 2214 5137 chimn,
2244 5085 2557 5126 sermonem
2613 5069 2775 5133 facio,
2805 5066 3194 5126 obtrectationi
3249 5076 3436 5135 patere
3480 5073 3616 5116 con:

2009 5167 2258 5235 tendant,
2293 5181 2403 5222 non
2445 5167 2886 5230 considerantes.
2925 5165 3157 5222 Holdam
3207 5169 3264 5216 et
3293 5165 3505 5215 Annam
3547 5172 3615 5213 ac

2011 5261 2346 5329 Debboram,
2378 5263 2508 5318 viris
2540 5262 2869 5324 tacentibus,
2900 5258 3264 5330 prolibetasse
3291 5273 3301 5307 :
3336 5263 3392 5308 et
3416 5251 3470 5306 in
3497 5265 3614 5306 ser-

2005 5379 2347 5448 designatur,
2395 5391 2572 5439 eoque
2599 5379 2801 5446 passim
2836 5386 3048 5432 utemur
3070 5371 3325 5448 inferius.

2079 5451 2106 5490 ι)
2130 5439 2544 5504 "Ambrosianus
2575 5439 2870 5510 vetustior,
2902 5457 2950 5502 et
2979 5443 3159 5499 sudori
3196 5441 3394 5496 mixtus
3441 5439 3610 5494 labor.

2083 5534 2104 5561 ο
2157 5521 2250 5578 Sic
2301 5521 2501 5574 habent
2549 5536 2684 5576 mss.
2716 5515 3172 5590 quemadmodum
3207 5511 3339 5590 alibi
3385 5527 3606 5590 quoque

2009 5594 2376 5667 I‘OpOsuthtlls'.
2407 5592 2578 5647 Antea
2603 5602 2717 5646 orat
2737 5583 2943 5667 lautius
2971 5584 3248 5667 Lavinium.
3278 5583 3610 5667 De‘porcelli

2009 5653 2565 5720 au'tem'l‘e-tamento
2588 5661 2810 5716 consule
2857 5655 3194 5712 Brissonium
3236 5654 3289 5709 in
3332 5653 3607 5716 Formul.;

2007 5735 2359 5793 Lambecium
2391 5747 2609 5804 quoque
2632 5733 2699 5788 ad
2730 5729 2902 5800 Apicii
2927 5728 3022 5783 bb.
3053 5741 3166 5792 vm,
3199 5739 3319 5797 cap.
3350 5728 3405 5781 7.
