4096 6330
510 309 613 364 ιιι

1763 300 1823 358 S.
1869 291 2141 357 EUSEBII
2165 291 2553 356 BIERONYMI

3709 295 3819 354 ΗΞ

514 415 687 480 vitate
713 422 916 479 Christi
960 433 1298 489 nequaquam
1351 415 1712 474 differentiam
1753 429 1979 470 sexuum
2009 427 2105 468 va-
2137 409 2330 476 Acata
2381 427 2480 467 sua
2543 411 2876 484 intelligant.
2940 411 3006 468 Et
3068 411 3194 483 quia
3256 409 3409 468 multi
3468 410 3712 483 gaudent
3759 411 3814 468 in

417 547 420 551 -
511 521 650 584 lere,
679 517 774 574 sed
809 516 1089 572 mentium.
1137 513 1503 570 Duodecimus
1532 527 1662 584 ergo
1691 511 1744 564 in
1775 509 1969 565 lsaiam
2007 524 2099 563 ex-

513 612 883 684 planationum
917 607 1057 662 liber
1099 607 1200 661 hoc
1246 605 1470 661 habebit
1509 605 1815 658 exordium.

578 699 936 774 493(Vers.
961 697 1030 753 27
1061 703 1244 769 seqq.)
1279 698 1454 764 Quare
1472 697 1623 760 dicis,
1647 695 1838 761 Jacob,
1863 705 1910 750 et
1933 693 2110 765 loque—

510 795 606 861 ris,
638 793 830 860 Israel,
863 792 1170 848 abscondita
1206 803 1278 845 est
1310 793 1393 845 via
1423 807 1537 845 mea
1559 807 1589 844 a
1618 789 1838 845 Domino
1873 805 1890 842 :
1919 796 1966 842 et
1995 785 2110 840 Deo

512 901 623 940 meo
659 883 924 957 judicium
961 899 1132 938 meum
1174 882 1412 938 transibit
1459 881 1570 954 [AL
1605 879 1906 952 transivit]?
1941 863 2108 932 Num:

509 977 635 1048 quid
659 949 847 1042 nescis,
884 988 974 1030 aut
1005 991 1106 1031 non
1136 977 1374 1031 audisti?
1395 949 1536 1031 Deus
1569 949 1909 1047 senipiternus
1937 1015 1951 1040 ,
1998 972 2109 1028 Do-

468 1122 476 1130 .
517 1069 690 1126 minus
715 1071 804 1142 qui
834 1069 1024 1125 creavit
1055 1071 1298 1126 terminos
1335 1078 1516 1131 terra,
1556 1085 1660 1123 non
1689 1068 1919 1138 deﬁciet,
1949 1083 2111 1137 neque

509 1165 787 1233 laborabit,
820 1181 912 1219 nec
939 1175 1013 1220 est
1039 1166 1366 1236 investigatio
1403 1165 1673 1234 sapientia:
1711 1167 1843 1237 ejus.
1890 1161 1992 1229 Qui
2021 1162 2112 1215 dat

511 1260 650 1317 lasso
673 1261 914 1316 virtutem
953 1277 970 1316 :
1001 1272 1047 1316 et
1069 1260 1148 1315 his
1170 1262 1259 1332 qui
1289 1277 1390 1314 non
1415 1261 1601 1315 habent
1625 1259 2002 1331 fortitudinem,
2033 1273 2111 1311 ro.

511 1356 606 1410 bur
632 1357 966 1422 multiplicat.
1003 1356 1253 1426 Deﬁcient
1287 1357 1434 1427 pueri
1460 1363 1508 1409 et
1543 1354 1867 1418 laborabunt,
1895 1361 1941 1406 et
1955 1355 2109 1426 juve-

511 1466 601 1504 nes
623 1451 674 1502 in
703 1449 1013 1516 inﬁmitate
1033 1451 1238 1505 cadent.
1273 1449 1375 1516 Qui
1405 1459 1574 1504 autent
1602 1457 1810 1520 sperant
1837 1449 1891 1501 in
1929 1447 2111 1502 Domi-

511 1561 578 1599 no
604 1587 618 1610 ,
668 1543 944 1600 mutabunt
990 1545 1388 1615 fortitudinem,
1437 1553 1694 1598 assument
1737 1559 1934 1612 pennas
1979 1542 2110 1596 sicut

509 1637 720 1706 aquilas,
753 1649 986 1701 current,
1011 1647 1057 1690 et
1088 1654 1188 1692 non
1212 1635 1541 1702 laborabunt;
1565 1635 1916 1698 ambulabunt,
1939 1644 1984 1689 et
2009 1651 2108 1688 non

509 1730 770 1801 deﬁcient.
804 1730 946 1786 LXX
986 1748 998 1784 :
1031 1729 1152 1786 Non
1183 1732 1321 1785 enim
1345 1732 1508 1798 dicas,
1532 1729 1696 1784 Iacob
1722 1745 1742 1784 :
1761 1739 1805 1782 et
1825 1730 1948 1799 quid
1973 1730 2106 1782 locu-

2209 505 2456 577 corporis
2488 504 2746 570 sanitate,
2782 513 2837 561 et
2868 503 3293 561 adolescentiam
3327 514 3494 575 atque
3523 506 3814 576 pueritiam

2211 607 2400 668 putant
2424 613 2548 654 esse
2573 610 2914 670 perpetuam,
2944 599 3124 671 jungit
3145 609 3200 656 et
3229 599 3396 665 dicit,
3429 599 3576 670 quod
3616 598 3817 657 ﬂorens

2209 706 2340 751 ictas
2367 697 2475 750 cito
2503 697 2791 759 concidat,
2826 705 2882 751 et
2907 710 3142 766 corpora
3181 695 3408 750 robusta
3447 701 3814 749 marcescant.

2209 790 2308 858 Qui
2341 799 2522 845 autem
2565 805 2671 844 non
2704 790 2758 844 in
2785 791 2903 844 suis
2935 789 3146 844 viribus
3173 832 3187 856 ,
3221 789 3314 844 sed
3348 789 3401 842 in
3433 787 3550 843 Deo
3581 786 3820 842 habeant

2212 883 2489 950 ﬁduciam,
2521 881 2684 958 595
2709 895 2762 939 et
2799 885 2917 954 ejus
2949 899 3173 953 semper
3201 883 3646 938 misericordiam
3679 897 3820 952 pra:-

2211 977 2488 1033 stolentur
2521 977 2630 1050 [ΑΙ.
2670 977 3115 1051 prmstolantur],
3154 990 3365 1034 mutent
3398 975 3816 1045 fortitudinem,

2211 1081 2262 1128 et
2293 1069 2580 1149 vaduntde
2615 1075 2816 1128 virtute
2848 1069 2898 1126 in
2940 1073 3204 1128 virtutem
3243 1091 3253 1125 :
3289 1082 3344 1126 et
3375 1081 3659 1126 assumant
3690 1085 3821 1139 pene

2213 1180 2310 1220 nas
2339 1165 2483 1219 sicut
2503 1164 2722 1234 aquihe,
2750 1174 2803 1220 et
2827 1164 3050 1220 audiant
3081 1179 3095 1218 :
3132 1163 3486 1219 Renovabitur
3514 1163 3650 1217 sicut
3675 1160 3818 1231 aqui-

2212 1259 2276 1314 la:
2295 1263 2544 1332 juventus
2575 1267 2665 1313 tua
2694 1257 2812 1330 (Ps.
2840 1275 2934 1325 cn,
2960 1257 3038 1330 5);
3065 1265 3295 1314 currant
3319 1255 3386 1312 ad
3411 1256 3728 1322 Dominum,
3759 1263 3817 1312 et

2211 1354 2329 1423 ejus
2359 1353 2638 1408 desiderio
2663 1368 2769 1407 non
2793 1353 3078 1418 laborent;
3111 1352 3418 1416 ambulent,
3447 1360 3816 1422 etnnmquam

2211 1447 2488 1502 deficiant.
2520 1445 2728 1502 Crebro
2756 1446 3338 1518 diximus,aquilarum
3359 1453 3703 1502 senectutem
3727 1460 3819 1502 re-

2213 1541 2486 1598 virescere
2517 1541 2822 1598 mutatione
2855 1557 3184 1613 pennarum,
3205 1549 3262 1597 et
3284 1541 3432 1596 solas
3464 1555 3590 1596 esse
3607 1540 3820 1612 qumju-

2213 1637 2312 1692 bar
2339 1635 2475 1691 solis
2500 1635 2771 1706 aSpiciant
2799 1644 2853 1692 et
2879 1635 3228 1707 splendorem
3253 1633 3532 1691 radiorum
3553 1634 3676 1706 ejus
3699 1650 3818 1706 pos-

2213 1733 2324 1787 sint
2376 1731 2710 1786 micantibus
2749 1732 2924 1786 oculis
2969 1731 3169 1787 intueri
3201 1749 3215 1786 ε
3251 1729 3543 1802 pullosque
3579 1745 3711 1785 suos
3750 1743 3818 1787 an

427 1867 437 1876 .
504 1836 590 1880 tus
611 1839 685 1891 es,
721 1823 894 1881 Israel
918 1835 942 1861 ἰ
969 1841 986 1880 :
1016 1824 1332 1880 Abscondita
1354 1836 1430 1880 est
1458 1826 1539 1880 via
1560 1841 1718 1879 meaa
1741 1824 1868 1887 Deo,
1899 1833 1943 1876 et
1967 1822 2108 1877 Deus
2141 1805 2184 1868 Β
2212 1827 2465 1897 generosi
2496 1827 2637 1892 sint,
2679 1825 2784 1885 hoc
2816 1825 3203 1898 experimento
3251 1827 3506 1898 probent.
3547 1821 3732 1897 Itaque
3765 1835 3820 1884 et

507 1935 650 1976 meus
689 1911 953 1995 judicium
989 1937 1159 1975 meum
1200 1921 1457 1985 abstulit,
1498 1930 1543 1974 et
1582 1919 1791 1974 recessit
1834 1935 1851 1971 :
1888 1926 1936 1972 et
1975 1935 2112 1971 nunc

509 2017 693 2081 nescis,
728 2026 776 2070 et
808 2034 910 2071 non
935 2017 1171 2070 audisti?
1199 2013 1343 2070 Deus
1373 2024 1619 2079 aternus,
1653 2012 1788 2068 Deus
1809 2013 1899 2084 qui
1923 2013 2112 2066 crearit

509 2110 755 2163 terminos
786 2120 938 2164 terrte
967 2125 986 2160 :
1010 2125 1111 2162 non
1137 2109 1352 2169 esuriat,
1384 2123 1477 2162 nec
1507 2106 1785 2170 laborabit,
1822 2120 1916 2158 nec
1937 2115 2014 2158 est
2041 2107 2113 2158 ia-

509 2202 676 2255 oentio
704 2201 996 2273 prudentia:
1037 2205 1173 2264 eius.
1213 2199 1315 2266 Qui
1347 2200 1435 2254 dat
1464 2199 1809 2254 esurientibus
1841 2198 2108 2269 fortitudi-

459 2299 464 2305 ”
511 2310 626 2348 nem
661 2309 680 2347 :
707 2303 752 2348 et
779 2309 884 2348 non
911 2293 1204 2348 dolentibus
1238 2309 1524 2348 nuerorem.
1557 2291 1800 2348 Esurient
1823 2292 2111 2362 enlmjuve-

507 2403 614 2450 nes,
647 2395 696 2441 et
725 2385 1028 2441 laborabunt
1058 2387 1432 2451 adolescentes,
1465 2396 1514 2440 et
1533 2385 1687 2439 electi
1705 2385 1906 2455 inﬁrmi
1934 2393 2108 2439 erant.

511 2478 617 2545 Qui
647 2489 819 2532 autem
846 2487 1145 2550 exspectant
1173 2478 1340 2532 Deum
1372 2519 1387 2544 ,
1428 2478 1694 2531 mutabunt
1730 2477 2109 2547 fortitudinem.

511 2570 782 2624 Assument
805 2571 917 2626 alas
947 2571 1099 2641 quasi
1137 2569 1326 2638 aquila:
1355 2585 1374 2624 :
1403 2578 1614 2624 current
1645 2609 1662 2634 ,
1707 2579 1754 2622 et
1783 2585 1887 2622 non
1915 2568 2113 2622 labora-

511 2667 636 2722 bunt
663 2684 682 2721 :
713 2667 1037 2740 gradientur,
1069 2679 1115 2720 et
1143 2683 1244 2720 non
1277 2666 1520 2720 esurient.
1554 2663 1688 2720 Cum
1704 2663 2112 2732 Omnipotentis

511 2759 606 2814 Dei
641 2751 788 2814 tanta
813 2761 884 2814 sit
911 2758 1251 2830 magnitudo,
1283 2767 1340 2814 ut
1372 2757 1511 2813 nihil
1537 2774 1660 2812 eum
1693 2757 1880 2822 lateat,
1912 2767 1966 2811 et
1998 2771 2114 2810 om-

513 2853 601 2906 nia
629 2853 779 2908 illius
808 2853 1035 2908 arbitrio
1058 2853 1432 2922 gubernentur
1453 2895 1468 2919 ,
1511 2867 1684 2921 quare
1721 2849 1862 2906 dicis
1901 2848 2070 2905 Iacob
2096 2891 2110 2914 ,

513 2944 565 3000 id
593 2954 696 3011 est,
732 2942 854 2998 dure
883 2945 1058 2999 tribus
1082 2960 1200 3014 quae
1223 2944 1646 3012 appellabantur
1669 2943 1828 3010 Juda;
1849 2953 1903 2999 et
1925 2943 2112 3012 loque-

515 3037 590 3092 ris
617 3037 782 3092 lsrael
803 3079 818 3098 ,
848 3038 1038 3092 decem
1071 3038 1190 3092 alite
1227 3037 1405 3092 tribus
1435 3038 1490 3091 in
1519 3036 1766 3092 Samaria
1794 3079 1808 3101 ,
1842 3051 1962 3106 qum
1999 3035 2110 3105 jam

513 3131 749 3197 captivae
779 3128 957 3184 ductas
989 3129 1125 3184 estis
1155 3130 1207 3184 in
1240 3128 1494 3202 Assyrios
1530 3145 1542 3180 :
1583 3127 1896 3182 Abscondita
1920 3138 1992 3182 est
2028 3127 2114 3182 via

2215 1929 2434 1977 sanctos
2470 1936 2900 1991 repuerascere,
2945 1932 3000 1976 et
3030 1933 3315 1992 assumpto
3363 1921 3667 1976 immortali
3700 1935 3818 1978 cor-

2215 2029 2376 2084 pore,
2406 2013 2657 2070 laborem
2693 2031 2798 2070 non
2825 2015 3034 2070 sentire
3074 2015 3388 2070 mortalium
3414 2056 3428 2081 ,
3464 2013 3560 2070 sed
3604 2015 3718 2085 rapi
3764 2015 3815 2071 in

2215 2107 2454 2162 nubibus
2487 2107 2702 2162 obviam
2733 2108 2980 2174 Christo,
3013 2117 3065 2164 et
3093 2123 3432 2179 nequaquam
3472 2108 3630 2180 juxta
3675 2107 3812 2166 LXX

2213 2199 2429 2255 esurire
2451 2243 2463 2260 .
2489 2201 2616 2270 quia
2656 2209 2980 2269 praesentem
3015 2200 3306 2256 Dominum
3340 2200 3574 2258 habeant
3608 2201 3812 2258 cibum.

2289 2293 2442 2364 (Cap.
2477 2293 2612 2349 XLI.
2642 2325 2709 2335 --
2734 2293 2890 2349 Vers.
2928 2295 2949 2348 l
2981 2295 3164 2366 seqq.)
3209 2293 3434 2350 Taceant
3464 2296 3533 2350 ad
3563 2312 3646 2351 me
3671 2293 3814 2350 insu-

2215 2386 2300 2451 ιω,
2331 2395 2376 2440 et
2406 2395 2578 2459 gentes
2605 2395 2799 2440 mutent
2841 2386 3243 2455 fortitudinem:
3281 2386 3552 2451 accedant,
3604 2397 3651 2440 et
3698 2397 3814 2440 tunc

2215 2483 2535 2550 loquantur:
2591 2483 2747 2537 simul
2801 2483 2868 2537 ad
2909 2483 3174 2556 judicium
3229 2482 3654 2553 propinquamus.
3691 2479 3813 2549 Quis

2214 2577 2477 2630 suscitavit
2521 2577 2580 2629 ab
2615 2574 2824 2630 Oriente
2854 2574 3058 2629 Iustum
3084 2592 3101 2629 :
3129 2575 3327 2628 vocavit
3357 2590 3474 2628 eum
3503 2584 3558 2628 ut
3587 2589 3815 2645 sequere-

2217 2681 2300 2723 tur
2329 2671 2419 2723 se?
2441 2665 2597 2722 Dubii
2627 2669 2679 2722 in
2709 2677 2982 2740 conspectu
3013 2671 3127 2741 ejus
3155 2677 3353 2741 gentes,
3382 2677 3428 2721 et
3455 2683 3600 2738 reges
3629 2665 3814 2723 obtine-

2215 2760 2304 2815 bit.
2354 2759 2512 2815 Dabit
2537 2761 2684 2831 quasi
2723 2760 2981 2828 pulverem
3017 2761 3194 2834 gladio
3239 2763 3376 2833 ejus,
3410 2760 3542 2814 sicut
3571 2759 3814 2831 stipulam

2217 2865 2361 2908 vento
2401 2864 2602 2923 raptam
2633 2856 2778 2907 arcui
2807 2854 2970 2910 illius.
3020 2853 3359 2925 Persequetur
3405 2871 3490 2909 eos
3513 2871 3532 2910 :
3584 2853 3818 2909 transibit

2216 2950 2267 3000 in
2309 2961 2456 3014 pace,
2487 2947 2669 2999 semita
2700 2947 2752 3000 in
2801 2947 3015 3013 pedibus
3047 2951 3158 3020 ejus
3198 2963 3300 3001 non
3347 2948 3641 3017 apparebit.
3693 2947 3816 3018 Quis

2215 3044 2326 3092 Ita'c
2353 3049 2592 3110 aperatus
2618 3050 2690 3094 est
2717 3049 2766 3094 et
2792 3041 2911 3110 fecit
2940 3055 2956 3093 :
2985 3057 3172 3095 uocans
3193 3044 3544 3114 generationes
3580 3044 3644 3098 ab
3671 3057 3816 3098 exor-

2217 3130 2305 3185 dio
2329 3133 2353 3186 .9
2380 3130 2490 3202 Ego
2522 3128 2806 3197 Dominus,
2840 3133 3035 3201 primus
3085 3142 3131 3186 et
3187 3135 3498 3188 novissimus
3549 3151 3642 3206 ego
3685 3151 3812 3189 sum.

513 3238 626 3274 mea
648 3239 679 3274 a
700 3219 956 3277 Domino:
989 3227 1038 3276 et
1061 3240 1090 3277 a
1108 3220 1216 3277 Deo
1239 3239 1350 3276 meo
1363 3223 1625 3295 judicium
1647 3237 1813 3274 meum
1836 3222 2116 3276 transibit?
2143 3197 2187 3260 (ἶ
2227 3225 2480 3280 Viderunt
2506 3226 2709 3289 insulae,
2755 3236 2803 3278 ct
2834 3227 3112 3280 timuerunt
3139 3241 3157 3280 :
3187 3235 3412 3281 extrema
3459 3197 3621 3282 terra:
3648 3228 3818 3281 obstu-

517 3314 580 3370 Et
613 3325 698 3370 est
719 3331 914 3372 sensus
945 3333 957 3369 :
999 3317 1213 3384 Dicitis,
1245 3317 1310 3370 ad
1339 3316 1510 3372 Deum
1551 3325 1772 3371 terrena
1813 3328 1918 3368 non
1949 3315 2117 3384 perti-

517 3418 672 3474 nent,
695 3423 797 3463 nec
823 3405 1450 3484 consideratﬁgﬁquid
1471 3407 1851 3477 unusquisque
1870 3417 2116 3461 nostrum

514 3515 689 3573 gerat.
726 3501 880 3558 Unde
909 3511 966 3557 et
997 3517 1095 3557 nos
1123 3505 1190 3556 ah
1221 3501 1468 3558 hostibus
1499 3503 1701 3572 injuste
1731 3500 2117 3570 opprimimur,

519 3585 575 3650 et
620 3597 673 3650 in
699 3596 1072 3666 jumentorum
1115 3604 1170 3652 et
1204 3597 1432 3666 piscium
1477 3595 1929 3659 similitudinem,
1961 3595 2115 3666 juxta

521 3689 770 3754 Abacuc,
801 3689 1007 3761 absque
1031 3690 1142 3744 ullo
1181 3701 1398 3744 rectore
1428 3690 1801 3761 dispmdimur
1827 3689 2011 3762 (Abuc.
2042 3689 2115 3762 ι).

521 3781 732 3850 Quibus
763 3783 1047 3852 reSpondit
1079 3783 1222 3837 Deus
1248 3801 1260 3836 :
1289 3782 1561 3855 Numquid
1597 3783 1805 3850 nescis;
1847 3797 1948 3838 nec
1981 3798 2120 3854 pras-

522 3875 830 3932 cedentium
872 3876 1283 3946 Scripturarutn
1321 3887 1374 3932 te
1405 3877 1574 3934 verba
1621 3877 1960 3942 docuerunt,
2002 3878 2120 3934 sive

517 3967 670 4038 juxta
701 3968 843 4023 LXX
867 3971 1108 4037 ignoras,
1139 3967 1265 4039 quia
1300 3984 1405 4024 non
1434 3969 1673 4030 audisti.
1701 3969 1844 4039 quod
1873 3979 2121 4026 aeternus

527 4060 666 4116 Deus
697 4070 754 4115 et
775 4060 1010 4128 Creator
1031 4063 1275 4116 omnium
1305 4062 1564 4117 Dominus
1585 4062 1766 4117 omnia
1793 4065 1966 4129 novit,
1998 4079 2120 4118 om-

522 4155 607 4210 nia
629 4157 900 4213 continet.
918 4156 1100 4208 omnia
1122 4172 1217 4210 sua
1245 4157 1532 4224 majestate
1551 4157 1999 4230 dispensatiNec
2022 4157 2121 4212 ali-

522 4248 744 4316 quando
771 4246 982 4314 deﬁcit,
1018 4263 1118 4303 nec
1140 4247 1384 4315 laborat;
1425 4262 1484 4306 ut
1511 4255 1661 4306 tuum
1701 4250 1968 4322 judicium
2011 4263 2118 4305 non

527 4339 797 4410 intelligat
822 4385 835 4405 ,
884 4349 939 4396 et
971 4341 1306 4398 abscondita:
1338 4345 1449 4398 sint
1477 4346 1545 4398 ab
1587 4361 1654 4401 eo
1691 4346 1791 4399 viae
1829 4345 1979 4399 tuae?
2009 4343 2121 4399 Nec

524 4441 630 4497 est,
665 4433 857 4503 inquit,
892 4436 1235 4509 investigatio
1267 4437 1551 4505 sapientiae
1583 4436 1736 4506 ejus,
1761 4435 1829 4490 de
1855 4449 1964 4505 quo
1998 4435 2121 4490 loco

518 4525 655 4580 illud
683 4529 930 4597 Apostoli
955 4541 1230 4600 sumptum
1261 4544 1386 4586 reor
1416 4545 1429 4580 :
1464 4527 2017 4601 Incompreltensibilia
2037 4533 2124 4602 ju-

523 4619 662 4673 dicio
689 4623 824 4694 eius,
854 4633 900 4676 et
929 4623 1303 4695 investi'gaoiles
1330 4622 1514 4696 [Forte
1541 4621 1998 4695 ininuestigabiles]
2028 4624 2122 4678 riae

523 4712 673 4766 illius
693 4711 868 4785 (Rom.
899 4715 1088 4788 10.35)
1115 4734 1128 4780 ;
1161 4717 1294 4781 sive,
1332 4727 1388 4771 ut
1412 4715 1556 4772 LXX
1580 4716 1995 4782 transtulerunt,
2021 4733 2125 4772 non

525 4806 738 4872 esuriet,
765 4799 939 4863 etnon
971 4809 1242 4864 laborabit.
1279 4809 1375 4865 Ubi
1407 4809 1556 4864 cnim
1582 4810 1758 4870 cibus.
1781 4808 1853 4863 ibi
1872 4808 2126 4879 frequen-

525 4905 611 4954 ter
631 4899 864 4966 esuries,
896 4901 940 4955 si
969 4901 1150 4956 cibum
1177 4901 1486 4956 detraxeris
1518 4918 1530 4954 :
1561 4911 1618 4956 et
1652 4899 1740 4955 ubi
1778 4903 1988 4956 esuries
2008 4945 2022 4967 ,
2047 4901 2123 4957 ibi

523 4997 578 5044 et
609 4989 782 5078 labor:
813 4991 948 5047 Cum
972 5005 1153 5048 autem
1183 4995 1235 5048 in
1264 4994 1374 5048 Deo
1398 4993 1512 5048 haec
1543 5007 1649 5048 non
1673 4993 1806 5059 sint,
1832 5011 1929 5049 cur
1950 4995 1999 5050 ei
2027 4995 2126 5050 hu-

527 5099 714 5139 manas
740 5086 970 5158 jnngitis
998 5088 1320 5156 passiones?
1348 5091 1478 5160 quin
1513 5093 1692 5162 potius
1721 5093 1836 5162 ipse
1868 5092 2124 5145 esurien-

525 5175 671 5233 tibus
692 5186 748 5234 et
769 5178 928 5234 lassis
953 5179 1046 5234 dat
1090 5179 1467 5239 fortitudinem
1492 5225 1507 5251 ,
1554 5193 1610 5239 et
1648 5184 1742 5256 qui
1779 5183 2038 5239 videntur
2069 5183 2122 5237 in

527 5273 733 5328 szeculo
765 5287 891 5329 esse
927 5275 1082 5344 quasi
1135 5275 1328 5340 nihili,
1374 5279 1632 5333 virtutem
1687 5277 1958 5344 roburque
1989 5269 2127 5329 mul-

527 5365 760 5437 tiplicat,
795 5366 1084 5436 sivejuxta
1115 5367 1258 5422 LXX
1280 5409 1293 5430 ,
1331 5371 1422 5439 qui
1463 5370 1657 5425 tribuit
1693 5385 1796 5422 non
1830 5366 2126 5422 dolentibus

531 5473 802 5514 maerorem
831 5501 844 5527 ,
884 5461 1146 5515 estenim
1199 5460 1422 5516 tristitia
1447 5477 1567 5531 qum
1590 5459 1738 5515 ducit
1765 5459 1829 5514 ad
1865 5468 2121 5526 mortem,

523 5560 577 5604 et
626 5561 709 5606 est
760 5553 979 5608 tristitia
1053 5569 1176 5625 quae
1242 5553 1397 5607 ducit
1451 5552 1516 5606 ad
1584 5551 1773 5606 vitam.
1826 5549 1981 5606 Unde
2041 5551 2127 5607 his

530 5643 622 5711 qui
652 5641 856 5710 habent
909 5661 1008 5701 cor
1051 5645 1404 5717 imposnitens
1431 5687 1447 5714 ,
1473 5645 1564 5702 dat
1595 5643 1876 5702 tristitiam
1905 5654 1964 5700 ut
1994 5661 2122 5716 pec-

2219 3328 2459 3389 pnerunt,
2490 3319 3030 3390 appropinquaverunt
3062 3328 3108 3371 et
3137 3329 3483 3374 accesserunt.
3535 3319 3818 3387 Unusquis-

2219 3427 2317 3480 que
2341 3411 2576 3467 proximo
2618 3427 2711 3464 suo
2737 3409 3072 3466 auxiliabitur
3095 3427 3115 3466 :
3143 3422 3188 3466 et
3220 3413 3372 3483 fratri
3400 3428 3493 3466 suo
3534 3413 3668 3466 dicet
3710 3409 3816 3483 [AL

2221 3503 2401 3577 dicit],
2445 3504 2773 3576 Confortare.
2807 3504 3130 3578 Confortavit
3160 3506 3271 3567 [ΑΙ.
3319 3506 3653 3580 confortabit]
3685 3508 3818 3578 faber

2220 3599 2438 3652 wrarius
2481 3601 2770 3668 percutiens
2819 3601 3004 3654 malleo
3036 3618 3148 3654 eum
3175 3601 3260 3662 qui
3289 3597 3507 3654 cadebat
3537 3609 3660 3653 tunc
3697 3609 3818 3652 tem-

2222 3691 2382 3760 poris,
2408 3691 2602 3756 dicens,
2641 3691 2842 3762 glutino
2863 3692 3052 3746 bonum
3083 3703 3155 3746 est
3182 3707 3200 3746 :
3227 3701 3272 3746 et
3301 3693 3613 3763 confortut-it
3634 3707 3746 3745 eum
3767 3691 3818 3745 in

2223 3785 2412 3850 claris,
2443 3793 2498 3838 ut
2525 3801 2627 3838 non
2659 3791 2920 3838 moveatur
2949 3783 3057 3858 [ΑΙ.
3089 3783 3415 3856 moveretur].
3450 3783 3595 3838 LXX
3625 3801 3638 3837 :
3671 3781 3821 3838 Inno-

2223 3879 2413 3932 vamini
2456 3879 2524 3932 ad
2567 3895 2646 3933 me
2688 3879 2896 3938 insulse.
2925 3879 3184 3950 principes
3215 3879 3346 3931 enim
3375 3878 3645 3932 mutabunt
3670 3879 3822 3932 virtu-

2225 3981 2322 4024 tem
2349 3988 2366 4024 :
2397 3973 2812 4043 appropinquent
2838 3981 2885 4025 et
2905 3970 3180 4039 loquantur
3200 3971 3356 4024 simul
3381 3985 3401 4025 :
3425 3980 3550 4024 tunc
3569 3969 3820 4039 judicium

2223 4066 2529 4118 annuntient
2556 4081 2574 4118 :
2607 4064 2735 4132 Quis
2781 4064 3045 4118 suscitauit
3075 4063 3137 4116 de
3169 4062 3382 4116 Oriente
3397 4063 3668 4136 justitiam
3697 4079 3715 4117 :
3742 4077 3821 4116 ro-

2223 4158 2356 4212 cavit
2402 4174 2514 4210 eam
2541 4157 2611 4210 ad
2637 4156 2787 4228 pedes
2817 4171 2938 4212 suos
2969 4167 3016 4210 et
3058 4157 3251 4210 vadet?
3281 4154 3436 4209 Dabit
3465 4156 3520 4209 in
3552 4164 3818 4228 conspectu

2223 4249 2451 4320 gentium
2479 4265 2496 4304 :
2524 4259 2568 4303 et
2612 4263 2755 4322 reges
2783 4247 2836 4302 in
2863 4259 3123 4319 stuporem
3152 4249 3337 4312 mittet,
3384 4256 3431 4302 et
3459 4247 3603 4301 dabit
3632 4249 3685 4301 in
3726 4258 3820 4302 ter-

2224 4357 2335 4393 ram
2364 4341 2564 4412 gladios
2591 4355 2803 4394 eorum:
2833 4349 2881 4393 et
2923 4341 3055 4393 sicut
3094 4339 3344 4408 stipulam
3367 4340 3653 4410 projectam
3680 4355 3822 4393 arcus

2226 4448 2437 4486 eorum:
2467 4443 2514 4486 et
2539 4442 2867 4502 persequetur
2893 4447 3000 4499 eos,
3035 4434 3274 4488 transibit
3301 4434 3355 4488 in
3382 4449 3510 4505 pace
3531 4433 3614 4487 via
3644 4431 3823 4504 pedum

2225 4529 2357 4598 ejus.
2395 4526 2524 4592 Quis
2553 4531 2792 4598 operatus
2823 4537 2895 4580 est
2933 4535 2980 4580 et
3009 4527 3128 4597 fecit
3164 4525 3317 4582 lucc?
3346 4526 3546 4582 vocabit
3574 4542 3710 4593 eant,
3744 4525 3824 4596 qui

2227 4630 2373 4674 vocat
2399 4635 2508 4673 eam
2531 4637 2560 4672 a
2584 4620 2966 4689 generationem
2987 4619 3268 4692 principio.
3298 4617 3413 4692 Ego
3444 4619 3584 4674 Deus
3613 4619 3820 4692 primus,

2227 4724 2272 4768 et
2298 4713 2350 4767 in
2385 4714 2492 4767 lucc
2520 4729 2634 4783 quia
2678 4722 2890 4767 ventura
2920 4721 3039 4766 sunt
3063 4729 3162 4784 ego
3204 4727 3339 4766 sum.
3381 4710 3632 4764 Viderunt
3663 4717 3824 4782 gentes

2227 4816 2273 4859 et
2304 4806 2584 4860 timuerunt
2600 4821 2617 4860 :
2636 4815 2698 4858 te:
2711 4806 2840 4860 mini
2863 4816 3012 4860 term
3024 4802 3577 4876 obstupueruntm
3597 4813 3645 4858 et
3664 4817 3823 4857 acces-

2227 4906 2442 4954 serunt:
2475 4907 2718 4954 venerunt
2740 4899 2915 4966 simul,
2937 4899 3185 4970 judicans
3215 4898 3570 4968 unusquisque
3597 4895 3822 4967 proximo

2227 4977 2322 5047 suo
2367 4991 2615 5047 auxiliari
2643 5001 2689 5043 et
2721 4992 2873 5059 fratri
2901 5009 2918 5047 :
2947 5001 2995 5047 et
3027 4992 3160 5046 dicet
3185 5008 3203 5046 :
3234 4990 3507 5062 prwoaluit
3537 4991 3615 5046 uir
3641 4991 3823 5060 artifex

2229 5093 2275 5138 et
2306 5086 2522 5140 (erarius
2571 5085 2862 5154 percutiens
2912 5083 3101 5140 malleo
3151 5085 3305 5138 simul
3353 5086 3687 5155 producens:
3732 5080 3824 5136 ali-

2227 5177 2435 5248 quando
2477 5177 2686 5249 quidem
2717 5179 2870 5247 dicit,
2902 5178 3147 5232 solidatio
3193 5179 3324 5231 bona
3353 5187 3446 5233 est.
3497 5177 3821 5247 Confortatte-

2225 5281 2348 5325 runt
2387 5288 2465 5339 ea,
2506 5273 2559 5327 in
2585 5273 2744 5327 clavis
2776 5283 2962 5342 portent
2990 5289 3084 5328 ea:
3112 5282 3282 5326 etnon
3305 5273 3662 5326 movebuntur.
3689 5272 3822 5326 Gen-

2228 5375 2328 5432 tes,
2365 5366 2415 5421 id
2449 5377 2556 5432 est,
2589 5367 2799 5429 insulas,
2837 5381 2959 5438 quae
3001 5368 3153 5423 falsis
3184 5368 3496 5436 amariSque
3533 5366 3695 5438 hujus
3723 5382 3820 5422 σεε-

2227 5463 2336 5518 culi
2386 5463 2692 5517 tunduntur
2752 5463 3032 5529 ﬂuctibus,
3079 5463 3348 5534 jubentur
3391 5463 3584 5518 audire
3631 5473 3685 5517 et
3734 5475 3818 5516 ora

2227 5553 2578 5621 concludere,
2612 5565 2664 5609 et
2687 5554 2818 5609 illud
2849 5569 3011 5610 nosse
3033 5555 3176 5623 quod
3201 5555 3268 5610 ad
3289 5553 3453 5611 Israel
3479 5554 3682 5611 dietum
3707 5559 3816 5608 cst:

2229 5648 2383 5714 Audi,
2424 5646 2607 5714 Israel,
2635 5657 2680 5702 et
2708 5657 2848 5713 tace;
2875 5656 2931 5703 et
2959 5658 3173 5705 mutare
3202 5647 3602 5716 fortitudinem,
3635 5664 3703 5708 ne
3730 5659 3818 5719 per

601 5831 626 5890 ε
667 5821 880 5904 Vulgati
912 5826 1122 5912 addunt
1157 5828 1351 5914 dicens,
1375 5826 1516 5899 quod
1541 5825 1769 5882 verbum
1795 5841 1972 5899 neque
2000 5841 2129 5885 mss.
2147 5831 2317 5903 nostri
2349 5830 2572 5898 habent,
2602 5845 2778 5903 neque
2807 5831 3028 5891 Grzccus
3057 5840 3256 5890 textus.
