4096 6330
319 315 426 372 ινδ

843 315 1494 375 COMMENTARIORUM
1535 313 1598 372 IN
1639 313 1875 374 ISAIAM
1917 313 2341 375 PROPIIETAM
2383 319 2514 376 LIB.
2560 320 2672 377 XII.
2713 320 2868 378 CAP.
2912 322 3052 378 XLI.

3522 319 3628 378 4η

323 433 768 490 imbecillitatem
805 435 1112 505 pristinam,
1143 435 1258 490 .Dei
1315 449 1425 489 non
1484 433 1696 506 possint
1746 431 1937 490 audire
1964 431 2018 498 Α
2043 437 2290 503 Oriente,
2320 443 2375 494 et
2401 449 2592 509 parere
2618 451 2730 495 sua?
2753 439 2946 497 fecerit
2985 441 3244 513 jussioni,
3281 445 3640 512 prosternens

322 537 670 596 sermonem,
705 538 767 584 ut
797 526 1062 584 accedant
1089 527 1237 599 prius
1269 527 1336 583 ad
1359 525 1650 582 Dominum
1669 570 1684 593 ,
1711 539 1764 583 et
1793 527 1940 597 quod

321 633 430 676 non
459 622 572 675 sint
603 619 829 692 propria
862 623 1038 677 salute
1076 627 1381 688 contentae;
1415 621 1510 675 sed
1540 619 1685 690 quod
1733 617 1958 677 didice-'

324 714 454 780 rint,
507 723 754 772 cteteros
796 715 1049 782 doceant,
1093 725 1150 774 et
1189 731 1311 771 cum
1360 716 1591 771 Domino
1635 715 1938 786 disputent,

322 816 503 863 utrum
549 810 803 864 omnium
845 809 1038 864 Deus'|
1068 811 1213 880 justa
1247 809 1572 866 servaverit.
1618 808 1712 865 Sic
1754 817 1937 864 autem

309 904 633 975 interrogat
682 919 822 972 eos,
871 915 926 960 et
974 904 1040 960 ad
1087 903 1535 974 respondendum
1569 911 1848 974 provocat,
1881 911 1938 958 ut

318 994 763 1069 interrogatione
786 999 984 1055 doceat
1013 999 1156 1070 quod
1187 997 1442 1070 ignorant
1473 1017 1485 1054 :
1522 998 1653 1067 Quis
1676 993 1938 1051 suscitauit

319 1087 378 1144 ab
430 1087 651 1144 Oriente
685 1093 916 1164 justum,
967 1089 1082 1146 sive
1116 1089 1419 1162 justitiam?
1447 1085 1635 1161 Neque
1665 1090 1809 1144 enim
1842 1087 1936 1144 Ju-

317 1181 568 1237 davorum
605 1191 828 1238 tantum
880 1181 1042 1246 Deus,
1072 1181 1168 1239 sed
1201 1189 1256 1238 et
1298 1184 1566 1253 gentium,
1601 1181 1694 1248 qui
1723 1179 1937 1236 vocavit

315 1253 600 1332 Christum
633 1275 927 1334 Dominum
971 1277 1342 1343 Salvatorem,
1385 1278 1476 1348 qui
1522 1276 1698 1330 factus
1731 1285 1813 1330 est
1845 1283 1935 1330 no'

317 1369 398 1426 his
422 1367 696 1442 sapientia
733 1385 762 1428 a
792 1371 926 1438 Deo,
950 1365 1167 1444 justltia
1194 1381 1246 1428 et
1277 1373 1561 1440 sanctitas,
1595 1382 1648 1429 et
1679 1371 1934 1443 redemp-

319 1463 394 1520 tio
424 1463 468 1534 (ι
497 1464 622 1522 Cor.
649 1464 712 1539 t).
751 1468 806 1522 In
857 1481 965 1540 quo
1005 1449 1155 1538 juxta
1199 1465 1451 1523 eumdem
1484 1467 1806 1538 Apostolum
1835 1467 1940 1522 Dei.

314 1554 523 1628 justltia
572 1559 850 1616 revelatur
893 1557 1111 1632 (Ibid).
1143 1557 1370 1616 Voeavit
1395 1567 1576 1616 autem
1607 1575 1755 1626 eum,
1790 1568 1848 1614 ut
1868 1571 1929 1615 se

319 1652 367 1706 in
402 1649 664 1709 omnibus
694 1665 1041 1725 sequeretur,
1071 1665 1126 1711 et
1155 1671 1320 1724 opera
1371 1655 1546 1710 Patris
1594 1654 1829 1721 faceret;
1875 1662 1932 1710 et

316 1743 442 1802 illud
487 1748 748 1818 impleret
789 1749 1017 1805 dicens:
1051 1745 1212 1813 Deus,
1246 1760 1302 1803 ut
1349 1752 1572 1822 facerem
1612 1751 1926 1806 voluntatem

2039 527 2088 585 ei
2120 538 2312 601 gentes
2337 530 2625 602 plurimas,
2655 541 2712 589 et
2745 533 2923 603 gladio
2971 531 3119 592 illius
3144 543 3201 593 et
3230 533 3396 620 Oarcui
3439 544 3639 592 cuncta

2039 619 2338 691 subjiciens
2363 639 2378 679 :
2406 631 2462 679 et
2484 635 2680 680 ezetera
2710 639 2830 697 quae
2857 637 3161 698 sequuntur
3187 619 3255 686 ad
3297 627 3420 698 ejus
3449 639 3642 700 perso-

2039 729 2162 770 nam
2195 712 2461 782 referunt,
2494 715 2633 783 quod
2661 717 2866 774 scilicet
2891 719 3205 793 Babyloniis
3233 717 3378 776 idola
3401 736 3498 776 sua
3521 734 3631 776 non

2039 805 2360 876 profuerint,
2406 823 2527 877 qua:
2557 807 2796 865 humano
2825 809 2960 866 facta
3011 821 3139 867 sunt
3183 812 3388 879 studio,
3422 820 3478 868 et
3520 820 3639 869 arte

2037 901 2215 956 a-rarii
2245 901 2524 957 suscitata.
2558 899 2814 959 Nonnulli
2845 901 3206 960 Hebraeorum
3254 901 3324 961 de
3363 903 3635 961 Abraham

2037 992 2240 1049 dictum
2265 1002 2478 1064 putant,
2508 992 2602 1066 qui
2634 1003 2862 1052 vocatus
2892 998 2962 1051 sit
2989 997 3166 1062 iustus
3193 998 3262 1052 ab
3291 997 3538 1063 Oriente,
3581 993 3638 1052 id

2035 1095 2140 1154 est,
2166 1085 2235 1144 tle
2262 1087 2557 1154 Chaldaeis,
2590 1101 2656 1142 eo
2682 1089 2826 1158 quod
2851 1091 3000 1144 solus
3025 1089 3203 1160 justus
3229 1091 3486 1146 inventus
3509 1097 3635 1157 est;

2035 1189 2091 1234 et
2120 1187 2342 1235 secutus
2371 1189 2456 1235 est
2481 1194 2629 1245 eum,
2671 1179 2960 1252 egrediens
2999 1181 3068 1237 de
3114 1182 3284 1252 patria
3319 1181 3495 1237 suain
3527 1189 3637 1236 ter-
3703 1207 3713 1215 -

2035 1287 2150 1328 ram
2197 1287 2359 1344 quam
2409 1273 2708 1341 nesciebat,
2739 1282 2794 1331 et
2845 1274 3129 1331 tradiderit
3174 1291 3330 1346 reges
3376 1273 3431 1331 in
3469 1291 3636 1333 manu

2032 1367 2172 1437 ejus,
2202 1369 2293 1438 qui
2329 1369 2620 1423 adversum
2662 1367 2953 1426 Sodomam
3001 1377 3057 1424 et
3105 1369 3428 1426 Gomorram
3459 1383 3630 1428 vene-

2034 1469 2184 1529 rant;
2218 1471 2271 1517 et
2301 1473 2426 1517 ante
2453 1455 2691 1534 giiulium
2715 1463 2835 1535 ejus
2862 1475 2915 1520 et
2948 1479 3138 1520 arcum
3171 1463 3360 1522 fecerit
3389 1479 3484 1523 eos
3510 1479 3637 1525 esse
3725 1467 3729 1470 ’

2031 1553 2184 1626 quasi
2216 1554 2472 1623 stipulam
2503 1565 2554 1611 et
2583 1557 2894 1626 pulverem;
2927 1565 3359 1630 persecutusque
3388 1559 3461 1614 sit
3488 1558 3632 1627 illos,

2029 1655 2084 1700 et
2113 1659 2363 1701 reversus
2395 1647 2446 1701 in
2491 1659 2659 1716 pace,
2709 1655 2767 1703 et
2813 1647 2958 1721 longi
3005 1649 3224 1705 itineris
3265 1665 3486 1706 cursum
3521 1665 3633 1707 non

2029 1740 2285 1799 senserit,
2310 1747 2364 1794 et
2395 1738 2499 1794 hoc
2521 1753 2628 1794 non
2661 1741 2776 1796 suis
2806 1742 3036 1808 viribus,
3065 1741 3161 1798 sed
3193 1742 3409 1798 Domini
3442 1742 3634 1800 fecerit

317 1847 451 1894 luam
477 1843 622 1896 uolui
652 1839 777 1914 (P3.
807 1857 1012 1907 χχχιχ,
1172 1843 1227 1898 In
1262 1841 1422 1914 hujus
1443 1853 1736 1913 conspectu
1770 1858 1924 1912 reges
1956 1825 2003 1886 B
2031 1831 2430 1896 misericordia,
2465 1833 2554 1902 qui
2597 1832 2664 1886 ab
2709 1833 2867 1887 initio
2915 1833 3031 1890 hare
3073 1834 3250 1889 futura
3297 1836 3632 1906 οοςηονρτίι.

316 1937 366 1986 et
391 1942 586 2002 gentes
609 1933 752 1988 colla
785 1935 1131 2001 submittent,
1157 1943 1210 1990 et
1238 1933 1421 2006 gladio
1443 1935 1586 1990 illius
1616 1952 1678 1991 ac
1705 1933 1922 2007 sagittis

315 2021 645 2080 adversariae
679 2035 1003 2097 potestates,
1040 2027 1195 2098 quasi
1223 2026 1423 2095 stipula
1452 2027 1834 2096 subjicieutur,
1868 2035 1920 2081 et

313 2113 513 2186 pulvis.
565 2115 910 2186 Persequetttr
941 2135 1058 2184 eos,
1101 2133 1258 2189 reges
1291 2118 1544 2174 videlicet
1568 2127 1623 2174 et
1645 2119 1923 2190 principes

311 2209 552 2280 gentium
578 2211 916 2283 singularum
937 2232 951 2270 :
978 2211 1039 2269 Et
1054 2211 1449 2285 pertransibitin
1473 2229 1617 2285 pace,
1639 2211 1706 2269 ad
1731 2229 1918 2284 pacem

311 2311 535 2359 Cunctos
565 2319 796 2372 vocans,
848 2317 906 2362 ιιι
961 2306 1388 2363 reconcilientur
1435 2307 1565 2363 Deo.
1625 2307 1822 2364 Semita
1867 2305 1958 2362 in'

311 2393 524 2465 pedibus
556 2395 701 2453 illius
728 2416 830 2453 non
862 2399 1150 2472 apparebit,
1183 2400 1236 2454 id
1267 2409 1373 2467 est,
1403 2402 1506 2457 via:
1536 2403 1774 2456 laborem
1808 2417 1917 2456 non

312 2487 532 2553 sentiet,
585 2503 686 2544 nec
711 2491 948 2562 aliquam
981 2491 1378 2548 imbecillitatis
1419 2491 1674 2548 humana:
1702 2494 1920 2549 lassitu-

312 2579 523 2646 dinem;
551 2577 647 2636 sed
677 2581 744 2637 de
767 2591 1014 2639 torrente
1048 2583 1194 2640 bibet
1226 2586 1276 2640 in
1301 2585 1409 2652 via,
1438 2593 1494 2640 et
1531 2597 1819 2655 propterea
1848 2585 1920 2641 le-

311 2673 452 2730 vabit
481 2684 650 2744 caput
679 2674 802 2748 (Ps.
832 2675 968 2747 ω).
1002 2676 1163 2745 Quis,
1195 2677 1397 2748 inquit,
1438 2676 1544 2731 ha'c
1576 2687 1814 2748 operatus
1846 2688 1920 2733 est

312 2774 354 2818 rt
385 2767 542 2836 fecit?
567 2765 700 2834 Quis
728 2767 1013 2822 suscitavit
1035 2769 1266 2838 justum,
1307 2771 1421 2825 sive
1450 2768 1760 2840 justitiam?
1784 2769 1920 2836 Quis

311 2858 358 2913 ei
387 2869 580 2930 gentes
605 2870 658 2916 et
682 2875 837 2933 reges
869 2862 1137 2917 tradidit?
1167 2863 1298 2931 Quis
1321 2863 1501 2935 gladio
1528 2864 1648 2935 ejus
1678 2876 1730 2920 et
1762 2873 1912 2928 arrui

311 2953 561 3008 universa
605 2953 874 3024 subjecit?
906 2956 1093 3026 utique
1132 2957 1250 3021 ille,
1285 2957 1374 3026 qui
1425 2957 1492 3011 ab
1541 2954 1698 3010 initio
1728 2953 1914 3010 inundi

313 3041 423 3102 huc
455 3045 636 3102 futura
680 3047 954 3120 pra-dixit,
986 3049 1077 3122 qul
1123 3051 1366 3105 omnium
1407 3049 1660 3106 conditor
1705 3061 1808 3105 est.
1848 3047 1917 3105 Et

311 3138 429 3208 quia
461 3139 683 3195 dixerat
713 3139 1044 3197 sciscitantis
1087 3139 1286 3197 all‘ectu
1323 3159 1336 3195 :
1371 3139 1498 3210 Quis
1546 3141 1809 3197 suscitauit
1851 3137 1912 3195 ab

313 3233 518 3290 Oriente
556 3239 795 3309 justum,
843 3247 984 3301 elc.,
1031 3238 1244 3293 eunetis
1291 3237 1598 3292 tacentibus
1642 3237 1745 3292 sibi
1793 3229 1981 3308 ipseC

311 3327 592 3398 respondit
619 3345 631 3383 :
682 3327 796 3402 Ego
821 3346 933 3383 sum
966 3327 1238 3391 Dominus,
1293 3331 1487 3399 primus
1529 3341 1575 3384 et
1606 3331 1910 3385 novissimus

311 3437 400 3492 ego
427 3437 561 3476 sum.
598 3421 718 3492 Ipse
746 3425 947 3494 estqui
977 3425 1100 3480 etin
1135 3424 1461 3496 Apocalypsi
1493 3421 1719 3480 Joannis
1747 3421 1908 3498 5.97

310 3513 586 3584 loquitur:
640 3515 754 3589 Ego
798 3534 914 3572 sunt
964 3519 1121 3589 alpha
1143 3529 1190 3573 et
1248 3545 1324 3584 ω,
1369 3521 1680 3592 principium
1708 3529 1758 3575 et
1790 3521 1911 3587 finis

313 3607 494 3677 (Apoc.
547 3627 586 3675 ι,
622 3609 688 3677 8;
735 3621 785 3666 et
840 3627 970 3680 χχιι,
1007 3611 1117 3684 l3).
1163 3609 1432 3668 Viderunt
1473 3613 1687 3676 insulae.
1724 3613 1772 3668 id
1801 3625 1905 3680 est,

310 3713 519 3770 gentes,
554 3703 669 3758 sive
711 3701 968 3759 Ecclesia:
999 3705 1068 3760 de
1094 3703 1347 3776 gentibus
1383 3715 1745 3778 congregata),
1784 3723 1908 3778 qum

309 3795 490 3851 tnundi
537 3796 698 3868 hujus
751 3797 1024 3855 sustinent
1072 3807 1462 3870 tempestates;
1504 3814 1556 3856 et
1603 3803 1908 3858 timuerunt

310 3887 594 3944 Dominum
625 3907 638 3944 :
676 3885 998 3964 Principium
1033 3892 1170 3946 enim
1219 3893 1488 3963 sapientia:
1516 3893 1669 3948 timor
1699 3891 1909 3948 Domini

308 3979 488 4053 (Prov.
522 3999 608 4049 ts,
640 3983 751 4054 IO).
778 3981 980 4040 Omnes
1013 3995 1282 4040 terrarum
1319 3985 1535 4040 termini
1573 3985 1638 4039 ad
1670 3984 1907 4056 Aposto-

307 4075 478 4132 iOrum
539 4077 703 4135 verba
753 4089 1116 4143 tremuerunt,
1171 4080 1690 4149 appropinquantes,
1737 4087 1791 4133 et
1837 4075 1906 4134 ad

306 4167 500 4224 Christi
552 4169 910 4248 Evangeliu‘m
985 4173 1188 4241 pariter
1265 4169 1612 4226 accedentes.
1662 4169 1906 4242 Citmque

305 4265 513 4335 seipsos
541 4271 837 4319 cernerent
878 4277 1000 4319 esse
1038 4263 1308 4333 salvatos,
1341 4264 1391 4318 id
1424 4265 1566 4334 quod
1598 4279 1759 4334 supra
1809 4279 1907 4319 au-

304 4355 513 4412 dierant
537 4375 551 4412 :
584 4357 852 4423 accedant,
880 4367 928 4412 et
958 4359 1394 4429 tuncloquantur,
1416 4371 1582 4430 opere
1605 4357 1905 4429 compleve-

303 4460 457 4516 ruttt;
481 4460 540 4504 ut
566 4447 964 4504 auxiliarentur
996 4445 1263 4522 proximis
1296 4451 1430 4512 suis,
1456 4462 1510 4506 et
1541 4448 1742 4505 iratrcs
1771 4463 1902 4507 suos

301 4541 506 4598 vellent
530 4543 585 4599 in
624 4541 850 4598 Domino
879 4544 1216 4610 conlortare,
1261 4549 1320 4600 et
1357 4543 1606 4601 dicereut
1631 4543 1751 4600 eis:
1795 4543 1903 4602 Ile-

2035 1923 2304 1988 Viderunt,
2337 1926 2432 1990 ait,
2478 1926 2683 1991 insulw,
2729 1925 2782 1981 id
2815 1934 2919 1991 est,
2968 1935 3156 1998 gentes
3187 1927 3239 1982 in
3279 1928 3544 1995 circuitu,
3575 1938 3633 1986 et

2023 2017 2167 2072 illius
2198 2019 2400 2074 virtute
2432 2019 2731 2087 perterrito
2763 2031 2886 2074 sunt
2921 2037 2934 2074 :
2965 2031 3013 2075 st
3043 2031 3270 2076 extrema
3300 2029 3468 2076 terra.
3497 2021 3625 2078 Sem

2023 2103 2280 2164 videlicet
2320 2109 2463 2164 illius
2489 2103 2627 2175 Noe,
2657 2112 2744 2179 qui
2795 2119 3044 2182 tempore
3075 2120 3322 2167 extremo
3356 2122 3628 2169 terrarum

2021 2219 2144 2259 cum
2180 2211 2336 2274 patre
2361 2213 2416 2260 et
2453 2217 2579 2260 cum
2611 2203 2873 2260 fratribus
2901 2205 2973 2260 de
3007 2205 3228 2261 Diluvio
3267 2193 3545 2273 evaserat;
3575 2215 3633 2262 et

2023 2309 2195 2369 usque
2217 2297 2282 2352 ad
2308 2305 2526 2367 tempus
2549 2296 2680 2352 illud
2708 2295 2883 2354 fuerat
2903 2307 3216 2354 reservatus
3233 2297 3444 2362 (Cenes.
3469 2297 3585 2372 stv)
3610 2313 3624 2352 :

2021 2405 2180 2461 quem
2202 2385 2231 2430 ι)
2254 2388 2616 2444 Melchisedec
2643 2388 2878 2460 intelligi
2901 2390 3111 2457 volunt,
3139 2389 3305 2463 493
3331 2401 3387 2445 et
3408 2393 3629 2447 venisse

2021 2485 2234 2539 obviam
2287 2482 2559 2539 Abraham
2607 2482 2678 2538 de
2721 2484 2915 2553 prs-lio
2971 2485 3294 2550 revertenti,
3353 2491 3411 2539 et
3462 2497 3626 2541 acce-

2022 2557 2187 2650 pisse,
2221 2589 2275 2634 et
2304 2579 2648 2636 benedisisse
2673 2582 2744 2648 ei,
2769 2589 2823 2636 et
2847 2596 2969 2637 eum
3005 2582 3095 2638 Dei
3149 2583 3622 2638 benedictionibus

2021 2674 2446 2730 corroborasse:
2488 2668 2774 2746 ipsumque
2816 2690 2939 2731 esse
2983 2675 3194 2731 fabrum
3244 2673 3498 2730 aerarium
3531 2675 3623 2744 qui

2021 2768 2296 2826 Abraham
2323 2769 2662 2836 conﬂaverit,
2695 2779 2749 2826 et
2778 2769 2973 2825 malleo
3001 2783 3113 2825 sua:
3135 2769 3272 2824 artis
3300 2767 3365 2823 ad
3396 2768 3622 2826 meliora

2021 2861 2341 2932 produxerit
2373 2871 2471 2916 :'et
2516 2861 2720 2917 dixisse
2769 2863 2855 2928 ei,
2901 2861 3109 2916 Bonum
3159 2869 3264 2926 est,
3313 2871 3372 2915 ut
3422 2863 3620 2918 timore

2025 2954 2234 3008 Domini
2262 2953 2552 3024 glutineris
2573 2961 2628 3008 et
2652 2953 2900 3024 juugaris
2925 2955 2999 3010 ei.
3031 2953 3090 3009 Et
3118 2955 3444 3010 cunlorlavit
3467 2969 3618 3024 eum,

2019 3046 2135 3100 sive
2164 3045 2420 3126 solidavit
2446 3046 2499 3100 in
2530 3046 2700 3101 clavis
2727 3054 3124 3118 prlecepturum
3153 3045 3391 3111 Domini,
3421 3057 3479 3103 ut
3505 3061 3616 3103 non

2021 3150 2369 3218 moveretur,
2398 3141 2492 3196 sed
2524 3139 2576 3195 iu
2609 3140 2808 3197 timore
2839 3139 2986 3196 illius
3013 3150 3378 3212 permaneret.

2088 3237 2264 3309 (Vers.
2299 3235 2333 3291 8
2371 3236 2552 3307 seqq.)
2592 3233 2658 3290 Et
2703 3246 2778 3304 tu,
2820 3234 2993 3290 Israel
3032 3251 3175 3292 serve
3225 3251 3368 3291 mens
3392 3279 3406 3302 ,
3448 3237 3614 3292 Iacob

2015 3347 2164 3394 quem
2191 3331 2340 3402 elegi,
2365 3348 2538 3386 semen
2569 3331 2831 3386 Abraham
2871 3333 3025 3386 amici
3051 3333 3169 3387 mei.
3201 3331 3266 3387 In
3297 3350 3398 3406 quo
3425 3349 3614 3406 appre-

2017 3426 2173 3480 hendi
2199 3435 2248 3480 te
2275 3426 2339 3479 ab
2367 3427 2611 3480 extremis
2641 3435 2812 3491 terrae,
2843 3436 2892 3481 et
2923 3443 2953 3479 α
2985 3427 3278 3498 longinquis
3304 3431 3417 3502 ejus
3438 3427 3614 3483 vocari
3711 3461 3720 3468 α

2015 3532 2083 3585 te,
2113 3529 2160 3575 et
2200 3520 2310 3575 dixi
2353 3520 2485 3574 tibi:
2523 3520 2715 3576 Seruus
2755 3533 2897 3576 meus
2937 3537 2990 3575 es
3018 3532 3114 3576 tu:
3153 3523 3282 3592 elegi
3323 3532 3390 3588 te,
3434 3531 3611 3576 etnon

1971 3639 1980 3646 -
2013 3613 2180 3679 abieci
2207 3623 2272 3667 te.
2309 3611 2392 3667 Ne
2417 3614 2618 3677 timeas,
2648 3611 2770 3682 quia
2791 3622 2958 3666 tecum
2989 3627 3105 3666 sum
3127 3629 3255 3684 ego:
3277 3627 3340 3666 ne
3361 3612 3609 3681 declines,

2011 3707 2134 3774 quia
2181 3721 2276 3778 ego
2323 3705 2461 3759 Dens
2489 3714 2630 3770 tuus,
2659 3704 2949 3774 confortavi
2979 3714 3047 3768 te,
3089 3713 3138 3758 et
3179 3704 3464 3758 auxiliatus
3492 3719 3609 3758 sum

2013 3801 2086 3854 tui
2115 3798 2226 3871 [AL
2251 3797 2400 3870 tibi]:
2434 3807 2482 3853 et
2510 3798 2737 3868 suscepit
2776 3807 2824 3851 te
2864 3797 3082 3852 dextera
3120 3797 3257 3870 justi
3304 3798 3423 3851 mei.
3479 3797 3610 3852 Ecce

2009 3890 2388 3960 confundantur
2416 3899 2462 3946 et
2489 3889 2784 3944 erabeseent
2827 3905 3004 3945 omnes
3047 3890 3136 3960 qui
3161 3899 3397 3962 pugnant
3424 3889 3608 3944 adver-

2009 3999 2124 4038 sum
2155 3991 2202 4037 te
2227 3999 2245 4037 :
2275 3992 2425 4036 erunt
2449 3983 2598 4050 quasi
2627 3997 2729 4035 non
2754 3983 2892 4036 sint:
2922 3992 2968 4035 et
2992 3982 3234 4052 peribunt
3259 3983 3355 4036 viri
3370 3983 3460 4050 qui
3481 3995 3608 4037 cen-

2009 4075 2271 4132 tradicunt
2308 4074 2419 4130 tibi.
2455 4075 2666 4140 Quams
2694 4087 2802 4137 eos,
2832 4083 2878 4128 et
2922 4089 3026 4128 non
3058 4074 3282 4129 invenies
3307 4091 3325 4129 :
3351 4085 3373 4113 ο
3403 4075 3498 4127 uiri
3526 4087 3610 4128 re-

2008 4170 2164 4226 belles
2211 4170 2461 4224 tulerunt
2495 4168 2645 4239 quasi
2673 4183 2778 4222 non
2809 4168 2955 4222 sint:
2991 4177 3040 4222 et
3087 4168 3243 4222 veluti
3284 4167 3610 4238 consumptis

2009 4264 2239 4318 homines
2286 4262 2533 4318 bellantes
2583 4262 2858 4317 aduersum
2901 4272 2967 4316 te.
3019 4259 3158 4329 Quia
3205 4277 3301 4336 ego
3349 4260 3607 4320 Dominus

2011 4357 2152 4413 Deus
2193 4367 2312 4413 tuus
2358 4356 2679 4430 apprehendi
2703 4371 2915 4412 manum
2957 4366 3120 4425 tuam,
3151 4358 3328 4414 dicens
3359 4358 3451 4413 tibi
3472 4375 3490 4414 :
3524 4357 3608 4414 Ne

2007 4451 2208 4514 timeas,
2252 4463 2344 4523 ego
2374 4447 2556 4524 adjuul
2586 4457 2651 4505 te.
2692 4449 2818 4505 Noli
2862 4453 3040 4506 timere
3073 4452 3261 4506 vermis
3305 4450 3490 4519 Jacob,
3517 4453 3608 4524 qui

2007 4543 2198 4598 mortui
2228 4543 2346 4597 estis
2374 4555 2438 4597 ea:
2466 4539 2657 4598 Israel.
2692 4537 2808 4614 Ego
2853 4543 3133 4598 auxilium
3179 4559 3296 4598 sunt
3343 4546 3439 4611 tui,
3480 4545 3608 4600 dicit

301 4636 476 4694 cedite
502 4635 572 4696 ab
604 4635 785 4704 idolis,
835 4637 1124 4694 simulacra
1155 4637 1466 4694 dmmonum
1498 4641 1721 4710 antiqua
1767 4653 1900 4695 con-
1925 4627 1976 4691 D
2005 4634 2260 4690 Dominus
2291 4649 2310 4688 :
2337 4644 2384 4689 et
2407 4634 2702 4705 redemptor
2734 4645 2858 4688 tuus
2894 4633 3118 4691 Sanetus
3146 4633 3336 4690 Israel.
3369 4635 3484 4708 Ego
3509 4647 3604 4709 po-

301 4731 548 4795 temuite,
583 4747 703 4804 quae
746 4736 979 4787 humana
1010 4731 1166 4788 linxit
1192 4747 1409 4800 manus,
1436 4750 1556 4806 qua:
1579 4733 1779 4789 malleo
1805 4749 1901 4789 cu-

301 4825 462 4883 dente
509 4827 777 4897 producta
806 4835 962 4895 sunt,
994 4845 1118 4899 qua:
1164 4838 1447 4899 compacta
1486 4829 1728 4900 glutino,
1777 4845 1898 4898 qua:

302 4917 532 4974 stabilita
562 4920 754 4986 clavis,
789 4927 849 4975 ut
875 4933 980 4974 non
1012 4929 1362 4986 moveantur;
1395 4931 1449 4976 et
1479 4935 1600 4975 cum
1623 4922 1895 4990 steterint,

302 5005 579 5067 ambulare
630 5025 738 5066 non
798 5011 1040 5068 valeant.
1091 5009 1224 5078 Quae
1280 5025 1381 5065 uos
1446 5027 1613 5082 super
1666 5023 1898 5081 persona

301 5102 500 5161 Christi
533 5115 587 5162 et
616 5112 905 5163 vocatione
940 5109 1189 5176 gentiqu
1222 5093 1696 5178 et'praedicatione
1723 5107 1904 5164 Evan-

302 5197 422 5269 gelii
449 5210 611 5272 atque
643 5201 910 5257 idolorum
939 5201 1396 5258 condemnatiOue
1421 5201 1762 5272 interpretati
1803 5217 1898 5258 stt-

303 5305 442 5359 mus,
472 5291 693 5362 quidam
727 5293 791 5346 ad
821 5293 1021 5364 Cyrum
1051 5308 1231 5365 regem
1264 5291 1554 5348 Persarqu
1604 5293 1894 5361 referunt,

301 5381 440 5452 quod
499 5383 842 5440 suscitaverit
913 5399 1037 5439 eum
1096 5384 1385 5440 adversum
1435 5381 1766 5456 Babylonios
1826 5375 1894 5441 de

281 5553 286 5556 '
369 5552 396 5582 ⁴ι
425 5542 770 5598 Amhrosian.
800 5541 1098 5613 antiquior,
1145 5542 1331 5598 Utrum
1353 5542 1587 5596 omnium
1621 5541 1758 5596 Deus
1786 5542 1898 5612 ipse

298 5614 385 5680 sit,
415 5616 503 5682 qui
532 5616 632 5667 ista
649 5613 939 5685 dispensat,
965 5632 1034 5668 an
1054 5614 1216 5678 idola,
1239 5615 1427 5685 quibus
1456 5614 1898 5685 vaneinjusteque

298 5686 601 5760 servierunt.
637 5683 934 5760 Sicfulem
961 5683 1264 5760 interrOgal,
1308 5697 1416 5741 etc.
1457 5684 1896 5760 [lauda-quidem

301 5757 435 5839 scio,
467 5772 594 5838 rium
638 5771 705 5810 es
741 5756 1057 5828 Hieronymi
1108 5756 1343 5834 calamo,
1376 5771 1445 5814 su
1471 5771 1538 5814 es
1575 5757 1898 5830 glossatoris

304 5841 543 5912 Ingenio.

2005 4729 2088 4783 sui
2111 4737 2156 4782 te
2181 4729 2331 4798 quasi
2365 4728 2657 4797 plaustrum
2687 4728 2934 4782 triturans
2965 4737 3153 4782 nouunt
3171 4774 3184 4798 ,
3212 4725 3406 4784 habens
3434 4737 3606 4784 rostra

2006 4820 2281 4874 serrantla.
2319 4817 2607 4875 Triturabis
2647 4829 2846 4874 montes
2886 4829 2934 4874 et
2981 4823 3297 4876 eomminues
3321 4839 3340 4876 :
3367 4831 3414 4876 et
3447 4822 3607 4878 colles

2006 4915 2152 4980 quasi
2179 4915 2440 4983 puluerem
2481 4927 2660 4984 pones.
2699 4912 2983 4969 Ventilabis
3014 4929 3120 4982 eos,
3153 4925 3198 4969 et
3228 4926 3407 4970 ventus
3441 4916 3608 4986 tollet,

2004 5018 2054 5064 et
2089 5008 2238 5062 turbo
2264 5008 2527 5080 disperget
2555 5023 2682 5064 eos:
2711 5017 2757 5062 et
2785 5015 2839 5062 tu
2881 5010 3166 5065 exsultabit
3197 5010 3252 5062 in
3278 5008 3520 5076 Domino,
3548 5011 3604 5065 in

2006 5102 2200 5158 Sancto
2224 5099 2396 5155 Israel
2421 5100 2694 5155 lwtaberis.
2725 5099 2870 5156 LXX
2901 5118 2912 5155 :
2950 5100 3028 5155 Tu
3068 5110 3239 5154 autem
3280 5097 3450 5154 Israel
3479 5115 3606 5170 puer

2001 5209 2165 5262 meus,
2191 5193 2355 5249 Iacob
2382 5207 2532 5266 quem
2561 5193 2714 5264 elegi,
2739 5211 2910 5249 semen
2945 5192 3206 5247 Abraham
3232 5205 3380 5245 artem
3416 5191 3603 5261 dilexi,

1998 5303 2145 5357 quem
2167 5288 2425 5356 assumpsi
2445 5285 2508 5340 ab
2528 5288 2768 5342 extremis
2795 5298 2962 5352 terrm,
2978 5295 3026 5338 et
3041 5303 3071 5338 a
3093 5281 3473 5339 summitatibus
3492 5285 3606 5352 ejus

2000 5382 2174 5438 vocavi
2204 5391 2272 5448 te,
2305 5391 2350 5436 et
2375 5381 2485 5436 dixi
2523 5380 2614 5434 tibi
2643 5395 2660 5437 :
2699 5379 2838 5434 Puer
2873 5394 3015 5432 meus
3043 5389 3136 5430 es:
3163 5377 3289 5446 eleg.
3323 5384 3391 5438 te,
3423 5383 3469 5429 et
3498 5391 3604 5432 non

2073 5539 2100 5578 δ
2131 5537 2334 5596 Confer
2359 5537 2598 5610 Epistol.
2643 5538 2696 5592 in
2727 5546 2914 5592 nostra
2946 5531 3299 5592 recousioase
3328 5533 3418 5601 75,
3445 5550 3598 5600 ηιικδ.

2003 5613 2277 5683 ρτωείριιο
2309 5611 2362 5664 ι.

2077 5693 2099 5721 ο
2132 5680 2285 5738 Unus
2329 5681 2682 5736 Ambrosian.
2731 5691 2854 5731 cum
2889 5674 3101 5744 Vulgst.
3149 5674 3374 5746 ipsaque
3403 5675 3603 5742 mem.

2002 5754 2254 5829 nymisaa
2283 5754 2554 5822 versione,
2587 5750 2725 5804 uiros
2757 5747 2978 5803 rebelles
3001 5756 3137 5810 tuos.
3407 5777 3414 5784 ι
