4096 6330
452 250 559 308 M5

1711 248 1770 306 S.
1813 248 2081 307 EUSEBII
2121 248 2508 312 HIERONYMI
2531 315 2538 324 ,

3655 266 3757 323 416

453 367 711 441 dereliqui
755 379 825 423 te.
872 367 1003 423 Noli
1031 367 1228 434 timere,
1276 375 1443 422 tecum
1472 366 1608 422 enim
1633 382 1751 422 sum
1789 383 1852 423 ne
1879 383 2051 434 erres;
2077 369 2430 431 Aversarios
2460 383 2603 443 tuos,
2634 384 2694 433 et
2731 391 2838 434 non
2885 379 3152 438 invenies.
3185 382 3475 457 Causaque
3517 384 3760 444 redditur

453 477 546 533 ego
572 462 710 517 enim
731 477 844 516 sum
866 457 1008 515 Deus
1034 469 1154 515 tuus
1179 460 1266 530 qui
1289 460 1580 540 confortavi
1609 468 1680 529 te,
1703 468 1751 516 et
1769 461 2056 516 auxiliatus

451 570 567 610 sum
589 555 685 621 tui,
710 562 761 608 et
782 553 1022 608 roboraui
1043 562 1091 607 te
1114 551 1325 608 dextera
1341 553 1490 626 justo
1516 570 1649 609 mea.
1679 552 1817 610 Ecce
1841 558 2058 627 confun-

452 646 662 712 dentur,
684 655 733 699 et
761 645 1056 701 erubescent
1084 661 1263 701 omnes
1291 647 1579 702 adversarii
1605 647 1680 702 tui
1705 662 1723 702 :
1751 658 1899 702 erunt
1920 649 2057 703 enim

451 741 598 812 quasi
627 755 731 794 non
761 742 865 794 sint
891 755 911 796 .°
938 749 986 795 et
1012 739 1250 812 peribunt
1281 757 1455 796 omnes
1484 743 1686 798 inimici
1710 743 1806 798 lui.
1849 744 2056 812 Quaeres

453 847 559 899 eos,
589 842 636 888 et
659 847 761 887 non
781 833 1028 900 invenies,
1051 833 1286 888 homines
1309 835 1397 902 qui
1421 834 1677 890 insanient
1705 836 1758 889 in
1786 845 1853 889 te.
1884 834 2056 890 Erunt

452 925 590 979 enim
616 925 765 991 quasi
794 942 898 980 non
923 927 1048 991 sint,
1081 935 1127 981 et
1167 943 1269 982 non
1297 936 1443 982 erunt
1469 938 1759 1001 pugnantes
1785 929 2057 985 adversum

451 1029 523 1074 te.
561 1020 696 1085 Quia
737 1036 832 1092 ego
877 1018 1134 1074 Dominus
1167 1020 1304 1076 Deus
1337 1031 1456 1076 tuus
1491 1023 1579 1091 qui
1610 1031 1751 1080 teneo
1793 1025 2058 1080 dexteram

451 1121 594 1168 tuam
619 1127 640 1166 :
673 1112 763 1182 qui
791 1111 909 1167 dico
936 1114 1049 1177 tibi,
1079 1130 1141 1167 ne
1177 1114 1354 1169 timeas
1387 1112 1577 1181 Iacob,
1612 1117 1824 1184 parvule
1862 1115 2053 1173 Israel.

455 1203 569 1276 Ego
615 1206 902 1260 auxiliatus
947 1222 1062 1261 sum
1114 1209 1211 1274 tui,
1233 1207 1362 1262 dicit
1410 1206 1551 1262 Deus
1583 1224 1603 1263 ,ο
1645 1209 1736 1280 qui
1772 1209 1971 1265 redimo
2010 1220 2059 1264 te

457 1304 484 1332 ⁸
513 1296 738 1352 Sanctus
761 1295 953 1354 Israel.
985 1297 1122 1353 Ecce
1150 1300 1250 1371 feci
1289 1309 1338 1353 te
1365 1301 1512 1368 quasi
1543 1311 1683 1355 rotas
1713 1303 1935 1372 plaustri
1965 1303 2058 1356 tri-

456 1392 677 1444 turantis
700 1407 857 1445 novas
875 1389 1042 1465 499
1071 1392 1124 1446 in
1155 1407 1415 1447 serrarnm
1436 1393 1648 1448 modum
1673 1411 1692 1450 :
1712 1405 1764 1451 et
1794 1396 2060 1452 trilurabis

455 1494 756 1552 montes,‘et
778 1489 1096 1543 comminues
1134 1486 1298 1542 colles
1318 1504 1338 1542 :
1357 1498 1406 1542 et
1437 1498 1494 1542 ut
1531 1488 1788 1558 pulverem
1817 1507 1975 1564 pones
2011 1499 2060 1546 et

454 1581 746 1647 ventilabis.
778 1596 827 1638 et
847 1597 1026 1640 ventus
1060 1586 1262 1656 auferet
1282 1602 1393 1651 eos,
1415 1598 1465 1642 et
1497 1598 1770 1660 tempestas
1801 1590 2060 1662 disperget

454 1675 602 1731 illos.
622 1675 698 1730 Tu
718 1685 891 1732 autem
911 1677 1165 1733 lwtaberis
1185 1679 1240 1733 in
1262 1677 1484 1734 Domino
1500 1691 1545 1735 et
1566 1681 1621 1735 in
1637 1681 1847 1737 Sanctis
1870 1682 2056 1738 Israel.

2157 478 2329 535 quare
2366 480 2472 521 non
2526 467 2768 526 inveniat
2810 470 3156 531 adversarios
3194 489 3324 531 suos
3363 496 3374 532 :
3427 475 3565 544 Quia
3616 490 3760 535 erunt

2157 558 2307 624 quasi
2331 574 2436 612 non
2462 559 2586 615 sint.
2612 560 2713 630 Qui
2743 562 3040 620 adversarii
3076 567 3318 625 insanire
3349 569 3611 626 dicuntur
3635 586 3762 626 con-

2159 659 2239 706 tra
2282 654 2594 723 Apostolus,
2626 657 2708 712 vel
2734 657 2887 728 juxta
2920 659 3277 730 Hebraicum,
3309 680 3420 719 esse
3447 666 3759 733 consumpti.

2158 741 2368 799 Idcirco
2421 754 2598 801 autem
2632 748 2827 805 timere
2871 767 2976 806 non
3015 752 3210 819 debes,
3257 757 3381 826 quia
3421 771 3525 827 ego
3565 772 3761 828 appre-

2160 836 2322 892 bendi
2365 854 2582 896 manum
2614 851 2784 909 tuam,
2812 845 2901 915 qui
2934 845 3060 902 dico
3092 847 3214 916 tibi,
3259 849 3338 906 Ne
3379 849 3617 906 timeas:
3665 866 3761 923 ego

2157 931 2338 1001 adjuvi
2373 942 2456 999 te;
2483 935 2592 990 noli
2619 936 2812 992 timere
2841 938 3044 994 vermis
3067 941 3262 1008 Iacob,
3291 943 3382 1011 qui
3409 942 3616 999 mortui
3635 947 3762 1002 estis

2158 1038 2226 1078 ex
2265 1024 2456 1093 Israel,
2503 1027 2618 1084 sive
2649 1036 2707 1084 ut
2749 1028 2916 1094 LXX,
2960 1034 3265 1101 paucissimi
3309 1050 3374 1090 ex
3414 1034 3614 1093 Israel.
3655 1036 3764 1094 Hoc

2157 1118 2302 1188 quod
2333 1119 2632 1189 posuimus,
2662 1139 2756 1194 ego
2785 1125 2965 1198 adjnvi
2998 1136 3047 1181 le
3071 1144 3088 1182 :
3111 1126 3220 1181 noli
3241 1129 3424 1182 timere
3453 1131 3641 1184 vermis
3669 1129 3763 1185 Ja-

2158 1210 2272 1279 cob,
2305 1211 2360 1266 in
2409 1211 2554 1268 LXX
2583 1231 2690 1270 non
2739 1214 2990 1274 habetur.
3037 1217 3254 1274 Vermis
3300 1230 3487 1278 autem
3529 1222 3623 1290 qui
3666 1223 3767 1281 lle-

2161 1301 2345 1358 braice
2373 1300 2572 1360 dicitur
2596 1346 2610 1370 ,
2644 1321 2894 1364 mourn
2939 1293 3196 1381 (κώπη),
3267 1321 3496 1384 propter
3544 1313 3766 1371 humili-

2162 1403 2325 1451 tatem
2405 1405 2567 1469 atque
2620 1409 2995 1472 contemptum
3077 1413 3311 1460 vocatur
3376 1407 3764 1479 Apostolorum
3863 1477 3870 1481 Α

2161 1489 2385 1558 chorus,
2414 1491 2634 1549 imitans
2662 1493 3028 1563 Salvatorem,
3061 1498 3152 1569 qui
3186 1497 3500 1568 loquiturin
3526 1501 3761 1570 psalmo:

2162 1580 2279 1654 Ego
2304 1601 2418 1638 sum
2445 1587 2650 1650 vermis,
2681 1597 2850 1642 etnon
2881 1588 3036 1644 homo
3058 1606 3077 1645 :
3103 1591 3440 1661 opprobrium
3474 1591 3763 1661 hominum,

2163 1684 2210 1730 et
2252 1675 2472 1749 objectio
2524 1677 2684 1746 plebis
2733 1676 2904 1751 (Psal.
2938 1696 3055 1748 xxt,
3084 1682 3162 1753 7).
3197 1681 3353 1738 Sicut
3383 1683 3533 1739 enim
3566 1684 3765 1742 vermis

459 1767 628 1825 Jacob
673 1778 728 1824 et
761 1769 925 1826 Israel
973 1784 1094 1826 esse
1140 1770 1417 1828 carnalem
1455 1783 1509 1827 et
1539 1787 1661 1830 esse
1697 1774 2056 1844 spiritualcm,
2089 1769 2138 1830 B
2165 1773 2369 1821 terram
2407 1778 2655 1838 penetrat
2689 1789 2701 1826 :
2748 1773 2818 1841 ita
2867 1787 3052 1828 sermo
3083 1774 3418 1845 apostolicus
3462 1780 3766 1847 penetravit

459 1861 660 1916 Paulus
683 1863 975 1933 Apostolus
997 1865 1156 1921 docet
1180 1882 1194 1920 :
1244 1864 1424 1922 Videte
1445 1865 1616 1922 Israel
1639 1871 1920 1924 secundum
1943 1887 2060 1925 car-

461 1971 576 2039 nem
613 1953 657 2026 (I
690 1953 811 2012 Cor.
842 1957 922 2027 x).
966 1957 1045 2013 Ex
1077 1974 1185 2030 quo
1214 1960 1570 2033 intelligimus
1600 1978 1722 2019 esse
1747 1972 1803 2020 et
1827 1967 2058 2021 alterum

455 2049 608 2118 juxta
649 2051 929 2118 spiritum;
969 2063 1025 2108 et
1067 2053 1134 2109 ad
1179 2056 1455 2111 carnalem
1485 2055 1592 2112 dici
1634 2057 1800 2114 Israel
1833 2075 1847 2113 :
1881 2059 1944 2115 Si
1963 2059 2062 2130 ﬁlii

462 2146 640 2199 essetis
666 2144 953 2212 Abraham,
985 2164 1145 2217 opera
1183 2148 1449 2204 Abraham
1481 2153 1738 2223 faceretis.
1779 2152 1984 2222 Quibus
2010 2163 2066 2210 et

464 2251 623 2305 supra
655 2237 759 2310 (Ad
785 2256 904 2310 cap.
935 2256 1021 2308 ιι,
1047 2239 1143 2313 27)
1170 2242 1368 2299 dicitur
1392 2260 1406 2298 :
1437 2244 1609 2311 Quare
1635 2245 1788 2315 dicis,
1811 2244 1992 2314 Iacob,
2017 2258 2065 2302 ct

464 2326 708 2398 loqueris,
738 2327 910 2386 Israel
933 2349 951 2387 :
975 2332 1290 2389 Abscondita
1314 2347 1390 2390 est
1413 2338 1496 2390 via
1524 2353 1635 2392 mea
1663 2355 1697 2391 a
1726 2337 1951 2394 Domino
1973 2357 1993 2394 :
2019 2350 2066 2395 et

462 2434 494 2474 a
518 2418 631 2476 Deo
661 2439 772 2477 meo
787 2425 1054 2496 judicium
1079 2443 1246 2482 meum
1270 2430 1542 2485 transivit?
1565 2429 1606 2484 E
1628 2432 1901 2487 contrario
1923 2448 2066 2488 nunc

461 2513 528 2568 ad
567 2516 910 2585 spiritualem
943 2519 1084 2576 Deus
1113 2523 1354 2592 loquitur
1391 2521 1576 2598 Israel,
1609 2524 1701 2595 qui
1739 2525 1955 2582 Domini
1983 2527 2065 2582 sui

463 2612 708 2680 suscepit
745 2611 1064 2681 adVentum,
1093 2631 1254 2686 quem
1276 2615 1510 2688 primum
1535 2633 1779 2686 servum,
1807 2620 1931 2677 dein
1958 2621 2069 2678 ele-

463 2715 634 2770 ctum,
683 2705 750 2759 ad
795 2715 1096 2762 extremum
1140 2723 1330 2764 semen
1377 2709 1652 2766 Abraham
1701 2721 1876 2768 vocat.
1928 2713 2070 2770 Ante

463 2800 610 2852 enim
634 2800 948 2872 accepimus
982 2802 1237 2872 spiritum
1269 2806 1551 2860 servitutis
1579 2806 1634 2862 in
1665 2807 1858 2864 limare
1889 2807 2066 2880 (Rom.

465 2887 614 2960 vni);
649 2899 704 2946 et
749 2903 936 2962 postea
969 2895 1158 2963 electi,
1199 2897 1250 2951 in
1302 2898 1598 2954 amicitiam
1635 2900 1727 2954 Dei
1767 2901 2065 2970 jungimur.

468 2979 598 3036 Post
638 2984 976 3041 vocationem
1024 2985 1189 3056 igitur
1233 2992 1516 3061 gentium,
1558 2991 1777 3062 quando
1815 2993 2072 3050 viderunt

468 3075 663 3131 insulse
700 3085 757 3133 et
800 3080 1124 3148 timuerunt,
1159 3091 1403 3138 extrema
1437 3095 1598 3140 terra;
1629 3086 2067 3151 obstupuerunt;

2161 1860 2404 1931 gentium
2433 1863 2706 1932 civitates,
2731 1875 2786 1920 et
2812 1865 3090 1938 ingressus
3113 1877 3198 1923 est
3226 1869 3374 1939 prius
3396 1869 3563 1924 corda
3594 1869 3767 1925 duris.

2163 1956 2323 2011 sima.
2363 1957 2428 2012 Et
2457 1970 2607 2014 recte
2634 1959 2789 2030 pauci
2820 1961 3172 2032 appellantur
3209 1977 3276 2017 ex
3320 1961 3517 2026 Israel,
3549 1964 3673 2034 quia
3703 1962 3768 2020 ad

2165 2051 2629 2121 comparationem
2672 2053 2840 2108 totius
2871 2055 3039 2118 orbis.
3071 2055 3250 2126 gentis
3279 2055 3525 2110 Iudaica:
3559 2056 3769 2126 paucis--

2163 2143 2286 2198 sitni
2317 2143 2692 2208 crediderunt,
2722 2146 2920 2218 quibus
2965 2148 3018 2202 in
3060 2146 3358 2218 Evangelio
3391 2147 3660 2204 Dominus
3690 2150 3768 2202 lo-

2164 2237 2377 2306 quitur:
2416 2235 2544 2292 Noli
2565 2237 2744 2292 timere
2772 2255 2900 2310 grex
2923 2239 3168 2312 parvulus
3196 2239 3354 2314 (Luc.
3383 2253 3482 2304 xu,
3513 2239 3767 2310 52).Sive

2161 2327 2312 2400 juxta
2345 2329 2689 2395 IIebraicum,
2716 2333 2908 2386 mortui
2936 2348 3001 2387 ea:
3021 2330 3211 2393 Israel,
3235 2333 3326 2402 qui
3355 2347 3480 2387 cum
3510 2333 3770 2402 Apostolo

2167 2421 2392 2478 dicunt:
2436 2423 2682 2489 Quotidie
2724 2426 2918 2479 morior
2947 2425 3013 2496 (ll
3051 2424 3178 2481 Cor.
3210 2439 3302 2490 xv,
3335 2424 3454 2494 3i).
3499 2424 3568 2480 Et
3597 2425 3724 2480 alibi
3753 2442 3765 2480 :

2169 2514 2299 2570 Cum
2327 2515 2530 2572 Christo
2549 2518 2834 2588 cruciﬁxus
2857 2534 2994 2572 sum.
3034 2516 3162 2572 Vivo
3187 2526 3380 2583 autem,
3414 2533 3522 2572 non
3548 2533 3674 2590 ego;
3695 2517 3741 2570 vi
3751 2544 3771 2558 -

2167 2609 2241 2662 vit
2266 2624 2384 2663 vero
2412 2609 2466 2663 in
2510 2624 2592 2681 me
2616 2606 2851 2664 Christus
2883 2607 3088 2681 (Galat.
3135 2625 3194 2672 tt.
3222 2609 3342 2681 20).
3384 2609 3656 2678 Quodque
3685 2623 3771 2664 se-

2169 2703 2380 2774 quitur:
2409 2701 2519 2776 Ego
2549 2704 2700 2774 posui
2725 2715 2772 2759 le
2791 2703 2944 2775 quasi
2968 2705 3262 2773 plaustrum
3279 2691 3540 2758 trituram
3568 2719 3770 2771 novum,

2171 2797 2358 2851 habens
2377 2807 2544 2852 rostra
2567 2799 2846 2864 serrantia,
2879 2798 2980 2854 hoc
3009 2799 3306 2870 signiﬁcat,
3335 2797 3480 2869 quod
3514 2798 3774 2867 praedica-

2171 2890 2247 2944 tio
2287 2890 2610 2960 Evangelica
2651 2901 2902 2947 conterat
2949 2890 3294 2948 adversaries
3333 2899 3632 2964 potestates
3658 2936 3673 2957 ,
3720 2904 3773 2949 et

2170 2985 2509 3052 spiritualem
2534 2985 2832 3056 nequitiam
2856 2985 3164 3041 elevantem
3190 3000 3252 3041 se
3273 2995 3465 3040 contra
3493 2984 3772 3041 scientiam

2173 3078 2270 3134 Dei
2297 3096 2308 3132 :
2339 3094 2459 3150 quae
2486 3093 2584 3148 pro
2609 3079 2874 3134 varietate
2889 3080 3161 3148 superbiae
3185 3089 3400 3134 montes
3422 3077 3776 3149 appellantur

467 3171 1041 3242 approiiinquavernnt
1062 3183 1117 3232 et
1138 3187 1787 3244 accesserunt,vocantur
1803 3180 2064 3250 reliquiae,

2173 3181 2229 3226 et
2246 3171 2438 3228 colles.
2462 3171 2685 3242 illisque
2707 3171 2960 3236 sublatis,
2977 3181 3031 3228 et
3054 3171 3284 3228 turbinis
3311 3187 3464 3227 more
3489 3173 3772 3242 dispersis,

462 3263 616 3334 juxta
642 3263 970 3320 electiOnem
1017 3271 1230 3338 gratiae,
1260 3269 1329 3324 de
1358 3270 1556 3339 quibus
1585 3271 1772 3326 scribit
1802 3280 1858 3326 et
1887 3270 2068 3327 Evan-

465 3358 667 3428 gelium
695 3377 709 3415 :
737 3358 874 3416 Istos
901 3363 1171 3418 duodecim
1192 3365 1341 3438 elegit
1361 3361 1539 3426 Iesus,
1563 3381 1693 3436 quos
1718 3374 1766 3419 et
1797 3365 2070 3436 Apostolos

467 3453 750 3508 nominavit
793 3453 943 3526 (Luc.
995 3455 1092 3525 VI),
1125 3459 1215 3528 qui
1257 3469 1378 3529 post
1410 3457 1730 3514 servitutem
1762 3459 2068 3532 paedagoga:

469 3544 647 3616 Legis,
679 3549 836 3606 electi
871 3560 997 3606 sunt
1030 3552 1084 3606 in
1115 3553 1442 3622 Evangelio;
1484 3562 1541 3608 et
1576 3569 1766 3610 semen
1796 3554 2068 3612 Abraham

465 3641 626 3694 amici
656 3640 746 3697 Dei
775 3656 898 3697 esse
928 3653 1266 3699 meruerunt.
1295 3644 1350 3700 In
1395 3645 1490 3700 illo
1533 3646 1678 3702 enim
1705 3647 2067 3718 apprehendit

465 3748 561 3789 eos
589 3733 659 3790 ab
686 3745 934 3792 extremo
967 3747 1151 3806 terrae,
1194 3749 1250 3795 et
1291 3755 1321 3794 a
1365 3739 1671 3811 longinquis
1711 3741 1830 3812 ejus
1874 3742 2070 3798 ﬁnibus

463 3830 673 3883 vocavit
704 3829 868 3885 Israel
914 3830 980 3886 de
1027 3832 1297 3887 universis
1345 3833 1685 3898 nationibus,
1732 3849 2070 3903 congregans

465 3923 698 3992 primum
743 3925 998 3994 populum
1039 3925 1374 3990 Judzrorum,
1422 3927 1491 3983 de
1541 3926 1736 3998 quibus
1774 3938 1829 3984 et
1873 3927 2070 3982 Paulus

463 4017 757 4086 Apostolus
800 4019 931 4074 dicit
967 4038 978 4073 :
1018 4018 1181 4074 Vobis
1219 4022 1490 4090 oportebat
1535 4021 1760 4090 primum
1799 4021 2072 4092 praedicari

460 4125 745 4166 sermonem
766 4128 786 4166 :
805 4113 1056 4183 quoniam
1075 4124 1244 4168 autem
1271 4115 1501 4168 auertitis
1523 4112 1552 4152 δ
1575 4130 1690 4179 nos,
1710 4115 1842 4168 imus
1863 4115 1932 4168 ad
1948 4131 2071 4187 gen-

466 4212 538 4259 tes
565 4204 703 4274 (Act.
731 4221 850 4271 χιιι,
879 4207 999 4271 46).
1029 4206 1152 4262 Tibi
1181 4223 1336 4278 ergo,
1373 4208 1466 4278 qui
1495 4217 1549 4264 et
1578 4223 1774 4265 servus
1803 4224 1982 4275 meus,
2016 4219 2072 4265 et

464 4297 673 4352 electus
700 4314 877 4364 meus,
905 4301 996 4367 qui
1031 4300 1428 4369 praedicaturus
1476 4303 1528 4357 in
1577 4303 1834 4372 gentibus
1885 4317 1969 4368 es,
2015 4312 2072 4358 et

463 4389 877 4458 persecutiones
906 4389 1165 4458 plurimas
1197 4405 1578 4461 perpessurus,
1611 4392 1732 4447 dico
1755 4408 1824 4447 ne
1853 4393 2067 4458 timeas,

461 4483 586 4555 quia
621 4495 799 4539 tecum
830 4501 978 4551 sum,
1008 4487 1094 4541 cui
1123 4486 1316 4554 loquor
1346 4488 1399 4542 in
1433 4489 1767 4560 Evangelio:
1805 4489 1934 4544 Ecce
1973 4506 2066 4563 ego

464 4575 720 4630 vobiscum
757 4593 870 4630 sum
903 4577 1076 4634 omnes
1118 4579 1250 4646 dies,
1283 4597 1444 4652 usque
1471 4581 1540 4634 ad
1578 4583 2068 4638 consummationem

465 4667 642 4722 steculi
669 4666 886 4739 (Matth.
925 4670 1050 4736 ult.,
1072 4670 1187 4742 20).
1226 4671 1342 4727 Νοιι
1373 4687 1549 4733 erres.
1576 4689 1755 4743 neque
1782 4691 1810 4728 a
1842 4678 2072 4733 veritate

464 4761 726 4820 declines.
758 4778 859 4818 nec
893 4772 945 4819 te
976 4764 1110 4820 Ialsa
1133 4768 1484 4835 persuasione
1512 4766 1780 4838 decipias,
1797 4769 1940 4840 quod
1965 4769 2068 4826 tuis

463 4855 675 4912 viribus
722 4858 1011 4927 imperitus
1052 4868 1106 4913 et
1151 4858 1346 4927 nudus,
1393 4860 1584 4915 silvam
1615 4861 1856 4931 gentium
1899 4878 2068 4932 pene-

461 4957 606 5014 tros,
662 4958 718 5005 et
772 4950 1143 5006 ferocissimas
1193 4953 1441 5010 nationes
1490 4953 1558 5008 ad
1601 4957 2066 5012 mansuetudinem

461 5059 642 5100 voces.
679 5044 794 5116 Ego
839 5059 958 5100 sum
988 5045 1079 5116 qui
1127 5048 1423 5102 conlortavi
1459 5058 1540 5115 te,
1584 5061 1640 5105 et
1668 5051 1958 5106 auxiliatus
1989 5051 2065 5107 tui

460 5151 579 5189 sum
603 5152 617 5201 ;
643 5144 701 5191 et
726 5137 970 5201 suscepit
999 5147 1074 5203 te,
1105 5140 1220 5194 sive
1245 5141 1496 5206 protexit,
1527 5140 1752 5196 dextera
1778 5143 1908 5212 justi
1935 5143 2064 5208 mei,

459 5227 514 5281 id
547 5238 653 5294 est,
691 5229 902 5283 Domini
932 5229 1262 5298 Salvatoris,
1295 5232 1411 5285 sive
1442 5234 1656 5288 dextera
1682 5251 1815 5300 mea,
1848 5244 1904 5289 ut
1925 5233 2067 5290 LXX

463 5321 884 5376 transtulerunt.
919 5322 1056 5376 Ecce
1087 5325 1234 5377 enim
1268 5321 1571 5378 adversarii
1603 5324 1702 5392 tui,
1733 5326 2072 5396 popultttht-

462 5424 705 5464 ineorum
731 5411 894 5484 500
921 5421 977 5467 et
997 5428 1190 5468 omnes
1212 5415 1303 5485 qui
1333 5425 1574 5486 pugnant
1593 5417 1880 5472 adversum
1913 5425 1987 5485 te,
2013 5426 2071 5472 et

465 5514 843 5571 persecutores
875 5507 952 5560 tui
983 5516 1273 5563 vertentur
1314 5507 1366 5562 in
1402 5507 1578 5575 nihili,
1613 5524 1933 5580 quaeres-que
1974 5507 2070 5564 ad-

537 5641 565 5713 }
596 5633 869 5707 Expungit
901 5638 1104 5694 Victor.
1135 5655 1324 5713 vocem
1350 5651 1582 5706 sanctus,
1611 5657 1772 5713 quam
1805 5657 1982 5713 neque
2007 5643 2060 5700 in

477 5704 743 5782 ἰιᾷετ-ιιιειε.
775 5704 952 5776 neque
982 5725 1155 5782 penes
1177 5711 1322 5776 LXX
1349 5704 1802 5782 suixexetn'plaris
1831 5704 2057 5782 invenit.

468 5773 726 5830 Additum
778 5773 908 5832 vero
954 5773 1032 5836 est
1059 5781 1162 5838 sub
1197 5773 1460 5838 asterisco
1493 5783 1544 5836 in
1585 5773 1788 5851 nupera
1820 5779 2062 5840 editions

2173 3265 2418 3320 exsultet
2446 3264 2616 3320 Israel
2635 3272 2800 3336 atque
2818 3265 3036 3320 laetetur
3053 3265 3106 3320 in
3121 3263 3352 3320 Domino
3369 3267 3572 3319 Sancto
3589 3264 3771 3320 Israel.

2172 3359 2471 3414 Possumus
2520 3375 2735 3429 quoque
2785 3359 2996 3425 dicere,
3042 3359 3186 3430 quod
3237 3358 3653 3414 ecclesiasticus
3700 3359 3776 3414 vir

2174 3451 2384 3506 habens
2412 3451 2744 3522 evangelicae
2773 3451 3180 3522 praedicationis
3211 3460 3386 3506 rostra
3419 3451 3691 3505 serrantia
3722 3450 3772 3506 in

2173 3545 2418 3616 plaustro
2447 3560 2610 3611 novo,
2654 3545 2799 3617 quod
2837 3560 3181 3617 nequaquam
3222 3553 3486 3614 operatur
3532 3543 3586 3598 in
3626 3555 3774 3598 vetu-

2171 3649 2313 3695 state
2335 3639 2555 3705 litterae,
2576 3639 2670 3694 sed
2703 3639 2756 3694 in
2785 3637 3028 3694 novitate
3058 3638 3303 3708 spiritus,
3322 3645 3582 3692 conterat
3611 3636 3775 3690 incre-

2170 3735 2421 3789 dulornm
2445 3733 2610 3789 corda
2633 3731 2953 3788 durissima:
2974 3745 3239 3802 separatis
3265 3730 3504 3784 triticum
3531 3743 3561 3782 a
3588 3728 3773 3799 paleis,

2169 3837 2225 3883 et
2259 3836 2470 3882 montes
2501 3827 2782 3896 collesque
2804 3823 3207 3890 comminuens,
3234 3821 3285 3877 id
3313 3831 3419 3885 est,
3449 3835 3642 3876 omnes
3671 3821 3777 3875 Ine-

2169 3921 2464 3975 reticorum
2497 3918 2797 3986 principes,
2839 3918 2930 3988 qui
2965 3914 3287 3972 comminuti
3316 3922 3482 3982 atque
3521 3911 3770 3979 contriti,

2170 4012 2484 4083 redigantur
2513 4012 2565 4065 in
2597 4010 2899 4080 pulverem.
2931 4017 2988 4063 et
3026 4007 3161 4063 nihil
3198 4019 3320 4061 esse
3352 4005 3678 4071 doceantur,
3713 4012 3771 4057 ut

2169 4106 2263 4176 qni
2305 4105 2445 4160 male
2484 4105 2700 4160 fuerant
2737 4101 3080 4173 congregati,
3126 4098 3445 4155 dividantur
3481 4097 3536 4152 in
3576 4096 3774 4152 bonum

2171 4215 2352 4254 suum.

2243 4294 2434 4368 (Vers.
2470 4294 2534 4348 I7
2569 4295 2760 4364 seqq.)
2787 4291 2946 4364 πᾶσι
2985 4289 3145 4360 Egeni
3176 4297 3226 4343 et
3254 4304 3508 4362 pauperes
3541 4296 3776 4359 quaerunt

2170 4407 2356 4464 aquas,
2384 4400 2431 4444 et
2456 4407 2556 4444 non
2583 4398 2706 4445 sunt
2737 4405 2756 4443 :
2781 4387 2965 4462 lingua
3003 4403 3183 4442 eorum
3222 4387 3310 4442 siti
3333 4389 3496 4444 aruit.
3521 4386 3638 4462 Ego
3671 4386 3778 4443 Do-

2170 4485 2342 4539 minus
2386 4485 2663 4539 eautudiam
2706 4499 2794 4538 eos
2831 4497 2852 4537 :
2879 4482 3016 4535 Dens
3045 4479 3218 4535 Israel
3269 4497 3374 4536 non
3419 4481 3774 4548 derelinquam

2171 4573 2318 4632 illos.
2339 4577 2582 4647 Aperiam
2607 4577 2662 4630 in
2683 4576 2886 4642 supinis
2915 4574 3132 4630 collibus
3159 4576 3382 4646 ﬂumina
3409 4592 3429 4630 :
3458 4585 3505 4630 et
3523 4577 3579 4630 in
3607 4577 3770 4630 medio

2175 4684 2470 4740 camporum
2503 4672 2690 4739 fontes.
2722 4667 2926 4723 Portam
2971 4666 3230 4722 desertum
3261 4669 3318 4722 in
3343 4676 3588 4739 stagnum
3616 4685 3774 4738 aqua-

2172 4779 2287 4816 rum
2309 4771 2356 4816 et
2389 4773 2577 4817 terram
2608 4763 2800 4816 inviam
2823 4762 2879 4815 in
2907 4761 3044 4815 rivos
3078 4776 3353 4826 aquarum.
3385 4759 3536 4815 Dabo
3564 4762 3622 4815 in
3655 4760 3772 4815 soli-

2173 4857 2352 4911 tudine
2374 4856 2584 4910 cedrum
2609 4865 2654 4911 et
2677 4857 2906 4926 spinam,
2938 4866 2985 4910 et
3021 4863 3268 4926 myrtum,
3293 4863 3340 4908 et
3371 4853 3573 4925 lignum
3601 4855 3765 4910 olim.

2173 4948 2379 5005 Ponam
2404 4950 2455 5003 in
2479 4949 2678 5004 deserto
2699 4949 2936 5015 abietem,
2965 4946 3186 5014 ulmum,
3213 4957 3258 5002 et
3279 4946 3475 5002 buxum
3497 4947 3653 5002 simul
3676 4963 3694 5002 :
3720 4955 3771 5001 ut

2173 5044 2400 5106 videant.
2418 5052 2480 5097 -et
2509 5043 2714 5109 sciant,
2747 5052 2794 5097 et
2819 5043 3124 5116 recogitent,
3154 5056 3199 5094 et
3215 5041 3512 5114 intelligant
3537 5043 3735 5112 pariter
3754 5082 3768 5106 ,

2172 5135 2294 5205 quia
2313 5151 2494 5188 manus
2516 5133 2729 5189 Domini
2760 5133 3018 5203 fecithoc,
3051 5143 3100 5188 et
3129 5133 3359 5190 Sanctus
3383 5131 3552 5187 Israel
3587 5132 3772 5187 creavit

2174 5227 2330 5283 illud.
2359 5226 2503 5283 LXX
2533 5247 2545 5282 ι
2577 5227 2645 5282 El
2674 5228 3004 5283 exsultabant
3030 5244 3282 5298 pauperes
3307 5237 3356 5282 et
3382 5229 3558 5299 inopes
3592 5244 3610 5281 :
3637 5241 3774 5298 qua!-

2172 5329 2285 5375 rent
2312 5323 2446 5375 enim
2465 5336 2651 5391 aquam
2672 5361 2686 5384 ,
2727 5329 2776 5375 et
2799 5337 2902 5374 non
2933 5320 3028 5375 erit
3060 5337 3079 5375 :
3106 5319 3284 5389 lingua
3322 5336 3501 5374 eorum
3544 5335 3654 5392 prce
3690 5320 3771 5373 siti

2174 5413 2398 5468 exaruit.
2459 5412 2573 5485 Ego
2623 5412 2880 5467 Dominus
2919 5411 3068 5467 Deus
3118 5412 3401 5468 exaudiam
3449 5414 3589 5485 ipsos
3635 5409 3772 5465 Deus

2174 5504 2345 5560 Israel
2371 5515 2454 5561 :et
2480 5522 2585 5561 non
2608 5506 2959 5577 derelinquam
2983 5522 3070 5562 eos
3093 5521 3112 5561 ι
3138 5505 3227 5562 sed
3249 5508 3480 5577 aperiam
3501 5511 3556 5560 tn
3583 5504 3743 5560 monti
3751 5533 3769 5546 -

2171 5644 2336 5716 ἅγιος.

2241 5715 2269 5754 ι)
2303 5715 2468 5780 Idem,
2496 5714 2723 5771 auertitis
2746 5719 2856 5770 vos;
