4096 6330
263 291 368 348 417

813 296 1472 358 COMMENTARIORUM
1520 295 1582 354 IN
1632 295 1870 355 ISAIAM
1909 291 2338 350 PROPHETAM
2377 292 2512 350 LIB.
2553 292 2672 352 XII.
2717 294 2876 353 CAP.
2918 294 3060 353 XLI.

3467 294 3575 352 418

264 408 354 461 bus
382 407 636 478 ﬂuinina,
661 419 710 466 et
733 412 785 467 in
810 413 978 468 medio
1004 429 1304 484 camporum
1331 417 1498 484 fontes
1528 427 1547 466 :
1572 411 1761 483 faciam
1779 408 1870 462 de-
1900 410 1952 471 Α
1981 405 2032 459 in
2063 398 2383 471 solitudine,
2419 421 2487 462 ne
2514 405 2711 464 saltem
2747 425 2846 464 una
2887 407 3090 463 chorda
3123 407 3191 464 de
3218 407 3430 464 cithara
3469 407 3580 462 Do-

263 511 458 555 sertum
485 501 542 554 in
573 502 799 573 paludes
821 546 836 570 ,
862 515 908 559 et
935 505 1191 560 sitientem
1222 513 1412 560 terram
1437 504 1492 559 in
1525 503 1876 571 aqureductus.

265 587 471 645 Ponant
508 592 566 647 in
596 602 792 650 terram
819 597 1008 668 absque
1045 615 1180 665 aqua
1222 599 1460 663 cedrum,
1495 606 1546 651 et
1580 595 1804 664 buxum,
1831 603 1881 650 et

263 693 510 758 myrtum,
546 696 597 741 et
626 690 985 763 cyparissum,
1027 701 1075 745 et
1127 691 1373 764 populum
1401 707 1420 744 :
1452 698 1508 744 ut
1557 688 1792 756 videant,
1833 697 1882 742 et

264 780 428 833 sciant
449 821 464 846 ,
491 790 544 835 et
575 783 832 853 cogitent,
865 792 912 838 et
942 783 1176 838 noverint
1215 781 1374 836 simul
1396 781 1521 851 quia
1551 795 1739 834 manus
1767 777 1882 834 Do-

265 875 388 928 mini
419 876 551 944 fecit
574 878 712 938 lucc.
734 887 782 931 et
808 876 1034 934 Sanctus
1051 875 1219 933 Israel
1253 876 1768 934 ostendit.Gt-ntium
1790 891 1885 946 po-

267 964 420 1036 pulus
447 981 672 1038 pauper
691 976 747 1024 et
775 969 975 1037 tenuis,
994 970 1085 1040 qui
1111 985 1216 1026 non
1242 968 1475 1025 habebat
1490 967 1772 1024 srientiam
1791 983 1885 1023 ve-

265 1061 463 1128 ritatis,
478 1070 691 1134 quierit
709 1079 806 1134 per
816 1063 1062 1120 diverSos
1075 1065 1388 1136 magistros,
1407 1075 1462 1120 et
1476 1065 1625 1119 varia
1642 1063 1886 1119 Philaso-

266 1153 502 1226 phorum
521 1155 783 1226 dogmata
806 1172 974 1228 aquas
991 1156 1240 1213 salubres
1264 1174 1279 1212 :
1304 1167 1358 1211 et
1379 1172 1490 1213 non
1514 1156 1740 1223 invenit,
1761 1155 1884 1224 quia

267 1261 371 1301 non
394 1247 762 1321 sunt;lingua
785 1265 972 1304 eorum
987 1247 1078 1303 siti
1093 1247 1258 1315 aruit,
1274 1249 1390 1304 sine
1401 1247 1546 1320 Lege
1567 1263 1630 1304 ac
1647 1247 1886 1318 Prophe-

269 1339 355 1394 tis.
387 1341 630 1396 Omnem
661 1341 810 1396 enim
834 1341 986 1411 juxta
1016 1341 1289 1413 Evangelii
1317 1341 1500 1407 ﬁdem,
1531 1340 1886 1398 substantiam

268 1448 418 1488 suam
445 1433 498 1489 in
515 1434 764 1491 medicos
781 1446 1215 1507 comsumpserat
1235 1434 1386 1508 (Luc.
1409 1434 1548 1508 vui);
1565 1445 1620 1492 et
1639 1450 1668 1490 a
1691 1450 1887 1491 cruore

270 1527 654 1594 idololatrize,
711 1540 767 1587 et
813 1533 1075 1602 sanguine
1123 1530 1462 1585 victimarum
1515 1545 1623 1585 non
1679 1536 1890 1600 poterat

275 1621 527 1686 liberari.
563 1622 871 1694 Propterea
892 1624 1152 1679 Dominus
1184 1623 1328 1680 Deus
1355 1624 1521 1680 lsrael
1552 1639 1660 1678 non
1683 1633 1778 1678 eos
1795 1637 1891 1690 pc-

274 1717 419 1772 nitns
450 1716 774 1788 dereliquit,
807 1732 907 1773 nec
942 1717 997 1772 in
1027 1727 1293 1773 aeternum
1333 1719 1512 1787 perire
1543 1732 1737 1785 passus
1781 1725 1885 1784 est;

1983 499 2138 564 mini,
2162 511 2214 554 et
2249 498 2428 570 aliqua
2461 501 2631 556 virtus
2660 505 2961 573 gratiarum
2997 503 3258 559 Ecclesia:
3282 502 3475 559 deesse
3503 503 3586 557 vi-

1981 589 2196 646 deatur.
2223 589 2293 647 Ut
2313 607 2502 647 omnes
2525 592 2854 663 intelligant.
2879 602 2935 650 et
2957 595 3161 664 pariter
3182 607 3366 651 mente
3384 609 3586 662 cogno-

1981 694 2157 751 scant,
2188 684 2311 756 quia
2343 701 2537 742 manus
2565 687 2783 744 Domini
2807 690 2922 745 haec
2950 691 3202 746 universa
3240 689 3537 760 perfecerit
3563 731 3578 756 ,

1985 787 2041 832 ut
2080 779 2134 832 in
2173 778 2428 834 ariditate
2456 781 2696 852 gentium
2743 781 3120 839 invenirentur
3159 784 3363 840 ﬂuenta
3409 789 3586 839 virtu-

1987 880 2122 936 tum,
2158 878 2213 926 et
2240 870 2292 926 in
2318 879 2462 927 terra
2496 874 2778 944 quondam
2810 875 3029 931 deserta
3061 876 3333 948 plenaque
3361 876 3593 950 salsugi-

1985 963 2092 1030 nis,
2123 961 2323 1019 cedrus
2353 972 2409 1018 et
2435 965 2772 1036 cyparissns,
2803 979 2860 1024 et
2889 967 3012 1022 alim
3036 969 3266 1024 arbores
3296 982 3592 1024 nasceren-

1987 1065 2094 1119 tur,
2123 1070 2358 1122 quarum
2392 1057 2783 1114 sublimitatem
2825 1068 2883 1114 et
2921 1061 3183 1116 verticem
3234 1060 3299 1116 ad
3347 1061 3594 1118 cmlestia

1987 1149 2363 1215 festinantem,
2398 1151 2740 1210 illuminaret
2772 1155 2978 1226 lignum
3011 1156 3170 1212 olivae
3193 1196 3208 1222 ,
3241 1156 3386 1228 quod
3415 1157 3592 1212 nutri-

1988 1255 2231 1301 mentum
2262 1247 2400 1302 lucis
2421 1256 2528 1313 est,
2558 1256 2612 1302 et
2641 1247 3004 1304 laborantium
3032 1249 3272 1320 requies.

2061 1338 2244 1412 (Vcrs.
2273 1341 2335 1396 21
2373 1340 2557 1413 seqq.)
2589 1340 2761 1415 Prope
2781 1343 2939 1413 facite
2951 1343 3213 1416 judicium
3247 1353 3490 1409 vestrum,
3516 1343 3597 1398 di-

1989 1436 2058 1487 cit
2091 1433 2344 1489 Dominus
2379 1451 2396 1489 :
2427 1435 2608 1502 alferte
2643 1439 2688 1490 si
2716 1436 2843 1507 quid
2880 1437 3016 1508 forte
3054 1437 3284 1503 habetis,
3333 1438 3464 1492 dixit
3509 1452 3601 1492 rea:

1989 1527 2176 1582 Jacob.
2209 1527 2558 1597 bgAccedant,
2587 1540 2635 1586 et
2669 1533 2905 1586 nuntient
2943 1531 3088 1587 nobis
3121 1548 3453 1604 quwcumque
3480 1548 3602 1587 ven-

1991 1630 2107 1676 tura
2133 1630 2250 1675 sunt
2282 1623 2499 1694 :priora
2537 1639 2652 1694 qua:
2671 1627 2916 1694 fuerunt,
2951 1627 3184 1680 nuntiate
3221 1641 3240 1680 :
3280 1635 3328 1680 et
3354 1640 3601 1698 ponemus

1991 1729 2080 1768 cor
2105 1723 2358 1780 nostrum,
2391 1725 2438 1770 et
2459 1717 2676 1770 sciemus
2698 1717 2975 1771 novissima
2995 1733 3176 1772 eorum
3209 1733 3229 1771 :
3251 1726 3300 1771 et
3325 1715 3434 1790 [ΑΙ.
3466 1713 3598 1788 hac]

275 1811 366 1867 sed
389 1810 620 1880 aperuit
649 1813 706 1866 in
739 1807 948 1882 supinis
972 1811 1230 1880 collibus,
1255 1812 1369 1867 sive
1398 1813 1452 1866 in
1483 1811 1756 1868 montibus
1792 1810 1890 1866 ﬂu-
1920 1817 1970 1878 Β
1994 1823 2109 1877 quw
2132 1817 2344 1862 ventura
2368 1817 2504 1872 sunt,
2527 1808 2753 1862 indicate
2777 1808 2942 1864 nobis.
2967 1808 3284 1864 Annuntiate
3305 1808 3465 1881 503
3488 1822 3603 1876 qua:

279 1907 447 1971 mina,
471 1915 529 1961 et
565 1906 622 1960 in
659 1905 844 1962 medio
883 1921 1201 1978 camporum
1251 1905 1449 1962 fontes.
1482 1905 1616 1972 Quae
1666 1904 1885 1960 ﬂumina

279 2014 343 2055 ex
375 1998 479 2054 illo
504 1997 681 2054 ﬂuvio
707 1997 916 2054 duxere
942 1999 1394 2070 principinm,qui
1419 2001 1470 2054 in
1501 1997 1733 2054 Psalmis
1761 1997 1891 2067 legi-

281 2100 408 2148 tur:
439 2091 711 2148 Fluminis
758 2093 976 2166 impetus
1026 2093 1259 2162 lwtiﬁcat
1315 2093 1572 2148 ciuitatem
1619 2090 1719 2148 Dei
1760 2091 1889 2164 (Ps.

281 2201 407 2246 xcv.
433 2184 518 2256 4).
537 2186 603 2240 Ει
631 2187 687 2240 in
715 2186 825 2241 alio
852 2188 972 2243 loco
993 2183 1244 2242 :Fluvius
1260 2185 1358 2242 Dei
1378 2187 1605 2260 repletus
1629 2197 1700 2242 est
1721 2187 1891 2256 aquis.

284 2278 414 2348 Quae
436 2293 594 2349 aquae
619 2285 676 2334 et
695 2278 870 2334 fontes
891 2279 958 2335 de
976 2277 1070 2333 illo
1093 2278 1241 2334 fonte
1262 2284 1674 2349 manarunt,qui
1697 2293 1791 2348 per
1805 2278 1896 2334 Je-

287 2373 516 2427 remiam
541 2372 783 2441 loquitur
809 2388 823 2426 :
854 2370 942 2426 Me
966 2371 1347 2443 dereliquerunt
1380 2375 1571 2444 fontem
1599 2388 1747 2442 aqute
1771 2373 1896 2427 vim

287 2463 508 2536 (Jercm.
541 2481 600 2529 tt,
630 2462 745 2536 15).
771 2465 834 2520 Et
857 2480 1018 2536 supra
1041 2464 1094 2520 in
1118 2464 1222 2522 hoc
1249 2465 1440 2522 eodem
1473 2465 1742 2537 Propheta
1764 2464 1900 2520 dici-

289 2567 377 2614 tur
411 2576 428 2614 :
473 2557 664 2613 Bibent
693 2575 854 2628 aquas
882 2559 946 2613 de
975 2559 1202 2630 fontibus
1235 2559 1546 2617 Saluatoris.
1583 2561 1660 2617 De
1698 2559 1898 2632 quibus

288 2661 342 2708 et
369 2652 424 2707 in
457 2651 696 2708 Psalmis
716 2653 928 2708 canitur
953 2670 964 2706 :
995 2651 1293 2710 Benedicite
1322 2651 1605 2708 Dominum
1641 2650 1810 2708 Deum
1835 2654 1900 2707 de

290 2746 522 2818 fontibus
553 2743 726 2800 Israel
753 2743 875 2808 (Ps.
903 2761 1068 2808 vau.
1091 2746 1207 2814 27).
1237 2746 1303 2802 Et
1333 2746 1533 2817 posuit,
1568 2746 1776 2817 inquit,
1811 2746 1902 2800 de-

292 2848 494 2895 sertum
514 2839 570 2896 in
590 2851 833 2914 stagnum
861 2855 1134 2911 aquarum,
1164 2850 1212 2896 et
1238 2850 1424 2896 terram
1461 2841 1650 2896 inviam
1673 2841 1728 2895 in
1763 2841 1902 2896 rivos

293 2951 570 3006 aquarum.
639 2935 716 2990 De
747 2935 944 3005 quibus
976 2936 1132 3006 aquis
1160 2945 1216 2992 et
1249 2935 1493 2990 Salvator
1527 2935 1578 2990 in
1608 2933 1904 3005 Evangelio

293 3027 530 3101 mystico
562 3043 820 3084 sermone
863 3027 1080 3084 dicebat
1109 3025 1290 3100 (Joan.
1314 3043 1394 3095 iv,
1421 3028 1509 3089 15.
1537 3027 1630 3098 ll)
1661 3045 1675 3082 :
1709 3026 1809 3095 Qui
1829 3026 1906 3081 bi-

298 3120 424 3174 berit
449 3119 517 3174 de
535 3117 700 3192 502
725 3134 890 3188 aqua,
915 3134 1071 3189 quam
1096 3135 1190 3192 ego
1220 3117 1353 3173 dabo
1389 3119 1437 3172 ei
1455 3159 1469 3183 ,
1518 3133 1620 3172 non
1671 3118 1808 3172 sitiet
1851 3118 1906 3172 in

1991 1911 2206 1954 uentura
2239 1909 2360 1954 sunt
2390 1901 2448 1955 in
2474 1904 2709 1972 futurum
2735 1917 2756 1957 :
2783 1912 2834 1957 et
2860 1903 3075 1956 sciemus
3102 1903 3223 1970 quia
3246 1903 3320 1956 dii
3350 1903 3470 1956 estis
3491 1917 3600 1959 vos.

1990 1991 2132 2048 Bene
2154 2009 2351 2064 quoque
2375 2004 2468 2048 aut
2498 1995 2632 2049 male
2659 1995 2704 2050 si
2731 1998 2965 2068 potestis,
2993 1995 3150 2066 facite
3167 2037 3182 2062 ,
3215 2005 3262 2049 et
3301 1993 3602 2066 loquamur,

1995 2095 2042 2139 et
2063 2085 2328 2141 videamus
2357 2087 2534 2141 simul.
2569 2085 2700 2141 Ecce
2732 2104 2820 2142 vos
2848 2089 2968 2142 estis
2999 2103 3094 2156 pro
3121 2086 3273 2142 nihili
3306 2087 3501 2162 [ναις.
3540 2105 3608 2144 ea:

1995 2178 2183 2252 nihilo]
2218 2197 2238 2234 :
2263 2191 2314 2236 et
2341 2195 2471 2250 opus
2491 2191 2716 2236 vestrum
2737 2195 2803 2236 ea:
2823 2198 2884 2237 eo
2905 2183 3043 2251 quod
3073 2171 3177 2237 non
3205 2190 3277 2237 est
3302 2181 3610 2237 :abomina-

1997 2275 2068 2328 tio
2091 2284 2166 2328 est
2192 2274 2280 2346 qui
2310 2274 2465 2344 elegit
2496 2291 2602 2330 vos.
2634 2273 2780 2330 LXX
2825 2293 2838 2328 :
2879 2271 3045 2330 Juxta
3089 2285 3160 2331 est
3199 2276 3466 2350 judicium
3496 2291 3609 2330 ves-

1999 2376 2156 2436 trum,
2182 2367 2306 2422 dicit
2337 2365 2592 2422 Dominus
2611 2365 2751 2424 Deus
2775 2383 2794 2422 :
2819 2378 3068 2423 venerunt
3089 2379 3136 2424 et
3161 2369 3610 2442 appropinquatio-

1999 2470 2118 2516 runt
2166 2460 2385 2516 consilia
2419 2473 2608 2528 vestra,
2656 2462 2779 2515 dicit
2826 2477 2918 2516 rea:
2959 2460 3144 2516 Iacob.
3177 2462 3604 2534 Appropinquent

2001 2553 2124 2627 [ΑΙ.
2153 2554 2441 2627 accedant]
2478 2565 2524 2609 et
2549 2555 2852 2609 annuntient
2882 2555 3026 2610 nobis
3050 2571 3166 2627 quia
3192 2566 3409 2609 uentura
3438 2566 3558 2609 sunt
3589 2567 3610 2610 :

2001 2659 2091 2703 aut
2120 2649 2296 2721 priora
2324 2663 2438 2719 qua:
2467 2659 2612 2703 erant
2637 2648 2792 2703 dicite
2821 2663 2841 2701 :
2868 2656 2916 2702 et
2937 2663 3252 2720 apponemus
3283 2663 3488 2702 sensum
3518 2662 3537 2700 :
3561 2655 3610 2701 et

2001 2743 2222 2798 sciemus
2242 2757 2358 2814 qua:
2385 2751 2503 2797 sunt
2533 2743 2837 2798 novissima.
2863 2738 3093 2796 Ventura
3109 2757 3308 2812 quoque
3327 2741 3484 2795 dicite
3512 2755 3609 2816 no-

2005 2833 2101 2902 bis,
2133 2842 2181 2890 et
2209 2836 2517 2890 annuntiate
2549 2850 2665 2906 qua:
2688 2843 2908 2889 uentura
2947 2844 3065 2889 sunt
3105 2835 3162 2888 in
3202 2835 3484 2889 novissimo
3514 2850 3534 2889 :
3565 2842 3614 2889 et

2005 2930 2224 2985 sciemus
2253 2931 2501 3001 quoniam
2530 2929 2606 2984 dii
2631 2932 2776 2985 estis.
2811 2927 2952 2984 Bene
2980 2927 3217 3002 facite'et
3239 2928 3411 2998 male,
3439 2939 3486 2985 et
3516 2929 3616 2984 ad-

2007 3022 2354 3078 mirabimur:
2377 3031 2426 3078 et
2457 3022 2743 3078 videbimus
2773 3023 2932 3078 simul
2959 3023 3096 3077 unde
3121 3023 3233 3078 sitis
3251 3039 3362 3090 vos,
3395 3034 3441 3079 et
3477 3024 3616 3080 unde

2005 3116 2074 3170 sit
2098 3132 2228 3188 opus
2249 3126 2470 3171 vestrum
2491 3117 2586 3172 :de
2607 3129 2744 3172 terra
2765 3117 3204 3174 abominationum
3227 3119 3615 3191 elegeruntuos.

298 3223 551 3268 teternum
573 3213 698 3268 :sed
729 3228 862 3284 aqua
894 3228 1048 3280 quam
1073 3229 1168 3284 ego
1197 3211 1388 3266 dedero
1415 3212 1482 3278 ei,
1511 3211 1598 3280 ﬁet
1621 3211 1676 3266 in
1701 3228 1760 3265 eo
1790 3213 1907 3282 fons
1932 3213 1976 3275 C
2011 3209 2296 3276 Quomodo
2334 3225 2500 3282 supra
2539 3209 2780 3268 diximus
2802 3253 2816 3279 ,
2857 3212 3132 3282 duplicem
3180 3227 3303 3269 esse
3347 3213 3518 3269 Jacob
3561 3223 3619 3270 et

298 3321 450 3372 aqua
479 3302 717 3360 salientis
759 3305 815 3358 in
843 3306 1000 3359 vitam
1030 3317 1296 3360 wternam.
1325 3305 1391 3360 Et
1423 3305 1616 3362 iterum
1655 3323 1666 3358 :
1702 3305 1765 3362 Si
1788 3306 1904 3378 quis

299 3399 408 3455 sitit
435 3441 449 3465 ,
477 3399 650 3455 veniat
675 3400 746 3452 ad
765 3414 843 3454 me
868 3409 919 3454 et
945 3399 1103 3455 bibat.
1139 3398 1239 3467 Qui
1266 3399 1446 3455 biberit
1490 3401 1554 3456 dc
1580 3417 1716 3472 aqua
1751 3419 1906 3475 quam

303 3506 398 3560 ego
421 3491 557 3546 dabo
578 3490 647 3556 ei,
680 3491 902 3560 ﬂumina
939 3492 1001 3545 de
1035 3500 1208 3546 ventre
1236 3493 1351 3558 eius
1397 3493 1560 3564 ﬂuent
1603 3509 1751 3562 aqua:
1785 3494 1908 3550 viva:

309 3581 504 3656 (Idem.
538 3597 636 3648 VII,
661 3583 754 3650 '57,
784 3582 877 3645 58,
911 3581 1026 3655 59).
1058 3582 1172 3638 Hoc
1198 3594 1394 3651 autem,
1425 3584 1600 3656 inquit
1621 3586 1909 3658 Evangeli-

305 3683 409 3739 sta,
441 3675 642 3730 dicebat
663 3675 728 3730 de
751 3675 953 3749 Spiritu
972 3676 1190 3744 Sancto,
1209 3693 1361 3748 quem
1379 3677 1643 3733 credentes
1657 3679 1712 3732 in
1730 3695 1791 3734 eo
1818 3695 1907 3732 ac-

308 3769 510 3842 cepturi
563 3779 734 3824 erant.
763 3768 900 3838 Quia
945 3769 1110 3842 igitur
1145 3772 1360 3827 deserta
1400 3769 1673 3842 quondam
1720 3771 1911 3828 Eccle-

309 3862 406 3918 sia:
444 3861 757 3932 multitudo,
807 3863 961 3932 aquis
1008 3862 1262 3919 vitalibus
1293 3861 1468 3920 fuerat
1504 3864 1746 3934 irrigata.
1785 3879 1915 3934 pro-

311 3969 493 4031 pterea
519 3959 674 4030 juxta
706 3958 849 4015 LXX
881 3972 1173 4016 nascuntur
1205 3963 1258 4015 in
1279 3975 1342 4017 ea
1371 3959 1591 4026 cedrus,
1627 3969 1682 4016 et
1716 3960 1910 4029 buxus,

315 4059 369 4108 et
398 4063 628 4126 myrtus,
650 4063 706 4108 et
733 4052 1070 4125 cyparissus,
1101 4061 1158 4109 et
1185 4053 1416 4125 populus
1444 4071 1456 4107 :
1481 4052 1636 4124 juxta
1686 4051 1915 4109 Hebrai-

315 4159 459 4213 cum,
489 4153 548 4200 et
575 4152 806 4202 caeteros
831 4145 1180 4217 lnterpretes,
1213 4144 1432 4212 cedrus,
1481 4153 1641 4212 setta,
1672 4154 1729 4201 et
1766 4161 1916 4217 myr-

320 4249 429 4309 tus,
457 4249 512 4298 et
532 4241 739 4312 lignum
769 4241 946 4307 olivm,
979 4251 1036 4297 et
1061 4241 1236 4307 abies,
1269 4249 1325 4297 et
1351 4240 1531 4297 ulmus
1551 4249 1606 4296 et
1647 4240 1822 4297 buxus
1845 4241 1914 4296 si-

319 4335 452 4392 tnui.
491 4335 629 4404 Quae
653 4334 944 4391 varietates
997 4334 1272 4402 arborum,
1315 4334 1688 4392 diversitatem
1715 4333 1920 4406 signifi-

321 4441 444 4487 cant
466 4431 658 4502 gratia:
677 4427 996 4500 spiritualis.
1030 4429 1096 4484 Et
1114 4429 1240 4500 quia
1251 4428 1710 4484 omnibusnatnra
1731 4442 1919 4485 earum

322 4533 444 4581 nota
465 4533 575 4591 est,
602 4521 672 4579 de
698 4522 880 4579 Ser-ra
911 4519 1096 4596 (mw)
1130 4533 1335 4578 tantum
1357 4521 1624 4579 Hebraico
1649 4520 1922 4579 edissera-

2009 3303 2198 3372 lsrael,
2219 3320 2329 3362 non
2353 3306 2690 3362 credentium
2709 3315 2871 3378 atque
2891 3306 3236 3363 credentium
3254 3309 3306 3363 in
3327 3308 3619 3365 Dominum

2008 3397 2347 3455 Salvatorem
2392 3416 2407 3454 :
2447 3401 2524 3455 ita
2580 3402 2794 3458 vocatis
2847 3402 3139 3472 gentibus,
3188 3411 3244 3459 et
3289 3401 3343 3458 in
3397 3401 3620 3459 deserto

2015 3493 2294 3563 quondam
2324 3494 2582 3551 Ecclesia:
2602 3495 3027 3567 erumpentibus
3046 3495 3224 3551 ﬂuviis
3247 3495 3619 3565 fontibusque,

2011 3597 2069 3646 et
2110 3594 2308 3647 mirum
2341 3589 2394 3644 in
2443 3591 2662 3646 modum
2712 3601 2966 3648 comante
3016 3591 3280 3647 varietate
3331 3590 3615 3656 arborum,

2013 3684 2228 3739 cunctis
2247 3683 2496 3739 ubertate
2517 3682 2867 3752 plenissimis,
2885 3683 2974 3754 qui
3000 3682 3054 3738 in
3081 3681 3360 3738 Christum
3389 3696 3453 3738 ex
3486 3697 3621 3752 gen.

2015 3777 2165 3833 tibus
2203 3777 2434 3834 credere
2460 3779 2787 3846 noluerunt,
2821 3787 3189 3848 provocantur
3217 3775 3285 3831 ad
3323 3774 3622 3847 judicium,

2013 3879 2076 3926 ut
2101 3870 2471 3940 respondeant
2497 3886 2598 3926 cur
2621 3871 2833 3937 videre,
2863 3877 2920 3927 et
2948 3871 3088 3926 scire
3108 3879 3164 3926 et
3207 3871 3535 3942 recogitare,
3568 3877 3624 3926 et

2019 3963 2326 4034 intelligere
2349 3963 2650 4031 noluerint,
2672 3963 2802 4036 quia
2824 3977 3015 4018 manus
3038 3962 3253 4020 Domini
3281 3965 3383 4018 ista
3407 3961 3626 4031 fecerit,

2017 4063 2074 4113 et
2097 4056 2333 4114 Sanctus
2359 4057 2526 4113 Israel
2569 4058 2846 4115 creaverit
2889 4057 3162 4114 universa.
3196 4057 3508 4125 Accedant,
3542 4055 3630 4113 itt-

2018 4151 2157 4222 quit,
2191 4150 2337 4206 idola
2372 4159 2586 4219 vestra,
2615 4167 2734 4221 qua:
2763 4151 2966 4222 putatis
3010 4165 3134 4209 esse
3175 4150 3493 4207 fortissima.
3524 4149 3627 4206 Vel

2021 4243 2232 4309 atl'erte,
2259 4244 2304 4299 si
2331 4242 2460 4315 quid
2489 4243 2634 4300 forte
2664 4244 2876 4300 habetis
2897 4243 2950 4300 in
2975 4244 3164 4310 vobis;
3196 4254 3252 4300 et
3281 4253 3464 4300 vestra
3491 4257 3622 4314 ape-

2020 4337 2129 4396 rite
2150 4336 2404 4406 eonsilia,
2423 4352 2530 4408 qua
2551 4337 2785 4405 ratione,
2820 4354 2928 4404 quo
2957 4353 3126 4395 sensu
3159 4337 3448 4394 nolueritis
3477 4351 3634 4408 aper-

2025 4443 2135 4488 tam
2177 4432 2464 4502 suscipere
2505 4432 2812 4490 veritatem.
2857 4435 3147 4504 Simulque
3207 4434 3268 4490 ﬂt
3301 4435 3636 4506 apostropha

2025 4526 2094 4582 ad
2123 4527 2238 4598 ipsa
2269 4525 2436 4594 idola,
2459 4543 2580 4598 qua:
2602 4526 2940 4584 insensibilia
2963 4536 3113 4596 sunt,
3143 4535 3201 4600 et
3229 4543 3330 4585 nec
3355 4527 3636 4596 audiendi,

324 4633 466 4686 mus,
493 4631 660 4688 quam
688 4614 894 4688 spinam
933 4613 1237 4672 Theodotio
1284 4616 1574 4672 transtulit.
1617 4615 1712 4671 Est
1739 4625 1922 4672 autem
1949 4616 2004 4678 D
2029 4635 2130 4676 nec
2157 4619 2528 4693 respondendi
2557 4621 2844 4691 posSident
2866 4620 3202 4678 facultatem.
3224 4622 3420 4692 Dicite,
3437 4621 3636 4692 inquit,

323 4727 492 4784 genus
521 4709 735 4766 arboris
754 4705 1028 4764 nascentis
1049 4708 1102 4764 in
1133 4723 1339 4778 eremo,
1359 4709 1530 4779 spinae
1557 4708 1696 4764 alba:
1718 4709 1926 4766 habens

325 4803 759 4870 similitudinem;
773 4801 918 4858 unde
931 4800 1110 4858 omnia
1135 4801 1277 4872 ligna
1294 4811 1320 4840 ι
1332 4817 1495 4868 arcae,
1509 4813 1566 4858 et
1586 4803 1926 4860 tabernaculi

325 4897 461 4954 facta
484 4897 1141 4966 suntinstrumenta,quas
1163 4895 1700 4964 appellanturSettim
1722 4895 1922 4970 (Exod.

326 4993 530 5064 xxxvii)
565 5009 579 5045 :
616 4989 763 5063 quod
821 4988 1026 5060 lignum
1081 4987 1419 5057 imputribile
1474 4999 1530 5046 et
1573 4989 1929 5059 levissimum,

326 5087 569 5142 omnium
597 5085 891 5156 lignorum,
915 5092 1024 5138 tam
1053 5081 1108 5137 in
1131 5081 1451 5138 fortitudine
1467 5097 1627 5152 quam
1653 5084 1704 5138 in
1731 5083 1930 5151 nitore,

329 5178 661 5235 soliditatem
689 5185 913 5248 superat
939 5185 995 5231 ct
1025 5175 1501 5248 pulchritudinem.
1525 5173 1732 5231 Cedrus
1750 5184 1932 5232 autem

330 5275 733 5348 etcyparissus,
750 5281 804 5328 et
831 5282 1061 5345 myrtus,
1100 5270 1284 5328 odoris
1311 5269 1498 5340 optimi
1550 5282 1706 5336 sunt,
1739 5279 1794 5326 et
1836 5269 1937 5325 im-

332 5367 637 5438 putribiles.
679 5364 872 5422 Ulmus
891 5379 1107 5437 quoque
1123 5375 1178 5422 et
1205 5363 1453 5436 populus,
1480 5362 1596 5420 sive
1623 5363 1818 5431 buxus,
1849 5361 1936 5421 vel

336 5461 660 5520 maritandis
685 5461 886 5518 vitibus
911 5461 1231 5533 junguntur,
1283 5459 1367 5515 vel
1421 5459 1487 5514 ad
1518 5458 1731 5515 diversa
1769 5473 1934 5529 opera

336 5557 636 5628 aptissima:
663 5562 810 5611 sunt.
847 5553 974 5610 Haec
1001 5563 1181 5612 autem
1226 5552 1411 5610 omnia
1434 5552 1638 5625 pariter
1660 5562 1936 5624 ponuntur

415 5755 440 5784 λ
470 5747 647 5812 Alias,
674 5760 802 5800 arte.
826 5743 1105 5816 Ambros.,
1132 5744 1308 5802 omnia
1325 5744 1381 5800 in
1404 5759 1540 5800 arcte
1559 5749 1605 5800 et
1631 5739 1950 5798 tabernaculi

345 5822 484 5890 facta
501 5824 626 5874 sunt
654 5817 1012 5873 instrumento.

2025 4715 2185 4770 nobis
2211 4715 2294 4770 vel
2327 4717 2638 4785 praeterita.
2662 4715 2748 4771 vel
2781 4715 2992 4783 futura,
3024 4726 3080 4772 et
3111 4732 3179 4772 ex
3213 4733 3398 4774 rerum
3428 4716 3642 4774 eventi-

2019 4806 2122 4863 bus
2151 4816 2389 4863 vestram
2423 4807 2718 4878 potentiam
2748 4808 3148 4866 demonstrate.
3179 4809 3292 4867 lloc
3323 4818 3512 4867 autem
3561 4809 3642 4866 sic

2029 4899 2276 4971 gniﬁcat,
2313 4899 2457 4970 quod
2488 4909 2614 4971 post
2659 4898 2958 4956 adventum
3000 4899 3204 4958 Christi
3257 4903 3440 4958 omnia
3494 4899 3643 4955 idola

2034 4990 2401 5049 conticuetint
2431 5010 2442 5046 :
2476 4991 2568 5048 ubi
2596 4992 2796 5064 Apollo
2827 4993 3152 5066 Delphicus,
3185 5004 3240 5051 et
3275 4993 3506 5060 Loxias,
3539 4992 3644 5049 De-

2039 5085 2273 5157 liusque,
2299 5094 2354 5140 et
2373 5083 2608 5154 Clarius,
2635 5094 2690 5142 et
2715 5093 2914 5143 caetera
2939 5087 3105 5155 idola,
3134 5088 3443 5143 futurorum
3466 5085 3644 5140 scien-

2043 5183 2174 5238 tiam
2221 5180 2567 5252 pollicentia,
2594 5198 2716 5252 quae
2747 5197 2907 5254 reges
2951 5181 3366 5254 potentissimos
3410 5181 3648 5252 decepe-

2041 5275 2205 5332 runt?
2229 5276 2342 5331 Cur
2369 5274 2439 5332 de
2465 5272 2684 5332 Christo
2707 5275 2844 5332 nihil
2875 5286 3101 5348 potuere
3139 5275 3472 5347 praedicere;
3510 5274 3648 5332 nihil

2039 5368 2109 5425 de
2133 5368 2413 5440 Apostolis
2438 5371 2599 5436 eius;
2633 5369 2767 5425 nihil
2795 5368 2863 5426 de
2883 5371 3060 5426 ruinis
3089 5380 3145 5426 et
3175 5366 3471 5426 abolitione
3501 5377 3639 5424 lem-

2039 5461 2373 5534 plorum?Si
2398 5477 2532 5535 ergo
2553 5478 2710 5518 suum
2739 5463 3018 5519 interitum
3049 5477 3157 5517 non
3191 5469 3416 5531 potuere
3446 5461 3652 5531 pradi-

2038 5569 2190 5626 cere,
2220 5553 2499 5627 quomodo
2529 5553 2695 5629 505
2738 5555 2959 5621 aliena,
3013 5553 3103 5609 vel
3149 5553 3331 5622 mala,
3369 5553 3458 5612 vel
3505 5554 3652 5614 bona

2124 5737 2154 5780 δ
2187 5739 2484 5812 Perperam
2512 5748 2671 5798 antea
2699 5740 3149 5798 eratAccendant.
