4096 6330
541 266 650 342 ita

1798 279 1856 336 S.
1899 278 2171 338 EUSEBII
2213 278 2593 340 IIIERONYMI

3748 287 3844 348 lio

537 381 835 471 potuerunt
859 398 966 471 [ΑΙ.
999 395 1301 469 potuerint]
1332 393 1629 451 nuntiare?
1670 392 1824 464 Quod
1856 397 1904 452 si
1934 396 2131 467 aliquis
2158 411 2208 475 Α
2235 399 2322 470 qui
2351 399 2533 452 audiat
2561 396 2714 453 verba
2745 405 2936 454 castra.
2966 396 3296 468 Principium
3321 400 3456 458 Sion
3477 402 3617 460 dabo
3645 419 3662 458 :
3686 412 3734 459 et
3757 404 3843 460 Je-

540 491 765 558 dixerit,
790 492 958 547 multa
989 489 1057 546 ab
1082 489 1239 545 idolis
1257 503 1384 546 esse
1414 487 1694 561 praedicta,
1727 489 1828 546 hoc
1855 490 2135 545 sciendum

538 586 683 658 quod
736 601 955 656 semper
990 585 1338 642 mendacium
1383 585 1669 656 junxcrint
1698 587 1914 642 veritati
1939 627 1956 654 ,
1982 597 2036 643 et
2059 585 2138 644 sic

535 680 838 736 sententias
868 681 1253 752 temperarint,
1288 688 1346 736 ut
1388 696 1484 738 seu
1524 680 1654 738 boni
1693 696 1792 742 seu
1840 682 1966 738 ntali
2008 681 2136 753 quid

533 770 852 839 accidisset,
900 781 1197 844 utrumque
1249 782 1436 844 posset
1482 772 1740 845 intelligi.
1775 772 1845 832 Ut
1885 782 1970 832 est
2004 773 2136 830 illud

533 863 729 937 Pyrrhi
752 865 897 938 regis
916 864 1266 938 Epirotarum
1297 883 1310 921 :

685 1021 713 1053 ⁸
739 1020 831 1074 Alo
854 1025 926 1082 te,
952 1019 1169 1082 )Eacida,
1196 1019 1444 1074 Romanos
1468 1024 1668 1075 vincere
1696 1036 1860 1088 posse.

529 1163 598 1219 Et
623 1161 800 1220 Crmsi
833 1177 848 1217 :
880 1160 1086 1218 Crassis
1115 1170 1470 1231 transgressus
1496 1160 1695 1233 Halgnt
1725 1160 1952 1215 maxime
1972 1176 2133 1232 regno

527 1254 724 1329 perdet.
749 1255 912 1310 Aliud
935 1270 1153 1326 quoque
1173 1255 1386 1326 signum
1407 1264 1514 1321 est,
1531 1253 1678 1312 idola
1697 1253 1834 1310 deos
1852 1269 1959 1308 non
1983 1269 2128 1322 esse,

523 1347 673 1419 quod
704 1363 806 1404 nec
833 1348 973 1404 bene
999 1348 1211 1419 possint
1254 1346 1436 1404 facere
1460 1388 1474 1414 ,
1507 1362 1608 1403 nec
1648 1347 1808 1402 male.
1853 1346 1970 1402 Non
2021 1362 2131 1419 quo

525 1441 699 1509 idola,
729 1443 812 1498 vel
837 1443 1116 1500 daemones
1141 1440 1452 1498 assidentes
1474 1441 1656 1508 idolis,
1683 1440 1823 1498 mala
1851 1455 1996 1510 sa-pe
2022 1457 2129 1497 non

522 1536 789 1603 fecerint;
813 1537 909 1594 sed
939 1551 1050 1608 quo
1083 1536 1183 1592 nisi
1215 1550 1480 1592 concessa
1512 1534 1594 1590 eis
1629 1533 1790 1592 fuerit
1819 1542 2062 1605 potestas
2099 1551 2126 1588 a

525 1632 776 1699 Domino,
810 1632 914 1688 hoc
941 1631 1124 1687 facere
1149 1645 1257 1686 non
1285 1630 1512 1699 possint.
1535 1629 1779 1699 Denique
1807 1629 1860 1683 in
1887 1629 2130 1700 Evange-

519 1725 598 1782 lio
625 1726 1016 1797 deprecantur,
1047 1735 1102 1778 ut
1134 1724 1373 1780 habeant
1399 1730 1721 1792 potestatem
1751 1722 1801 1776 in
1835 1736 2124 1792 porcorum

2241 491 2471 545 rusalem
2492 490 2795 546 consolabor
2815 491 2870 546 in
2891 492 2974 546 via
2997 507 3016 548 .'
3039 509 3159 548 nant
3187 492 3254 548 de
3275 495 3512 566 gentibus
3535 495 3714 550 nullus
3750 509 3837 564 est,

2238 594 2286 639 et
2307 585 2370 640 de
2403 583 2695 640 simulacris
2725 586 2959 658 ipsorum
2991 603 3093 642 non
3127 597 3241 644 erat
3273 589 3360 659 qui
3389 589 3726 646 annuntiaret
3753 607 3771 644 :
3798 601 3842 646 et

2238 679 2284 733 si
2307 680 2686 752 interrogauero
2709 695 2815 746 eos,
2844 681 2981 736 unde
2993 681 3136 750 estis,
3156 697 3263 738 non
3280 683 3663 756 respondebunt
3681 684 3840 742 mihi:

2236 780 2356 827 sunt
2381 772 2515 826 enim
2533 775 2757 843 factores
2777 773 2950 842 uestri,
2971 781 3018 828 et
3039 778 3238 844 [rustra
3256 776 3504 832 seducunt
3522 791 3635 832 vos.
3656 777 3843 838 Adhuc

2236 872 2424 922 contra
2455 863 2595 922 idola
2623 864 2887 936 loquitur,
2914 875 2969 922 et
2991 881 3088 924 eos
3114 867 3212 939 qui
3236 877 3359 939 post
3381 868 3675 932 adventum
3691 871 3842 930 Chri-

2235 956 2329 1020 sti,
2355 970 2418 1010 ea
2453 955 2764 1028 relinquere
2786 958 3105 1016 noluerunt.
3129 959 3356 1032 “lisque
3387 965 3838 1033 permanentibus

2237 1047 2291 1104 in
2313 1065 2522 1116 errore,
2554 1050 2671 1120 ipse
2693 1050 2761 1106 ab
2789 1052 3058 1122 Aquilone
3087 1053 3394 1113 suscitasse
3423 1072 3485 1114 se
3505 1057 3639 1116 dicit
3673 1075 3838 1131 popu-

2235 1141 2346 1198 lum
2380 1144 2687 1202 nationum.
2713 1145 2796 1200 Ab
2829 1146 3099 1216 Aquilone
3123 1149 3272 1206 enim
3296 1151 3664 1210 exardescent
3700 1157 3833 1212 mala

2233 1250 2397 1308 super
2423 1250 2616 1294 omnes
2643 1237 2982 1296 habitatores
3020 1251 3204 1298 terrai.
3238 1243 3307 1297 Et
3334 1243 3403 1300 ad
3433 1243 3731 1308 Ieremiam
3761 1250 3834 1306 di-

2233 1331 2375 1389 citur
2409 1351 2422 1388 :
2458 1334 2596 1401 Quid
2625 1343 2679 1389 tu
2706 1336 2868 1402 vides,
2887 1334 3118 1393 Ieremia
3138 1339 3249 1396 νει
3269 1339 3364 1396 ille
3385 1343 3715 1411 respondit:
3746 1344 3828 1402 Ol-

2232 1424 2338 1480 lam
2358 1441 2690 1482 succensum:
2707 1439 2756 1482 et
2779 1427 2969 1498 [aciem
2990 1431 3103 1502 ejus
3127 1446 3161 1484 a
3193 1431 3327 1498 [acie
3349 1431 3626 1499 Aquilonis
3644 1433 3774 1506 (Jer.
3793 1453 3830 1504 t,

2235 1515 2350 1590 15).
2377 1517 2722 1573 Suscitautur
2757 1529 2936 1576 autem
2972 1521 3042 1575 ali
3085 1522 3392 1592 Aquilone,
3425 1534 3487 1581 ut
3516 1527 3752 1584 credant
3779 1530 3829 1588 in

2230 1625 2354 1666 cum
2377 1610 2470 1682 qui
2494 1613 2704 1668 venerit
2725 1613 2793 1667 ab
2815 1624 2939 1670 Ol'lll
2967 1614 3124 1671 solis.
3147 1615 3224 1672 De
3246 1632 3356 1688 quo
3370 1633 3540 1690 supra
3566 1620 3824 1692 legimus:

2234 1703 2361 1770 Quis
2393 1705 2658 1760 suscitavit
2694 1708 2759 1761 ab
2789 1706 2998 1762 Oriente
3034 1710 3251 1777 iustum,
3281 1712 3398 1768 sive
3427 1716 3740 1786 justitiam?
3766 1719 3829 1775 Et

515 1833 733 1891 gregem
763 1817 1082 1891 (Matthnnu
1101 1816 1145 1887 ).
1183 1816 1248 1872 Et
1271 1816 1326 1871 in
1351 1816 1455 1871 Job
1481 1815 1743 1884 legimus,
1774 1813 1983 1883 absque
2013 1813 2110 1870 Do-

2232 1798 2284 1852 in
2315 1797 2428 1852 alto
2459 1799 2578 1852 loco
2613 1817 2624 1852 :
2659 1797 2792 1854 Ecce
2817 1802 2892 1853 vir
2931 1799 3115 1858 Oriens
3143 1819 3328 1860 nomen
3364 1807 3477 1877 ejus
3511 1805 3711 1875 (Zach.
3741 1826 3788 1866 Vl
3808 1852 3824 1877 ,

517 1910 933 1981 miuilussione,
960 1924 1085 1964 eum
1111 1906 1438 1980 (Diabolum)
1457 1905 1556 1961 viri
1584 1904 1760 1961 sancti
1786 1921 1853 1961 ne
1880 1906 2124 1976 jumenta

518 2003 740 2075 quidem
763 2013 818 2058 et
850 2001 1234 2072 possessiones
1263 1999 1503 2055 valuisse
1531 1997 1852 2067 disperdere
1875 1997 2023 2066 (Job.
2058 1998 2122 2067 t).

517 2093 628 2152 Nec
660 2094 859 2149 mirum
891 2091 997 2148 hoc
1023 2093 1094 2150 de
1135 2092 1268 2156 Deo.
1301 2107 1428 2146 eum
1460 2090 1628 2148 etiam
1656 2090 1955 2160 Apostolus
1985 2090 2126 2145 Pau-

518 2185 606 2242 lus
635 2185 815 2242 tradat
842 2185 1109 2257 quosdam
1141 2184 1379 2250 Satanae,
1405 2193 1464 2238 ut
1484 2182 1695 2239 discant
1723 2199 1836 2238 non
1866 2182 2120 2253 blasphe-

517 2295 673 2336 mare
701 2279 746 2347 (I
773 2277 916 2348 _Tim.
947 2277 1006 2350 ι).
1041 2277 1170 2334 Sive
1205 2277 1307 2331 hoc
1336 2275 1651 2344 dicendum,
1691 2276 1836 2348 quod
1868 2285 2014 2332 muta
2047 2276 2119 2332 si-

516 2373 757 2430 mulacra
793 2371 1076 2426 hominum
1107 2378 1162 2426 et
1194 2367 1532 2426 insensibilia
1555 2409 1570 2435 ,
1603 2384 1705 2424 nec
1736 2368 1877 2426 bene
1905 2369 2120 2439 possint

519 2465 734 2528 facere,
762 2477 863 2519 nec
889 2461 1031 2520 male
1051 2503 1066 2529 ,
1104 2475 1204 2518 nec
1239 2460 1515 2532 praeterita
1560 2474 1754 2528 nosse,
1784 2475 1885 2518 nec
1915 2460 2115 2527 futura,

511 2549 734 2631 quia’ex
762 2558 934 2614 nihilo
959 2556 1090 2620 sint,
1120 2565 1176 2613 et
1203 2571 1271 2614 ex
1298 2571 1366 2612 eo
1411 2555 1556 2627 quod
1608 2570 1716 2610 non
1748 2564 1863 2619 est,
1903 2563 1958 2612 et
2005 2569 2113 2611 non

511 2658 621 2706 tam
653 2649 795 2721 ipsa,
823 2665 984 2721 quam
1015 2648 1110 2706 ille
1137 2648 1230 2719 qui
1254 2664 1315 2702 ea
1347 2648 1513 2715 colat,
1542 2647 1951 2704 abominatione
1978 2662 2112 2702 con-

505 2743 705 2815 dignus
729 2744 820 2798 sit.
845 2740 1000 2798 ldola
1027 2742 1164 2798 enim
1201 2741 1452 2814 gentium,
1490 2749 1764 2813 argentum
1807 2750 1856 2796 et
1897 2758 2108 2806 aurum,

507 2854 665 2910 opera
689 2854 935 2893 manuum
963 2836 1253 2892 hominum.
1283 2835 1356 2894 0s
1378 2835 1598 2902 habent,
1627 2847 1672 2892 et
1702 2852 1806 2892 non
1835 2836 2112 2908 loquentur

507 2931 630 3004 (Ps.
655 2946 809 2997 cxttt,
841 2929 953 3002 15).
977 2930 1262 2999 Quomodo
1289 2945 1422 3001 ergo
1447 2936 1677 3001 possunt
1705 2934 1848 2986 scire
1880 2937 1938 2986 et
1972 2946 2112 2986 nun-

506 3026 647 3082 tiare
674 3033 924 3091 ventura,
945 3035 1039 3080 aut
1067 3039 1290 3080 narrare
1318 3023 1622 3095 praeterita,
1650 3033 1706 3079 et
1733 3023 1875 3078 bene
1902 3021 2106 3090 facere,

507 3118 594 3173 vel
619 3116 782 3182 male,
799 3131 919 3186 qua:
942 3130 1041 3172 nec
1063 3115 1346 3172 hominum
1367 3130 1588 3172 sensum
1611 3115 1837 3180 habent,
1859 3131 1958 3172 nec
1978 3117 2107 3172 bru-

2232 1889 2342 1958 l2).
2371 1888 2470 1956 Qui
2505 1889 2722 1946 vocabit
2751 1889 2869 1962 [Αι.
2897 1893 3150 1966 vocavit]
3181 1910 3274 1950 eos
3323 1899 3547 1956 nomine
3579 1916 3734 1969 meo,
3769 1913 3824 1958 ut

2227 1980 2505 2037 derelictis
2536 1982 2871 2049 simulacris,
2904 2001 3067 2041 unum
3098 1987 3284 2044 colant
3311 1989 3503 2046 Deum.
3535 1990 3658 2063 Ipse
3685 1994 3822 2052 enim

2224 2073 2469 2146 loquitur
2495 2077 2546 2129 in
2574 2077 2869 2148 Evangelio
2896 2095 2910 2132 :
2935 2077 3048 2152 Ego
3069 2081 3182 2136 ueni
3203 2081 3256 2134 in
3278 2084 3485 2138 nomine
3508 2083 3686 2142 Patris
3710 2091 3824 2156 mei,

2223 2177 2389 2225 etnon
2403 2170 2700 2242 suscepistis
2727 2187 2804 2226 me
2827 2187 2844 2226 :
2863 2172 2996 2226 alius
3021 2174 3180 2229 veniet
3200 2179 3252 2229 in
3271 2177 3481 2232 nomine
3501 2195 3624 2244 suo,
3647 2191 3696 2235 et
3716 2199 3824 2236 sus-

2224 2263 2422 2336 cipietis
2446 2261 2773 2334 eum(loan.
2805 2280 2866 2332 v,
2899 2265 3016 2337 l5).
3075 2267 3198 2337 Ipse
3243 2271 3520 2342 principes
3559 2283 3614 2328 et
3656 2275 3822 2346 magi-

2221 2366 2445 2422 stratus,
2472 2367 2526 2412 ct
2553 2373 2772 2414 omnem
2803 2360 2990 2415 mundi
3018 2362 3331 2432 superbiam
3359 2365 3706 2422 cnticulcabit
3730 2410 3746 2435 ,
3769 2377 3824 2426 et

2219 2451 2581 2522 subjicientur
2627 2453 2676 2506 ei
2721 2453 2874 2524 quasi
2927 2456 3100 2510 lutum
3143 2454 3328 2527 ﬁgulo,
3365 2466 3425 2514 ut
3452 2458 3620 2514 faciat
3648 2476 3712 2516 es
3745 2461 3820 2518 eis

2218 2543 2367 2600 aliud
2393 2559 2486 2599 vas
2516 2548 2566 2600 iu
2593 2544 2862 2604 honorem
2885 2589 2899 2612 ,
2929 2548 3074 2602 aliud
3105 2548 3158 2604 in
3198 2552 3588 2608 contumeliam
3632 2552 3814 2624 (Rosa.

2218 2637 2316 2706 ts).
2345 2635 2469 2690 llaec
2498 2653 2618 2710 quae
2646 2652 2748 2708 ego
2772 2638 2932 2710 juxta
2961 2641 3411 2698 consuetudinem
3445 2643 3815 2715 prOpbetalem

2216 2730 2412 2786 fecisse
2445 2746 2532 2786 nte
2559 2731 2683 2786 dico
2702 2775 2718 2800 ,
2752 2733 2907 2804 quasi
2933 2732 3046 2803 jam
3075 2737 3354 2806 pra-terim
3378 2737 3490 2794 sint.
3510 2780 3525 2805 ,
3554 2741 3641 2794 vel
3661 2740 3811 2810 juxta

2216 2822 2628 2896 Symmachum,
2661 2831 2839 2898 futura
2874 2827 3141 2892 polliceor
3166 2872 3180 2894 .
3213 2829 3399 2886 nullus
3429 2832 3742 2892 daemonum
3765 2843 3817 2892 et

2214 2914 2485 2972 idolorum
2519 2929 2696 2986 potest
2725 2917 3045 2988 prazdicere.
3084 2919 3235 2976 Unde
3263 2923 3483 2978 oracula
3509 2937 3708 2980 cuncta
3737 2934 3813 2980 ta-

2211 3019 2468 3074 cuerunt,
2503 3009 2628 3080 quia
2655 3027 2816 3068 nemo
2835 3023 2920 3068 est
2946 3012 3036 3084 qui
3064 3015 3348 3071 annuntiat
3369 3057 3385 3082 ,
3417 3033 3580 3073 nemo
3608 3019 3698 3090 qui
3725 3034 3815 3074 au-

2209 3104 2347 3168 diat.
2381 3104 2506 3158 dum
2539 3104 2697 3160 bruta
2734 3105 2886 3176 prius
2915 3106 3082 3162 corda
3113 3109 3395 3179 gentilium
3427 3112 3814 3170 intellexerunt

505 3220 684 3266 torum
707 3209 1100 3266 animantium?
1129 3208 1240 3264 Nec
1270 3209 1520 3277 interest,
1552 3208 1621 3264 de
1642 3223 1746 3279 qua
1772 3209 1997 3264 materia
2021 3208 2106 3264 ia-

2216 3211 2453 3253 errorem
2495 3212 2682 3260 suum.
2716 3211 2770 3255 et
2803 3199 2934 3254 falsa
2974 3201 3231 3258 vaticinia
3261 3203 3622 3274 reliquerunt.
3647 3205 3672 3242 ά
3701 3206 3810 3262 Pri-

504 3315 591 3360 cta
618 3303 925 3368 videantur,
955 3318 1078 3358 cum
1110 3303 1363 3358 universa
1395 3309 1608 3358 terrena
1633 3300 1763 3356 sint.

581 3397 760 3469 (Vers.
792 3395 864 3452 25
894 3397 1035 3469 seq.)
1067 3397 1354 3453 Suscitavil
1375 3395 1437 3450 ab
1467 3395 1746 3466 Aquilone,
1778 3404 1828 3450 et
1853 3396 2020 3450 ueniet
2040 3397 2106 3450 ab

493 3499 612 3548 ortu
631 3488 760 3545 solis
784 3504 804 3545 .°
826 3490 1022 3546 vocabit
1045 3488 1158 3562 [AL
1183 3487 1405 3560 uocauit]
1437 3504 1624 3542 nomen
1648 3503 1838 3554 meum,
1865 3497 1912 3541 et
1933 3487 2105 3542 addu-

501 3594 576 3639 cet
600 3584 936 3658 magistratus
959 3584 1109 3654 quasi
1141 3585 1308 3637 lutum
1338 3597 1357 3636 .'
1378 3591 1426 3635 et
1466 3582 1600 3636 velut
1649 3582 1843 3652 ﬁgulus
1887 3582 2102 3635 concul-

500 3692 622 3730 cans
665 3674 776 3748 [AL
821 3672 1174 3746 conculcavit]
1221 3672 1456 3728 humum.
1507 3673 1632 3740 Quis
1672 3673 2004 3728 annuntiavit
2040 3672 2102 3728 ab

497 3769 714 3825 exordio
741 3811 756 3836 ,
782 3779 852 3824 ut.
867 3771 1094 3824 sciamus
1121 3775 1212 3824 :et
1232 3784 1262 3822 a
1295 3767 1571 3840 principia,
1597 3777 1654 3822 ut
1684 3768 1914 3822 dicamus
1948 3783 1966 3824 :
1995 3767 2100 3824 Ju-

497 3871 609 3918 stus
634 3878 709 3918 es.
735 3859 861 3916 Non
890 3871 964 3917 est
1005 3877 1168 3931 neque
1208 3861 1552 3926 annuntians,
1591 3875 1754 3931 neque
1795 3859 2099 3932 praedicens,

501 3970 665 4024 neque
686 3954 900 4009 audiens
923 3968 1184 4010 sermones
1209 3963 1425 4008 vestros.
1445 3949 1658 4006 Primus
1679 3952 1747 4006 ad
1769 3941 1900 4008 Sion
1924 3951 2056 4007 dicet
2082 3969 2101 4006 .°

501 4046 640 4102 Ecce
674 4046 702 4086 ι’
743 4047 969 4112 adsunt,
1009 4056 1056 4102 et
1096 4045 1392 4101 Jerusalem
1437 4045 1799 4118 evangelistam
1845 4044 1998 4100 dabo.
2033 4044 2102 4099 Et

497 4139 629 4204 ridi,
661 4149 839 4194 etnon
861 4149 968 4193 erat
991 4154 1156 4209 neque
1185 4139 1381 4192 existis
1401 4138 1676 4208 quisquam
1702 4137 1789 4207 qui
1811 4137 1960 4190 iniret
1977 4153 2105 4192 con-

497 4231 674 4287 silium
698 4247 716 4286 :
748 4241 796 4286 et
818 4234 1163 4302 interrogatus
1188 4228 1514 4302 responderet
1537 4228 1762 4283 uerbum.
1787 4226 1920 4282 Ecce
1940 4227 2100 4300 505

499 4339 677 4380 omnes
704 4322 908 4396 injusti,
940 4332 988 4376 et
1031 4337 1159 4374 rana
1189 4335 1342 4392 Opera
1383 4335 1560 4374 eorum
1591 4336 1608 4376 :
1635 4327 1808 4374 ventus
1845 4329 1891 4374 et
1921 4320 2100 4388 inania

497 4417 781 4472 simulacra
809 4431 1006 4469 eorum.
1031 4412 1177 4468 LXX
1203 4430 1216 4466 :
1246 4411 1362 4486 Ego
1388 4424 1560 4468 autem
1598 4412 1839 4468 suscitavi
1864 4430 1979 4468 eum
2013 4416 2100 4485 qui

499 4509 566 4564 ab
597 4508 851 4579 Aquilone
874 4517 970 4572 est,
1001 4513 1048 4560 et
1071 4506 1158 4576 qui
1186 4504 1250 4559 ab
1270 4514 1384 4560 ortu
1407 4504 1531 4560 solis
1559 4521 1577 4562 :
1603 4515 1624 4543 ε
1659 4504 1975 4560 vocabuntur
2001 4523 2096 4561 no-

2210 3304 2437 3362 musque
2463 3291 2723 3346 Dominus
2756 3291 3011 3364 loquetur
3032 3293 3099 3350 ad
3124 3295 3279 3362 Sion,
3312 3295 3360 3350 id
3394 3306 3499 3365 est,
3530 3298 3598 3354 ad
3625 3297 3808 3354 Eccle-

2205 3387 2341 3443 siam
2385 3402 2538 3444 suam
2580 3399 2636 3443 et
2669 3387 2810 3443 dicet
2854 3390 2904 3443 ei
2941 3406 2953 3443 :
2992 3389 3130 3444 Ecce
3159 3389 3359 3446 adsunt
3401 3390 3500 3448 lilii
3533 3392 3632 3462 tui,
3678 3406 3809 3462 quos

2205 3480 2304 3536 tibi
2346 3495 2442 3550 per
2473 3495 2646 3535 meam
2678 3480 2875 3536 donavi
2913 3480 3098 3536 ﬁdem.
3125 3480 3410 3552 Signiﬁcat
3456 3492 3642 3542 autent
3669 3487 3811 3554 Apo-

2203 3573 2394 3637 stolos,
2429 3574 2520 3643 qui
2555 3572 2608 3628 in
2638 3583 2752 3628 toto
2791 3574 2927 3630 orbe
2963 3575 3322 3646 Evangelium
3354 3576 3520 3652 506
3551 3578 3808 3648 prmdica-

2203 3677 2352 3723 runt.
2381 3669 2508 3724 Sion
2540 3679 2595 3724 et
2617 3668 2924 3726 Jerusalem
2955 3670 3270 3726 nominibus
3298 3671 3604 3740 ditiorum;
3645 3682 3806 3734 cante-

2203 3777 2321 3816 rutn
2353 3772 2410 3815 ut
2438 3776 2542 3816 una
2567 3761 2718 3827 urbs,
2747 3764 2829 3818 sic
2855 3773 2910 3819 et
2934 3779 3037 3819 una
3067 3763 3313 3820 Ecclesia
3341 3775 3447 3820 est.
3475 3765 3684 3824 Omnes
3711 3766 3805 3838 igi-

2204 3862 2290 3908 tur
2319 3863 2535 3924 gentes,
2559 3869 2680 3924 qum
2714 3853 2982 3910 idolorum
3005 3866 3305 3927 sequuntur
3336 3871 3606 3925 errorem,
3638 3859 3802 3916 inter-

2202 3957 2466 4018 rogentur
2494 3962 2524 4001 a
2568 3947 2813 4016 nubis,ut
2839 3949 3209 4020 respondeant
3239 3951 3383 4007 unde
3414 3951 3547 4007 sint.
3578 3951 3647 4008 Et
3687 3952 3802 4008 haec

2203 4043 2308 4096 erit
2337 4042 2714 4096 universarum
2746 4045 3049 4114 responsio,
3080 4043 3222 4115 quod
3262 4060 3456 4100 omnes
3504 4047 3798 4104 vanitatem

2203 4144 2507 4203 sequantur
2537 4142 2594 4188 ct
2620 4145 2832 4200 ventos,
2857 4143 2913 4191 et
2933 4134 3165 4192 adorent
3185 4152 3352 4206 opera
3386 4153 3645 4196 manuum
3673 4156 3796 4196 sua-

2186 4241 2346 4281 ‘rum.
2378 4227 2656 4298 Quidquid
2689 4228 2758 4284 de
2789 4227 2950 4284 idolis
2975 4239 3028 4284 et
3060 4229 3310 4299 gentibus
3353 4230 3590 4287 diximus
3617 4273 3635 4299 ,
3663 4232 3797 4290 rele-

2202 4332 2387 4372 ratnus
2420 4319 2486 4372 ad
2509 4319 2762 4390 dogmata
2789 4320 3104 4390 pravitatis;
3133 4332 3188 4377 et
3209 4321 3276 4376 ad
3309 4322 3588 4394 principes
3610 4339 3794 4382 eorum

2203 4409 2626 4477 haeresiarchas,
2662 4411 2805 4483 quod
2842 4410 3066 4469 Christo
3116 4429 3306 4486 pacem
3357 4416 3620 4474 Ecclesia:
3663 4434 3798 4474 nun-

2204 4504 2392 4572 tiante,
2422 4517 2475 4562 et
2503 4518 2846 4564 monstrante
2873 4509 2954 4565 eis
2978 4509 3224 4566 veritatis
3247 4513 3413 4580 viam,
3441 4513 3544 4584 ipsi
3566 4529 3798 4586 sequan-

501 4601 638 4657 mine
674 4615 810 4656 meo.
852 4597 1071 4654 Veniant
1106 4597 1367 4672 principes
1413 4607 1460 4652 et
1501 4597 1634 4652 sicut
1682 4597 1849 4652 lutum
1896 4598 2048 4671 ﬁguli
2077 4614 2096 4653 :
2124 4607 2178 4669 ι)
2206 4608 2290 4653 tur
2318 4614 2560 4654 errorem
2582 4615 2597 4666 ;
2621 4608 2677 4655 et
2698 4612 2861 4655 vento
2898 4617 2966 4656 ac
2995 4601 3222 4660 turbini-
3245 4617 3657 4676 comparentur.
3695 4605 3798 4664 lle-

498 4704 545 4750 et
570 4694 703 4750 sicut
724 4692 915 4764 ﬁgulus
936 4691 1252 4746 conculcans
1289 4691 1457 4746 lutum
1477 4731 1492 4756 ,
1523 4691 1600 4746 sic
1640 4689 2091 4746 conculcabimini.

501 4786 632 4856 Quis
657 4785 794 4841 enim
813 4784 1142 4840 annuntiabit
1175 4784 1312 4838 vobis
1352 4800 1414 4838 ea
1439 4799 1556 4854 qua:
1595 4800 1627 4836 a
1666 4782 1924 4855 principio
1951 4792 2092 4851 sunt,

497 4887 555 4934 ut
578 4893 944 4950 cognoscamus
970 4892 1031 4932 ea
1059 4893 1175 4948 qua:
1195 4876 1250 4930 in
1279 4880 1455 4947 futuro
1487 4892 1506 4931 :
1534 4886 1580 4932 et
1614 4874 1844 4932 dicemus
1864 4877 1986 4948 quia
2013 4894 2095 4932 ve-

493 4989 614 5030 rum
634 4974 699 5029 sit
731 4988 752 5029 :
775 4987 877 5028 non
898 4980 972 5028 est
1000 4971 1088 5044 qui
1116 4969 1363 5044 praedicet
1402 4968 1526 5046 [AL
1575 4967 1864 5046 pradicet]
1889 5013 1906 5040 ,
1934 4988 2096 5043 neque

563 5172 590 5200 ι
623 5161 680 5216 ln
706 5157 868 5215 Ennii
893 5153 1216 5227 fragmentis
1239 5170 1306 5227 es
1331 5151 1452 5209 Vet.
1473 5152 1674 5208 Annal.
1696 5151 1893 5227 Cicero
1919 5150 2017 5207 lib.
2051 5166 2088 5206 tt

490 5233 561 5292 de
589 5233 826 5288 Divinat.
865 5248 877 5283 :
915 5225 1130 5293 Utrum,
1161 5225 1357 5296 inquit,
1381 5241 1560 5280 eorum
1588 5225 1888 5287 accidisset,
1914 5239 2088 5296 rerum

490 5303 758 5363 oraculum
786 5299 1120 5375 fuisset.__Cur
1145 5310 1320 5375 autem
1341 5299 1438 5350 hoc
1483 5296 1691 5375 credam
1720 5311 1950 5375 unquam
1978 5295 2088 5375 edi-

491 5389 600 5434 tum
632 5365 842 5432 Crteso?
861 5382 951 5428 aut
973 5370 1297 5428 Herodotum
1319 5387 1410 5424 cur
1433 5371 1742 5422 veraciorem
1765 5365 1953 5420 ducant
1981 5365 2094 5420 En-

488 5451 616 5505 nio?
645 5448 788 5504 .Vum
818 5447 984 5502 minus
1006 5443 1095 5497 ille
1119 5443 1284 5514 potuit
1309 5440 1374 5494 de
1395 5438 1592 5506 Crasso,
1618 5455 1774 5510 quam
1797 5439 1861 5494 de
1885 5436 2092 5510 Pyrrho

490 5523 684 5594 ﬁngere
718 5515 918 5572 Ennius
947 5532 966 5570 :

672 5621 763 5672 Aio
787 5628 859 5682 te,
888 5618 1102 5679 lEacida,
1126 5615 1371 5666 Romanos
1393 5613 1597 5664 vincere
1623 5611 1816 5676 posse?

487 5737 724 5793 Primum
759 5735 940 5790 Latine
964 5731 1152 5805 Apollo
1178 5746 1456 5805 numquam
1485 5727 1686 5805 locutus
1725 5737 1800 5784 est
1821 5769 1841 5805 ,Α
1866 5737 1975 5786 etc.
2004 5728 2077 5784 At

478 5809 650 5876 pom".
678 5808 878 5863 dixisse
906 5795 1116 5869 Graece,
1138 5807 1289 5860 Ntua'iv
1315 5795 1364 5857 δ’
1393 5795 1625 5868 Αἰακίδῃ,
1655 5795 1932 5873 Ῥωμαίους
1960 5804 2086 5873 φημί

2204 4695 2360 4764 bruti,
2401 4695 2726 4751 suscitatum
2768 4697 2837 4752 ab
2883 4696 3178 4768 Aquilone,
3226 4709 3281 4754 et
3321 4700 3511 4758 venire
3557 4701 3628 4758 ab
3677 4709 3797 4758 ortu

2201 4787 2356 4856 solis,
2391 4787 2678 4860 Assyrium
2711 4789 3139 4860 interpretantur
3162 4798 3218 4846 et
3248 4790 3606 4862 Pcrsam,qui
3635 4807 3798 4850 vene-

2201 4881 2318 4936 rint
2345 4880 2670 4947 Jerusalem,
2701 4891 2756 4936 et
2783 4896 2975 4938 omnes
3007 4883 3281 4954 principes
3324 4883 3468 4940 illius
3505 4886 3797 4942 conculcac

2203 4973 2413 5038 verint;
2443 4971 2764 5043 nullumque
2795 4972 3064 5028 idolorum
3091 4987 3214 5044 quae
3242 4974 3516 5045 colebant,
3543 4977 3648 5034 hoc
3669 4975 3798 5034 scie-

2195 5151 2461 5213 δύνασθαι.
2497 5153 2664 5210 Porro
2695 5154 2929 5210 alterum
2970 5152 3258 5210 oraculum
3287 5154 3368 5214 sic
3393 5154 3447 5212 iu
3477 5170 3610 5212 mss.
3639 5155 3798 5216 edere

2199 5235 2316 5296 tur,
2345 5226 2547 5282 Croesus
2582 5223 2762 5296 Halyn
2797 5225 3049 5296 transiens
3073 5225 3256 5293 perdet
3285 5229 3587 5282 exercitum.
3703 5225 3708 5234 ’

2269 5294 2310 5337 δ’
2328 5299 2619 5367 Perperam
2644 5294 2924 5365 Murlitlth
2949 5294 3084 5352 Ecce
3111 5297 3320 5364 adsunt,
3355 5300 3450 5354 sed
3475 5309 3534 5355 et
3558 5300 3664 5355 alia
3693 5300 3784 5356 ltu-

2201 5370 2440 5439 jusmodi
2463 5371 2630 5424 multa
2653 5383 2817 5437 supra
2839 5381 3002 5438 atque
3033 5368 3170 5424 infra
3188 5373 3548 5440 castigamus.

2276 5451 2298 5480 ο
2329 5440 2422 5496 Sic
2472 5440 3050 5516 habent'Atnbrosiani
3074 5439 3318 5516 [codices
3342 5439 3501 5516 iuxta
3546 5443 3790 5502 Graecum

2200 5512 2524 5573 κληθήσονται
2555 5520 2628 5586 τῷ
2667 5511 2878 5585 ὀνόματί
2908 5533 3027 5585 μου.
3062 5513 3238 5568 Antea
3263 5511 3402 5584 erat,
3422 5523 3671 5573 vocantur
3696 5532 3792 5570 no-

2199 5599 2335 5639 mme
2362 5601 2494 5639 meo.

2271 5653 2310 5737 ἀν
2329 5655 2582 5737 Legimus
2608 5669 2732 5710 cum
2753 5653 2994 5712 Victorio
3013 5655 3349 5728 primusque:
3383 5675 3480 5728 pro
3503 5674 3611 5729 quo
3635 5668 3791 5715 antea

2201 5736 2320 5783 erat.
2346 5736 2671 5799 priusquam.
