4096 6330
245 298 344 390 tsi

817 307 1470 390 COMMENTARIORUM
1509 330 1576 388 IN
1620 325 1856 388 lSAIAM
1896 308 2323 388 PROPHETAM
2363 327 2493 384 LIB.
2539 328 2652 389 XII.
2697 331 2850 388 CAP.
2895 311 3054 390 XLil.

3458 339 3568 398 ιη

240 445 311 501 rit
337 459 468 501 esse
496 455 817 515 venturum,
848 447 956 506 nisi
983 448 1134 505 solus
1163 447 1446 515 Dominus,
1477 445 1568 519 qui
1603 446 1748 502 uitus
1775 453 1859 502 est
1884 455 1933 516 Α
1962 457 2056 500 sus
2087 443 2159 498 sit
2185 443 2464 502 civitates.
2494 445 2766 508 Calamam
2812 459 3138 522 quassatum.
3180 451 3295 508 sive
3321 455 3566 524 confrac-

241 552 337 594 eos
379 553 487 606 pro
516 539 765 608 peccatis
799 539 936 596 suis.

314 632 332 698 (
357 629 495 699 Cap.
522 629 931 690 XLll.—Vers.
963 633 989 689 1
1021 633 1176 706 seq.)
1203 632 1336 690 Ecce
1356 648 1533 687 servus
1556 647 1722 697 meus,
1749 647 1862 686 sus-

241 727 436 800 cipiam
449 744 576 783 eum
591 745 610 783 :
634 730 830 786 electus
851 745 1014 796 meus,
1037 729 1353 800 complacuit
1375 728 1476 783 sibi
1492 729 1546 782 in
1570 727 1664 784 illo
1685 727 1862 781 anima

242 836 377 878 mea.
414 818 557 875 Dedi
587 822 836 890 spiritum
864 836 1035 877 meum
1060 839 1216 893 super
1235 837 1352 877 eum
1376 838 1394 876 :
1410 821 1677 904 judicium
1697 821 1863 894 genti-

243 915 335 970 bus
362 919 623 987 proferet.
657 916 786 972 Non
813 916 1075 983 clamabit,
1105 933 1267 986 neque
1296 917 1513 987 accipiet
1544 932 1817 986 personam
1844 931 1862 971 :

243 1023 333 1064 nec
378 1008 637 1064 audietur
664 1009 796 1081 foris
827 1025 926 1064 vos:
950 1012 1080 1082 ejus.
1112 1007 1382 1064 Calamam
1427 1019 1730 1080 quassatum
1759 1023 1862 1062 non

244 1109 512 1158 conteret:
537 1109 587 1156 et
613 1100 781 1155 linum
805 1100 1068 1174 fumigans
1090 1117 1193 1155 non
1210 1101 1496 1171 exstinguat
1523 1115 1542 1154 :
1571 1101 1626 1154 in
1655 1101 1870 1156 veritate

243 1195 430 1250 educet
471 1193 770 1266 judicium.
803 1193 925 1248 Non
971 1196 1072 1249 erit
1123 1194 1280 1250 tristis
1304 1209 1465 1265 neque
1512 1193 1859 1259 turbulentus,

244 1289 407 1342 donec
443 1299 612 1360 ponat
641 1288 698 1344 in
731 1297 868 1344 terra
905 1287 1170 1362 judicium
1208 1303 1224 1342 :
1256 1297 1302 1342 et
1331 1287 1495 1359 legem
1537 1291 1652 1362 ejus
1680 1287 1864 1342 insqu

243 1382 647 1454 exspectabant.
693 1381 875 1438 LXX:
925 1390 951 1420 ⁸
979 1379 1145 1436 Jacob
1193 1398 1322 1454 puer
1371 1398 1513 1438 meus
1540 1421 1556 1446 ,
1601 1395 1865 1436 assumam

243 1491 359 1531 eum
383 1491 402 1530 :
435 1473 616 1532 Israel
658 1476 852 1533 electus
890 1490 1055 1539 meus,
1097 1476 1321 1546 suscepit
1352 1489 1466 1528 eum
1505 1473 1682 1530 anima
1729 1488 1860 1526 mea.

243 1563 380 1620 Dedi
428 1568 681 1639 spiritum
721 1583 886 1620 meum
929 1583 1082 1639 super
1127 1583 1284 1621 eum:
1323 1567 1584 1637 judicium
1627 1564 1864 1638 gentibus

244 1658 428 1714 educet
453 1674 474 1712 :
509 1676 615 1714 non
649 1657 915 1724 clamabit,
941 1675 1101 1730 neque
1122 1660 1340 1716 dimittet
1364 1676 1383 1715 :
1412 1676 1505 1716 nec
1523 1659 1764 1714 audietur
1783 1659 1864 1728 fo-

244 1754 316 1807 ris
344 1769 443 1807 vox
469 1756 613 1824 ejus.
641 1752 915 1810 Calamam
942 1755 1164 1823 fractum
1193 1770 1296 1808 non
1323 1763 1568 1816 conteret,
1601 1761 1650 1808 et
1695 1749 1864 1806 linum

1964 547 2074 592 tum
2125 553 2226 591 non
2278 547 2525 594 conteret.
2559 540 2780 598 Cunctis
2832 545 2978 600 eitim
3030 545 3315 616 placabilis
3353 546 3485 612 erit,
3515 556 3572 602 et

1966 631 2192 686 veniam
2223 630 2373 688 dabit
2423 637 2823 702 peccatoribus,
2851 639 3040 698 dicens
3085 639 3156 698 ad
3191 651 3212 680 ο
3241 642 3526 698 mulierem
3555 660 3567 697 :

1962 720 2200 791 Conﬁde,
2235 723 2368 793 ﬁlia,
2399 725 2732 784 dimittuntur
2755 730 2846 784 tibi
2875 741 3085 799 peccata
3113 731 3280 802 (Luc.
3313 749 3409 802 vn,
3437 733 3567 803 48).

1963 813 2032 868 Et
2056 816 2221 870 linum
2250 819 2538 890 lautianm,
2561 821 2678 878 sive
2707 833 2766 880 ut
2793 826 2981 881 caeteri
3025 828 3445 895 transtulerunt,
3479 830 3571 886 ob-

1963 923 2172 963 scurum
2203 919 2368 978 atque
2397 910 2745 980 tenebrosum,
2779 932 2882 972 non
2906 920 3197 993 exstinguet
3219 936 3240 977 .'
3266 923 3358 994 qui
3406 924 3571 980 vicini

1966 1000 2540 1070 erantexstinctioni,
2587 1003 2803 1060 Domini
2860 1007 3152 1067 clementia
3205 1015 3574 1072 servabantur

1964 1093 2122 1164 (qua:
2145 1109 2307 1164 super
2333 1095 2539 1154 Jud.eis
2557 1108 2611 1154 et
2633 1099 2943 1156 nationibus
2973 1103 3026 1158 in
3053 1106 3384 1176 supradictis
3405 1124 3570 1180 opus-

1963 1186 2105 1240 culis
2124 1187 2532 1258 disseruimus);
2555 1191 2651 1248 sed
2677 1208 2799 1248 cum
2817 1195 3045 1251 veritate
3075 1199 3256 1256 omnia
3274 1199 3572 1270 judicabit;

1965 1294 2306 1351 nequaquam
2369 1292 2618 1340 metuens
2665 1285 2888 1344 Scribas
2933 1299 2986 1344 et
3041 1289 3380 1357 Pharisaeos,
3431 1310 3572 1364 quos

1964 1373 2308 1431 conﬁdenter
2331 1375 2980 1450 hypocritasappellabat
2999 1381 3019 1455 (
3038 1382 3171 1438 Mat.
3195 1400 3292 1448 vn,
3314 1403 3404 1454 xv,
3437 1405 3568 1456 nu,

1965 1481 2100 1520 mu
2134 1484 2226 1536 per
2247 1476 2434 1536 totum,
2462 1481 2510 1523 et
2539 1469 2667 1526 Luc.
2714 1488 2788 1540 vt,
2825 1474 2946 1542 xu).
2977 1475 3133 1544 Quod
3160 1488 3344 1534 autem
3389 1483 3575 1549 sequi-

1967 1568 2082 1614 tur:
2111 1559 2434 1632 Splendebit.
2465 1574 2514 1618 et
2552 1581 2654 1622 non
2683 1577 2993 1634 conteretur,
3029 1569 3193 1626 donec
3232 1582 3391 1644 ponat
3421 1591 3577 1644 super

1964 1662 2157 1707 terram
2192 1655 2476 1727 judicium,
2527 1657 2814 1716 Mattbains
2859 1661 3203 1738 Evangelista
3231 1681 3336 1722 non
3393 1671 3578 1739 posuit

1966 1743 2135 1813 (Mat.
2168 1751 2313 1818 xu):
2357 1751 2474 1806 sive
2509 1750 2649 1806 inter
2683 1752 2952 1821 judicium
2980 1766 3036 1810 et
3061 1755 3327 1826 judicium
3368 1762 3574 1830 media,

248 1845 1861 1920 fumigansnonexstinguetnediuveritnteeducetiudicium:
1893 1839 2253 1915 BSCI'iPlOI'ia‘
2308 1858 2521 1913 errore,
2589 1846 2799 1902 sublata
2853 1858 3002 1904 sunt.
3055 1850 3341 1923 Signiﬁcat
3389 1866 3570 1914 autem

245 1941 563 2013 splendebit,
596 1949 642 1995 et
692 1958 796 1995 non
823 1950 1135 2007 conteretur,
1178 1941 1340 1996 donec
1379 1948 1536 2011 ponat
1580 1955 1734 2011 super
1762 1949 1864 1993 ter—

247 2051 359 2088 ram
388 2035 702 2107 judicium:
749 2046 796 2090 et
839 2035 893 2090 in
946 2036 1154 2090 nomine
1201 2039 1311 2107 ejus
1339 2045 1518 2108 gentes
1563 2032 1860 2106 sperabunt.

247 2123 416 2182 Jacob
445 2143 504 2183 et
546 2127 718 2182 Israel
748 2128 800 2182 in
830 2128 1086 2197 praesenti
1139 2128 1378 2198 capitulo
1421 2143 1528 2182 nou
1564 2127 1861 2192 habentur,

1963 1933 2109 2002 quod
2142 1950 2437 2005 resurgens
2465 1953 2532 1994 ex
2561 1942 2818 2005 tuortuis,
2851 1954 3084 1999 cunt-tos
3112 1945 3278 2019 503
3303 1948 3579 2006 illumina-

1965 2026 2124 2094 verit,
2155 2043 2255 2084 nec
2285 2040 2462 2086 morte
2486 2033 2763 2090 contritus
2789 2035 2882 2102 sit,
2928 2036 3101 2094 donec
3145 2052 3378 2110 poneret
3407 2060 3575 2112 super

1964 2124 2168 2174 terram
2217 2119 2481 2190 judicium
2512 2142 2522 2177 :
2556 2127 2644 2196 qui
2697 2127 3026 2197 loquebatur
3055 2131 3107 2188 iu
3149 2134 3470 2206 Evsngelio:
3507 2138 3574 2192 ln

248 2219 393 2290 quod
422 2233 530 2276 nec
559 2219 853 2275 Matthaeus
885 2219 1235 2290 Evangelista
1265 2220 1463 2290 posuit,
1493 2231 1716 2280 secutus
1745 2219 1865 2274 lle-
1954 2214 2220 2284 judicium
2244 2232 2339 2289 ego
2361 2219 2471 2274 veni
2505 2223 2560 2274 in
2587 2221 2838 2278 mundum
2877 2224 3033 2279 istum
3058 2241 3078 2280 :
3113 2237 3167 2281 ut
3198 2203 3574 2287 rion‘uidentes
3631 2203 3646 2226 ’ί

247 2313 494 2371 braicam
527 2316 843 2370 veritatem.
893 2315 1010 2372 Hoc
1046 2313 1282 2372 dicimus
1327 2315 1383 2372 iu
1414 2314 1860 2386 suggillationem

251 2422 468 2476 eorum,
519 2408 614 2482 qui
647 2419 833 2464 nostra
879 2418 1259 2465 contemnunt.
1317 2409 1393 2464 De
1419 2423 1528 2478 quo
1563 2406 1777 2477 plenius
1809 2407 1860 2461 in

250 2502 496 2559 Μαιαιωί
523 2501 1028 2572 Commentariolis,
1064 2516 1120 2563 et
1151 2507 1202 2562 in
1237 2506 1375 2561 libro
1416 2521 1578 2576 quem
1605 2504 1670 2560 ad
1698 2503 1863 2575 Alga-

253 2600 392 2656 siam
411 2599 439 2638 δ
475 2615 653 2670 nuper
677 2601 1021 2670 scripsimus,
1050 2601 1385 2671 disputatum
1411 2610 1516 2655 est.
1549 2599 1619 2656 Et
1645 2598 1861 2655 interim

252 2691 591 2758 notandum,
625 2692 772 2762 quod
803 2693 890 2750 ubi
917 2692 986 2748 de
1015 2694 1406 2761 Apostolorum
1447 2693 1706 2749 scribitur
1733 2691 1867 2748 cho-

255 2799 340 2852 ro,
371 2797 428 2841 et
472 2785 649 2840 Jacob
680 2795 735 2840 et
773 2785 978 2853 Israel,
1021 2795 1076 2842 et
1102 2801 1294 2842 semen
1324 2786 1483 2858 507
1515 2787 1864 2857 appellantur

255 2877 533 2936 Abraham
563 2897 576 2934 :
604 2879 809 2950 quibus
839 2881 989 2948 quasi
1023 2879 1343 2936 hominibus
1368 2895 1432 2934 ac
1461 2879 1640 2936 servis
1667 2891 1866 2936 conse-

258 2983 492 3042 quenter
520 2971 724 3028 dicitur
747 2989 761 3026 :
793 2972 922 3027 Noli
948 2973 1130 3027 timere
1171 2973 1357 3028 vermis
1382 2969 1566 3039 Jacob,
1594 2983 1643 3030 et
1670 2988 1862 3042 part-uo

259 3064 338 3119 lus
369 3081 589 3120 numero
621 3065 814 3122 Israel.
847 3065 948 3122 Ubi
979 3076 1159 3122 autem
1203 3065 1272 3122 de
1301 3065 1521 3124 Christo
1551 3076 1635 3122 est
1665 3065 1859 3120 vatici-

260 3158 430 3226 nium,
466 3159 677 3231 absque
721 3158 892 3216 Jacob
923 3169 980 3216 et
1023 3159 1193 3216 Israel
1243 3160 1476 3231 legitur:
1507 3159 1642 3216 Ecce
1689 3175 1866 3219 servus

1965 2305 2193 2373 uideant,
2221 2317 2270 2361 et
2311 2309 2536 2366 ridentes
2585 2313 2705 2368 αιιοὶ
2747 2314 2879 2383 ﬁant
2919 2316 3112 2388 (Joan.
3161 2335 3238 2386 ut,
3291 2321 3415 2396 59).
3470 2324 3577 2380 i’ro

1963 2413 2072 2468 quo
2098 2414 2200 2456 nos
2231 2399 2576 2472 interpretati
2613 2420 2832 2464 sutnus:
2863 2407 2986 2464 Non
3031 2411 3128 2468 erit
3179 2413 3365 2482 tristis,
3411 2432 3575 2486 neque

1965 2494 2331 2559 turbulentus;
2364 2498 2460 2554 sed
2491 2499 2864 2567 :eqnalitutem
2903 2504 3086 2560 vultus
3123 2511 3273 2563 omni
3325 2517 3572 2581 tempore

1965 2588 2354 2646 conservabit:
2388 2591 2536 2660 quod
2567 2591 2711 2648 falso
2741 2594 2810 2649 de
2834 2596 3062 2656 Socrate
3094 2598 3413 2672 Philosophi
3454 2605 3573 2674 glo-

1967 2679 2199 2750 riantur,
2220 2698 2498 2752 nunquam
2521 2701 2670 2752 eum,
2698 2687 2819 2754 plus
2845 2689 3040 2755 solito,
3071 2707 3174 2748 nec
3201 2691 3415 2750 tristem
3441 2695 3572 2750 luis-

1966 2787 2048 2842 se,
2077 2789 2179 2830 nec
2208 2775 2413 2832 Ianum.
2446 2777 2555 2834 Pro
2597 2795 2706 2851 quo
2734 2783 2928 2852 Aquila
2971 2790 3027 2838 ct
3065 2783 3370 2842 'l'heodotio
3397 2788 3572 2844 inter-

1969 2869 2169 2936 pretati
2199 2879 2356 2924 sunt:
2388 2870 2512 2926 Non
2541 2872 2854 2942 obscurabit,
2881 2885 2928 2930 et
2951 2891 3053 2935 non
3083 2888 3272 2945 curret,
3293 2879 3454 2934 donec
3482 2900 3574 2952 po-

1966 2976 2054 3022 nat
2082 2969 2135 3022 in
2163 2977 2300 3024 terra
2327 2969 2611 3042 judicium.
2643 2971 2708 3030 Et
2739 2981 2824 3028 est
2853 2988 3049 3029 sensus
3089 2994 3101 3030 :
3148 2977 3358 3031 nullum
3391 2978 3573 3034 vultus

1967 3061 2192 3118 tristitia
2241 3062 2571 3130 deterrebit,
2613 3081 2713 3122 nec
2762 3066 3044 3124 lcstiuahit
3081 3068 3146 3124 ad
3202 3071 3572 3142 ptenamﬁqui

1963 3154 2154 3223 iudicii
2205 3158 2490 3216 veritatem
2529 3157 2727 3215 ultimo
2774 3161 3008 3229 tempori
3037 3161 3358 3216 reservavit.
3391 3163 3574 3230 Quod-

260 3269 422 3317 meus,
457 3254 743 3325 suscipiam
768 3271 882 3308 eum
907 3271 928 3322 ;
949 3255 1135 3310 electus
1160 3272 1322 3321 meus,
1347 3254 1661 3326 complacuit
1689 3255 1784 3310 sibi
1814 3258 1868 3312 in
1893 3241 1938 3306 C
1973 3263 2075 3316 que
2105 3248 2382 3323 sequitur:
2414 3261 2462 3308 st
2489 3251 2810 3322 legemillius
2835 3253 3024 3308 insqu
3044 3254 3434 3325 exspectabant,
3461 3272 3575 3312 ma—

260 3345 352 3402 illo
399 3349 580 3402 anima
617 3365 752 3403 mea.
807 3349 871 3404 Et
913 3350 969 3403 in
999 3349 1508 3421 consequentibus:
1542 3348 1677 3405 Dedi
1725 3360 1773 3404 te
1812 3351 1863 3404 in

261 3448 628 3496 testamentum
650 3441 874 3514 generis,
905 3442 960 3494 in
989 3441 1155 3496 lucem
1181 3443 1452 3498 nationum
1476 3457 1495 3496 :
1523 3443 1726 3514 aperire
1745 3459 1871 3497 ocu-

262 3530 341 3588 los
368 3549 650 3598 cwcorum,
697 3543 744 3587 et
784 3534 1000 3590 educere
1042 3535 1106 3590 de
1151 3534 1369 3589 vinculis
1399 3537 1662 3609 alligatos,
1711 3545 1758 3590 et
1805 3536 1870 3590 de

262 3627 415 3682 domo
437 3628 665 3683 carceris
687 3626 974 3683 habitantes
995 3631 1049 3684 in
1067 3630 1303 3686 tenebris.
1327 3629 1436 3692 Nec
1459 3633 1655 3686 mirum
1678 3631 1723 3686 si
1749 3646 1864 3686 sero

261 3735 362 3776 vus
390 3729 646 3785 vocetur,
681 3720 862 3778 factus
886 3738 956 3778 ex
1008 3724 1258 3791 muliere,
1292 3724 1576 3794 iactusque
1615 3724 1718 3779 sub
1750 3724 1869 3794 lege

265 3812 474 3886 (Galat.
520 3830 609 3880 tv;
659 3814 753 3886 qui
785 3831 918 3884 cum
966 3816 1020 3868 in
1051 3817 1220 3886 forma
1248 3814 1344 3870 Dei
1392 3828 1542 3880 esset,
1578 3817 1868 3870 humiliavit

263 3923 338 3970 se.
367 3911 592 3980 formant
632 3909 765 3966 servi
791 3909 1070 3978 accipiens,
1103 3919 1149 3964 et
1181 3910 1359 3964 ltabitu
1384 3911 1618 3964 iuventus
1639 3918 1692 3964 ut
1715 3908 1868 3964 homo

269 3999 530 4075 (Philipp.
564 4003 666 4076 ιι).
692 3999 748 4056 1η
776 4018 884 4071 quo
905 4003 1238 4072 coinplacuit
1259 4003 1361 4058 sibi
1388 4004 1568 4057 anima
1601 4000 1723 4067 Dei,
1752 4017 1870 4058 cer-
1894 4007 1906 4018 ’

265 4109 402 4152 nens
431 4097 484 4151 in
513 4096 614 4150 illo
641 4111 836 4152 omnes
879 4110 1003 4152 esse
1046 4097 1277 4152 virtutes
1303 4115 1313 4150 :
1345 4097 1512 4152 immo
1543 4097 1717 4166 ipsum
1743 4111 1869 4153 esse

267 4187 366 4246 Dei
395 4191 659 4246 virtutem
705 4201 870 4261 atque
909 4189 1256 4260 sapientiam.
1285 4187 1442 4255 Dedi,
1472 4191 1669 4258 inquit,
1711 4192 1867 4263 spiri-

269 4291 376 4337 tum
405 4299 577 4338 meum
602 4300 755 4355 super
779 4299 892 4338 eum
913 4300 931 4337 :
960 4286 1049 4354 qui
1074 4283 1426 4340 descenditin
1451 4283 1636 4354 Specie
1657 4285 1867 4340 colum-

269 4377 372 4436 bat.
407 4377 679 4432 Judicium
719 4379 956 4451 gentibus
998 4379 1245 4450 proferet,
1293 4378 1438 4450 quod
1476 4388 1633 4436 antea
1663 4378 1871 4436 nescie-

268 4469 420 4528 bant.
453 4470 577 4525 Non
608 4469 852 4524 clamabit
879 4487 896 4524 :
929 4471 1033 4526 erit
1071 4472 1216 4526 enim
1250 4473 1397 4527 mitis
1423 4482 1585 4544 atque
1617 4488 1870 4529 mansue-

271 4572 395 4628 tus;
428 4573 474 4618 et
503 4579 609 4618 non
638 4565 856 4633 accipiet
888 4580 1161 4633 personam
1180 4567 1231 4620 in
1245 4565 1472 4636 judicio,
1495 4567 1616 4622 sive
1647 4582 1752 4622 non
1788 4567 1866 4621 Ie-

1971 3342 2224 3402 nil‘estius
2273 3359 2509 3418 posuere
2535 3345 2680 3402 LXX
2709 3347 2763 3402 in
2793 3348 2999 3402 nomine
3029 3349 3142 3415 eius
3178 3361 3354 3420 gentes
3391 3365 3573 3419 spera—

1971 3440 2094 3494 bunt
2117 3457 2136 3493 .-
2159 3454 2283 3511 quae
2315 3443 2366 3496 in
2396 3439 2698 3512 Scripturis
2726 3441 3070 3512 appellantur
3093 3443 3309 3510 insulae,
3335 3444 3460 3514 quia
3502 3459 3572 3501 ex

1969 3533 2115 3588 omni
2147 3543 2298 3603 parte
2343 3545 2756 3606 persecutorem
2787 3536 3194 3593 incursionibus
3227 3547 3432 3606 patent.
3466 3537 3570 3593 Le-

1968 3641 2090 3697 gem
2122 3635 2306 3682 autem
2335 3629 2478 3698 ejus,
2509 3644 2616 3684 non
2660 3645 2781 3698 quae
2805 3645 2902 3700 per
2940 3629 3162 3701 Moysen
3189 3629 3314 3685 data
3339 3641 3444 3696 est,
3473 3630 3571 3686 sed

1972 3721 2321 3790 Evangelium
2335 3723 2646 3778 sentiamus
2672 3740 2682 3776 :
2715 3721 2938 3778 DeSion
2963 3725 3110 3778 enim
3141 3723 3436 3794 egredietur
3461 3724 3568 3791 les,

1969 3824 2014 3868 et
2041 3815 2243 3869 verbum
2271 3813 2481 3871 Domini
2511 3816 2575 3870 de
2610 3815 2903 3876 Jerusalem
2941 3817 3175 3887 (Supra,
3216 3816 3310 3886 tt).
3342 3815 3420 3872 De
3461 3830 3570 3886 qua

1967 3905 2088 3976 iege
2116 3917 2170 3962 et
2195 3908 2461 3964 Jeremias
2485 3909 2812 3966 vaticinatur
2837 3925 2849 3960 :
2886 3907 3018 3962 Ecce
3044 3907 3154 3962 dies
3185 3909 3415 3971 ueniunt,
3448 3907 3574 3964 dicit

1969 4000 2230 4056 Daminus
2251 4017 2270 4056 :
2293 4011 2340 4056 et
2360 4017 2551 4073 ponam
2567 4011 2921 4058 testamentum
2941 4017 3148 4066 novum,
3173 4019 3276 4058 non
3295 4003 3450 4073 juxta
3471 4013 3564 4058 tes-

1972 4098 2273 4160 tamentum,
2301 4094 2440 4164 quod
2468 4094 2590 4148 olim
2613 4094 2786 4166 pepigi
2809 4110 2928 4150 cum
2963 4095 3202 4163 patribus
3226 4109 3403 4150 eorum
3436 4093 3570 4170 (Je-

1971 4203 2099 4243 rem.
2125 4203 2274 4251 xxxi,
2299 4188 2388 4255 51,
2423 4188 2540 4259 δὲ).

2043 4279 2229 4352 (Vere.
2261 4281 2316 4348 5,
2351 4279 2551 4353 (it-eq.)
2583 4281 2712 4340 IIeec
2736 4281 2859 4337 dicit
2886 4281 3145 4338 Dominus
3179 4282 3352 4340 Deus:
3379 4283 3574 4341 Creatis

1969 4376 2149 4440 ctelos,
2181 4385 2228 4430 et
2255 4374 2536 4432 extendens
2582 4392 2668 4432 eos
2690 4392 2709 4430 :
2753 4378 2969 4445 ﬁrmans
2999 4388 3215 4444 terram,
3244 4388 3292 4432 et
3312 4395 3430 4450 quia
3457 4397 3578 4451 ger-

1973 4471 2234 4525 minantur
2258 4486 2321 4526 ets
2339 4485 2433 4525 ea:
2463 4470 2595 4526 dans
2623 4472 2812 4541 ﬂatum
2835 4474 3029 4545 populo
3051 4473 3140 4541 qui
3162 4482 3240 4530 est
3261 4491 3418 4545 super
3435 4492 3574 4544 mm,

1971 4574 2021 4618 et
2052 4565 2292 4636 spiritum
2320 4564 2643 4620 calcantibus
2673 4565 2840 4620 illaut.
2877 4565 2993 4639 Ego
3022 4564 3279 4624 Dominus
3322 4570 3498 4648 vocavi
3527 4579 3575 4626 te

271 4655 440 4723 vabit,
469 4656 820 4724 subauditur,
853 4657 905 4712 iu
938 4658 1105 4712 altum
1149 4672 1338 4714 vocem
1384 4674 1559 4730 suam.
1589 4659 1688 4715 Vel
1713 4662 1867 4728 juxta
1898 4639 1946 4701 ί)
1973 4657 2024 4716 in
2039 4658 2267 4729 iustitia,
2294 4667 2341 4712 et
2367 4657 2683 4730 apprehendi
2711 4676 2920 4713 ntanum
2949 4670 3116 4726 tuam,
3162 4673 3209 4716 et
3250 4639 3448 4718 servavi
3471 4672 3522 4718 te
3553 4679 3572 4718 .-

275 4749 684 4822 Symmachum,
711 4766 812 4804 non
851 4750 1164 4822 decipiatur;
1193 4740 1384 4808 omnes
1414 4752 1642 4810 insidias
1668 4753 1872 4810 diaboli

271 4843 616 4916 intelligens:
648 4852 763 4910 aut,
793 4844 1095 4900 secundum
1124 4843 1290 4910 LXX,
1323 4862 1428 4900 non
1470 4847 1744 4917 relinquet,
1778 4861 1872 4916 po-

273 4936 457 5007 pulum
488 4937 700 4992 scilicet
727 4935 1073 4992 Judzeorum:
1124 4951 1326 4992 vocans
1352 4953 1478 4994 eum
1505 4938 1573 4994 ad
1609 4939 1874 5008 [‘(Bliileﬂ'

275 5027 426 5084 tiam.
454 5027 569 5084 Nec
595 5030 836 5086 audietur
861 5029 990 5100 [aris
1013 5045 1112 5083 vox
1154 5033 1288 5104 ejus,
1323 5047 1498 5104 neque
1525 5034 1669 5088 enim
1722 5045 1873 5089 extra

276 5122 550 5181 Galilaeam
584 5138 747 5194 atque
786 5122 1030 5180 Judaeum
1075 5124 1129 5177 in
1179 5123 1300 5178 aliis
1339 5126 1595 5196 gentibus
1626 5126 1876 5197 Evange-

274 5215 403 5273 iium
437 5218 778 5289 praedicavit.
806 5215 962 5284 Quod
992 5215 1036 5271 si
1069 5215 1301 5285 legimus
1332 5215 1498 5272 fuisse
1525 5232 1650 5272 eum
1685 5219 1736 5272 in
1767 5227 1876 5273 ter-

277 5312 439 5368 minis
479 5311 608 5384 Tyri
658 5319 712 5364 ct
749 5308 969 5370 Sidonis
1013 5308 1202 5381 (Matt.
1239 5307 1367 5384 xv),
1399 5311 1518 5366 sive
1552 5312 1606 5366 in
1637 5311 1874 5368 conﬁnio

279 5404 542 5462 Caesareae
589 5401 848 5473 Philippi,
897 5419 1016 5474 quae
1047 5418 1192 5460 nunc
1240 5413 1466 5462 vocatur
1516 5404 1764 5462 Paucas:
1799 5417 1875 5462 ta-

279 5513 401 5557 men
425 5501 712 5559 sciendum
735 5515 842 5554 non
865 5513 985 5555 esse
1006 5501 1292 5570 scriptum,
1323 5497 1466 5570 quod
1495 5499 1640 5570 ipsas
1665 5499 1874 5572 ingres-

352 5667 376 5696 ⁸
408 5657 720 5728 Prmposuit
745 5653 990 5730 Martian.
1028 5673 1163 5726 ecce,
1187 5655 1331 5729 quod
1362 5671 1538 5730 neque
1567 5656 1620 5712 in
1665 5657 1869 5715 nostris

280 5744 412 5786 mss.
443 5727 551 5794 est,
585 5739 764 5798 neque
796 5729 847 5781 iu
871 5727 1063 5783 Graeco
1093 5727 1264 5784 textu.

348 5800 376 5841 ιι
405 5802 658 5874 Epistula
685 5803 740 5860 in
768 5811 952 5874 nostra
981 5803 1302 5859 recensione
1333 5801 1430 5858 ηι
1455 5842 1469 5868 ,
1501 5801 1643 5858 circa
1668 5815 1873 5860 annum

277 5867 400 5932 data
427 5867 987 5945 q'uadrigentesimum
1017 5881 1257 5930 sextum.

1973 4756 2021 4803 et
2037 4748 2157 4804 dedi
2187 4759 2234 4805 te
2262 4750 2314 4803 in
2341 4753 2509 4820 fndus
2538 4751 2754 4822 populi,
2787 4753 2842 4805 in
2868 4753 3034 4808 lucem
3063 4757 3315 4826 gentium.
3353 4754 3422 4811 Ut
3449 4773 3578 4827 apet-

1972 4841 2103 4895 rires
2131 4841 2308 4898 oculos
2336 4859 2608 4912 ctecorum,
2641 4852 2688 4897 et
2713 4845 2954 4901 educeres
2987 4847 3050 4901 de
3079 4846 3414 4905 conclusione
3437 4852 3577 4904 vino-

1973 4943 2102 4998 tam,
2131 4934 2194 4990 de
2215 4936 2368 4990 domo
2394 4940 2614 4992 carceris
2633 4938 2868 4994 sedentes
2896 4942 2949 4995 in
2976 4943 3214 5004 tenebris.
3258 4944 3370 5016 Ego
3395 4942 3580 4998 Domi-

1976 5042 2092 5090 nus,
2134 5025 2231 5080 hoc
2246 5038 2323 5084 est
2350 5046 2534 5086 nomen
2583 5047 2751 5086 meum
2776 5051 2796 5100 ;
2821 5034 3044 5107 gloriam
3073 5054 3240 5092 meam
3279 5039 3429 5092 alteri
3470 5055 3578 5092 non

1976 5121 2127 5187 dabo,
2162 5131 2210 5177 et
2237 5123 2448 5179 laudem
2495 5142 2662 5184 meam
2689 5128 3047 5202 sculptilibus.
3079 5133 3210 5202 Qua
3251 5134 3420 5203 prima
3461 5134 3580 5205 fus-

1975 5226 2116 5282 rant,
2151 5232 2264 5272 ecce
2286 5230 2555 5286 uenerunt,
2587 5237 2720 5278 nova
2754 5241 2956 5295 quoque
2981 5243 3076 5299 ego
3113 5227 3404 5282 annuatim:
3434 5235 3579 5284 sitte-

1973 5327 2130 5382 quant
2169 5313 2423 5383 oriantur,
2470 5316 2652 5375 audita
2697 5319 2838 5374 vobis
2888 5320 3420 5392 {aciamﬂneertum
3461 5329 3583 5376 erat

1973 5409 2094 5480 quis
2116 5418 2246 5466 ante
2265 5409 2533 5467 dixisset:
2559 5411 2697 5470 Ecce
2721 5431 2896 5470 servus
2926 5432 3092 5483 meus,
3123 5415 3404 5486 suscipiam
3427 5432 3542 5472 eum
3561 5431 3582 5472 :

1977 5501 2165 5566 electus
2190 5519 2354 5574 meus,
2387 5504 2704 5577 complacuit
2734 5509 2830 5563 sibi
2867 5509 3038 5563 inillo
3069 5510 3244 5564 anima
3281 5524 3417 5566 mea.
3452 5508 3580 5565 Dedi

2051 5672 2073 5701 ο
2101 5661 2278 5720 Voces
2300 5663 2364 5718 ad
2387 5665 2660 5722 mulierem
2694 5669 2764 5722 ah
2794 5668 3049 5738 imperito
3079 5667 3308 5732 librario
3341 5671 3582 5738 introsus

1984 5731 2256 5810 Victorius
2283 5738 2588 5810 contendit,
2613 5740 2701 5808 qui
2723 5739 2837 5792 hare
2869 5731 3080 5794 Domini
3105 5741 3294 5808 verba,
3326 5736 3475 5800 Matt.
3508 5763 3580 5810 Ix,

1983 5805 2051 5860 ad
2085 5809 2448 5882 paralyticnm
2482 5809 2592 5882 dici
2625 5805 2910 5882 solutust,
2946 5821 3112 5882 atque
3157 5805 3317 5882 adeo,
3349 5816 3460 5874 illis
3481 5805 3581 5874 ex;

1986 5878 2222 5947 punctis,
2256 5877 2332 5946 ﬁli
2364 5879 2648 5938 substituit
2674 5895 2776 5952 pro
2801 5880 2934 5951 ﬁlia.
2966 5880 3094 5946 Mss.
3121 5877 3322 5944 “cent.
