2002 3623
264 179 317 208 ‘23

893 178 923 206 S.
944 177 1081 206 EUSbBll
1102 177 1293 206 IllEliONYlll
1834 182 1872 211 ηδ

262 235 384 270 spiritum
398 242 482 262 nteant
491 242 569 268 super
580 242 654 262 etim:
664 234 794 271 judicium
809 232 926 269 gentibus
938 234 1059 268 proferet.
1075 239 1099 267 Α
1113 237 1141 259 et
1168 241 1198 260 ea
1223 240 1284 268 quae
1303 239 1380 267 nunc
1400 232 1543 267 polliceor.
1561 231 1678 260 credatis
1700 239 1755 260 esse
1776 240 1873 264 ventura.

265 281 329 308 Post
341 281 596 309 condenmauonem
610 280 683 308 enim
702 281 835 307 idolorum
851 279 958 306 subitus
973 285 1065 306 sermo

264 331 447 362 proruperant.
463 326 529 354 Ecce
549 335 636 354 servus
651 335 732 360 meus,
760 330 789 354 et
802 325 918 360 reliqua,
933 333 994 360 qum
1015 331 1065 351 nos

263 383 296 403 ex
313 383 429 410 persona
448 376 536 403 Patris
549 383 633 410 super
646 374 757 403 Christo
773 373 947 408 interpretati
960 380 1064 400 sumus.

263 421 358 457 Itaque
372 430 406 450 ne
418 422 586 456 relinqueret
601 422 771 456 ambiguum,
785 421 849 455 quis
862 419 1003 452 superiora
1024 417 1067 445 di—

267 468 362 500 xisset,
385 467 506 503 adjungit
525 474 551 496 et
574 468 660 495 dicit:
679 467 741 494 Haec
756 467 819 493 dicit
838 465 966 492 Dominus
982 464 1065 496 Deus,

267 522 357 542 creatis
371 514 457 546 caelos,
484 519 508 541 et
533 513 671 541 extendens
692 513 773 550 509
788 520 841 540 eos.
863 512 929 539 Sive
950 516 977 538 ut
994 510 1066 538 LXX

266 560 488 587 transtulerunt:
515 559 566 593 Qui
597 559 657 594 fecit
686 559 780 586 catum
795 579 802 590 .
826 563 849 585 et
874 557 965 591 defixit
988 557 1064 584 illud.

267 606 458 635 Universitatis
471 607 553 641 igitur
562 605 679 634 Creator
693 611 720 633 et
734 604 877 636 Dominus,
891 604 949 638 ipse
964 603 1067 630 Lhristi

263 656 304 680 sui
322 653 448 688 promisrt
463 653 621 683 advettlunt,
636 653 681 687 qui
698 660 750 679 non
768 652 857 679 solum
874 650 996 678 extendit
1010 658 1066 678 cm-

265 699 307 727 los
319 704 401 735 atque
415 699 530 732 delixit;
551 699 599 726 sed
615 704 715 727 terrain
737 706 846 734 quoque
861 699 913 725 alta
931 697 1003 724 tuole
1019 696 1067 724 ﬁr-

267 748 362 779 mavit,
378 753 405 775 et
420 747 511 774 omnia
526 754 586 782 qua:
607 751 755 773 nascuntttr
775 753 808 773 ex
823 752 854 772 ea
869 753 876 772 :
892 749 919 771 ut
933 750 960 771 et
975 743 1069 771 inmi-

268 794 332 822 bilia
354 795 414 830 ejus
424 802 460 822 ex
476 794 517 821 his
533 802 594 829 qua:
619 794 688 821 facta
703 797 778 826 sunt,
796 793 934 821 intellecta
959 792 1068 826 c0uspi-

267 842 376 869 ciantur
397 842 492 876 (Rom.
508 840 554 877 1);
577 841 744 875 sempiterna
768 848 876 876 quoque
895 840 980 867 virtus
996 839 1068 866 iliius

266 896 293 917 et
307 889 446 916 divinitas.
462 889 513 923 Qui
527 890 664 924 spiramen
672 887 802 915 omnibus
812 886 886 914 dedit
896 887 940 921 qui
956 893 1067 913 versan-

1155 279 1427 315 (Vers.10,llseq.)
1441 277 1531 305 Canite
1545 277 1600 305 Deo
1617 277 1700 314 [Vulg
1716 278 1822 317 Domino]
1831 272 1875 309 cuii-

1118 327 1196 353 Iicum
1211 334 1304 353 novum
1316 334 1325 353 :
1340 326 1395 353 laus
1407 326 1463 360 ejus
1474 327 1506 352 ab
1516 326 1635 352 extremis
1651 327 1784 361 terrmqui
1795 328 1876 355 descen-

1118 374 1180 401 ditis
1194 374 1221 401 iu
1233 381 1319 406 mare,
1332 378 1355 401 et
1369 373 1504 409 plenitudo
1519 374 1594 409 ejus;
1614 373 1702 400 insula
1714 378 1736 400 et
1749 373 1875 403 habitatores

1117 427 1216 447 carum.
1233 419 1308 447 Levet
1324 419 1413 456 [Vulg
1438 419 1595 456 sublevetur]
1620 419 1742 447 desertum
1756 427 1776 447 el
1788 422 1877 450 civitates

1117 467 1175 499 ejus
1191 475 1200 493 :
1212 467 1238 494 in
1252 468 1370 494 domibus
1383 466 1506 494 habitabit
1522 467 1622 501 Ccdar,
1640 467 1739 495 laudate
1753 468 1878 497 habitatores

1119 511 1220 545 Petrae,
1235 513 1266 540 de
1289 514 1380 540 vertice
1401 514 1526 540 montium
1552 513 1710 541 clamabunt.
1737 514 1825 541 Ponent
1838 514 1879 542 Do-

1119 560 1189 586 ntino
1206 560 1317 596 gloriam
1328 581 1335 593 ,
1352 565 1376 587 et
1391 560 1494 589 laudem
1515 562 1570 595 eius
1593 561 1620 587 in
1643 560 1733 587 insulis
1747 561 1879 589 nuntiabunt.

1120 605 1248 633 Dominus
1274 607 1340 634 sicut
1364 608 1439 642 fortis
1466 608 1625 643 egredietur,
1640 608 1705 634 sicut
1726 608 1762 634 vir
1777 608 1881 643 malum

1118 654 1253 680 suscitabit
1268 653 1351 680 zelum
1363 661 1372 680 .'
1385 654 1567 689 vociferabitur
1582 659 1605 681 et
1616 654 1734 680 clamabit
1747 662 1755 680 :
1769 663 1835 689 super
1845 656 1881 681 ini-

1119 700 1201 726 micos
1215 708 1276 726 suos
1289 700 1488 735 confortabitur.
1507 699 1587 727 Tacui
1607 709 1715 736 semper,
1729 700 1794 733 silui,
1807 702 1883 736 paliens

1119 747 1160 781 fui
1172 754 1181 773 :
1192 747 1259 773 sicut
1274 747 1378 783 pariens
1393 746 1483 783 [Vulg.
1497 746 1656 783 parturiens]
1670 747 1883 782 loquar:dissipabo

1119 798 1143 819 et
1156 792 1295 820 obsorbebo
1308 793 1395 820 simul.
1409 793 1533 822 Desertos
1545 795 1641 830 faciant
1662 800 1757 822 montes
1773 800 1794 822 et
1813 796 1883 829 col/rt,

1119 844 1142 865 et
1155 847 1230 865 omne
1243 847 1349 875 gramen
1371 848 1461 867 eorum
1487 841 1641 873 exsiccabo,
1658 847 1682 868 et
1696 850 1785 874 ponam
1800 843 1884 877 [lumina

1118 884 1145 911 in
1158 885 1268 914 insulas.
1285 890 1310 913 et
1322 891 1415 921 stagna
1429 888 1584 921 arefaciam.
1598 886 1632 914 Et
1647 887 1751 914 educant
1762 886 1840 924 [Vulg
1851 889 1887 914 du-

268 940 312 963 tur
326 936 352 963 in
368 940 451 968 terra,
468 936 526 971 lege
540 934 625 970 prima
645 934 813 962 mortalium.
830 932 923 960 lnsulﬂ
934 932 980 959 wit
994 933 1067 959 enim
1082 933 1106 963 Β
1119 929 1186 966 cam]
1202 939 1283 958 cn'cos
1299 932 1326 957 in
1341 932 1408 958 viam
1421 941 1499 968 quum
1512 934 1630 960 nesciunt
1641 956 1648 966 ,
1665 939 1690 961 et
1704 935 1730 960 in
1744 935 1830 961 semitis
1839 943 1886 969 quas

268 982 340 1010 Deus
355 983 379 1009 in
394 982 490 1010 lactem
502 983 599 1013 Adam,
616 982 740 1017 spiritum
752 981 827 1012 vitm,
844 983 872 1007 et
886 979 973 1006 laetus
988 985 1027 1006 est
1042 980 1067 1006 in

265 1030 385 1056 animum
412 1029 549 1056 viventem
571 1027 682 1064 (Genes.
698 1026 743 1063 ιι).
761 1026 895 1062 Spiritum
919 1030 1010 1053 autem
1028 1025 1069 1053 his

269 1076 381 1110 proprie
394 1074 439 1110 qui
460 1074 566 1101 calcant
588 1078 688 1101 terram
706 1081 713 1105 ;
735 1078 762 1100 et
785 1071 947 1107 Sapientiam
967 1072 1068 1104 carnis,

269 1128 326 1148 suae
340 1119 490 1155 subjiciunt
507 1119 645 1153 potestati.
659 1118 707 1146 Ille
723 1118 804 1153 igitur
819 1118 898 1153 cujus
912 1122 984 1144 tanta
1001 1124 1070 1152 pra:-

268 1167 347 1194 conia
359 1171 434 1200 sunt,
452 1166 511 1194 hee
524 1166 558 1193 ad
572 1173 635 1193 eum
651 1166 756 1193 locutus
772 1169 824 1199 est,
839 1164 917 1200 cujus
930 1165 1015 1199 legem
1028 1164 1069 1191 in-

268 1213 335 1240 sulte
347 1214 540 1248 prmstolantur
553 1217 581 1240 et.
594 1219 690 1249 gentes
704 1222 709 1239 :
728 1211 784 1248 Ego
796 1211 924 1239 Dominus
945 1211 1031 1238 vocavi
1046 1217 1069 1238 te

266 1259 404 1294 injustitta
416 1267 425 1287 :
439 1260 473 1287 de
485 1267 540 1295 quo
558 1259 616 1294 ipse
634 1259 753 1293 loquitur
767 1259 793 1286 in
816 1258 975 1293 EVangelio,
991 1257 1069 1284 Pater

264 1305 344 1340 iuste,
370 1305 481 1333 mundus
505 1311 529 1333 te
549 1306 650 1342 ignorat
667 1304 762 1340 (Joan.
778 1313 845 1337 xvu,
861 1305 926 1340 ‘25);
942 1310 971 1331 ut
997 1309 1070 1332 esset

268 1360 322 1379 non
335 1352 425 1381 solum
440 1353 607 1385 Judmorutn,
625 1354 674 1380 sed
690 1356 719 1379 et
733 1351 854 1386 gentium
871 1352 953 1379 Deus.
969 1351 1003 1377 Et
1023 1359 1069 1386 ap-

268 1398 394 1434 prehendi
409 1406 515 1426 manum
524 1405 606 1431 utam,
615 1398 677 1434 quia
690 1398 820 1433 quidquid
833 1396 1068 1433 operaturFilius,

268 1453 399 1482 operatur
426 1446 516 1473 Pater.
534 1446 568 1473 Et
588 1446 685 1473 servavi
701 1451 735 1477 te,
751 1446 796 1481 qui
813 1445 903 1472 omnia
920 1447 978 1480 ipse
1001 1452 1068 1472 con-

268 1500 372 1521 servas.
387 1492 421 1520 Et
434 1493 494 1520 dedi
508 1497 532 1520 te
543 1493 570 1520 in
586 1494 670 1529 fiedus
680 1492 769 1529 populi
786 1491 882 1525 Israel,
898 1492 941 1520 cui
962 1497 989 1520 te
1004 1499 1070 1519 ven-

265 1544 357 1567 turum
371 1545 435 1568 ante
457 1540 648 1574 promiseram.
666 1540 699 1568 Et
720 1540 748 1567 in
764 1540 847 1567 lucem
865 1540 991 1576 gentium,
1008 1546 1068 1571 quas

266 1586 401 1615 sedebant
414 1588 441 1614 in
459 1587 580 1615 tenebris
593 1591 621 1615 et
635 1587 661 1615 in
679 1587 773 1615 urubra
788 1588 896 1619 mortis,
913 1593 940 1613 ut
955 1586 1069 1621 aperires

1120 977 1241 1012 ignorant
1263 977 1352 1014 [Vulg
1368 980 1563 1016 ignorat'erunt]
1589 981 1722 1008 antbulare
1746 990 1785 1008 eos
1806 982 1886 1016 furiam.

1121 1022 1222 1050 Ponant
1238 1025 1356 1051 tenebras
1369 1034 1456 1052 coram
1467 1027 1503 1053 eis
1519 1027 1545 1053 in
1558 1028 1652 1060 lucem,
1669 1033 1693 1055 et
1703 1037 1778 1063 prava
1790 1029 1812 1055 in
1824 1035 1887 1055 tecta:

1119 1069 1173 1097 htec
1187 1071 1261 1097 verba
1273 1072 1323 1106 [cci
1339 1073 1386 1104 eis,
1403 1078 1427 1099 et
1442 1081 1493 1099 non
1508 1073 1636 1106 dereliqui
1647 1083 1702 1102 eos.
1717 1076 1828 1103 Conversi
1846 1080 1889 1102 tant

1119 1121 1262 1144 retrorsum
1277 1120 1491 1154 :confuudautur
1505 1122 1671 1157 confusione,
1687 1123 1731 1158 qui
1744 1124 1861 1157 conﬁdunt
1871 1124 1890 1150 in

1119 1166 1234 1200 sculptili
1244 1186 1253 1199 ,
1267 1167 1311 1200 qui
1335 1168 1425 1194 dicunt
1438 1169 1565 1203 con/latili
1581 1177 1590 1196 .'
1606 1178 1651 1197 vos
1666 1171 1704 1198 dii
1718 1171 1803 1198 nostri.
1817 1171 1889 1198 LXX:

1119 1211 1228 1240 Caritate
1253 1213 1365 1242 Domino
1387 1216 1516 1242 canticum
1541 1224 1634 1243 novum
1652 1225 1661 1244 :
1677 1218 1828 1253 principatus
1849 1219 1891 1254 ejus

1119 1260 1294 1295 gloriﬁcatur,
1307 1266 1331 1288 et
1345 1270 1437 1288 nomen
1453 1261 1525 1290 illius
1552 1272 1568 1290 a
1593 1264 1743 1291 summitate
1766 1269 1833 1291 terra!
1845 1264 1892 1297 :qui

1119 1306 1279 1334 descendunt
1291 1308 1317 1334 in
1333 1316 1404 1335 mare
1417 1314 1441 1335 et
1455 1309 1579 1346 navigant
1602 1310 1682 1342 illud,
1698 1311 1787 1337 iusqu
1804 1315 1824 1336 et
1838 1309 1892 1335 habi-

1121 1358 1215 1380 tatores
1232 1362 1321 1381 earum
1336 1362 1345 1381 .'
1358 1355 1447 1382 ltetare
1466 1357 1595 1383 desertum
1613 1361 1637 1383 et
1662 1357 1712 1384 vici
1728 1356 1867 1393 ejus:villa'
1877 1360 1894 1382 et

1120 1399 1278 1426 habitatores
1292 1399 1386 1428 Cedar.
1400 1400 1569 1428 Latabuntur
1583 1403 1628 1438 qui
1642 1402 1763 1430 habitant
1775 1404 1799 1430 in
1813 1402 1875 1429 Petra
1887 1409 1893 1426 :

1120 1446 1152 1473 de
1165 1448 1313 1474 summitate
1327 1449 1453 1475 montium
1472 1450 1634 1477 clamabunt.
1665 1450 1769 1478 Dabunt
1787 1449 1835 1478 Deo
1854 1450 1896 1485 gla-

1118 1493 1200 1527 riam,
1226 1495 1332 1523 virtutes
1356 1496 1412 1531 ejus
1437 1497 1465 1523 in
1483 1497 1575 1525 insulis
1598 1499 1769 1526 nuntiabunt.
1794 1497 1896 1524 Dominus

1119 1539 1189 1567 Deus
1205 1542 1328 1568 virtutum
1343 1542 1489 1577 egredietur
1512 1548 1536 1570 et
1557 1550 1674 1571 (antiret
1689 1544 1797 1577 bellum,
1811 1543 1896 1570 suscita-

1119 1587 1154 1614 bit
1170 1589 1265 1616 zelum.
1280 1594 1303 1616 et
1319 1590 1439 1618 clamabit
1450 1599 1528 1626 super
1540 1591 1662 1619 inimicos
1675 1601 1737 1619 suos
1747 1600 1802 1619 cunt
1814 1592 1897 1626 fortitu-

267 1635 357 1662 oculos
382 1643 509 1662 esteorum
529 1635 573 1671 qui
599 1635 682 1662 Deum
705 1639 783 1662 antea
807 1642 861 1662 non
881 1634 1017 1661 videbant.
1034 1633 1067 1660 Et
1081 1627 1104 1659 C
1120 1635 1191 1662 diue.
1206 1635 1290 1668 ,Tacui
1301 1645 1317 1663 a
1333 1637 1480 1672 principio,
1497 1646 1558 1664 num
1573 1647 1677 1674 semper
1693 1638 1781 1666 tacebo
1805 1643 1826 1665 et
1838 1635 1898 1664 sitni-

266 1681 388 1709 educeres
398 1681 431 1709 dc
438 1682 603 1709 conclusione
613 1682 723 1708 vinctum
735 1681 791 1718 [AL
800 1680 909 1717 vinctos]
921 1680 1013 1717 (Prov.
1023 1680 1049 1716 γ)
1059 1688 1065 1713 ;

263 1727 374 1755 funibus
389 1727 462 1755 enim
476 1732 652 1762 peccatorum
665 1735 777 1755 suorum
799 1728 989 1762 unusquisque
1000 1733 1067 1754 con-

267 1775 418 1811 stringitur.
438 1775 472 1802 Et
487 1775 513 1802 itt
529 1774 679 1810 Evangelia
694 1782 774 1810 quem
794 1775 910 1803 Satanas
932 1774 1065 1807 vinxerat,

266 1822 348 1850 solvit
364 1822 494 1850 Dominus
511 1822 595 1858 (Mat.
612 1821 686 1858 vni).
706 1821 746 1849 De
756 1822 832 1849 domo
849 1821 959 1848 carceris
976 1821 1068 1849 seden-

266 1874 301 1897 tes
315 1870 342 1897 in
356 1870 474 1903 tenebris,
490 1871 535 1905 qui
551 1870 578 1898 in
592 1874 696 1898 erroris
710 1874 789 1897 nocte
802 1874 830 1897 et
843 1869 959 1904 caligine
972 1876 1067 1896 versa-

266 1917 376 1945 bantur.
390 1916 522 1952 Quodque
536 1916 634 1944 iitl'ert:
651 1916 705 1951 Ego
717 1915 856 1948 Dominus,
867 1915 916 1942 hoc
926 1919 963 1942 est
974 1922 1066 1941 nomen

269 1971 369 1995 meum;
387 1964 497 1999 gloriam
513 1972 594 1991 meam
613 1963 691 1990 alteri
710 1971 761 1990 non
778 1962 862 1991 dabo.
879 1969 932 1989 n0u
947 1960 1067 1989 excludit

266 2010 379 2044 Filium,
407 2013 450 2039 cui
465 2011 567 2039 dicenti
588 2011 615 2038 in
640 2010 789 2046 Evangelio
806 2019 811 2037 :
835 2009 930 2041 Pater,
947 2008 1066 2044 glori/ica

267 2065 307 2084 me
320 2057 403 2094 gloria
416 2065 491 2092 quam
505 2057 575 2093 apud
591 2062 615 2084 te
628 2056 709 2083 habui
731 2056 880 2092 priusquam
900 2054 1011 2081 mundus
1027 2062 1066 2081 es-

265 2109 301 2132 set
315 2103 410 2139 (Joan.
423 2111 489 2137 xvtt,
506 2103 553 2139 5),
571 2104 629 2138 ipse
652 2103 790 2137 respondit
804 2112 810 2130 :
826 2101 859 2129 Et
875 2102 1029 2138 gloriﬁcavi,
1043 2105 1067 2128 et

266 2149 428 2186 glori/icabo.
453 2149 548 2185 Neque
562 2150 635 2177 enim
650 2149 738 2177 dixit:
754 2149 875 2177 Gloriam
895 2156 983 2176 meam
1000 2148 1065 2176 nulli

267 2195 348 2227 dabo,
364 2196 438 2232 quod
463 2196 486 2224 si
512 2195 638 2228 dixisset,
662 2195 827 2223 exclusisset
841 2200 868 2222 et
891 2194 1002 2226 Filium.
1019 2195 1067 2222 sed

267 2243 378 2279 gloriam
402 2251 483 2271 meam
508 2243 582 2270 alteri
601 2250 652 2269 non
668 2242 745 2275 dabo,
762 2247 863 2276 praeter
878 2247 914 2274 te,
932 2241 975 2269 cui
990 2241 1064 2274 dedi,

266 2290 310 2318 cui
324 2289 438 2317 daturus
458 2297 528 2318 sum.
548 2288 629 2318 Unde
648 2290 841 2325 pr0prletatem
857 2294 959 2316 sancta‘
973 2289 1067 2322 Scrip-

1120 1682 1186 1709 nebo
1195 1684 1206 1709 ν
1215 1684 1281 1710 sicut
1294 1685 1395 1718 pariens
1405 1686 1532 1719 patienter
1538 1685 1588 1720 egi,
1598 1693 1736 1720 erumpam
1744 1691 1767 1712 ct
1780 1684 1898 1719 arefactum

1119 1730 1207 1762 simul,
1222 1731 1326 1757 vastabo
1337 1735 1435 1759 montes
1449 1736 1474 1758 et
1488 1731 1568 1759 colles
1578 1752 1586 1764 ,
1601 1737 1625 1759 et
1639 1741 1721 1759 amite
1733 1732 1817 1767 fenum
1831 1736 1899 1757 corum

1119 1778 1271 1812 arefactum.
1291 1777 1326 1805 Et
1351 1787 1446 1812 ponant
1471 1779 1581 1814 ﬂumina
1597 1779 1623 1806 in
1640 1779 1761 1813 insulas,
1777 1783 1800 1806 et
1813 1777 1900 1813 paludes

1118 1824 1229 1852 siccabo.
1245 1825 1279 1852 Et
1292 1825 1425 1853 adducam
1441 1834 1523 1854 cwcos
1538 1835 1585 1862 per
1598 1827 1669 1854 viam
1690 1835 1769 1862 quant
1790 1825 1901 1856 nesciunt,

1118 1875 1142 1897 et
1157 1872 1262 1899 semitas
1276 1880 1340 1907 quas
1355 1872 1549 1908 iguoraverunt,
1565 1873 1669 1900 calcare
1684 1881 1729 1900 eos
1759 1871 1860 1908 faciam;
1872 1871 1902 1904 [α’

1118 1920 1185 1947 ciam
1208 1921 1245 1947 eis
1270 1921 1385 1948 tenebras
1407 1923 1434 1948 in
1452 1922 1548 1953 lucem,
1572 1926 1596 1948 et
1609 1929 1695 1956 prava
1716 1921 1745 1948 in
1765 1924 1840 1947 recta.
1853 1916 1902 1944 llas

1118 1967 1194 1994 verba
1210 1968 1303 2002 faciam
1316 1967 1370 1995 illis
1383 1988 1389 2000 ,
1404 1973 1428 1995 et
1446 1977 1498 1995 non
1520 1968 1706 2004 derelinquant
1728 1976 1783 1999 eos,
1800 1966 1847 2001 ipsi
1858 1972 1903 1991 vero

1119 2015 1234 2042 conversi
1254 2019 1313 2041 sunt
1334 2020 1493 2049 retrorsum;
1515 2015 1722 2050 coufundamini
1739 2015 1817 2051 51],
1829 2012 1904 2047 toni"-

1118 2061 1202 2092 sione,
1215 2062 1259 2096 qui
1269 2061 1400 2096 conﬁditis
1412 2070 1489 2098 super
1501 2061 1665 2097 sculptilibtts
1678 2083 1685 2093 ,
1699 2063 1746 2097 qui
1765 2060 1847 2087 dicttis
1857 2066 1904 2084 cou-

1118 2108 1197 2143 flatis,
1216 2116 1258 2135 vos
1273 2110 1334 2135 estis
1348 2109 1383 2136 dii
1399 2109 1489 2136 nostri.
1501 2108 1552 2143 Qui
1565 2109 1640 2144 prius
1651 2109 1765 2137 dixerat
1780 2117 1786 2135 :
1800 2115 1853 2143 qum
1865 2105 1906 2141 pri-

1118 2163 1160 2182 ma
1175 2156 1290 2190 fuerant,
1302 2164 1361 2183 ecce
1374 2160 1515 2188 venerunt;
1536 2164 1601 2183 nova
1611 2165 1719 2192 quoque
1731 2164 1777 2192 ego
1788 2153 1905 2182 annuntio:

1118 2207 1256 2237 antequam
1276 2203 1405 2234 oriantur,
1428 2202 1519 2229 audita
1545 2202 1641 2236 faciant
1674 2202 1765 2236 vobis;
1777 2206 1805 2230 et.
1817 2209 1845 2229 se
1858 2207 1907 2236 ι]ῐο-

1119 2251 1244 2283 tniserat,
1259 2250 1331 2285 quod
1352 2249 1514 2286 ignorabant
1529 2257 1591 2277 esse
1611 2250 1757 2278 dicturum
1777 2257 1851 2284 :qute
1866 2247 1908 2273 sint

1119 2296 1164 2324 illa
1178 2304 1247 2324 nova
1256 2317 1264 2330 ,
1278 2297 1402 2332 sequenti
1416 2304 1545 2324 sermone
1557 2301 1688 2330 testatur,
1701 2296 1843 2333 Aposolis
1852 2301 1908 2330 prm-

265 2341 336 2365 turze
348 2336 525 2365 vehementer
541 2336 673 2370 admiror,
689 2335 761 2372 quod
776 2335 889 2363 verbum
901 2343 973 2363 mea
986 2334 1065 2372 (una)

1119 2343 1233 2379 cipicns,
1249 2348 1276 2371 et
1288 2331 1451 2379 Apostolicis
1465 2342 1541 2376 vitis,
1559 2348 1588 2370 ut
1602 2349 1710 2371 canant
1724 2331 1857 2372 canticum
1869 2347 1907 2367 no-

266 2391 362 2412 omnes
377 2383 541 2419 luterpretes
558 2391 625 2412 voce
639 2390 760 2411 consona
778 2382 987 2415 transtulerunt,
1000 2382 1064 2409 alte-

266 2438 324 2458 rum
336 2452 344 2464 ,
358 2429 442 2464 quiin
459 2430 552 2458 multis
563 2430 627 2458 aliis
638 2429 712 2457 soliti
723 2434 787 2457 sunt
796 2430 963 2464 diserepare.
977 2429 1064 2457 Utau-

264 2481 320 2505 tem
330 2477 448 2504 sciamus
454 2484 503 2513 per
510 2476 579 2504 hanc
590 2477 755 2504 sententiam
768 2483 821 2504 non
832 2475 939 2504 excludi
951 2475 1062 2510 Filium,

266 2524 315 2553 sed
340 2524 432 2556 idola.
457 2525 600 2560 sequentia
626 2524 708 2552 verba
726 2528 879 2551 testantur:
900 2523 933 2550 Et
961 2523 1063 2551 laudem

266 2583 349 2603 meant
369 2575 543 2610 sculptilibus.
558 2575 612 2602 Pro
627 2583 680 2610 qtln
695 2573 785 2602 LXX:
807 2582 853 2602 nec
872 2575 975 2601 virtutes
994 2582 1063 2600 meas

266 2621 348 2659 διο
360 2621 517 2648 simulacris.
535 2621 602 2648 Cum
622 2621 694 2649 enim
708 2620 835 2649 Christus
852 2620 899 2648 Dei
913 2621 1000 2647 virtus
1013 2620 1063 2653 sit,

265 2669 370 2706 Deique
391 2668 536 2705 sapientia,
552 2676 648 2697 omnes
661 2669 688 2696 in
703 2676 733 2696 se
746 2668 861 2696 virtutes
875 2668 999 2695 continet
1014 2667 1064 2694 Pa-

264 2721 325 2748 tris.
346 2721 486 2756 Sequitur,
503 2719 568 2753 Qutz
583 2720 667 2754 prima
682 2721 796 2755 fuerunt,
811 2727 870 2747 ecce
884 2724 1016 2746 venerunt.
1032 2718 1065 2746 Et

264 2773 306 2796 est
328 2776 426 2797 sensus
447 2778 453 2795 :
478 2767 544 2803 Qua:
567 2769 673 2796 loeutus
698 2775 769 2801 sum,
799 2775 859 2803 qllil‘.
872 2775 919 2802 per
940 2767 1059 2803 Moysen,

263 2816 468 2853 PrOpheta~que
494 2815 634 2852 pollicitus
661 2822 740 2846 sum,
771 2814 898 2842 universa
924 2814 1059 2849 completa

261 2868 335 2891 sunt.
351 2863 429 2892 Nunc
447 2870 538 2891 autem
556 2862 689 2890 annuntio
704 2860 782 2889 vobis
804 2860 994 2896 Evangelium,
1010 2867 1060 2888 vo—

262 2911 398 2940 cntionem
424 2912 557 2945 gentium,
585 2910 740 2946 passionem
768 2907 889 2942 Christi,
912 2908 1059 2936 novitatem

261 2958 339 2988 ﬁdei:
352 2964 382 2987 ut
393 2958 531 2994 quomodo
546 2957 638 2994 priora
658 2956 770 2986 cernitis
786 2956 867 2985 rebus
878 2956 1004 2992 expleta,
1019 2956 1060 2985 sic

1120 2398 1182 2417 vum
1192 2411 1200 2423 ,
1215 2398 1385 2426 nequaquam
1402 2390 1429 2417 in
1445 2394 1578 2418 vetustate
1599 2390 1724 2425 litterae;
1740 2390 1791 2418 sed
1806 2390 1833 2417 in
1847 2386 1909 2416 nuti-

1119 2441 1174 2464 tate
1187 2437 1308 2472 spiritus.
1322 2436 1377 2464 Nec
1396 2438 1484 2464 solum
1496 2436 1523 2464 in
1537 2437 1622 2465 veteri
1645 2437 1849 2469 lnstrumento.
1872 2433 1909 2462 sed

1119 2485 1145 2512 in
1169 2492 1254 2517 novo;
1277 2488 1305 2512 et
1326 2484 1385 2512 laus
1405 2484 1464 2519 ejus
1488 2488 1611 2519 penetret
1630 2492 1725 2521 usque
1750 2485 1786 2514 ad
1805 2489 1911 2513 extrema

1120 2537 1209 2559 terrm.
1231 2531 1254 2558 Α
1270 2539 1378 2559 summo
1397 2531 1470 2559 enim
1482 2532 1551 2560 coelo
1571 2539 1707 2567 egressus
1725 2533 1788 2568 ejus
1800 2537 1828 2560 et
1839 2537 1910 2564 usque

1119 2577 1153 2605 ad
1189 2585 1323 2605 sunnnum
1354 2578 1426 2606 illius
1454 2586 1583 2606 occursus
1614 2580 1675 2613 ejus
1705 2579 1804 2617 (Psal.
1833 2578 1912 2611 svnt).

1120 2625 1147 2653 lll
1178 2633 1287 2653 omnem
1315 2630 1418 2653 terram
1441 2625 1508 2654 exiit
1534 2626 1737 2661 Apostolorum
1764 2635 1865 2656 sonus.
1891 2627 1913 2650 el

1116 2671 1141 2699 in
1167 2672 1302 2700 terminos
1317 2673 1394 2701 orbis
1410 2673 1492 2700 verba
1520 2681 1626 2701 eorum.
1651 2673 1724 2702 Sive
1735 2675 1813 2710 juxta
1827 2670 1892 2701 LXX
1907 2677 1913 2696 ῖ

1116 2718 1266 2754 Gloriﬁcate
1281 2728 1373 2747 nomen
1389 2721 1446 2757 ejus
1460 2720 1487 2747 in
1505 2720 1621 2747 terminis
1639 2725 1725 2748 terra,
1736 2729 1747 2749 :
1763 2726 1794 2748 ut
1812 2720 1839 2748 in
1864 2719 1914 2745 uiti-

1116 2774 1197 2794 verso
1213 2767 1313 2794 mundo
1328 2767 1429 2794 Chriin
1457 2774 1556 2794 nomen
1575 2769 1764 2796 annuntietur
1786 2765 1914 2803 gentibus.

1114 2813 1165 2847 Qui
1178 2815 1230 2842 sint
1245 2818 1336 2842 autem
1348 2814 1393 2841 isti
1405 2814 1450 2849 qui
1463 2821 1565 2842 canere
1580 2814 1705 2843 debeant
1722 2816 1860 2843 canticum
1876 2819 1916 2839 uo-

1113 2868 1188 2895 vum,
1200 2862 1340 2897 sequentia
1353 2863 1436 2889 verba
1454 2866 1586 2890 testantur
1604 2871 1609 2888 :
1626 2861 1684 2895 Qui
1696 2862 1867 2894 descenditis,
1881 2861 1916 2888 in-

1112 2909 1180 2943 quit,
1196 2909 1222 2936 in
1235 2917 1315 2942 mare,
1330 2914 1355 2937 et
1372 2908 1504 2944 navigatis
1515 2908 1591 2942 illud,
1603 2909 1663 2937 sive
1677 2910 1823 2943 plenitudo
1834 2908 1915 2936 maris.

1112 2956 1260 2993 Apostolos
1275 2956 1349 2986 enim
1360 2956 1457 2985 videns
1469 2957 1549 2986 Jesus
1574 2956 1601 2985 in
1616 2956 1720 2987 littore
1742 2958 1827 2994 juxta
1850 2961 1919 2987 mare
