4096 6330
241 285 346 344 425

780 280 1441 341 COMMENTARIORUM
1481 284 1548 340 IN
1589 282 1826 342 ISAMM
1859 281 2287 343 PROPIIETAM
2322 285 2453 342 LIB.
2499 285 2615 344 XII.
2655 287 2810 345 CAP.
2855 287 3015 345 XLII.

3453 291 3570 350 426

241 403 546 460 Genesaret
589 400 902 460 reficientes
929 401 1066 456 retia
1105 415 1226 465 sua,
1257 399 1473 456 vocavit
1504 409 1559 454 et
1601 400 1752 456 misit
1795 399 1849 454 in
1877 400 1929 460 A
1955 415 2064 470 que
2085 416 2182 454 vos
2201 418 2230 456 ει
2256 403 2433 469 capite
2451 405 2698 474 usquead
2729 405 2891 474 pedes
2912 405 3263 462 exsiccavero
3282 411 3450 473 atque
3474 407 3579 462 de-

242 511 497 568 magnum
522 511 681 552 mare
714 495 870 568 (Luc.
904 493 994 566 v);
1030 506 1087 550 ut
1113 494 1180 550 de
1221 493 1588 565 piscatoribus
1627 493 1853 563 piscium

243 589 441 656 faceret
472 587 762 646 hominum
805 588 1128 660 piscatores.
1160 587 1250 658 qui
1289 586 1358 642 de
1389 587 1699 644 Jerusalem
1756 603 1853 642 us-

244 700 351 756 que
379 683 450 739 ad
482 683 763 756 Illyricum
798 693 853 740 et
883 681 1170 751 Histianias
1204 681 1558 751 Evangelium
1589 680 1856 752 praedica-

245 787 400 834 runt:
433 779 726 858 capientes
759 779 812 832 in
842 775 992 833 brevi
1022 786 1266 847 tempore
1291 775 1464 847 ipsam
1495 791 1717 846 quoque
1747 774 1868 830 Ro—‘

245 885 414 926 mante
445 869 604 925 urbis
636 869 963 940 potentiam.
1019 868 1112 923 Vel
1159 879 1311 924 certe
1352 867 1757 924 descenderunt
1802 866 1856 923 in

245 977 388 1020 mare
415 971 474 1019 et
513 964 919 1034 navigaverunt
938 960 1484 1030 illud;tempestates
1514 971 1570 1018 et
1602 977 1857 1033 persecu-

247 1054 417 1110 tiones
445 1052 612 1109 istius
629 1053 820 1109 saeculi
837 1053 1194 1109 sustinentes.
1215 1053 1433 1109 Insulas
1449 1068 1666 1124 quoque
1687 1064 1745 1109 et
1766 1053 1860 1108 ba-

243 1144 506 1204 bitatores
538 1160 754 1215 earnm,
786 1145 872 1200 vel
905 1143 1282 1200 diversitatem
1311 1144 1559 1215 gentium
1588 1144 1858 1215 intellige,

246 1239 326 1295 vel
356 1238 733 1296 Ecclesiarnm
784 1238 1206 1294 multitudinem.
1257 1237 1412 1294 Levet
1453 1236 1563 1311 [ΑΙ.
1609 1237 1811 1312 Elevet]
1841 1280 1858 1306 ,

247 1331 450 1404 inquit,
501 1331 768 1387 desertum
804 1340 855 1386 et
894 1332 1124 1386 civitates
1163 1331 1278 1394 eius
1331 1345 1520 1386 vocem
1553 1346 1704 1386 suam
1729 1372 1744 1396 ,
1793 1331 1862 1386 de

246 1440 342 1496 qna
373 1432 431 1480 et
461 1438 636 1495 supra
661 1423 924 1478 diximus.
955 1423 1086 1479 Sive
1113 1423 1330 1478 lactetur
1362 1422 1638 1480 desertum
1668 1431 1726 1480 et
1757 1423 1862 1480 vici

247 1516 380 1588 ejus,
411 1527 465 1571 et
489 1513 698 1582 Cedar,
730 1532 851 1588 quae
881 1515 1153 1587 quondam
1185 1515 1558 1572 inhabitabilis
1580 1515 1679 1572 fuit
1713 1515 1865 1588 regio

251 1619 394 1666 trans
421 1610 690 1666 Arabiam
721 1611 1144 1666 Saracenorum.
1191 1611 1256 1665 Et
1286 1610 1626 1666 habitatores
1655 1608 1860 1675 Petrae,

248 1719 362 1775 quae
384 1712 440 1759 et
464 1703 586 1774 ipsa
612 1704 746 1759 urbs
768 1702 1072 1761 Palaesnna:
1089 1712 1195 1759 est.
1223 1701 1337 1759 lloc
1357 1711 1536 1758 autem
1568 1701 1862 1772 signiﬁcat,

1962 489 2169 560 levero,
2198 501 2325 549 tunc
2346 493 2565 550 flumina
2585 497 2850 552 domina
2871 513 3004 553 mea!
3035 496 3089 552 in
3113 498 3308 552 insulis
3327 502 3583 570 grntinm

1960 600 2182 642 currere
2213 587 2406 641 faciam
2432 629 2448 653 ,
2478 598 2533 644 et
2563 599 2755 660 stagna
2800 601 2985 647 vestra
3037 593 3151 647 sive
3198 592 3432 662 paludes
3481 609 3581 651 re-

1961 680 2142 752 digam
2168 682 2220 736 in
2244 682 2572 748 ariditatem,
2597 696 2656 740 nt
2684 686 2734 740 in
2760 687 3016 755 gentibus
3049 689 3121 743 sit
3149 691 3382 746 scientia
3431 689 3588 747 Scri-

1965 783 2245 843 pturarum
2267 815 2284 841 ,
2313 785 2367 829 et
2395 775 2451 831 in
2478 777 2636 832 vobis
2665 778 2934 835 doctrina:
2983 782 3234 838 ariditas.
3266 783 3586 854 Ducamquo

1961 881 2140 922 cmcos
2174 883 2270 938 per
2300 868 2440 924 viam
2465 911 2482 936 ,
2523 885 2686 940 quam
2719 883 2844 928 ante
2877 875 3236 939 nesciebant.
3267 877 3336 933 de
3381 877 3587 947 quibus

1963 967 2018 1013 et
2047 973 2214 1026 supra
2247 959 2480 1030 legimus
2515 978 2528 1015 :
2562 959 2700 1016 Dedi
2727 973 2774 1017 te
2805 965 2856 1018 in
2893 966 3061 1036 [trdus
3089 968 3293 1039 populi.
3321 969 3373 1021 in
3417 969 3587 1024 lucem

1963 1053 2218 1126 gentium,
2254 1064 2308 1108 ut
2355 1054 2586 1124 aperires
2642 1056 2820 1110 oculos
2865 1075 3139 1114 cwcorum.
3193 1059 3254 1115 Hi
3305 1061 3588 1118 ducentur

1964 1161 2064 1216 per
2077 1146 2327 1211 viam,de
2353 1163 2459 1219 qna
2482 1147 2732 1205 Christus
2757 1150 3030 1220 loquitur.
3052 1151 3168 1227 Ego
3195 1171 3308 1208 sum
3331 1155 3436 1223 via,
3456 1157 3578 1213 sive

1966 1241 2047 1294 via
2064 1239 2227 1314 513
2241 1242 2483 1297 scientiae
2501 1242 2620 1308 Dei,
2639 1252 2694 1298 et
2721 1259 2814 1312 per
2832 1245 3064 1300 semitas
3088 1247 3438 1316 prophetales
3459 1265 3580 1303 am-

1967 1335 2156 1390 bulare
2178 1350 2274 1391 eos
2304 1337 2521 1391 faciant.
2547 1335 2702 1393 Tunc
2729 1337 2970 1392 tenehrze
2999 1353 3188 1394 eorum
3223 1342 3581 1397 mutabuntur

1968 1428 2023 1482 in
2065 1429 2268 1492 lucem,
2297 1440 2351 1484 et
2377 1445 2538 1499 prava
2565 1439 2853 1486 vertentur
2882 1432 2934 1487 in
2968 1441 3140 1500 recta,
3171 1442 3230 1488 ut
3271 1434 3583 1504 intelligant

1969 1535 2090 1588 quae
2120 1519 2328 1591 legunt,
2378 1529 2434 1575 et
2458 1521 2639 1577 cordis
2661 1523 2834 1577 oculis
2865 1523 3076 1579 clarum
3106 1524 3158 1577 in
3189 1523 3364 1580 veteri
3386 1523 3585 1580 Testa-

1972 1622 2160 1668 mento
2201 1610 2402 1668 Christi
2457 1614 2642 1671 lumen
2695 1617 2986 1687 aspiciant.
3038 1617 3324 1685 Simulque
3373 1617 3580 1675 infert:

1975 1705 2103 1761 Htec
2130 1713 2284 1762 verba
2309 1723 2425 1780 quoe
2447 1708 2566 1776 feci,
2599 1709 2720 1764 sive
2753 1711 2947 1778 faciam
2975 1712 3070 1776 eis,
3118 1727 3461 1782 nequaquam
3501 1712 3587 1768 ul-

249 1795 386 1868 quod
418 1797 674 1867 gentium
709 1795 942 1866 p0pn|us
978 1794 1234 1851 desertus
1265 1793 1415 1865 prius
1439 1796 1629 1850 notitia
1659 1793 1776 1861 Dei,
1809 1804 1866 1850 et
1896 1801 1941 1861 Β
1970 1809 2053 1856 tra
2096 1801 2274 1858 futura
2301 1803 2657 1873 promittens;
2701 1803 2799 1860 sed
2843 1821 2969 1874 quae
3017 1813 3142 1862 ante
3195 1809 3584 1876 promiseram,

255 1889 586 1946 idololatria:
640 1887 924 1946 erroribus
973 1887 1272 1960 obligatus,
1309 1888 1376 1942 ad
1428 1888 1617 1942 laudes
1649 1885 1865 1942 Domini
1931 1902 1934 1906 ·

251 1993 628 2040 convertatur.
660 1982 789 2039 Sive
818 1983 940 2051 quia
975 1979 1144 2037 Cedar
1170 1983 1572 2052 interpretatur
1601 1979 1824 2036 tenebrat
1847 2021 1862 2044 ,

252 2085 303 2133 et
327 2076 488 2148 juxta
523 2077 851 2147 Apostolum
900 2075 944 2148 (l
971 2075 1092 2130 Cor.
1126 2073 1182 2147 ιι)
1229 2085 1381 2146 petra
1411 2074 1689 2142 Christus,
1725 2089 1866 2146 pra:-

253 2173 448 2244 cipitnr
481 2172 706 2228 cunctis
731 2169 1116 2238 credentibus,
1152 2170 1328 2241 utqui
1354 2179 1483 2226 ante
1511 2179 1670 2225 erant
1697 2170 1749 2224 in
1783 2179 1866 2226 te-

253 2263 454 2331 nebris,
491 2271 548 2318 et
571 2278 721 2318 nunc
742 2261 978 2318 credunt
1003 2262 1055 2316 in
1085 2261 1372 2317 Dominum
1396 2262 1743 2317 Salvatorern
1760 2303 1776 2327 ,
1800 2262 1871 2318 de

253 2359 453 2416 vertice
506 2358 778 2414 montium
831 2358 1156 2425 clamitent,
1216 2366 1272 2413 et
1326 2366 1519 2427 aperte
1572 2358 1870 2428 pra-dicent

251 2451 534 2508 Christum
553 2493 569 2516 .
593 2451 760 2525 διε
791 2449 990 2519 quibus
1011 2459 1067 2506 et
1093 2465 1257 2520 supra
1292 2449 1400 2522 (Ad
1419 2468 1539 2525 cap.
1570 2449 1726 2521 xL,9)
1754 2450 1870 2507 dic-

258 2558 366 2604 tum
388 2558 518 2607 est:
545 2547 614 2604 In
643 2557 872 2604 montem
889 2548 1148 2605 excelsum
1171 2549 1412 2612 ascende,
1433 2551 1520 2622 qui
1550 2549 1872 2621 evangelise:

257 2641 400 2700 Sion.
451 2641 616 2698 Eleva
650 2641 705 2696 in
737 2641 1049 2714 fortitudine
1079 2658 1256 2698 vocem
1290 2653 1434 2698 tuam
1456 2684 1472 2710 ,
1514 2645 1606 2714 qui
1651 2658 1872 2719 evange-

255 2734 378 2790 lisas
404 2733 732 2790 Jerusalem.
783 2733 850 2790 Et
882 2749 1082 2806 ponam
1111 2734 1339 2806 gloriam
1371 2735 1490 2804 eius
1536 2737 1590 2791 in
1635 2735 1830 2792 insulis
1852 2778 1868 2805 ,

255 2825 320 2884 de
341 2827 547 2900 quibus
573 2825 726 2898 prius
745 2824 1010 2881 diximus.
1036 2825 1416 2896 Describitque
1431 2840 1618 2881 sermo
1637 2824 1871 2895 prophe-

257 2923 392 2980 ticus
417 2920 724 2994 gloriosum
751 2919 1056 2978 Salvatoris
1076 2919 1392 2988 adventum,
1419 2920 1486 2976 de
1507 2934 1617 2992 quo
1647 2929 1704 2977 et
1732 2919 1872 2976 Pau-

259 3018 338 3076 lus
389 3017 698 3089 Apostolus
745 3016 987 3088 loquitur
1031 3033 1044 3071 :
1092 3014 1396 3073 Secundum
1437 3017 1872 3073 illuminationem

257 3115 438 3191 gloriae
483 3115 662 3186 magni
712 3112 808 3170 Dei
863 3122 911 3168 et
958 3112 1248 3170 Saluatoris
1292 3113 1457 3168 nostri
1500 3111 1630 3168 Jesu
1673 3111 1871 3168 Christi

1975 1894 2232 1951 reddens.
2274 1896 2360 1952 Me
2407 1906 2587 1952 autem
2624 1897 2727 1952 ista
2757 1897 2998 1966 dicente,
3035 1915 3342 1955 conversus
3364 1911 3453 1956 est
3497 1915 3588 1956 re-

1975 1996 2211 2044 trorsum
2250 1990 2484 2061 populus
2521 1989 2862 2059 Iudaeorum,
2913 2000 2974 2046 ut
3006 2007 3112 2047 non
3161 1993 3410 2048 crederet
3459 2007 3588 2063 pro-

1975 2081 2236 2148 mittenti,
2267 2084 2402 2140 etin
2447 2084 2559 2140 suis
2585 2085 3018 2142 confunderetur
3049 2086 3350 2148 erroribus.
3381 2094 3438 2142 et
3487 2102 3587 2142 ne-

1971 2176 2203 2249 gligeret
2231 2179 2585 2248 sponsionem
2619 2177 2742 2243 Dei,
2767 2179 2859 2250 qui
2891 2179 3050 2234 idolis
3081 2188 3208 2234 ante
3249 2178 3586 2234 crediderat.

1974 2270 2105 2328 Sive
2153 2287 2275 2328 eum
2329 2272 2616 2329 intraverit
2647 2273 2926 2341 plenitudo
2955 2275 3224 2344 gentium,
3255 2269 3383 2329 tunc
3421 2273 3588 2327 etiam

1972 2366 2144 2423 Israel
2175 2367 2404 2439 populus
2451 2377 2809 2426 convertetnr
2834 2369 3010 2438 (Rom.
3047 2369 3150 2440 ll),
3202 2379 3258 2424 et
3299 2368 3592 2438 [)(Bnilebit

1973 2474 2098 2515 eum
2128 2461 2338 2516 erroris
2368 2461 2476 2529 sui,
2508 2477 2608 2530 per
2628 2478 2788 2532 quem
2822 2462 2984 2516 idolis
3007 2472 3133 2518 ante
3157 2463 3445 2518 servierat.
3479 2465 3585 2516 Aut

1972 2561 2121 2608 certe
2153 2564 2273 2623 post
2297 2554 2637 2609 vocationem
2662 2555 2906 2623 gentium
2938 2565 3250 2611 revertetur
3283 2559 3348 2610 ad
3376 2557 3584 2625 princi-

1975 2643 2122 2714 pium
2155 2662 2168 2698 :
2200 2656 2255 2699 ut
2282 2645 2446 2713 dicat,
2481 2661 2673 2703 omnes
2709 2659 2924 2718 gentes,
2977 2663 3098 2718 qua:
3134 2647 3428 2720 Evangelio
3459 2666 3580 2710 cre-

1975 2736 2109 2794 dere
2141 2739 2452 2804 noluerunt,
2502 2737 2559 2794 in
2586 2740 2700 2794 suis
2729 2738 2890 2794 idolis
2921 2739 3362 2796 confundendas.

2042 2829 2226 2901 (Vers.
2260 2831 2360 2893 18.
2391 2829 2460 2886 l9
2488 2830 2672 2902 seqq.)
2705 2830 2869 2888 Surdi
2896 2876 2910 2899 ,
2937 2832 3137 2898 audite,
3160 2843 3206 2885 et
3234 2834 3379 2900 caeci,
3412 2835 3584 2889 intue-

1975 2923 2103 2978 mini
2132 2923 2202 2978 ad
2239 2921 2534 2978 videndum.
2574 2923 2702 2991 Quis
2728 2939 2924 2989 caicus,
2960 2925 3058 2978 nisi
3096 2941 3275 2979 servus
3312 2928 3494 2982 meus?
3533 2939 3581 2982 et

1974 3015 2164 3071 surdus
2182 3058 2198 3084 ,
2229 3017 2328 3071 nisi
2355 3016 2424 3070 ad
2451 3031 2605 3088 quem
2634 3018 2841 3071 nuntios
2870 3033 3010 3071 meos
3035 3018 3194 3072 misi?
3233 3019 3364 3086 Quis
3389 3036 3587 3086 cwcus,

1975 3112 2077 3166 nisi
2097 3113 2186 3184 qui
2214 3110 2538 3166 venundatus
2567 3119 2643 3164 est
2667 3112 2690 3164 ?
2717 3121 2762 3165 et
2789 3111 2904 3182 quis
2933 3126 3120 3175 cwcus,
3151 3111 3253 3165 nisi
3279 3127 3455 3168 servus
3479 3109 3591 3168 Do-

261 3209 324 3281 (ll
353 3209 480 3266 Cor.
530 3224 624 3274 tv;
657 3206 705 3264 II
737 3204 872 3262 Tim.
905 3222 955 3270 ι,
998 3205 1122 3279 10);
1152 3216 1206 3262 et
1234 3221 1358 3262 eum
1408 3207 1531 3261 viro
1561 3205 1866 3262 fortissimo
1893 3201 1940 3265 C
1971 3207 2140 3262 mini?
2172 3206 2275 3275 Qui
2304 3205 2444 3260 rides
2475 3204 2641 3260 multa
2661 3249 2676 3272 ,
2745 3221 2916 3260 nonne
2943 3206 3241 3261 custodies?
3270 3209 3358 3278 qui
3387 3219 3594 3278 apertas

259 3309 583 3375 comparat,
636 3301 731 3372 qui
777 3307 1115 3371 pugnaturus
1165 3297 1236 3355 sit
1282 3307 1471 3354 contra
1521 3298 1872 3356 adversarios

259 3411 418 3464 suos,
437 3395 804 3451 suscitaturus
831 3394 1034 3448 zelum.
1065 3391 1140 3447 De
1168 3407 1274 3461 quo
1307 3399 1362 3446 ct
1397 3393 1449 3446 in
1482 3392 1710 3448 Cantica
1735 3393 1875 3449 Deu-

267 3490 564 3558 terontnnii
601 3486 983 3561 prophetatum
1014 3495 1138 3542 est:
1169 3485 1194 3540 1
1206 3487 1288 3556 psi
1316 3502 1396 3541 me
1433 3486 1602 3542 selare
1643 3487 1875 3558 fecerunt

263 3585 313 3640 in
336 3602 398 3641 eo
423 3583 515 3658 qui
558 3599 663 3637 non
704 3589 816 3636 erat
855 3579 1031 3648 Deus,
1059 3589 1107 3634 et
1146 3580 1482 3635 irritaverant
1514 3597 1594 3635 me
1638 3580 1693 3634 in
1719 3580 1874 3635 idolis

263 3679 399 3749 suis;
422 3687 474 3732 et
499 3691 599 3750 ego
628 3672 801 3729 selare
825 3691 912 3729 eos
943 3673 1140 3746 faciant
1169 3673 1223 3727 in
1246 3682 1398 3744 gente
1427 3690 1543 3742 qua:
1571 3689 1674 3728 non
1695 3684 1794 3740 est,
1828 3682 1876 3729 et

265 3771 318 3826 in
363 3779 515 3846 gente
563 3766 872 3823 stultissima
911 3765 1128 3821 irritabo
1156 3766 1276 3820 illos
1301 3764 1484 3839 (Deut.
1531 3780 1718 3832 χχιιι,
1755 3764 1871 3836 21).

268 3863 676 3921 Vociferabitur
712 3875 928 3933 quoque
979 3869 1036 3916 et
1084 3859 1343 3918 clamabit
1390 3870 1583 3916 contra
1629 3859 1877 3916 inimicos

269 3975 419 4028 Suos,
445 3968 639 4034 aperte
667 3976 856 4018 eorum
881 3957 1261 4016 inﬁdelitatem
1296 3959 1600 4029 reprobans
1621 4000 1638 4025 ,
1669 3967 1725 4014 et
1751 3973 1874 4014 cum

271 4055 514 4112 clamore
563 4055 962 4128 pronuntians:
993 4052 1196 4120 Tacui,
1241 4068 1442 4120 semper
1471 4053 1632 4120 silui,
1675 4053 1878 4123 patiens

273 4150 385 4219 fui,
433 4151 549 4205 sive
594 4155 658 4204 ut
693 4145 841 4204 LXX
883 4146 1286 4202 transtulerunt
1317 4164 1329 4200 :
1357 4143 1566 4212 Tacui,
1627 4146 1880 4217 numquid

274 4255 469 4310 semper
490 4239 669 4295 tacebo
690 4238 918 4311 (Eccles.
943 4254 1028 4305 ut,
1049 4237 1148 4311 7)?
1171 4237 1241 4294 Ut
1263 4237 1556 4308 impleatur
1575 4237 1705 4294 illud
1731 4237 1879 4310 quod

276 4349 368 4404 per
407 4334 762 4393 Salomonem
804 4331 1006 4389 dicitur
1038 4352 1050 4387 :
1084 4331 1308 4406 Tempus
1353 4332 1579 4400 tacendi,
1605 4343 1651 4388 et
1683 4344 1880 4406 tempus

277 4426 539 4496 loquendi.
575 4425 643 4482 Et
670 4434 758 4482 est
783 4439 979 4481 sensus
1013 4443 1025 4479 :
1061 4424 1158 4480 Diu
1197 4439 1295 4482 vos
1323 4423 1704 4498 delinquentes
1735 4441 1882 4497 saepe

275 4519 520 4590 portavi;
549 4517 648 4574 sed
677 4517 804 4588 quia
836 4526 964 4572 ante
992 4524 1274 4572 tacueram
1295 4557 1311 4581 ,
1359 4532 1700 4589 nequaquam
1740 4516 1880 4572 ultra

1975 3299 2131 3354 habes
2182 3315 2374 3364 aures,
2419 3314 2589 3352 nonne
2638 3296 2868 3353 audies?
2919 3297 2988 3352 Et
3035 3298 3290 3352 Dominus
3328 3297 3493 3353 voluit
3530 3310 3589 3353 ut
3639 3303 3643 3308 ’

1973 3393 2322 3464 sancti/itaret
2349 3409 2494 3458 eum,
2526 3402 2573 3446 et
2603 3392 2962 3464 magniﬁcaret
2989 3390 3150 3466 legem
3170 3433 3186 3458 ,
3213 3401 3261 3446 et
3297 3391 3589 3448 extolleret.

1979 3490 2097 3564 Ipse
2134 3499 2307 3546 autem
2347 3486 2572 3563 populus
2611 3488 2845 3559 direptus
2883 3498 3037 3558 atque
3077 3497 3342 3542 vastatus:
3379 3485 3594 3558 laqueus

1965 3588 2220 3658 juvenum
2267 3599 2442 3638 omnes
2467 3621 2484 3648 ,
2525 3592 2574 3636 et
2608 3581 2664 3635 in
2701 3579 2941 3635 domibus
2978 3595 3246 3634 carcerum
3293 3579 3588 3634 absconditi

1978 3687 2099 3732 sunt
2125 3692 2144 3731 :
2173 3677 2297 3748 facti
2325 3687 2448 3731 sunt
2477 3675 2530 3728 in
2557 3673 2801 3743 rapinam
2819 3715 2834 3737 ,
2867 3689 2960 3726 nec
2985 3681 3062 3727 est
3089 3674 3180 3744 qui
3211 3681 3393 3727 eruat:
3423 3672 3478 3726 in
3506 3671 3589 3726 di-

1975 3767 2260 3837 reptionem
2287 3809 2301 3833 ,
2326 3776 2376 3823 et
2417 3775 2616 3821 nonest
2645 3766 2736 3832 qui
2783 3763 2968 3819 dicat:
3012 3763 3216 3819 Redde.
3261 3763 3390 3829 Quis
3430 3763 3588 3818 estin

1979 3859 2117 3914 vobis
2141 3861 2228 3932 qui
2253 3858 2430 3914 audiat
2451 3857 2570 3923 hoc,
2598 3856 2829 3910 attendat
2856 3867 2904 3909 et
2927 3853 3188 3911 auscultet
3215 3857 3438 3926 futura?
3461 3855 3591 3922 Quis

1978 3953 2122 4008 dedit
2142 3954 2197 4008 in
2218 3951 2560 4022 direptionem
2577 3949 2762 4017 Iacob,
2789 3959 2836 4006 et
2861 3948 3034 4004 Israel
3058 3950 3378 4006 vastantibus
3390 3953 3416 4007 ?
3435 3949 3588 4005 Non-

1980 4063 2044 4102 ne
2098 4045 2350 4102 Dominus
2419 4045 2568 4118 ipse,
2627 4044 2711 4098 cui
2771 4043 3132 4115 peccavimus?
3183 4040 3250 4098 Et
3309 4041 3590 4099 noluerunt

1979 4139 2035 4194 in
2090 4139 2186 4193 viis
2251 4141 2364 4211 ejus
2430 4137 2699 4192 ambulare
2729 4177 2745 4204 ,
2794 4146 2843 4191 et
2905 4151 3009 4192 non
3085 4136 3370 4192 audierunt
3419 4135 3584 4209 legem

1981 4235 2114 4306 ejus.
2141 4229 2208 4286 Et
2232 4229 2417 4297 elfudit
2443 4246 2598 4303 super
2623 4246 2738 4284 eum
2763 4229 3173 4301 indignationem
3187 4229 3385 4301 furoris
3407 4231 3508 4295 sui,
3540 4240 3587 4286 et

1983 4324 2116 4396 forte
2142 4321 2375 4380 bellum:
2401 4334 2447 4378 et
2474 4322 2752 4379 combussit
2782 4339 2899 4378 eum
2928 4323 2982 4377 in
3007 4323 3258 4390 circuitu,
3289 4335 3336 4380 et
3365 4341 3468 4378 non
3499 4340 3588 4380 co-

1983 4417 2197 4492 gnovit:
2235 4428 2283 4473 et
2321 4419 2586 4474 succendit
2625 4434 2774 4481 eum,
2815 4427 2863 4473 et
2912 4434 3016 4473 non
3063 4419 3345 4476 intellexit.
3397 4419 3583 4476 LXX:

1986 4510 2172 4576 Sardi,
2205 4513 2411 4578 audite,
2433 4522 2482 4568 et
2519 4512 2662 4581 eieci,
2690 4511 2942 4582 suspicite
2963 4554 2977 4574 ,
3008 4523 3064 4568 ut
3089 4515 3330 4569 videatis.
3359 4516 3487 4580 Qui;
3515 4525 3593 4571 est

278 4611 542 4669 reticebo.
575 4611 641 4667 Et
671 4608 946 4682 quomodo
969 4609 1189 4680 pariens
1212 4610 1265 4664 in
1289 4608 1465 4665 lucem
1495 4608 1772 4678 profundit
1791 4608 1874 4664 in-
1901 4593 1958 4656 Ι)
1983 4622 2180 4669 aecus,
2209 4607 2309 4662 nisi
2346 4609 2492 4680 pueri
2532 4607 2673 4662 mei:
2711 4616 2760 4661 et
2793 4606 2941 4660 surdi
2958 4646 2974 4667 ,
3002 4606 3103 4660 nisi
3131 4609 3220 4680 qui
3249 4607 3591 4665 dominantur

275 4704 498 4772 fantem,
550 4711 608 4760 et
645 4713 895 4774 apertum
927 4702 1056 4757 facit
1093 4716 1218 4760 esse
1246 4701 1392 4773 quod
1443 4704 1592 4774 prius
1625 4701 1874 4758 clausum

278 4795 330 4854 in
367 4798 674 4854 visceribus
719 4795 1012 4851 tenebatur
1045 4813 1056 4848 :
1087 4797 1166 4852 sic
1207 4810 1310 4868 ego
1334 4794 1580 4852 dolorem
1611 4811 1791 4851 meum
1824 4802 1881 4852 et

278 4891 770 4950 dissimulationem
802 4905 962 4962 quam
998 4905 1216 4961 semper
1247 4889 1412 4945 habui
1448 4903 1614 4958 super
1650 4889 1878 4945 sceleri-

278 4987 379 5044 bus
406 4986 630 5054 vestris,
660 5001 807 5042 nunc
832 4983 1125 5054 proferam,
1157 4994 1212 5040 et
1233 4982 1510 5054 dissipabo
1539 4989 1721 5038 vestra
1749 4998 1881 5038 con-

279 5083 401 5138 sitia
429 5101 442 5138 :
472 5092 498 5120 α
521 5096 739 5152 unoque
781 5089 1032 5151 tempore
1057 5079 1374 5135 absorbebo
1407 5079 1723 5134 universam
1745 5092 1880 5149 gen-

281 5185 410 5243 tem,
455 5185 512 5232 et
559 5188 781 5230 omnem
827 5172 1143 5244 superbiam
1193 5171 1459 5227 montium
1503 5183 1882 5242 tumoremque

280 5270 500 5324 collium
529 5279 863 5326 vestrorum.
891 5268 961 5324 Et
1003 5267 1214 5335 fenum,
1246 5265 1316 5323 de
1342 5281 1452 5337 quo
1487 5280 1648 5338 supra
1679 5266 1882 5322 dictum

282 5373 360 5418 est
396 5381 408 5416 :
451 5360 578 5417 Vere
606 5365 783 5434 fenum
812 5345 885 5416 est
913 5359 1172 5432 populus.
1211 5358 1264 5416 id
1313 5367 1433 5424 est,
1473 5371 1580 5413 tam
1612 5357 1888 5430 principes

283 5469 442 5524 quam
493 5454 692 5526 vulgus
721 5453 988 5524 ignobile,
1029 5454 1082 5508 in
1108 5452 1388 5508 desertum
1434 5451 1698 5523 redigam.
1731 5451 1884 5520 Quod

287 5546 340 5602 in
371 5546 518 5604 LXX
547 5549 616 5602 de
641 5547 1037 5603 'l‘heodotionis
1079 5548 1320 5603 editione
1359 5545 1602 5603 additum
1642 5559 1725 5603 est
1747 5588 1764 5616 ,
1797 5547 1886 5618 qui

290 5637 405 5698 huc
446 5640 613 5698 verba
647 5650 892 5696 tacuerat
921 5639 1083 5712 (Vide
1111 5656 1298 5712 supra,
1333 5656 1450 5712 cap.
1489 5654 1566 5709 tv,
1602 5638 1683 5712 7).
1725 5639 1890 5698 Cum-

362 5813 386 5841 ιι
414 5803 591 5860 Antea
622 5811 778 5860 erat:
818 5801 936 5859 Uno
961 5819 1162 5876 quoque
1191 5815 1443 5877 tempore,
1468 5813 1574 5864 etc.

581 5897 865 5961 Panos.
929 5895 1166 5960 XXIV.

1978 4701 2340 4768 eorum?Quis
2361 4699 2725 4774 caecusquta
2741 4698 3002 4772 Complut.
3035 4701 3249 4756 edition.
3281 4711 3384 4760 τῶν
3415 4701 3588 4775 LXX)

1979 4794 2080 4849 nisi
2116 4794 2208 4865 qui
2250 4793 2479 4862 recepit:
2509 4803 2554 4846 et
2592 4793 2833 4847 excwcati
2878 4801 3000 4848 sunt
3043 4796 3175 4847 servi
3217 4795 3335 4850 Dei.
3370 4793 3584 4853 Vidistis

1981 4901 2145 4958 stupe,
2189 4895 2238 4940 et
2275 4902 2378 4940 non
2416 4884 2715 4940 custodistis
2739 4900 2760 4940 :
2787 4897 2982 4956 apertae
3017 4900 3136 4941 sunt
3174 4904 3346 4954 aures,
3388 4899 3438 4942 et
3478 4904 3586 4944 non

1983 4979 2222 5033 audistis.
2268 4978 2522 5033 Dominus
2554 4977 2691 5034 Deus
2717 4977 2877 5033 voluit
2904 4989 2959 5034 ut
2977 4982 3377 5052 justiﬁcaretur,
3405 4992 3453 5035 et
3479 4997 3589 5038 ma-

1983 5071 2252 5145 gniﬁcaret
2291 5071 2520 5126 laudent.
2565 5071 2634 5127 Et
2671 5073 2818 5140 vidi,
2859 5085 2905 5128 et
2946 5085 3056 5130 erat
3082 5073 3311 5147 populus
3361 5084 3592 5132 vastatus

1984 5178 2140 5240 atque
2175 5167 2425 5242 direptus.
2468 5167 2702 5242 Laqueus
2738 5172 2874 5227 enim
2911 5172 2965 5226 in
3003 5173 3258 5226 cubilibus
3296 5171 3513 5242 ubique.
3543 5181 3594 5227 et

1987 5263 2042 5318 in
2079 5263 2319 5319 domibus
2349 5265 2547 5331 simul,
2577 5266 2632 5320 iu
2657 5265 2842 5337 quibus
2871 5268 3244 5322 absconderant
3285 5282 3393 5319 eos.
3437 5263 3593 5321 Facti

1990 5367 2108 5413 sunt
2135 5358 2191 5412 in
2216 5359 2601 5428 direptionem:
2631 5371 2680 5414 et
2711 5377 2814 5416 non
2841 5371 2950 5415 erat
2972 5360 3061 5431 qui
3087 5371 3284 5414 erueret
3315 5361 3547 5429 prwdam
3574 5377 3596 5416 :

1993 5461 2041 5510 et
2080 5470 2185 5508 non
2221 5464 2330 5509 erat
2356 5454 2445 5526 qui
2473 5455 2708 5510 diceret:
2750 5453 2951 5509 Redde.
2995 5455 3124 5520 Quis
3152 5466 3224 5506 est
3251 5453 3304 5506 in
3335 5451 3475 5509 vrbis
3505 5456 3596 5524 qui

1995 5549 2106 5605 haec
2129 5548 2313 5604 audiat
2338 5592 2353 5617 ,
2383 5560 2433 5606 et
2460 5548 2642 5620 futura
2672 5550 2990 5624 cognoscat?
3029 5548 3154 5614 Quis
3181 5545 3323 5600 dedit
3361 5547 3413 5602 in
3453 5548 3594 5604 dire-

1997 5645 2225 5732 ptionem
2259 5643 2424 5699 Jacob
2455 5684 2472 5711 ,
2511 5653 2560 5698 et
2599 5640 2771 5699 Israel
2799 5640 2964 5714 515
2998 5638 3366 5697 vastantibus?
3401 5640 3599 5701 Nonne

3465 5741 3476 5774 Α

2970 5886 3048 5952 ιιι
