2002 3414
269 171 320 198 42‘!

894 164 923 192 ὃ.
946 162 1072 192 Ευειςιιι

1128 161 1230 192 IERON
1234 162 1294 191 YHI
1844 162 1884 191 ιιι

266 229 350 263 Deus,
363 228 405 256 sui
417 230 587 264 peccaverunt
599 227 611 253 7
623 229 646 253 ct
662 223 784 252 noluistis
798 223 825 250 in
837 222 886 250 uiis
897 223 968 250 illius
981 222 1071 249 ambu—
1084 223 1110 253 Α
1122 230 1180 249 cum
1193 230 1248 256 ero,
1262 227 1287 249 et
1303 221 1415 257 ﬂumina
1429 226 1481 247 non
1493 219 1607 256 operient
1628 223 1659 246 te.
1673 217 1735 246 Cant
1745 220 1883 248 ambularem

267 276 339 308 iure,
361 282 442 310 neque
461 273 554 301 audire
574 273 654 307 legem
673 271 740 307 ejus.
762 269 795 297 Et
814 269 918 297 induxit
933 276 1010 305 super
1029 276 1072 296 eos

268 322 335 349 iram
349 320 447 356 furoris
461 320 502 347 sui
514 327 523 347 ε
537 324 560 347 et
575 318 713 354 prtevaluit
725 317 849 345 adversus
864 324 907 343 eos
919 315 1015 343 bellum
1025 335 1032 347 ,
1049 319 1072 342 et

266 369 311 403 qui
332 367 517 395 comburebant
539 374 582 393 eos
602 373 648 401 per
667 364 824 392 circuitum:
843 367 866 390 et
884 371 936 390 non
955 361 1072 399 cognovit

266 413 443 449 unusquisque
456 432 464 446 ,
486 420 532 439 nec
551 415 693 447 posuerunt
714 417 792 445 super
806 409 930 436 animant.
952 407 991 436 Ne
1009 408 1071 444 quis

266 465 375 496 putaret
390 461 443 488 hoc
456 459 528 494 quod
545 458 772 493 diciturz.Surdi,
788 457 888 489 audite,
905 461 928 484 et
942 456 1015 488 caci,
1030 456 1071 483 in-

266 508 376 536 tuemini
403 508 438 534 ad
457 507 594 534 videndum
608 527 616 539 ,
637 505 671 534 ad
689 505 810 542 gentium
835 503 964 539 populum
989 503 1072 538 perti-

267 563 350 588 nere,
372 554 418 589 qui
439 554 517 589 prius
537 553 637 581 surdus
656 557 684 580 et
703 559 792 580 caecus
808 550 897 578 fuerat
917 551 967 583 (ut
984 548 1071 577 ,Ιυάτεί

263 601 348 629 stulta
363 600 591 636 interpretatione
617 598 771 635 approbare
789 595 990 632 contendunt),
1012 596 1070 631 ipse

263 647 440 682 propheticus
459 653 551 674 sermo
570 645 758 677 demonstrat,
779 643 826 679 qui
846 643 921 671 surdi
949 648 977 670 et
1005 641 1069 669 casei

262 693 380 729 intelligi
400 693 528 721 debeant.
551 693 633 726 Quis,
655 691 763 727 inquit,
784 699 867 719 ca'cus
881 711 888 724 ,
910 690 961 717 nisi
979 697 1070 717 seruus

262 748 351 768 meus:
374 744 399 767 et
421 740 533 772 surdus,
554 739 604 766 nisi
623 739 657 765 ad
679 746 754 773 quem
775 738 880 764 nuntios
899 744 969 764 meos
988 735 1071 762 misi?

261 788 333 815 haud
353 787 465 815 dubium
481 787 546 822 quin
564 785 714 821 Prophetas
729 785 875 820 signiticet.
889 783 956 816 Quis
965 789 1050 809 circus
1060 801 1068 813 ,

261 834 313 862 nisi
330 835 374 868 qui
392 833 552 861 venundatus
571 838 608 860 est
628 832 747 867 peccatis
767 831 847 859 suis?
871 830 940 865 Quis
959 837 1067 861 caecus,

259 879 313 907 nisi
342 879 387 914 qui
407 879 481 914 prius
501 886 596 906 servus
615 878 665 906 fuit
681 877 813 905 Domini?
831 876 880 904 Cui
900 875 1023 904 dicitur:
1045 875 1068 902 Ο

1124 270 1151 297 in
1170 276 1256 305 Ignem
1267 289 1274 301 ,
1292 276 1344 295 non
1357 266 1530 299 combureris,
1548 270 1571 294 et
1584 266 1688 302 ﬂamma
1701 273 1749 292 non
1765 267 1849 293 ardebit
1865 268 1884 294 in

1124 320 1149 342 te
1158 323 1168 342 :
1180 315 1241 350 quia
1254 322 1302 350 ego
1317 313 1445 341 Dominus
1459 313 1529 340 Deus
1546 318 1615 345 tuus,
1633 312 1739 340 Sanctus
1753 311 1826 340 Israel
1839 312 1885 341 Sal—

1122 367 1196 389 vator
1221 367 1281 389 tuus
1299 382 1306 395 ,
1332 361 1393 388 dedi
1422 360 1634 397 propitiutionem
1659 364 1726 386 tuam
1745 358 1884 396 nggplInt,

1124 407 1297 444 .Etltiopiam,
1308 413 1331 436 et
1347 407 1418 436 Saba
1434 415 1481 443 pro
1491 412 1526 435 te.
1542 406 1586 434 Ei:
1599 414 1650 442 quo
1661 405 1809 434 honorabilis
1820 409 1885 443 factu

1122 463 1148 482 es
1167 456 1195 482 in
1213 455 1296 483 oculis
1314 456 1379 482 meis
1397 460 1421 482 et
1440 455 1590 492 gloriosus:
1608 462 1654 490 ego
1668 453 1744 481 dilexi
1756 457 1792 486 ts,
1805 459 1825 481 st
1835 455 1885 482 dabo

1121 501 1236 529 homines
1251 510 1299 537 pro
1313 506 1347 535 te,
1357 506 1381 528 et
1391 500 1502 538 populos
1517 508 1564 537 pro
1577 501 1665 528 animo
1680 504 1732 527 tua.
1744 499 1800 527 Noli
1809 500 1885 534 timere,

1120 548 1243 583 quoniam
1256 552 1337 575 tecum
1350 556 1397 584 ego
1417 555 1474 574 sum
1487 555 1497 574 :
1510 547 1542 574 ab
1563 546 1668 575 Oriente
1686 547 1804 574 adducam
1821 555 1885 575 semen

1121 599 1204 628 suum,
1218 599 1241 621 et
1254 594 1285 621 ab
1301 593 1439 622 Occidente
1452 593 1612 631 congregabo
1625 598 1658 621 te.
1674 593 1761 620 Dicam
1774 593 1885 628 Aquiloni,

1122 641 1176 669 da:
1193 646 1217 668 et
1232 643 1342 675 Austro,
1363 640 1417 668 noli
1439 640 1693 676 prohiberesadduc
1713 639 1776 675 ﬁlios
1794 647 1850 667 mos
1864 640 1886 666 dc

1121 687 1262 724 longinquo
1274 709 1282 722 ,
1297 694 1320 715 et
1335 688 1404 723 ﬁlias
1420 696 1490 716 meas
1504 689 1536 716 ab
1550 693 1663 716 extremo
1674 693 1754 715 terrtr.
1772 687 1800 715 Et
1810 695 1887 715 omnem

1120 737 1165 773 qui
1172 737 1273 765 invocat
1287 744 1379 765 nomen
1393 745 1490 770 meum,
1501 737 1527 764 in
1541 736 1653 772 gloriam
1661 743 1739 764 meum
1748 735 1822 763 creari
1833 744 1885 768 eitnt,

1120 789 1145 812 et
1156 784 1265 819 formavi
1277 791 1351 817 eum,
1367 788 1391 811 et
1405 784 1455 818 feci
1467 791 1535 811 eum.
1553 783 1628 810 Educ
1646 783 1716 818 foras
1732 781 1841 819 populum
1852 789 1887 810 ctr-

1120 837 1179 857 cum
1191 851 1197 861 ,
1219 836 1243 858 et
1262 831 1352 858 oculos
1370 829 1505 858 habentem
1518 840 1527 858 :
1547 831 1654 858 surdum
1665 851 1672 864 ,
1686 834 1711 857 et
1725 838 1792 857 aures
1806 830 1825 857 ei
1836 834 1886 857 sunt.

1122 876 1216 904 Omnes
1243 882 1333 913 gentes
1359 881 1522 913 congregetur
1546 881 1607 904 sunt
1629 875 1728 910 simul,
1752 880 1773 904 et
1800 876 1887 904 collecta

262 925 345 954 Israel
360 926 406 961 qui
427 925 502 953 vides
522 926 624 959 multa,
645 929 674 953 et
693 924 778 952 habes
798 923 950 959 Prophetas
980 922 1064 957 pluri-
1081 923 1104 953 Β
1117 928 1179 950 sunt
1197 923 1289 950 tribns.
1312 923 1376 956 Quis
1397 924 1424 951 in
1443 923 1514 951 vobis
1535 923 1699 951 nnnuntiabit
1721 923 1801 957 istud,
1817 928 1837 950 et
1847 930 1889 958 qua

261 981 339 1006 mos.
370 981 419 1008 per
448 981 518 1008 quos
548 972 596 1000 Dei
626 972 755 1000 mandata
784 976 953 1006 cognoscas,
984 976 1075 996 nonne

262 1020 401 1049 custodies
411 1028 472 1056 quin
483 1020 531 1048 tibi
544 1026 678 1055 prwcepta
695 1018 780 1046 sunt!
796 1018 847 1051 Qui
862 1021 972 1053 apertas
989 1015 1074 1043 habes

261 1076 359 1101 aures,
379 1076 470 1097 nonne
484 1067 580 1095 audies
595 1075 656 1103 qua:
670 1067 810 1099 dicuntur,
827 1066 861 1094 de
877 1073 932 1101 quo
947 1068 975 1092 et
993 1072 1074 1100 supra

262 1114 378 1149 legimus
393 1123 399 1140 ε
416 1114 512 1141 Audita
533 1114 661 1146 audietis,
682 1118 706 1141 et
726 1121 779 1140 non
797 1112 950 1147 intelligetis
964 1120 973 1138 .-
993 1116 1019 1138 et
1037 1111 1075 1138 vi-

263 1161 350 1188 dentes
370 1161 520 1196 aspicietis,
548 1166 570 1188 et
599 1169 650 1188 non
672 1160 810 1187 uidebitis:
835 1160 1010 1186 incrassatum
1034 1164 1073 1186 est

263 1209 331 1236 enim
345 1217 390 1236 cor
400 1209 492 1244 populi
509 1209 588 1245 hujus
603 1207 678 1245 (Isa.
693 1216 729 1241 vr,
744 1207 788 1243 9).
804 1207 951 1239 Dominus,
969 1206 1071 1242 inquit,

264 1256 352 1284 voluit
371 1260 400 1284 ut
418 1255 603 1284 sanctiﬁcaret
621 1263 683 1283 eum
696 1276 703 1288 ,
719 1259 747 1283 et
767 1255 953 1290 magniﬁcarct
972 1254 1071 1289 Legem

263 1310 363 1336 suam,
386 1307 413 1331 ct
434 1302 564 1338 populum
582 1302 722 1338 jacentem
741 1301 888 1329 extolleret
906 1309 938 1328 ac
958 1301 1071 1329 levaret.

263 1348 317 1377 Sed
332 1349 378 1376 ille
396 1349 443 1376 Dei
459 1348 551 1377 facere
567 1349 655 1377 noluit
670 1348 837 1376 voluntatem
852 1357 857 1375 :
873 1352 901 1375 et
916 1347 1018 1374 idcirco
1033 1347 1068 1374 ab

262 1395 427 1423 adversariis
441 1397 498 1423 suis
512 1395 635 1430 direptus
648 1399 692 1423 est
704 1400 788 1430 atque
802 1398 933 1426 vastatus,
945 1401 1014 1429 quos
1028 1394 1072 1421 vel

263 1442 421 1475 dzemoncs,
439 1442 483 1470 vel
503 1442 597 1470 hostes
615 1442 771 1477 intelligere
786 1441 932 1469 debemus.
953 1440 1073 1476 Laqueus

259 1489 387 1524 juvenum
408 1496 498 1515 omnes
511 1508 518 1521 ,
538 1493 562 1515 et
583 1488 610 1515 in
629 1488 747 1515 domibus
767 1495 901 1515 carcerum
924 1487 1072 1514 absconditi

265 1539 337 1562 sunt.
359 1535 424 1563 Sive
440 1540 468 1562 ut
483 1533 557 1562 LXX
573 1535 792 1569 transtulerunt,
807 1534 928 1569 Laqueus
941 1535 968 1561 in
982 1533 1072 1560 cubili-

265 1580 313 1608 bus
330 1580 444 1616 ubique:
459 1586 483 1608 et
497 1581 523 1608 in
537 1581 654 1608 domibus
670 1580 748 1608 simul
761 1601 768 1614 ,
783 1581 810 1608 in
824 1581 917 1616 quibus
932 1580 1072 1607 absconde-

1127 972 1211 1006 prfnta
1224 976 1298 1003 sunt,
1320 972 1412 999 audire
1434 979 1480 999 nos
1495 971 1592 1007 faciet?
1607 971 1668 998 dent
1688 976 1759 999 testes
1773 978 1861 1003 eorum,
1872 975 1889 997 tt

1121 1019 1321 1056 justiﬁcentur:
1343 1024 1368 1047 et
1392 1018 1517 1049 audiant.
1541 1024 1565 1046 et
1585 1018 1694 1046 dicant:
1709 1017 1769 1046 Vere
1785 1022 1889 1045 costam

1125 1066 1188 1098 mei,
1205 1067 1268 1094 dicit
1284 1065 1426 1099 Dominus,
1442 1071 1465 1093 et
1485 1074 1572 1094 servus
1596 1074 1669 1094 meus
1693 1072 1764 1101 quem
1784 1065 1853 1101 elegi,
1871 1069 1890 1091 ut

1125 1113 1212 1140 sciatis
1225 1118 1250 1139 et
1264 1112 1374 1140 credatis
1389 1113 1452 1140 mihi
1463 1134 1470 1145 ,
1487 1117 1511 1139 et
1532 1112 1701 1148 intelligatis,
1723 1113 1780 1147 quia
1797 1119 1835 1147 ego
1851 1111 1890 1146 ipse

1126 1166 1192 1186 sum.
1209 1159 1273 1186 Ante
1287 1167 1328 1186 me
1343 1167 1395 1187 non
1407 1164 1444 1186 est
1460 1158 1588 1195 formatus
1601 1157 1673 1187 Deas
1685 1168 1694 1186 :
1709 1164 1732 1187 et
1746 1164 1796 1194 post
1810 1166 1842 1185 me
1854 1166 1890 1185 non

1124 1206 1183 1232 erit.
1199 1205 1256 1242 Ego
1268 1213 1324 1233 sum
1334 1227 1342 1239 ,
1357 1213 1404 1241 ego
1418 1214 1475 1233 sum
1490 1205 1618 1233 Dominus
1630 1227 1636 1238 ,
1660 1210 1683 1234 et
1705 1214 1754 1233 non
1772 1210 1805 1233 est
1821 1204 1891 1239 absque

1126 1260 1165 1282 me
1188 1255 1312 1282 salvator.
1340 1253 1397 1291 Ego
1420 1256 1590 1289 annuntiavi,
1615 1260 1639 1282 et
1664 1255 1778 1283 "lberi:
1798 1253 1890 1281 auditum

1124 1301 1189 1336 feci,
1206 1306 1229 1328 et
1244 1309 1294 1328 non
1308 1301 1358 1336 fuit
1371 1302 1398 1328 in
1414 1302 1484 1330 vobis
1496 1302 1607 1330 alienus.
1628 1301 1681 1330 Vos
1696 1306 1767 1330 testes
1779 1301 1835 1334 mei,
1847 1300 1892 1327 dicit

1127 1348 1252 1376 Dominus
1261 1370 1267 1381 ,
1282 1355 1305 1376 et
1319 1349 1365 1384 ego
1378 1347 1460 1382 Deus,
1475 1354 1498 1377 et
1512 1349 1543 1377 ab
1556 1350 1630 1377 initio
1646 1356 1694 1386 ego
1708 1350 1772 1386 ipse,
1785 1353 1806 1377 et
1818 1356 1857 1376 non
1867 1351 1892 1374 cst

1124 1397 1168 1432 qni
1181 1396 1214 1423 de
1230 1404 1307 1424 manu
1320 1404 1377 1424 mea
1393 1401 1466 1424 eruat
1479 1406 1488 1424 :
1504 1398 1643 1433 operabor,
1666 1403 1689 1426 et
1709 1398 1762 1433 quis
1780 1400 1860 1424 avertet
1871 1395 1891 1421 il-

1125 1442 1297 1470 iud?LXX:
1315 1442 1349 1470 Et
1363 1451 1432 1471 nunc
1452 1444 1488 1471 sic
1504 1445 1566 1472 dicit
1587 1443 1718 1472 Dominus
1739 1444 1780 1480 qui
1797 1443 1847 1479 fecit
1864 1446 1892 1473 ιι,

1123 1487 1224 1522 Iacob,
1247 1493 1272 1516 et
1292 1489 1387 1515 creavit
1409 1494 1450 1522 te,
1473 1488 1558 1517 Israel
1571 1511 1578 1520 .
1603 1488 1670 1517 Noli
1690 1491 1788 1522 timere,
1801 1487 1894 1524 quoniam

1122 1535 1219 1562 redemi
1245 1540 1289 1563 te:
1314 1536 1402 1563 vocavi
1424 1541 1448 1563 te
1469 1537 1572 1564 nomine
1591 1541 1654 1570 tuo,
1678 1543 1747 1565 meus
1759 1544 1784 1564 es
1800 1533 1894 1562 inuisi

1124 1581 1257 1608 transieris
1271 1590 1316 1616 per
1328 1588 1422 1618 agnam
1433 1598 1441 1616 -,
1457 1587 1540 1610 tecum
1556 1590 1613 1610 sum
1624 1605 1631 1615 ,
1650 1589 1676 1612 et
1686 1583 1790 1619 ﬂumina
1803 1589 1844 1609 non
1854 1588 1895 1607 roo-

263 1632 325 1659 runt
345 1636 408 1656 eos:
424 1627 534 1656 Scribas
555 1628 711 1663 signiﬁcans
726 1633 754 1656 et
768 1628 934 1661 Pharisazos,
950 1628 995 1662 qui
1017 1628 1072 1662 ple-
1086 1624 1109 1656 C
1125 1628 1223 1663 perient
1239 1633 1272 1656 te.
1291 1627 1324 1655 Et
1337 1629 1358 1655 si
1374 1629 1510 1657 transieris
1522 1636 1568 1666 per
1580 1630 1678 1665 ignem,
1692 1636 1741 1657 non
1749 1626 1894 1656 comburens:

261 1675 324 1704 bem
346 1676 530 1703 miserabilem
550 1675 737 1711 deceperunt,
758 1680 787 1704 et
807 1676 907 1710 ubique
922 1679 1077 1710 posuerunt

263 1723 380 1763 insidias
398 1728 493 1751 contra
514 1723 660 1751 Dominum
680 1721 851 1750 Salvatorem
871 1727 900 1750 et
925 1721 1073 1757 Apostolus

266 1771 326 1806 ejus
339 1772 349 1806 (
361 1769 426 1797 Luc.
441 1778 468 1798 ll
481 1769 510 1807 ):
528 1769 660 1797 habentes
676 1770 782 1797 clatum
798 1769 921 1798 scientiae
932 1787 940 1802 ,
957 1776 1008 1796 nec
1025 1768 1076 1803 ipsi

268 1819 411 1851 intrantes,
423 1823 450 1845 et
465 1816 534 1844 alios
546 1816 668 1844 volentes
684 1816 799 1843 intmire
812 1815 1001 1850 prohibentes.
1015 1815 1077 1843 Pul-

265 1864 386 1900 chreque
400 1870 513 1900 pectora
529 1872 626 1892 eorum
643 1864 669 1891 in
685 1863 783 1899 quibus
796 1862 956 1891 habitabant
971 1863 1076 1897 cogita-

266 1913 356 1941 tiones
373 1913 514 1948 pessimtc,
531 1919 658 1939 carceres
673 1911 833 1946 appellavit.
854 1911 918 1938 Ideo
934 1910 998 1938 lacti
1013 1915 1077 1938 sunt

269 1956 302 1987 in
323 1959 447 1994 rapinam
460 1979 468 1993 ,
489 1962 518 1986 et
537 1959 564 1986 in
582 1958 784 1993 direptionem:
807 1964 857 1985 nec
876 1957 928 1984 fuit
946 1957 991 1992 qui
1011 1956 1077 1984 libe-

268 2009 343 2034 raret
361 2013 428 2039 eos.
448 2011 476 2034 et
496 2012 546 2041 pro
566 2006 608 2033 eis
629 2012 785 2034 sermonem
801 2004 917 2033 faceret.
933 2004 1076 2040 Simulque

271 2052 408 2089 Propheta
427 2052 587 2080 cohortatur
604 2059 653 2080 eos
666 2072 674 2085 ,
696 2056 724 2079 ut
743 2051 766 2079 si
787 2059 884 2079 omnes
904 2050 1000 2079 audire
1021 2058 1075 2078 non

272 2099 397 2137 possint,
423 2100 521 2128 saltem
547 2100 624 2134 pauci
640 2099 732 2126 futura
748 2103 916 2135 cognoscant
930 2105 957 2127 et
974 2097 1076 2126 intelli-

272 2153 356 2184 gant,
377 2156 390 2174 ι
411 2154 465 2181 quo
483 2146 537 2174 ista
558 2147 680 2181 perpessi
695 2147 759 2173 sint.
774 2147 931 2180 Caussaque
945 2152 1002 2173 suae
1015 2152 1076 2173 vas-

273 2194 361 2222 titatis
380 2197 548 2229 agnoscant,
569 2192 616 2228 qui
635 2199 687 2220 nec
701 2192 796 2220 audire
811 2199 863 2220 nec
877 2191 969 2220 facere
982 2192 1078 2220 volue-

272 2245 338 2269 runt
350 2248 411 2276 qua:
427 2239 500 2275 Lege
514 2243 651 2274 prrccepta
667 2243 740 2265 sunt.
758 2238 820 2265 Ideo
835 2237 930 2265 oﬁ‘udit
946 2237 1078 2265 Dominus

274 2294 357 2322 super
381 2293 429 2314 eos
455 2291 539 2313 tatam
562 2285 629 2312 iram
650 2292 727 2312 suum
750 2289 778 2312 et
799 2284 1014 2320 indignationem
1035 2284 1077 2311 in-

1127 1675 1234 1709 flamma
1250 1682 1301 1702 non
1317 1680 1407 1703 exaret
1423 1681 1468 1704 te:
1485 1677 1547 1712 quia
1563 1684 1610 1713 ego
1630 1675 1760 1705 Dominus
1776 1675 1838 1703 Deus
1854 1679 1895 1700 tutu

1127 1721 1241 1750 Sanctus
1267 1722 1371 1757 Israel,
1395 1724 1510 1751 salvator
1534 1729 1604 1751 tuus.
1619 1722 1685 1752 Feci
1706 1723 1895 1752 commutationem

1127 1773 1199 1795 tuam
1215 1767 1297 1806 διδ
1313 1770 1470 1806 .Ifggptum,
1485 1774 1511 1797 et
1527 1770 1709 1805 .Iz'thiopiam,
1725 1775 1749 1798 et
1763 1769 1852 1806 Sgtnen
1863 1776 1896 1803 pm

1128 1820 1162 1842 te.
1178 1814 1220 1843 Es:
1234 1824 1285 1851 quo
1299 1817 1458 1844 honorabilis
1474 1818 1562 1852 {actus
1581 1825 1618 1849 es,
1637 1823 1662 1844 et
1679 1817 1707 1844 in
1721 1820 1844 1852 conspectu
1856 1821 1895 1840 meo

1127 1863 1290 1898 glori/iectas
1303 1871 1329 1890 es
1341 1871 1350 1891 :
1364 1868 1390 1892 et
1405 1871 1452 1900 ego
1468 1863 1551 1891 dilexi
1565 1869 1590 1891 te
1601 1885 1608 1898 ,
1625 1869 1649 1892 et
1666 1865 1733 1892 dabo
1749 1863 1851 1891 homines
1863 1868 1895 1896 pro

1129 1914 1170 1943 ts,
1188 1914 1213 1937 et
1229 1910 1360 1945 principes
1373 1918 1421 1945 pro
1438 1911 1522 1947 sapite
1536 1915 1592 1939 tuo.
1610 1910 1678 1939 Noti
1694 1912 1790 1944 timere,
1804 1909 1896 1946 quoniam

1128 1961 1213 1984 tecum
1229 1964 1285 1984 sum
1299 1965 1308 1984 :
1321 1957 1354 1984 ab
1372 1957 1478 1986 Oriente
1498 1958 1629 1985 adducam
1651 1965 1737 1987 semen
1756 1963 1835 1989 tuam,
1848 1954 1896 1983 etab

1130 2003 1271 2032 Occidente
1283 2006 1445 2041 congregabo
1460 2011 1494 2034 te.
1522 2003 1612 2034 Dicam
1627 2006 1750 2043 Aquiloni
1760 2027 1767 2039 ,
1781 2005 1870 2033 adduc:
1881 2006 1896 2029 tt

1131 2051 1235 2087 Africo,
1253 2053 1306 2080 noli
1331 2054 1487 2088 prohibere:
1513 2054 1601 2082 adduc
1622 2054 1694 2090 ﬁlios
1716 2061 1783 2083 meos
1805 2053 1832 2081 de
1849 2057 1896 2079 terra

1129 2100 1287 2136 longinqua,
1306 2105 1329 2128 et
1343 2099 1413 2136 ﬁlias
1428 2109 1497 2129 meas
1510 2108 1526 2129 a
1542 2103 1658 2130 terminis
1672 2102 1748 2131 terra:
1758 2124 1765 2136 ,
1782 2108 1855 2129 omnes
1866 2098 1896 2134 qui

1129 2151 1254 2173 rocantur
1267 2147 1370 2174 nomine
1383 2155 1440 2175 meo
1452 2156 1462 2175 :
1476 2148 1503 2175 in
1523 2148 1609 2185 gloria
1628 2149 1695 2176 enim
1716 2154 1770 2176 mea
1790 2146 1861 2175 citari
1874 2144 1897 2171 il-

1129 2193 1183 2220 lum
1194 2212 1202 2226 ,
1219 2197 1242 2221 et
1255 2193 1383 2229 plasmasi
1397 2202 1455 2222 eum
1467 2216 1473 2227 ,
1487 2198 1511 2222 et
1531 2195 1582 2231 feci
1601 2195 1675 2223 illum
1689 2202 1698 2223 :
1712 2200 1735 2223 et
1749 2194 1821 2223 eduxi
1835 2199 1896 2229 popu-

1128 2241 1184 2268 tum
1198 2249 1294 2269 eccam
1304 2262 1311 2274 ,
1326 2242 1370 2278 qui
1383 2243 1477 2270 nubent
1490 2243 1591 2277 oculos,
1604 2248 1628 2270 et
1642 2246 1704 2271 sunt
1717 2243 1789 2274 eieci.
1802 2247 1823 2269 et
1833 2238 1897 2268 surde

1129 2292 1189 2314 sunt
1204 2295 1279 2315 aures
1293 2290 1360 2325 ejus.
1374 2289 1470 2316 Omnes
1484 2293 1571 2324 gentes
1581 2294 1747 2326 congregata’
1760 2293 1813 2317 sunt
1825 2282 1895 2315 simul.

274 2335 347 2362 roris
361 2334 470 2370 plenam
482 2353 489 2365 ,
507 2336 535 2360 nt
551 2332 632 2369 διδ
647 2332 692 2367 qui
717 2332 793 2367 prius
814 2335 954 2365 tacuerat,
976 2338 1076 2366 nequa-
1091 2325 1116 2358 ι)
1129 2338 1153 2361 et
1166 2340 1338 2363 convenerunt
1349 2335 1478 2372 principes
1491 2343 1590 2363 eorum.
1606 2325 1837 2368 Ωιιὶείαηηιιηιίαὺῑι
1847 2330 1897 2359 hac?

274 2388 355 2417 quam
373 2381 443 2409 ultra
460 2380 604 2412 reticeret,
619 2386 671 2407 nec
684 2379 858 2407 sermonibus
872 2386 921 2406 eos
933 2399 940 2411 ,
957 2379 1004 2406 sed
1019 2385 1077 2414 pm-

272 2428 318 2456 nis
332 2426 531 2461 tormentisque
544 2426 710 2461 corriperet,
725 2430 752 2453 et
765 2425 1013 2460 comprehenderet
1026 2432 1076 2454 eos

273 2474 376 2503 bellum
397 2473 573 2500 fortissimum
584 2492 592 2505 ,
610 2472 681 2507 quod
703 2479 870 2507 nequaquam
888 2472 992 2506 possint
1009 2479 1075 2499 eva-

272 2521 356 2554 dere,
372 2519 519 2549 ostendens
539 2519 666 2547 ferociam
683 2518 878 2546 Romanorum.
898 2517 1020 2553 Cumque
1040 2524 1074 2546 ex

273 2569 348 2597 omni
365 2572 441 2603 parte
457 2567 617 2595 combustus
631 2567 665 2594 sit
677 2586 684 2598 ,
702 2571 730 2594 et
744 2566 811 2593 nihil
828 2566 854 2593 in
869 2573 900 2593 se
914 2565 1013 2594 habeat
1027 2572 1073 2594 sa.

273 2615 379 2648 uitatis,
392 2619 483 2642 tamen
496 2620 551 2641 non
565 2612 694 2648 intelligit
706 2620 816 2640 causam
832 2620 918 2648 possim
930 2620 990 2640 suae
1001 2612 1074 2648 quod

272 2663 374 2691 idcirco
391 2662 502 2697 punitus
517 2661 569 2693 sit,
584 2661 646 2695 quia
663 2660 708 2688 Dei
725 2660 822 2688 Filium
836 2668 892 2688 non
906 2660 1053 2696 receperit.

307 2709 395 2745 (Cap.
412 2708 503 2737 XLlll.
515 2723 552 2729 —
565 2707 644 2736 Vere.
658 2708 670 2735 l
686 2709 777 2743 seqq.)
800 2707 832 2734 Et
845 2715 914 2734 nunc
940 2708 993 2735 tunc
1011 2708 1075 2734 dicit

272 2757 399 2785 Dominus
413 2765 504 2784 creans
517 2761 552 2787 te,
568 2754 662 2788 Iacob,
676 2759 701 2782 et
713 2755 826 2789 {orntum
841 2759 874 2785 ts.
889 2753 993 2781 Israel:
1011 2754 1075 2781 Noli

269 2804 375 2836 timere,
391 2803 452 2835 quia
464 2802 561 2829 redemi
575 2807 615 2834 te,
629 2806 654 2828 st
668 2801 758 2828 vocavi
771 2805 796 2827 te
808 2800 911 2827 nomine
921 2805 966 2827 tuo
978 2808 988 2827 .'
1001 2808 1072 2827 meus

269 2858 295 2878 es
312 2855 350 2877 tu.
367 2848 432 2876 Cum
446 2848 582 2877 transieris
594 2854 641 2884 per
660 2855 756 2882 aquam
777 2847 788 2882 (
801 2845 881 2881 Vulg.
894 2845 1019 2881 aquas),
1035 2852 1073 2874 ω-

1128 2387 1175 2408 aat
1188 2387 1244 2417 qua:
1258 2389 1274 2409 a
1289 2383 1417 2417 principio
1431 2387 1492 2410 sunt
1501 2404 1509 2416 ,
1524 2383 1580 2418 quis
1593 2383 1758 2410 annuntiabit
1771 2379 1851 2409 vobis?
1865 2377 1897 2405 al-

1128 2427 1226 2455 ducant
1247 2433 1322 2456 testes
1340 2437 1400 2456 suos
1412 2450 1420 2462 ,
1444 2434 1468 2456 et
1481 2429 1671 2466 jnsti/icentur,
1688 2435 1711 2456 et
1728 2429 1829 2456 audiant
1840 2431 1859 2454 et
1870 2424 1897 2451 los

1128 2479 1241 2510 quantm-
1256 2482 1325 2504 aera.
1344 2475 1434 2503 Estote
1448 2476 1511 2503 mihi
1527 2481 1621 2507 testes.
1645 2482 1670 2504 et
1692 2482 1739 2513 ego
1759 2475 1837 2507 testis,
1854 2469 1898 2498 dicit

1129 2520 1256 2548 Dominus
1273 2521 1357 2554 Deus,
1370 2527 1395 2549 et
1413 2529 1555 2558 puermens
1567 2529 1642 2556 quem
1658 2522 1740 2558 elegi,
1756 2527 1781 2549 ut
1795 2519 1868 2548 sciatis
1882 2519 1898 2542 tl

1125 2567 1237 2595 credatis
1255 2573 1280 2595 et
1297 2567 1466 2604 intelligatls,
1488 2569 1549 2603 quia
1572 2576 1619 2604 ego
1637 2577 1695 2596 sum
1707 2577 1717 2596 :
1735 2568 1798 2595 Ante
1815 2573 1847 2593 me
1862 2569 1898 2590 nol

1128 2613 1178 2649 fuit
1197 2614 1265 2641 alius
1285 2613 1356 2641 Deus
1374 2618 1400 2642 et
1414 2619 1425 2633 ι
1438 2619 1496 2651 post
1516 2622 1557 2642 me
1575 2623 1629 2642 non
1649 2615 1709 2643 erit.
1730 2614 1784 2650 Ego
1800 2612 1869 2643 Dm.
1883 2613 1898 2636 ιι

1124 2668 1177 2688 non
1197 2666 1233 2688 est
1252 2666 1345 2696 pM-ter
1361 2669 1403 2689 me
1422 2662 1552 2690 Saluator.
1574 2661 1632 2699 Ego
1651 2661 1815 2692 annuntiat'i,
1828 2663 1847 2686 et
1862 2656 1898 2684 sal-

1123 2713 1169 2735 vos
1181 2708 1229 2742 {cci
1244 2716 1254 2735 ~:
1267 2708 1420 2744 exprobrari
1442 2713 1466 2736 et
1485 2715 1537 2736 non
1552 2714 1607 2736 erat
1621 2709 1647 2736 in
1664 2708 1734 2736 vobis
1749 2708 1847 2735 alienus.
1864 2702 1898 2729 Vcs

1124 2753 1174 2781 moi
1186 2758 1278 2786 testes,
1292 2758 1317 2781 et
1330 2761 1378 2790 ego
1391 2754 1519 2782 Dominus
1539 2754 1608 2782 Deus
1626 2754 1657 2781 ab
1675 2754 1767 2788 initio,
1783 2757 1804 2780 et
1822 2757 1863 2778 non
1873 2750 1899 2775 (il

1123 2801 1166 2835 qui
1181 2801 1215 2828 de
1227 2802 1344 2829 manibus
1355 2802 1420 2829 meis
1435 2807 1518 2829 eruat.
1535 2801 1659 2834 Faciam,
1674 2807 1699 2829 et
1713 2801 1771 2835 quis
1782 2801 1863 2827 avertet
1873 2795 1898 2821 ἐι-

1123 2846 1192 2874 luti?
1207 2847 1311 2876 ilebrati
1331 2848 1366 2876 de
1380 2848 1500 2877 secundo
1515 2846 1666 2877 Salvatoris
1678 2847 1737 2875 haec
1748 2846 1898 2880 interpretan-

299 2947 311 2961 ει
331 2938 493 2969 Sulrocimus
515 2947 610 2969 vocem
629 2939 698 2968 Deus
715 2945 778 2967 cum
796 2936 916 2966 Victorio
932 2941 960 2965 et
974 2937 1070 2966 Grcam
1086 2946 1150 2967 sum
1168 2938 1268 2974 primis
1284 2938 1393 2967 codice.

158 3187 1949 3365 ινα-’.ἠ
