  <div class='ocr_page' id='page_1' title='image "/cluster/home/n/w/nwhite01/storage/ocr_20150623/24/hvd.32044015471386/220.png"; bbox 0 0 4096 6330; ppageno 0'>
   <div class='ocr_carea' id='block_1_1' title="bbox 243 295 1865 373">
    <p class='ocr_par' dir='ltr' id='par_1_1' title="bbox 243 295 1865 361">
     <span class='ocr_line' id='line_1_1' title="bbox 243 295 1865 361; baseline 0 -5"><span class='ocrx_word' id='word_1_1' title='bbox 243 295 346 356; x_wconf 64' lang='grc' dir='ltr'><strong>ιω</strong></span> <span class='ocrx_word' id='word_1_2' title='bbox 794 296 1451 360; x_wconf 81' lang='lat' dir='ltr'><strong>COMMENTARIORUM</strong></span> <span class='ocrx_word' id='word_1_3' title='bbox 1491 300 1557 359; x_wconf 79' lang='lat' dir='ltr'><strong>IN</strong></span> <span class='ocrx_word' id='word_1_4' title='bbox 1595 300 1865 361; x_wconf 63' lang='grc' dir='ltr'><strong>ΒΗΛκέ</strong></span> 
     </span>
    </p>
   </div>
   <div class='ocr_carea' id='block_1_2' title="bbox 1968 295 3569 373">
    <p class='ocr_par' dir='ltr' id='par_1_2' title="bbox 1968 302 3569 373">
     <span class='ocr_line' id='line_1_2' title="bbox 1968 302 3569 373; baseline 0.009 -14"><span class='ocrx_word' id='word_1_5' title='bbox 1968 302 2293 364; x_wconf 71' lang='grc' dir='ltr'><strong>[ΠἮΒΤΛΜ</strong></span> <span class='ocrx_word' id='word_1_6' title='bbox 2326 306 2456 364; x_wconf 88' lang='lat' dir='ltr'><strong>LIB.</strong></span> <span class='ocrx_word' id='word_1_7' title='bbox 2486 306 2602 366; x_wconf 81' lang='lat' dir='ltr'><strong>XII.</strong></span> <span class='ocrx_word' id='word_1_8' title='bbox 2634 307 2793 367; x_wconf 84' lang='lat' dir='ltr'><strong>CAP.</strong></span> <span class='ocrx_word' id='word_1_9' title='bbox 2826 311 3009 372; x_wconf 81' lang='lat' dir='ltr'><strong>XLIII.</strong></span> <span class='ocrx_word' id='word_1_10' title='bbox 3457 315 3569 373; x_wconf 60' lang='lat'><strong>£50</strong></span> 
     </span>
    </p>
   </div>
   <div class='ocr_carea' id='block_1_3' title="bbox 240 407 3569 496">
    <p class='ocr_par' dir='ltr' id='par_1_3' title="bbox 240 407 3569 496">
     <span class='ocr_line' id='line_1_3' title="bbox 240 407 3569 496; baseline 0.007 -30"><span class='ocrx_word' id='word_1_11' title='bbox 240 421 324 466; x_wconf 82' lang='lat' dir='ltr'><strong>tur</strong></span> <span class='ocrx_word' id='word_1_12' title='bbox 379 407 632 468; x_wconf 74' lang='lat' dir='ltr'><strong>adventu</strong></span> <span class='ocrx_word' id='word_1_13' title='bbox 657 449 676 481; x_wconf 85' lang='lat'><strong>,</strong></span> <span class='ocrx_word' id='word_1_14' title='bbox 719 413 944 485; x_wconf 83' lang='lat' dir='ltr'><strong>quando</strong></span> <span class='ocrx_word' id='word_1_15' title='bbox 995 423 1118 486; x_wconf 84' lang='lat' dir='ltr'><strong>post</strong></span> <span class='ocrx_word' id='word_1_16' title='bbox 1161 416 1560 488; x_wconf 68' lang='lat' dir='ltr'><strong>plenitudinem</strong></span> <span class='ocrx_word' id='word_1_17' title='bbox 1610 417 1854 489; x_wconf 84' lang='lat' dir='ltr'><strong>gentium</strong></span> <span class='ocrx_word' id='word_1_18' title='bbox 1883 422 1932 480; x_wconf 75' lang='grc' dir='ltr'><strong>Α</strong></span> <span class='ocrx_word' id='word_1_19' title='bbox 1959 417 2151 485; x_wconf 78' lang='lat' dir='ltr'><strong>tribus,</strong></span> <span class='ocrx_word' id='word_1_20' title='bbox 2174 418 2227 475; x_wconf 90' lang='lat' dir='ltr'><strong>id</strong></span> <span class='ocrx_word' id='word_1_21' title='bbox 2254 430 2359 487; x_wconf 85' lang='lat' dir='ltr'><strong>est,</strong></span> <span class='ocrx_word' id='word_1_22' title='bbox 2383 437 2508 478; x_wconf 86' lang='lat' dir='ltr'><strong>cum</strong></span> <span class='ocrx_word' id='word_1_23' title='bbox 2549 425 2758 496; x_wconf 85' lang='lat' dir='ltr'><strong>popqu</strong></span> <span class='ocrx_word' id='word_1_24' title='bbox 2780 427 2872 495; x_wconf 80' lang='lat' dir='ltr'><strong>qui</strong></span> <span class='ocrx_word' id='word_1_25' title='bbox 2908 425 3146 483; x_wconf 89' lang='lat' dir='ltr'><strong>credidit</strong></span> <span class='ocrx_word' id='word_1_26' title='bbox 3165 441 3232 483; x_wconf 81' lang='lat' dir='ltr'><strong>ex</strong></span> <span class='ocrx_word' id='word_1_27' title='bbox 3249 427 3476 496; x_wconf 67' lang='lat' dir='ltr'><strong>ludatis,</strong></span> <span class='ocrx_word' id='word_1_28' title='bbox 3509 443 3569 488; x_wconf 92' lang='lat' dir='ltr'><strong>ut</strong></span> 
     </span>
    </p>
   </div>
   <div class='ocr_carea' id='block_1_4' title="bbox 242 502 3572 593">
    <p class='ocr_par' dir='ltr' id='par_1_4' title="bbox 242 502 3572 593">
     <span class='ocr_line' id='line_1_4' title="bbox 242 502 3572 593; baseline 0.006 -35"><span class='ocrx_word' id='word_1_29' title='bbox 242 502 414 560; x_wconf 88' lang='lat' dir='ltr'><strong>omnis</strong></span> <span class='ocrx_word' id='word_1_30' title='bbox 445 503 757 563; x_wconf 87' lang='lat' dir='ltr'><strong>salvaudus</strong></span> <span class='ocrx_word' id='word_1_31' title='bbox 782 509 856 565; x_wconf 89' lang='lat' dir='ltr'><strong>sit</strong></span> <span class='ocrx_word' id='word_1_32' title='bbox 895 509 1081 565; x_wconf 88' lang='lat' dir='ltr'><strong>Israel.</strong></span> <span class='ocrx_word' id='word_1_33' title='bbox 1125 507 1234 566; x_wconf 87' lang='lat' dir='ltr'><strong>Nos</strong></span> <span class='ocrx_word' id='word_1_34' title='bbox 1277 520 1459 568; x_wconf 85' lang='lat' dir='ltr'><strong>autem</strong></span> <span class='ocrx_word' id='word_1_35' title='bbox 1509 523 1851 585; x_wconf 75' lang='lat' dir='ltr'><strong>nequaquam</strong></span> <span class='ocrx_word' id='word_1_36' title='bbox 1959 511 2162 581; x_wconf 81' lang='lat' dir='ltr'><strong>duplex</strong></span> <span class='ocrx_word' id='word_1_37' title='bbox 2199 516 2415 569; x_wconf 82' lang='lat' dir='ltr'><strong>vocatio</strong></span> <span class='ocrx_word' id='word_1_38' title='bbox 2448 516 2542 585; x_wconf 88' lang='lat' dir='ltr'><strong>sit,</strong></span> <span class='ocrx_word' id='word_1_39' title='bbox 2571 519 3005 575; x_wconf 86' lang='lat' dir='ltr'><strong>circumcisionis</strong></span> <span class='ocrx_word' id='word_1_40' title='bbox 3034 531 3088 576; x_wconf 90' lang='lat' dir='ltr'><strong>et</strong></span> <span class='ocrx_word' id='word_1_41' title='bbox 3109 523 3386 593; x_wconf 70' lang='lat' dir='ltr'><strong>prmputii.</strong></span> <span class='ocrx_word' id='word_1_42' title='bbox 3413 523 3572 592; x_wconf 83' lang='lat' dir='ltr'><strong>Quod</strong></span> 
     </span>
    </p>
   </div>
   <div class='ocr_carea' id='block_1_5' title="bbox 1957 607 3564 686">
    <p class='ocr_par' dir='ltr' id='par_1_5' title="bbox 1957 607 3564 686">
     <span class='ocr_line' id='line_1_5' title="bbox 1957 607 3564 686; baseline 0.007 -24"><span class='ocrx_word' id='word_1_43' title='bbox 1957 615 2142 662; x_wconf 80' lang='lat' dir='ltr'><strong>autem</strong></span> <span class='ocrx_word' id='word_1_44' title='bbox 2183 607 2405 676; x_wconf 79' lang='lat' dir='ltr'><strong>dicitur,</strong></span> <span class='ocrx_word' id='word_1_45' title='bbox 2441 610 2616 679; x_wconf 81' lang='lat' dir='ltr'><strong>Educ,</strong></span> <span class='ocrx_word' id='word_1_46' title='bbox 2669 612 2736 667; x_wconf 85' lang='lat' dir='ltr'><strong>ad</strong></span> <span class='ocrx_word' id='word_1_47' title='bbox 2781 612 2980 669; x_wconf 87' lang='lat' dir='ltr'><strong>Filium</strong></span> <span class='ocrx_word' id='word_1_48' title='bbox 3034 630 3223 670; x_wconf 83' lang='lat' dir='ltr'><strong>sermo</strong></span> <span class='ocrx_word' id='word_1_49' title='bbox 3261 625 3368 673; x_wconf 81' lang='lat' dir='ltr'><strong>est.</strong></span> <span class='ocrx_word' id='word_1_50' title='bbox 3413 617 3564 686; x_wconf 91' lang='lat' dir='ltr'><strong>Sive,</strong></span> 
     </span>
    </p>
   </div>
   <div class='ocr_carea' id='block_1_6' title="bbox 1953 699 3566 781">
    <p class='ocr_par' dir='ltr' id='par_1_6' title="bbox 1953 699 3566 781">
     <span class='ocr_line' id='line_1_6' title="bbox 1953 699 3566 781; baseline 0.008 -25"><span class='ocrx_word' id='word_1_51' title='bbox 1953 699 2109 771; x_wconf 72' lang='lat' dir='ltr'><strong>juxta</strong></span> <span class='ocrx_word' id='word_1_52' title='bbox 2133 700 2301 768; x_wconf 75' lang='lat' dir='ltr'><strong>LXX,</strong></span> <span class='ocrx_word' id='word_1_53' title='bbox 2337 702 2498 760; x_wconf 86' lang='lat' dir='ltr'><strong>Pater</strong></span> <span class='ocrx_word' id='word_1_54' title='bbox 2541 705 2614 761; x_wconf 86' lang='lat' dir='ltr'><strong>de</strong></span> <span class='ocrx_word' id='word_1_55' title='bbox 2643 706 2780 762; x_wconf 82' lang='lat' dir='ltr'><strong>Filio</strong></span> <span class='ocrx_word' id='word_1_56' title='bbox 2825 708 3088 781; x_wconf 77' lang='lat' dir='ltr'><strong>loquitur,</strong></span> <span class='ocrx_word' id='word_1_57' title='bbox 3131 711 3278 780; x_wconf 89' lang='lat' dir='ltr'><strong>quod</strong></span> <span class='ocrx_word' id='word_1_58' title='bbox 3309 710 3566 769; x_wconf 75' lang='lat' dir='ltr'><strong>eduxerit</strong></span> 
     </span>
    </p>
   </div>
   <div class='ocr_carea' id='block_1_7' title="bbox 1959 793 3565 879">
    <p class='ocr_par' dir='ltr' id='par_1_7' title="bbox 1959 793 3565 879">
     <span class='ocr_line' id='line_1_7' title="bbox 1959 793 3565 879; baseline 0.007 -30"><span class='ocrx_word' id='word_1_59' title='bbox 1959 793 2224 864; x_wconf 86' lang='lat' dir='ltr'><strong>populum</strong></span> <span class='ocrx_word' id='word_1_60' title='bbox 2255 807 2413 852; x_wconf 85' lang='lat' dir='ltr'><strong>suum</strong></span> <span class='ocrx_word' id='word_1_61' title='bbox 2437 805 2645 854; x_wconf 57' lang='lat' dir='ltr'><strong>eccum</strong></span> <span class='ocrx_word' id='word_1_62' title='bbox 2677 809 2734 856; x_wconf 85' lang='lat' dir='ltr'><strong>et</strong></span> <span class='ocrx_word' id='word_1_63' title='bbox 2765 801 3012 870; x_wconf 85' lang='lat' dir='ltr'><strong>surdum,</strong></span> <span class='ocrx_word' id='word_1_64' title='bbox 3031 814 3086 858; x_wconf 92' lang='lat' dir='ltr'><strong>et</strong></span> <span class='ocrx_word' id='word_1_65' title='bbox 3105 803 3364 875; x_wconf 87' lang='lat' dir='ltr'><strong>gentibus</strong></span> <span class='ocrx_word' id='word_1_66' title='bbox 3391 821 3565 879; x_wconf 90' lang='lat' dir='ltr'><strong>copu-</strong></span> 
     </span>
    </p>
   </div>
   <div class='ocr_carea' id='block_1_8' title="bbox 1955 889 3564 974">
    <p class='ocr_par' dir='ltr' id='par_1_8' title="bbox 1955 889 3564 974">
     <span class='ocr_line' id='line_1_8' title="bbox 1955 889 3564 974; baseline 0.006 -28"><span class='ocrx_word' id='word_1_67' title='bbox 1955 889 2108 958; x_wconf 79' lang='lat' dir='ltr'><strong>larit,</strong></span> <span class='ocrx_word' id='word_1_68' title='bbox 2137 901 2193 945; x_wconf 86' lang='lat' dir='ltr'><strong>et</strong></span> <span class='ocrx_word' id='word_1_69' title='bbox 2238 890 2433 947; x_wconf 89' lang='lat' dir='ltr'><strong>fecerit</strong></span> <span class='ocrx_word' id='word_1_70' title='bbox 2459 908 2526 948; x_wconf 81' lang='lat' dir='ltr'><strong>ex</strong></span> <span class='ocrx_word' id='word_1_71' title='bbox 2571 893 2654 950; x_wconf 86' lang='lat' dir='ltr'><strong>eis</strong></span> <span class='ocrx_word' id='word_1_72' title='bbox 2707 897 2910 953; x_wconf 86' lang='lat' dir='ltr'><strong>multos</strong></span> <span class='ocrx_word' id='word_1_73' title='bbox 2943 897 3204 955; x_wconf 61' lang='lat' dir='ltr'><strong>Ecclesia</strong></span> <span class='ocrx_word' id='word_1_74' title='bbox 3261 900 3564 974; x_wconf 80' lang='lat' dir='ltr'><strong>principes.</strong></span> 
     </span>
    </p>
   </div>
   <div class='ocr_carea' id='block_1_9' title="bbox 1955 981 3572 1069">
    <p class='ocr_par' dir='ltr' id='par_1_9' title="bbox 1955 981 3572 1069">
     <span class='ocr_line' id='line_1_9' title="bbox 1955 981 3572 1069; baseline 0.008 -29"><span class='ocrx_word' id='word_1_75' title='bbox 1955 981 2125 1056; x_wconf 64' lang='grc' dir='ltr'><strong>διε</strong></span> <span class='ocrx_word' id='word_1_76' title='bbox 2147 983 2480 1057; x_wconf 73' lang='lat' dir='ltr'><strong>Miraturque</strong></span> <span class='ocrx_word' id='word_1_77' title='bbox 2511 986 2774 1058; x_wconf 80' lang='lat' dir='ltr'><strong>propheta</strong></span> <span class='ocrx_word' id='word_1_78' title='bbox 2821 991 2970 1062; x_wconf 88' lang='lat' dir='ltr'><strong>quod</strong></span> <span class='ocrx_word' id='word_1_79' title='bbox 3004 993 3186 1050; x_wconf 85' lang='lat' dir='ltr'><strong>nullus</strong></span> <span class='ocrx_word' id='word_1_80' title='bbox 3212 995 3270 1052; x_wconf 87' lang='lat' dir='ltr'><strong>in</strong></span> <span class='ocrx_word' id='word_1_81' title='bbox 3313 999 3572 1069; x_wconf 75' lang='lat' dir='ltr'><strong>gentibus</strong></span> 
     </span>
    </p>
   </div>
   <div class='ocr_carea' id='block_1_10' title="bbox 1953 1074 3570 1158">
    <p class='ocr_par' dir='ltr' id='par_1_10' title="bbox 1953 1074 3570 1158">
     <span class='ocr_line' id='line_1_10' title="bbox 1953 1074 3570 1158; baseline 0.012 -28"><span class='ocrx_word' id='word_1_82' title='bbox 1953 1074 2074 1132; x_wconf 66' lang='lat' dir='ltr'><strong>hanc</strong></span> <span class='ocrx_word' id='word_1_83' title='bbox 2114 1081 2374 1148; x_wconf 71' lang='lat' dir='ltr'><strong>praescire</strong></span> <span class='ocrx_word' id='word_1_84' title='bbox 2403 1079 2666 1151; x_wconf 86' lang='lat' dir='ltr'><strong>potuerit,</strong></span> <span class='ocrx_word' id='word_1_85' title='bbox 2704 1097 2805 1142; x_wconf 81' lang='lat' dir='ltr'><strong>nec</strong></span> <span class='ocrx_word' id='word_1_86' title='bbox 2837 1083 2930 1140; x_wconf 86' lang='lat' dir='ltr'><strong>Dei</strong></span> <span class='ocrx_word' id='word_1_87' title='bbox 2963 1096 3132 1143; x_wconf 81' lang='lat' dir='ltr'><strong>nosse</strong></span> <span class='ocrx_word' id='word_1_88' title='bbox 3175 1091 3408 1147; x_wconf 72' lang='lat' dir='ltr'><strong>consilia</strong></span> <span class='ocrx_word' id='word_1_89' title='bbox 3437 1091 3570 1158; x_wconf 86' lang='lat' dir='ltr'><strong>;sed</strong></span> 
     </span>
    </p>
   </div>
   <div class='ocr_carea' id='block_1_11' title="bbox 1957 1173 3572 1257">
    <p class='ocr_par' dir='ltr' id='par_1_11' title="bbox 1957 1173 3572 1257">
     <span class='ocr_line' id='line_1_11' title="bbox 1957 1173 3572 1257; baseline 0.011 -32"><span class='ocrx_word' id='word_1_90' title='bbox 1957 1179 2168 1226; x_wconf 81' lang='lat' dir='ltr'><strong>tantum</strong></span> <span class='ocrx_word' id='word_1_91' title='bbox 2191 1174 2428 1244; x_wconf 88' lang='lat' dir='ltr'><strong>populus</strong></span> <span class='ocrx_word' id='word_1_92' title='bbox 2447 1173 2568 1245; x_wconf 70' lang='lat' dir='ltr'><strong>eius</strong></span> <span class='ocrx_word' id='word_1_93' title='bbox 2589 1177 2682 1248; x_wconf 86' lang='lat' dir='ltr'><strong>qui</strong></span> <span class='ocrx_word' id='word_1_94' title='bbox 2711 1175 2914 1248; x_wconf 78' lang='lat' dir='ltr'><strong>Legem</strong></span> <span class='ocrx_word' id='word_1_95' title='bbox 2941 1183 3241 1252; x_wconf 86' lang='lat' dir='ltr'><strong>acceperit,</strong></span> <span class='ocrx_word' id='word_1_96' title='bbox 3258 1193 3312 1240; x_wconf 87' lang='lat' dir='ltr'><strong>et</strong></span> <span class='ocrx_word' id='word_1_97' title='bbox 3335 1186 3572 1257; x_wconf 85' lang='lat' dir='ltr'><strong>prophe-</strong></span> 
     </span>
    </p>
   </div>
   <div class='ocr_carea' id='block_1_12' title="bbox 1957 1268 3576 1348">
    <p class='ocr_par' dir='ltr' id='par_1_12' title="bbox 1957 1268 3576 1348">
     <span class='ocr_line' id='line_1_12' title="bbox 1957 1268 3576 1348; baseline 0.012 -27"><span class='ocrx_word' id='word_1_98' title='bbox 1957 1273 2040 1322; x_wconf 83' lang='lat' dir='ltr'><strong>tas</strong></span> <span class='ocrx_word' id='word_1_99' title='bbox 2080 1268 2336 1325; x_wconf 78' lang='lat' dir='ltr'><strong>habuerit</strong></span> <span class='ocrx_word' id='word_1_100' title='bbox 2369 1289 2382 1326; x_wconf 91' lang='lat'><strong>:</strong></span> <span class='ocrx_word' id='word_1_101' title='bbox 2416 1268 2595 1326; x_wconf 74' lang='lat' dir='ltr'><strong>Notus</strong></span> <span class='ocrx_word' id='word_1_102' title='bbox 2621 1273 2774 1328; x_wconf 86' lang='lat' dir='ltr'><strong>enim</strong></span> <span class='ocrx_word' id='word_1_103' title='bbox 2815 1275 2868 1328; x_wconf 90' lang='lat' dir='ltr'><strong>in</strong></span> <span class='ocrx_word' id='word_1_104' title='bbox 2917 1275 3111 1332; x_wconf 70' lang='lat' dir='ltr'><strong>Judnto</strong></span> <span class='ocrx_word' id='word_1_105' title='bbox 3131 1276 3382 1348; x_wconf 79' lang='lat' dir='ltr'><strong>Deus;in</strong></span> <span class='ocrx_word' id='word_1_106' title='bbox 3404 1279 3576 1340; x_wconf 66' lang='grc' dir='ltr'><strong>ἔσται</strong></span> 
     </span>
    </p>
   </div>
   <div class='ocr_carea' id='block_1_13' title="bbox 1957 1364 3576 1442">
    <p class='ocr_par' dir='ltr' id='par_1_13' title="bbox 1957 1364 3576 1442">
     <span class='ocr_line' id='line_1_13' title="bbox 1957 1364 3576 1442; baseline 0.012 -29"><span class='ocrx_word' id='word_1_107' title='bbox 1957 1375 2206 1434; x_wconf 76' lang='lat' dir='ltr'><strong>magnum</strong></span> <span class='ocrx_word' id='word_1_108' title='bbox 2226 1377 2413 1418; x_wconf 81' lang='lat' dir='ltr'><strong>nomen</strong></span> <span class='ocrx_word' id='word_1_109' title='bbox 2427 1365 2542 1435; x_wconf 79' lang='lat' dir='ltr'><strong>ejus</strong></span> <span class='ocrx_word' id='word_1_110' title='bbox 2557 1364 2678 1438; x_wconf 90' lang='lat' dir='ltr'><strong>(Ps.</strong></span> <span class='ocrx_word' id='word_1_111' title='bbox 2694 1367 3096 1440; x_wconf 71' lang='lat' dir='ltr'><strong>uxv,l).Sive</strong></span> <span class='ocrx_word' id='word_1_112' title='bbox 3111 1371 3231 1442; x_wconf 88' lang='lat' dir='ltr'><strong>ipse</strong></span> <span class='ocrx_word' id='word_1_113' title='bbox 3254 1373 3396 1430; x_wconf 89' lang='lat' dir='ltr'><strong>Deus</strong></span> <span class='ocrx_word' id='word_1_114' title='bbox 3415 1378 3576 1434; x_wconf 85' lang='lat' dir='ltr'><strong>testis</strong></span> 
     </span>
    </p>
   </div>
   <div class='ocr_carea' id='block_1_14' title="bbox 1957 1459 3572 1544">
    <p class='ocr_par' dir='ltr' id='par_1_14' title="bbox 1957 1459 3572 1544">
     <span class='ocr_line' id='line_1_14' title="bbox 1957 1459 3572 1544; baseline 0.012 -37"><span class='ocrx_word' id='word_1_115' title='bbox 1957 1467 2182 1512; x_wconf 84' lang='lat' dir='ltr'><strong>suorum</strong></span> <span class='ocrx_word' id='word_1_116' title='bbox 2213 1471 2532 1512; x_wconf 84' lang='lat' dir='ltr'><strong>sermonum</strong></span> <span class='ocrx_word' id='word_1_117' title='bbox 2567 1459 2663 1527; x_wconf 81' lang='lat' dir='ltr'><strong>sit,</strong></span> <span class='ocrx_word' id='word_1_118' title='bbox 2707 1470 2764 1516; x_wconf 88' lang='lat' dir='ltr'><strong>et</strong></span> <span class='ocrx_word' id='word_1_119' title='bbox 2795 1470 3068 1533; x_wconf 83' lang='lat' dir='ltr'><strong>patrator,</strong></span> <span class='ocrx_word' id='word_1_120' title='bbox 3095 1467 3152 1519; x_wconf 87' lang='lat' dir='ltr'><strong>et</strong></span> <span class='ocrx_word' id='word_1_121' title='bbox 3186 1481 3321 1536; x_wconf 86' lang='lat' dir='ltr'><strong>puer</strong></span> <span class='ocrx_word' id='word_1_122' title='bbox 3359 1470 3480 1544; x_wconf 78' lang='lat' dir='ltr'><strong>ejus</strong></span> <span class='ocrx_word' id='word_1_123' title='bbox 3507 1483 3572 1526; x_wconf 83' lang='lat' dir='ltr'><strong>ac</strong></span> 
     </span>
    </p>
   </div>
   <div class='ocr_carea' id='block_1_15' title="bbox 1956 1550 3571 1629">
    <p class='ocr_par' dir='ltr' id='par_1_15' title="bbox 1956 1550 3571 1629">
     <span class='ocr_line' id='line_1_15' title="bbox 1956 1550 3571 1629; baseline 0.011 -28"><span class='ocrx_word' id='word_1_124' title='bbox 1956 1561 2150 1603; x_wconf 86' lang='lat' dir='ltr'><strong>servus</strong></span> <span class='ocrx_word' id='word_1_125' title='bbox 2175 1559 2338 1620; x_wconf 85' lang='lat' dir='ltr'><strong>quem</strong></span> <span class='ocrx_word' id='word_1_126' title='bbox 2363 1550 2555 1622; x_wconf 78' lang='lat' dir='ltr'><strong>elegit.</strong></span> <span class='ocrx_word' id='word_1_127' title='bbox 2584 1552 2734 1610; x_wconf 86' lang='lat' dir='ltr'><strong>llaud</strong></span> <span class='ocrx_word' id='word_1_128' title='bbox 2768 1555 2995 1610; x_wconf 88' lang='lat' dir='ltr'><strong>dubium</strong></span> <span class='ocrx_word' id='word_1_129' title='bbox 3020 1558 3151 1629; x_wconf 89' lang='lat' dir='ltr'><strong>quin</strong></span> <span class='ocrx_word' id='word_1_130' title='bbox 3183 1559 3463 1617; x_wconf 82' lang='lat' dir='ltr'><strong>Christum</strong></span> <span class='ocrx_word' id='word_1_131' title='bbox 3491 1564 3571 1619; x_wconf 62' lang='lat' dir='ltr'><strong>si.</strong></span> 
     </span>
    </p>
   </div>
   <div class='ocr_carea' id='block_1_16' title="bbox 243 1619 3574 1724">
    <p class='ocr_par' dir='ltr' id='par_1_16' title="bbox 243 1619 3574 1724">
     <span class='ocr_line' id='line_1_16' title="bbox 243 1619 3574 1724; baseline 0.009 -43"><span class='ocrx_word' id='word_1_132' title='bbox 243 1619 342 1683; x_wconf 88' lang='lat' dir='ltr'><strong>hoc</strong></span> <span class='ocrx_word' id='word_1_133' title='bbox 396 1627 570 1702; x_wconf 85' lang='lat' dir='ltr'><strong>etiam</strong></span> <span class='ocrx_word' id='word_1_134' title='bbox 620 1644 770 1686; x_wconf 89' lang='lat' dir='ltr'><strong>nunc</strong></span> <span class='ocrx_word' id='word_1_135' title='bbox 814 1628 1230 1702; x_wconf 84' lang='lat' dir='ltr'><strong>intelligendum</strong></span> <span class='ocrx_word' id='word_1_136' title='bbox 1254 1671 1271 1702; x_wconf 86' lang='lat'><strong>,</strong></span> <span class='ocrx_word' id='word_1_137' title='bbox 1323 1635 1468 1706; x_wconf 85' lang='lat' dir='ltr'><strong>quod</strong></span> <span class='ocrx_word' id='word_1_138' title='bbox 1525 1645 1853 1707; x_wconf 83' lang='lat' dir='ltr'><strong>provocetur</strong></span> <span class='ocrx_word' id='word_1_139' title='bbox 1954 1619 2391 1712; x_wconf 81' lang='lat' dir='ltr'><strong>gnificet,cuiet</strong></span> <span class='ocrx_word' id='word_1_140' title='bbox 2421 1619 2587 1717; x_wconf 77' lang='lat' dir='ltr'><strong>supra</strong></span> <span class='ocrx_word' id='word_1_141' title='bbox 2616 1647 2790 1703; x_wconf 79' lang='lat' dir='ltr'><strong>dicit:</strong></span> <span class='ocrx_word' id='word_1_142' title='bbox 2821 1619 3079 1724; x_wconf 72' lang='lat' dir='ltr'><strong>Magnum</strong></span> <span class='ocrx_word' id='word_1_143' title='bbox 3110 1653 3202 1708; x_wconf 83' lang='lat' dir='ltr'><strong>tibi</strong></span> <span class='ocrx_word' id='word_1_144' title='bbox 3223 1663 3295 1710; x_wconf 78' lang='lat' dir='ltr'><strong>est</strong></span> <span class='ocrx_word' id='word_1_145' title='bbox 3326 1659 3500 1711; x_wconf 68' lang='lat' dir='ltr'><strong>t&#39;ooori</strong></span> <span class='ocrx_word' id='word_1_146' title='bbox 3524 1666 3574 1713; x_wconf 81' lang='lat' dir='ltr'><strong>te</strong></span> 
     </span>
    </p>
   </div>
   <div class='ocr_carea' id='block_1_17' title="bbox 244 1724 3576 1813">
    <p class='ocr_par' dir='ltr' id='par_1_17' title="bbox 244 1724 3576 1813">
     <span class='ocr_line' id='line_1_17' title="bbox 244 1724 3576 1813; baseline 0.008 -33"><span class='ocrx_word' id='word_1_147' title='bbox 244 1724 639 1796; x_wconf 79' lang='lat' dir='ltr'><strong>Apostolorum</strong></span> <span class='ocrx_word' id='word_1_148' title='bbox 673 1726 903 1797; x_wconf 90' lang='lat' dir='ltr'><strong>chorus,</strong></span> <span class='ocrx_word' id='word_1_149' title='bbox 945 1737 999 1786; x_wconf 91' lang='lat' dir='ltr'><strong>et</strong></span> <span class='ocrx_word' id='word_1_150' title='bbox 1037 1731 1212 1801; x_wconf 84' lang='lat' dir='ltr'><strong>prima</strong></span> <span class='ocrx_word' id='word_1_151' title='bbox 1253 1732 1455 1791; x_wconf 78' lang='lat' dir='ltr'><strong>Christi</strong></span> <span class='ocrx_word' id='word_1_152' title='bbox 1499 1734 1742 1793; x_wconf 81' lang='lat' dir='ltr'><strong>Ecclesia</strong></span> <span class='ocrx_word' id='word_1_153' title='bbox 1781 1736 1852 1794; x_wconf 91' lang='lat' dir='ltr'><strong>de</strong></span> <span class='ocrx_word' id='word_1_154' title='bbox 1956 1751 2177 1807; x_wconf 76' lang='lat' dir='ltr'><strong>puerum</strong></span> <span class='ocrx_word' id='word_1_155' title='bbox 2197 1752 2388 1792; x_wconf 81' lang='lat' dir='ltr'><strong>meum.</strong></span> <span class='ocrx_word' id='word_1_156' title='bbox 2415 1739 2480 1793; x_wconf 79' lang='lat' dir='ltr'><strong>Et</strong></span> <span class='ocrx_word' id='word_1_157' title='bbox 2507 1739 2626 1796; x_wconf 57' lang='lat' dir='ltr'><strong>huic</strong></span> <span class='ocrx_word' id='word_1_158' title='bbox 2655 1743 2842 1798; x_wconf 81' lang='lat' dir='ltr'><strong>omnia</strong></span> <span class='ocrx_word' id='word_1_159' title='bbox 2864 1742 3018 1813; x_wconf 89' lang='lat' dir='ltr'><strong>llent,</strong></span> <span class='ocrx_word' id='word_1_160' title='bbox 3047 1755 3104 1800; x_wconf 90' lang='lat' dir='ltr'><strong>ut</strong></span> <span class='ocrx_word' id='word_1_161' title='bbox 3134 1749 3340 1804; x_wconf 80' lang='lat' dir='ltr'><strong>veritas</strong></span> <span class='ocrx_word' id='word_1_162' title='bbox 3367 1749 3576 1806; x_wconf 88' lang='lat' dir='ltr'><strong>mundo</strong></span> 
     </span>
    </p>
   </div>
   <div class='ocr_carea' id='block_1_18' title="bbox 244 1819 3575 1912">
    <p class='ocr_par' dir='ltr' id='par_1_18' title="bbox 244 1819 3575 1912">
     <span class='ocr_line' id='line_1_18' title="bbox 244 1819 3575 1912; baseline 0.007 -36"><span class='ocrx_word' id='word_1_163' title='bbox 244 1819 556 1878; x_wconf 63' lang='lat' dir='ltr'><strong>Iudaeorum</strong></span> <span class='ocrx_word' id='word_1_164' title='bbox 596 1825 803 1896; x_wconf 88' lang='lat' dir='ltr'><strong>populo</strong></span> <span class='ocrx_word' id='word_1_165' title='bbox 823 1839 1146 1898; x_wconf 80' lang='lat' dir='ltr'><strong>congregata</strong></span> <span class='ocrx_word' id='word_1_166' title='bbox 1170 1868 1187 1894; x_wconf 91' lang='lat'><strong>,</strong></span> <span class='ocrx_word' id='word_1_167' title='bbox 1221 1836 1280 1882; x_wconf 91' lang='lat' dir='ltr'><strong>ut</strong></span> <span class='ocrx_word' id='word_1_168' title='bbox 1312 1828 1586 1901; x_wconf 74' lang='lat' dir='ltr'><strong>intelligat</strong></span> <span class='ocrx_word' id='word_1_169' title='bbox 1627 1831 1848 1887; x_wconf 80' lang='lat' dir='ltr'><strong>Creato-</strong></span> <span class='ocrx_word' id='word_1_170' title='bbox 1883 1829 1930 1891; x_wconf 86' lang='lat' dir='ltr'><strong>B</strong></span> <span class='ocrx_word' id='word_1_171' title='bbox 1957 1827 2308 1898; x_wconf 64' lang='lat' dir='ltr'><strong>praedicetur,</strong></span> <span class='ocrx_word' id='word_1_172' title='bbox 2327 1840 2383 1885; x_wconf 92' lang='lat' dir='ltr'><strong>et</strong></span> <span class='ocrx_word' id='word_1_173' title='bbox 2403 1833 2602 1900; x_wconf 82' lang='lat' dir='ltr'><strong>sciant,</strong></span> <span class='ocrx_word' id='word_1_174' title='bbox 2629 1842 2686 1888; x_wconf 90' lang='lat' dir='ltr'><strong>et</strong></span> <span class='ocrx_word' id='word_1_175' title='bbox 2711 1834 2964 1904; x_wconf 80' lang='lat' dir='ltr'><strong>credunt,</strong></span> <span class='ocrx_word' id='word_1_176' title='bbox 2991 1844 3049 1892; x_wconf 90' lang='lat' dir='ltr'><strong>et</strong></span> <span class='ocrx_word' id='word_1_177' title='bbox 3076 1839 3410 1910; x_wconf 84' lang='lat' dir='ltr'><strong>intelligant,</strong></span> <span class='ocrx_word' id='word_1_178' title='bbox 3436 1855 3575 1912; x_wconf 88' lang='lat' dir='ltr'><strong>quo-</strong></span> 
     </span>
    </p>
   </div>
   <div class='ocr_carea' id='block_1_19' title="bbox 245 1917 3572 2004">
    <p class='ocr_par' dir='ltr' id='par_1_19' title="bbox 245 1917 3572 2004">
     <span class='ocr_line' id='line_1_19' title="bbox 245 1917 3572 2004; baseline 0.006 -33"><span class='ocrx_word' id='word_1_179' title='bbox 245 1929 350 1972; x_wconf 80' lang='lat' dir='ltr'><strong>retn</strong></span> <span class='ocrx_word' id='word_1_180' title='bbox 373 1927 432 1972; x_wconf 88' lang='lat' dir='ltr'><strong>et</strong></span> <span class='ocrx_word' id='word_1_181' title='bbox 453 1917 728 1974; x_wconf 85' lang='lat' dir='ltr'><strong>factorem</strong></span> <span class='ocrx_word' id='word_1_182' title='bbox 751 1935 908 1976; x_wconf 87' lang='lat' dir='ltr'><strong>suum</strong></span> <span class='ocrx_word' id='word_1_183' title='bbox 930 1963 944 1988; x_wconf 94' lang='lat'><strong>,</strong></span> <span class='ocrx_word' id='word_1_184' title='bbox 965 1923 1058 1992; x_wconf 85' lang='lat' dir='ltr'><strong>qui</strong></span> <span class='ocrx_word' id='word_1_185' title='bbox 1086 1931 1139 1978; x_wconf 90' lang='lat' dir='ltr'><strong>et</strong></span> <span class='ocrx_word' id='word_1_186' title='bbox 1162 1923 1360 1979; x_wconf 68' lang='lat' dir='ltr'><strong>animae</strong></span> <span class='ocrx_word' id='word_1_187' title='bbox 1381 1933 1437 1980; x_wconf 86' lang='lat' dir='ltr'><strong>et</strong></span> <span class='ocrx_word' id='word_1_188' title='bbox 1463 1925 1714 1995; x_wconf 89' lang='lat' dir='ltr'><strong>corporis</strong></span> <span class='ocrx_word' id='word_1_189' title='bbox 1737 1925 1856 1996; x_wconf 82' lang='lat' dir='ltr'><strong>ejus</strong></span> <span class='ocrx_word' id='word_1_190' title='bbox 1961 1935 2080 1978; x_wconf 89' lang='lat' dir='ltr'><strong>rum</strong></span> <span class='ocrx_word' id='word_1_191' title='bbox 2109 1937 2268 1978; x_wconf 89' lang='lat' dir='ltr'><strong>mens</strong></span> <span class='ocrx_word' id='word_1_192' title='bbox 2293 1924 2444 1993; x_wconf 82' lang='lat' dir='ltr'><strong>prius</strong></span> <span class='ocrx_word' id='word_1_193' title='bbox 2465 1925 2626 1982; x_wconf 82' lang='lat' dir='ltr'><strong>bruta</strong></span> <span class='ocrx_word' id='word_1_194' title='bbox 2654 1937 2774 1982; x_wconf 83' lang='lat' dir='ltr'><strong>erat</strong></span> <span class='ocrx_word' id='word_1_195' title='bbox 2795 1940 2849 1984; x_wconf 84' lang='lat' dir='ltr'><strong>et</strong></span> <span class='ocrx_word' id='word_1_196' title='bbox 2877 1929 3240 2001; x_wconf 81' lang='lat' dir='ltr'><strong>insensibilis,</strong></span> <span class='ocrx_word' id='word_1_197' title='bbox 3258 1933 3406 2002; x_wconf 83' lang='lat' dir='ltr'><strong>quod</strong></span> <span class='ocrx_word' id='word_1_198' title='bbox 3432 1949 3572 2004; x_wconf 73' lang='lat' dir='ltr'><strong>prtu-</strong></span> 
     </span>
    </p>
   </div>
   <div class='ocr_carea' id='block_1_20' title="bbox 244 2011 3568 2093">
    <p class='ocr_par' dir='ltr' id='par_1_20' title="bbox 244 2011 3568 2093">
     <span class='ocr_line' id='line_1_20' title="bbox 244 2011 3568 2093; baseline 0.008 -25"><span class='ocrx_word' id='word_1_199' title='bbox 244 2011 308 2068; x_wconf 87' lang='lat' dir='ltr'><strong>sit</strong></span> <span class='ocrx_word' id='word_1_200' title='bbox 335 2013 622 2069; x_wconf 90' lang='lat' dir='ltr'><strong>conditor.</strong></span> <span class='ocrx_word' id='word_1_201' title='bbox 664 2014 775 2072; x_wconf 88' lang='lat' dir='ltr'><strong>Nec</strong></span> <span class='ocrx_word' id='word_1_202' title='bbox 805 2017 996 2071; x_wconf 86' lang='lat' dir='ltr'><strong>timeat</strong></span> <span class='ocrx_word' id='word_1_203' title='bbox 1024 2027 1408 2088; x_wconf 77' lang='lat' dir='ltr'><strong>persecutores</strong></span> <span class='ocrx_word' id='word_1_204' title='bbox 1439 2019 1565 2090; x_wconf 88' lang='lat' dir='ltr'><strong>quia</strong></span> <span class='ocrx_word' id='word_1_205' title='bbox 1595 2019 1856 2090; x_wconf 85' lang='lat' dir='ltr'><strong>redemp-</strong></span> <span class='ocrx_word' id='word_1_206' title='bbox 1960 2022 2044 2072; x_wconf 75' lang='lat' dir='ltr'><strong>lel&#39;</strong></span> <span class='ocrx_word' id='word_1_207' title='bbox 2069 2031 2236 2071; x_wconf 77' lang='grc' dir='ltr'><strong>ιιηωη</strong></span> <span class='ocrx_word' id='word_1_208' title='bbox 2268 2017 2464 2088; x_wconf 66' lang='lat' dir='ltr'><strong>Deum,</strong></span> <span class='ocrx_word' id='word_1_209' title='bbox 2498 2018 2684 2075; x_wconf 68' lang='grc' dir='ltr'><strong>ηυηιιδ</strong></span> <span class='ocrx_word' id='word_1_210' title='bbox 2713 2021 2854 2076; x_wconf 66' lang='lat' dir='ltr'><strong>alii“</strong></span> <span class='ocrx_word' id='word_1_211' title='bbox 2878 2021 3024 2080; x_wconf 61' lang='lat' dir='ltr'><strong>De“</strong></span> <span class='ocrx_word' id='word_1_212' title='bbox 3043 2024 3133 2090; x_wconf 70' lang='grc' dir='ltr'><strong>είῑο</strong></span> <span class='ocrx_word' id='word_1_213' title='bbox 3163 2039 3268 2082; x_wconf 70' lang='lat' dir='ltr'><strong>nec</strong></span> <span class='ocrx_word' id='word_1_214' title='bbox 3295 2035 3442 2093; x_wconf 66' lang='grc' dir='ltr'><strong>ειιῑθ,</strong></span> <span class='ocrx_word' id='word_1_215' title='bbox 3467 2041 3568 2086; x_wconf 69' lang='lat' dir='ltr'><strong>&quot;cc</strong></span> 
     </span>
    </p>
   </div>
   <div class='ocr_carea' id='block_1_21' title="bbox 245 2101 3570 2183">
    <p class='ocr_par' dir='ltr' id='par_1_21' title="bbox 245 2101 3570 2183">
     <span class='ocr_line' id='line_1_21' title="bbox 245 2101 3570 2183; baseline 0.005 -24"><span class='ocrx_word' id='word_1_216' title='bbox 245 2111 326 2160; x_wconf 89' lang='lat' dir='ltr'><strong>tus</strong></span> <span class='ocrx_word' id='word_1_217' title='bbox 356 2107 432 2161; x_wconf 89' lang='lat' dir='ltr'><strong>sit</strong></span> <span class='ocrx_word' id='word_1_218' title='bbox 465 2101 678 2162; x_wconf 83' lang='lat' dir='ltr'><strong>Christi</strong></span> <span class='ocrx_word' id='word_1_219' title='bbox 710 2109 975 2180; x_wconf 85' lang='lat' dir='ltr'><strong>sanguine</strong></span> <span class='ocrx_word' id='word_1_220' title='bbox 999 2147 1016 2176; x_wconf 88' lang='lat'><strong>,</strong></span> <span class='ocrx_word' id='word_1_221' title='bbox 1043 2110 1133 2180; x_wconf 88' lang='lat' dir='ltr'><strong>qui</strong></span> <span class='ocrx_word' id='word_1_222' title='bbox 1165 2111 1445 2166; x_wconf 82' lang='lat' dir='ltr'><strong>vocaverit</strong></span> <span class='ocrx_word' id='word_1_223' title='bbox 1483 2127 1607 2166; x_wconf 90' lang='lat' dir='ltr'><strong>eum</strong></span> <span class='ocrx_word' id='word_1_224' title='bbox 1639 2113 1857 2166; x_wconf 67' lang='lat' dir='ltr'><strong>[terniue</strong></span> <span class='ocrx_word' id='word_1_225' title='bbox 1959 2115 2168 2178; x_wconf 86' lang='lat' dir='ltr'><strong>postea.</strong></span> <span class='ocrx_word' id='word_1_226' title='bbox 2197 2107 2389 2180; x_wconf 85' lang='lat' dir='ltr'><strong>Neque</strong></span> <span class='ocrx_word' id='word_1_227' title='bbox 2436 2109 2584 2166; x_wconf 87' lang='lat' dir='ltr'><strong>enim</strong></span> <span class='ocrx_word' id='word_1_228' title='bbox 2619 2116 2929 2183; x_wconf 84' lang='lat' dir='ltr'><strong>temporum</strong></span> <span class='ocrx_word' id='word_1_229' title='bbox 2961 2116 3216 2172; x_wconf 83' lang='lat' dir='ltr'><strong>conditor</strong></span> <span class='ocrx_word' id='word_1_230' title='bbox 3265 2119 3428 2173; x_wconf 77' lang='lat' dir='ltr'><strong>habet</strong></span> <span class='ocrx_word' id='word_1_231' title='bbox 3465 2121 3570 2175; x_wconf 89' lang='lat' dir='ltr'><strong>ali-</strong></span> 
     </span>
    </p>
   </div>
   <div class='ocr_carea' id='block_1_22' title="bbox 245 2201 3571 2281">
    <p class='ocr_par' dir='ltr' id='par_1_22' title="bbox 245 2201 3571 2281">
     <span class='ocr_line' id='line_1_22' title="bbox 245 2201 3571 2281; baseline 0.004 -27"><span class='ocrx_word' id='word_1_232' title='bbox 245 2210 453 2256; x_wconf 79' lang='lat' dir='ltr'><strong>suozet</strong></span> <span class='ocrx_word' id='word_1_233' title='bbox 485 2201 556 2256; x_wconf 90' lang='lat' dir='ltr'><strong>ob</strong></span> <span class='ocrx_word' id='word_1_234' title='bbox 587 2202 1020 2260; x_wconf 80' lang='lat' dir='ltr'><strong>familiaritatem</strong></span> <span class='ocrx_word' id='word_1_235' title='bbox 1051 2205 1365 2275; x_wconf 82' lang='lat' dir='ltr'><strong>specialiter</strong></span> <span class='ocrx_word' id='word_1_236' title='bbox 1398 2206 1633 2274; x_wconf 77' lang='lat' dir='ltr'><strong>appellet</strong></span> <span class='ocrx_word' id='word_1_237' title='bbox 1680 2222 1855 2276; x_wconf 82' lang='lat' dir='ltr'><strong>popu-</strong></span> <span class='ocrx_word' id='word_1_238' title='bbox 1958 2201 2180 2272; x_wconf 80' lang='lat' dir='ltr'><strong>quando</strong></span> <span class='ocrx_word' id='word_1_239' title='bbox 2205 2204 2557 2276; x_wconf 83' lang='lat' dir='ltr'><strong>principium,</strong></span> <span class='ocrx_word' id='word_1_240' title='bbox 2587 2219 2712 2260; x_wconf 91' lang='lat' dir='ltr'><strong>cum</strong></span> <span class='ocrx_word' id='word_1_241' title='bbox 2747 2206 2852 2262; x_wconf 85' lang='lat' dir='ltr'><strong>hoc</strong></span> <span class='ocrx_word' id='word_1_242' title='bbox 2903 2208 3104 2276; x_wconf 84' lang='lat' dir='ltr'><strong>ipsum.</strong></span> <span class='ocrx_word' id='word_1_243' title='bbox 3145 2211 3450 2281; x_wconf 79' lang='lat' dir='ltr'><strong>aliquando,</strong></span> <span class='ocrx_word' id='word_1_244' title='bbox 3497 2213 3571 2268; x_wconf 88' lang='lat' dir='ltr'><strong>sit</strong></span> 
     </span>
    </p>
   </div>
   <div class='ocr_carea' id='block_1_23' title="bbox 246 2291 1865 2376">
    <p class='ocr_par' dir='ltr' id='par_1_23' title="bbox 246 2291 1862 2370">
     <span class='ocr_line' id='line_1_23' title="bbox 246 2291 1862 2370; baseline 0.005 -20"><span class='ocrx_word' id='word_1_245' title='bbox 246 2291 353 2351; x_wconf 90' lang='lat' dir='ltr'><strong>lum</strong></span> <span class='ocrx_word' id='word_1_246' title='bbox 408 2295 574 2370; x_wconf 75' lang='lat'><strong>517</strong></span> <span class='ocrx_word' id='word_1_247' title='bbox 607 2312 814 2365; x_wconf 89' lang='lat' dir='ltr'><strong>suum;</strong></span> <span class='ocrx_word' id='word_1_248' title='bbox 862 2298 960 2355; x_wconf 88' lang='lat' dir='ltr'><strong>sed</strong></span> <span class='ocrx_word' id='word_1_249' title='bbox 1019 2299 1282 2370; x_wconf 71' lang='lat' dir='ltr'><strong>praedicet</strong></span> <span class='ocrx_word' id='word_1_250' title='bbox 1339 2301 1750 2366; x_wconf 85' lang='lat' dir='ltr'><strong>incunctanter,</strong></span> <span class='ocrx_word' id='word_1_251' title='bbox 1803 2311 1862 2358; x_wconf 88' lang='lat' dir='ltr'><strong>et</strong></span> 
     </span>
    </p>
   </div>
   <div class='ocr_carea' id='block_1_24' title="bbox 1968 2291 3564 2376">
    <p class='ocr_par' dir='ltr' id='par_1_24' title="bbox 1968 2296 3564 2376">
     <span class='ocr_line' id='line_1_24' title="bbox 1968 2296 3564 2376; baseline 0.006 -26"><span class='ocrx_word' id='word_1_252' title='bbox 1968 2296 2247 2366; x_wconf 86' lang='lat' dir='ltr'><strong>lemporis.</strong></span> <span class='ocrx_word' id='word_1_253' title='bbox 2273 2297 2341 2351; x_wconf 90' lang='lat' dir='ltr'><strong>Et</strong></span> <span class='ocrx_word' id='word_1_254' title='bbox 2372 2299 2650 2366; x_wconf 88' lang='lat' dir='ltr'><strong>quomodo</strong></span> <span class='ocrx_word' id='word_1_255' title='bbox 2680 2315 2826 2354; x_wconf 88' lang='lat' dir='ltr'><strong>nunc</strong></span> <span class='ocrx_word' id='word_1_256' title='bbox 2858 2301 3075 2358; x_wconf 82' lang='lat' dir='ltr'><strong>locutus</strong></span> <span class='ocrx_word' id='word_1_257' title='bbox 3101 2313 3225 2359; x_wconf 88' lang='lat' dir='ltr'><strong>est:</strong></span> <span class='ocrx_word' id='word_1_258' title='bbox 3253 2303 3369 2376; x_wconf 80' lang='lat' dir='ltr'><strong>Ego</strong></span> <span class='ocrx_word' id='word_1_259' title='bbox 3399 2306 3564 2373; x_wconf 86' lang='lat' dir='ltr'><strong>testis,</strong></span> 
     </span>
    </p>
   </div>
   <div class='ocr_carea' id='block_1_25' title="bbox 249 2389 3564 2468">
    <p class='ocr_par' dir='ltr' id='par_1_25' title="bbox 249 2389 3564 2468">
     <span class='ocr_line' id='line_1_25' title="bbox 249 2389 3564 2468; baseline 0.004 -22"><span class='ocrx_word' id='word_1_260' title='bbox 249 2390 402 2446; x_wconf 86' lang='lat' dir='ltr'><strong>nulla</strong></span> <span class='ocrx_word' id='word_1_261' title='bbox 433 2391 678 2459; x_wconf 81' lang='lat' dir='ltr'><strong>pericula</strong></span> <span class='ocrx_word' id='word_1_262' title='bbox 709 2391 1053 2449; x_wconf 79' lang='lat' dir='ltr'><strong>reformidet.</strong></span> <span class='ocrx_word' id='word_1_263' title='bbox 1079 2394 1350 2464; x_wconf 82' lang='lat' dir='ltr'><strong>Quodque</strong></span> <span class='ocrx_word' id='word_1_264' title='bbox 1375 2393 1574 2452; x_wconf 82' lang='lat' dir='ltr'><strong>infert:</strong></span> <span class='ocrx_word' id='word_1_265' title='bbox 1604 2411 1779 2467; x_wconf 83' lang='lat' dir='ltr'><strong>aquas</strong></span> <span class='ocrx_word' id='word_1_266' title='bbox 1803 2405 1861 2452; x_wconf 88' lang='lat' dir='ltr'><strong>et</strong></span> <span class='ocrx_word' id='word_1_267' title='bbox 1963 2389 2088 2443; x_wconf 71' lang='grc' dir='ltr'><strong>άὲοίε</strong></span> <span class='ocrx_word' id='word_1_268' title='bbox 2113 2391 2366 2446; x_wconf 66' lang='lat' dir='ltr'><strong>Domit!&quot;</strong></span> <span class='ocrx_word' id='word_1_269' title='bbox 2403 2392 2578 2458; x_wconf 71' lang='lat' dir='ltr'><strong>0m;</strong></span> <span class='ocrx_word' id='word_1_270' title='bbox 2601 2400 2649 2447; x_wconf 66' lang='grc' dir='ltr'><em>εἰ</em></span> <span class='ocrx_word' id='word_1_271' title='bbox 2697 2407 2828 2464; x_wconf 62' lang='lat' dir='ltr'><strong>puer</strong></span> <span class='ocrx_word' id='word_1_272' title='bbox 2847 2411 2997 2465; x_wconf 77' lang='lat' dir='ltr'><strong>quem</strong></span> <span class='ocrx_word' id='word_1_273' title='bbox 3031 2399 3183 2468; x_wconf 60' lang='lat' dir='ltr'><strong>elegi,</strong></span> <span class='ocrx_word' id='word_1_274' title='bbox 3219 2395 3438 2453; x_wconf 70' lang='lat' dir='ltr'><strong>dicente</strong></span> <span class='ocrx_word' id='word_1_275' title='bbox 3462 2397 3564 2452; x_wconf 76' lang='lat' dir='ltr'><strong>hoc</strong></span> 
     </span>
    </p>
   </div>
   <div class='ocr_carea' id='block_1_26' title="bbox 250 2481 3571 2559">
    <p class='ocr_par' dir='ltr' id='par_1_26' title="bbox 250 2481 3571 2559">
     <span class='ocr_line' id='line_1_26' title="bbox 250 2481 3571 2559; baseline 0.002 -21"><span class='ocrx_word' id='word_1_276' title='bbox 250 2481 498 2550; x_wconf 78' lang='lat' dir='ltr'><strong>ﬂumina,</strong></span> <span class='ocrx_word' id='word_1_277' title='bbox 529 2494 589 2540; x_wconf 88' lang='lat' dir='ltr'><strong>et</strong></span> <span class='ocrx_word' id='word_1_278' title='bbox 623 2486 806 2555; x_wconf 81' lang='lat' dir='ltr'><strong>ignem</strong></span> <span class='ocrx_word' id='word_1_279' title='bbox 857 2495 914 2542; x_wconf 92' lang='lat' dir='ltr'><strong>et</strong></span> <span class='ocrx_word' id='word_1_280' title='bbox 941 2485 1216 2554; x_wconf 79' lang='lat' dir='ltr'><strong>flammas,</strong></span> <span class='ocrx_word' id='word_1_281' title='bbox 1249 2498 1660 2559; x_wconf 77' lang='lat' dir='ltr'><strong>persecuturum</strong></span> <span class='ocrx_word' id='word_1_282' title='bbox 1682 2488 1858 2559; x_wconf 85' lang='lat' dir='ltr'><strong>impe-</strong></span> <span class='ocrx_word' id='word_1_283' title='bbox 1962 2483 2139 2553; x_wconf 87' lang='lat' dir='ltr'><strong>ipsum</strong></span> <span class='ocrx_word' id='word_1_284' title='bbox 2166 2484 2403 2541; x_wconf 88' lang='lat' dir='ltr'><strong>Domino</strong></span> <span class='ocrx_word' id='word_1_285' title='bbox 2433 2487 2486 2540; x_wconf 92' lang='lat' dir='ltr'><strong>in</strong></span> <span class='ocrx_word' id='word_1_286' title='bbox 2516 2487 2814 2558; x_wconf 76' lang='lat' dir='ltr'><strong>Evangelia</strong></span> <span class='ocrx_word' id='word_1_287' title='bbox 2845 2488 3116 2544; x_wconf 85' lang='lat' dir='ltr'><strong>:Duorum</strong></span> <span class='ocrx_word' id='word_1_288' title='bbox 3142 2491 3406 2544; x_wconf 71' lang='lat' dir='ltr'><strong>hominum</strong></span> <span class='ocrx_word' id='word_1_289' title='bbox 3427 2493 3571 2544; x_wconf 82' lang='lat' dir='ltr'><strong>testi-</strong></span> 
     </span>
    </p>
   </div>
   <div class='ocr_carea' id='block_1_27' title="bbox 254 2577 3564 2655">
    <p class='ocr_par' dir='ltr' id='par_1_27' title="bbox 254 2577 3564 2655">
     <span class='ocr_line' id='line_1_27' title="bbox 254 2577 3564 2655; baseline -0.001 -19"><span class='ocrx_word' id='word_1_290' title='bbox 254 2587 364 2636; x_wconf 90' lang='lat' dir='ltr'><strong>tum</strong></span> <span class='ocrx_word' id='word_1_291' title='bbox 402 2579 764 2652; x_wconf 86' lang='lat' dir='ltr'><strong>furoremque</strong></span> <span class='ocrx_word' id='word_1_292' title='bbox 794 2581 1079 2649; x_wconf 85' lang='lat' dir='ltr'><strong>describit,</strong></span> <span class='ocrx_word' id='word_1_293' title='bbox 1109 2583 1204 2654; x_wconf 87' lang='lat' dir='ltr'><strong>qui</strong></span> <span class='ocrx_word' id='word_1_294' title='bbox 1251 2585 1414 2640; x_wconf 84' lang='lat' dir='ltr'><strong>saluti</strong></span> <span class='ocrx_word' id='word_1_295' title='bbox 1443 2588 1686 2655; x_wconf 79' lang='lat' dir='ltr'><strong>gentium</strong></span> <span class='ocrx_word' id='word_1_296' title='bbox 1718 2584 1862 2640; x_wconf 68' lang='lat' dir='ltr'><strong>invio</strong></span> <span class='ocrx_word' id='word_1_297' title='bbox 1962 2578 2194 2632; x_wconf 71' lang='lat' dir='ltr'><strong>monium</strong></span> <span class='ocrx_word' id='word_1_298' title='bbox 2221 2593 2393 2632; x_wconf 74' lang='lat' dir='ltr'><strong>verum</strong></span> <span class='ocrx_word' id='word_1_299' title='bbox 2419 2587 2517 2632; x_wconf 80' lang='lat' dir='ltr'><strong>est.</strong></span> <span class='ocrx_word' id='word_1_300' title='bbox 2543 2577 2658 2652; x_wconf 84' lang='lat' dir='ltr'><strong>Ego</strong></span> <span class='ocrx_word' id='word_1_301' title='bbox 2675 2595 2791 2633; x_wconf 83' lang='lat' dir='ltr'><strong>sum</strong></span> <span class='ocrx_word' id='word_1_302' title='bbox 2813 2581 2902 2650; x_wconf 84' lang='lat' dir='ltr'><strong>qui</strong></span> <span class='ocrx_word' id='word_1_303' title='bbox 2941 2581 3292 2635; x_wconf 75' lang='lat' dir='ltr'><strong>testimonium</strong></span> <span class='ocrx_word' id='word_1_304' title='bbox 3319 2582 3564 2653; x_wconf 75' lang='lat' dir='ltr'><strong>perhibeo</strong></span> 
     </span>
    </p>
   </div>
   <div class='ocr_carea' id='block_1_28' title="bbox 255 2671 3568 2749">
    <p class='ocr_par' dir='ltr' id='par_1_28' title="bbox 255 2671 3568 2749">
     <span class='ocr_line' id='line_1_28' title="bbox 255 2671 3568 2749; baseline 0.001 -19"><span class='ocrx_word' id='word_1_305' title='bbox 255 2673 447 2743; x_wconf 88' lang='lat' dir='ltr'><strong>deant,</strong></span> <span class='ocrx_word' id='word_1_306' title='bbox 481 2686 538 2732; x_wconf 89' lang='lat' dir='ltr'><strong>et</strong></span> <span class='ocrx_word' id='word_1_307' title='bbox 573 2677 1094 2732; x_wconf 65' lang='lat' dir='ltr'><strong>noliotscrmouem</strong></span> <span class='ocrx_word' id='word_1_308' title='bbox 1135 2679 1516 2749; x_wconf 85' lang='lat' dir='ltr'><strong>evangelicum</strong></span> <span class='ocrx_word' id='word_1_309' title='bbox 1545 2678 1858 2748; x_wconf 67' lang='lat' dir='ltr'><strong>praedicari.</strong></span> <span class='ocrx_word' id='word_1_310' title='bbox 1965 2671 2030 2724; x_wconf 81' lang='lat' dir='ltr'><strong>de</strong></span> <span class='ocrx_word' id='word_1_311' title='bbox 2056 2687 2154 2736; x_wconf 82' lang='lat' dir='ltr'><strong>me.</strong></span> <span class='ocrx_word' id='word_1_312' title='bbox 2178 2681 2230 2726; x_wconf 78' lang='lat' dir='ltr'><strong>et</strong></span> <span class='ocrx_word' id='word_1_313' title='bbox 2253 2674 2342 2744; x_wconf 78' lang='lat' dir='ltr'><strong>qui</strong></span> <span class='ocrx_word' id='word_1_314' title='bbox 2369 2674 2510 2728; x_wconf 73' lang='lat' dir='ltr'><strong>misit</strong></span> <span class='ocrx_word' id='word_1_315' title='bbox 2550 2690 2630 2728; x_wconf 75' lang='lat' dir='ltr'><strong>me</strong></span> <span class='ocrx_word' id='word_1_316' title='bbox 2659 2673 2823 2729; x_wconf 84' lang='lat' dir='ltr'><strong>Pater</strong></span> <span class='ocrx_word' id='word_1_317' title='bbox 2850 2673 3036 2743; x_wconf 81' lang='lat' dir='ltr'><strong>(Joan.</strong></span> <span class='ocrx_word' id='word_1_318' title='bbox 3073 2691 3192 2740; x_wconf 84' lang='lat' dir='ltr'><strong>vm,</strong></span> <span class='ocrx_word' id='word_1_319' title='bbox 3222 2677 3313 2740; x_wconf 83' lang='lat' dir='ltr'><strong>l7,</strong></span> <span class='ocrx_word' id='word_1_320' title='bbox 3341 2675 3452 2748; x_wconf 77' lang='grc'><strong>18).</strong></span> <span class='ocrx_word' id='word_1_321' title='bbox 3476 2677 3568 2731; x_wconf 67' lang='lat' dir='ltr'><strong>Sic</strong></span> 
     </span>
    </p>
   </div>
   <div class='ocr_carea' id='block_1_29' title="bbox 256 2764 3572 2843">
    <p class='ocr_par' dir='ltr' id='par_1_29' title="bbox 256 2764 3572 2843">
     <span class='ocr_line' id='line_1_29' title="bbox 256 2764 3572 2843; baseline 0.002 -24"><span class='ocrx_word' id='word_1_322' title='bbox 256 2767 602 2839; x_wconf 79' lang='lat' dir='ltr'><strong>Quamquam</strong></span> <span class='ocrx_word' id='word_1_323' title='bbox 631 2767 830 2837; x_wconf 66' lang='lat' dir='ltr'><strong>Judmi,</strong></span> <span class='ocrx_word' id='word_1_324' title='bbox 860 2770 912 2826; x_wconf 82' lang='lat' dir='ltr'><strong>in</strong></span> <span class='ocrx_word' id='word_1_325' title='bbox 940 2769 1099 2840; x_wconf 82' lang='lat' dir='ltr'><strong>aquis</strong></span> <span class='ocrx_word' id='word_1_326' title='bbox 1131 2770 1442 2843; x_wconf 60' lang='lat' dir='ltr'><strong>Egyptios,</strong></span> <span class='ocrx_word' id='word_1_327' title='bbox 1467 2773 1520 2827; x_wconf 83' lang='lat' dir='ltr'><strong>in</strong></span> <span class='ocrx_word' id='word_1_328' title='bbox 1545 2771 1863 2829; x_wconf 75' lang='lat' dir='ltr'><strong>ﬂuminibus</strong></span> <span class='ocrx_word' id='word_1_329' title='bbox 1965 2773 2020 2820; x_wconf 86' lang='lat' dir='ltr'><strong>et</strong></span> <span class='ocrx_word' id='word_1_330' title='bbox 2043 2764 2110 2819; x_wconf 86' lang='lat' dir='ltr'><strong>de</strong></span> <span class='ocrx_word' id='word_1_331' title='bbox 2131 2764 2416 2820; x_wconf 87' lang='lat' dir='ltr'><strong>divinitate</strong></span> <span class='ocrx_word' id='word_1_332' title='bbox 2448 2765 2594 2822; x_wconf 85' lang='lat' dir='ltr'><strong>illius</strong></span> <span class='ocrx_word' id='word_1_333' title='bbox 2623 2767 2969 2823; x_wconf 82' lang='lat' dir='ltr'><strong>sentiendum</strong></span> <span class='ocrx_word' id='word_1_334' title='bbox 2991 2777 3096 2834; x_wconf 74' lang='lat' dir='ltr'><strong>est,</strong></span> <span class='ocrx_word' id='word_1_335' title='bbox 3124 2769 3267 2839; x_wconf 86' lang='lat' dir='ltr'><strong>quod</strong></span> <span class='ocrx_word' id='word_1_336' title='bbox 3293 2769 3478 2824; x_wconf 84' lang='lat' dir='ltr'><strong>nullus</strong></span> <span class='ocrx_word' id='word_1_337' title='bbox 3499 2770 3572 2824; x_wconf 90' lang='lat' dir='ltr'><strong>sit</strong></span> 
     </span>
    </p>
   </div>
   <div class='ocr_carea' id='block_1_30' title="bbox 259 2858 3574 2934">
    <p class='ocr_par' dir='ltr' id='par_1_30' title="bbox 259 2858 3574 2934">
     <span class='ocr_line' id='line_1_30' title="bbox 259 2858 3574 2934; baseline 0 -17"><span class='ocrx_word' id='word_1_338' title='bbox 259 2859 689 2934; x_wconf 83' lang='lat' dir='ltr'><strong>Babylonios,in</strong></span> <span class='ocrx_word' id='word_1_339' title='bbox 717 2863 842 2933; x_wconf 89' lang='lat' dir='ltr'><strong>igne</strong></span> <span class='ocrx_word' id='word_1_340' title='bbox 871 2863 1225 2928; x_wconf 80' lang='lat' dir='ltr'><strong>Macedonas,</strong></span> <span class='ocrx_word' id='word_1_341' title='bbox 1255 2867 1306 2920; x_wconf 90' lang='lat' dir='ltr'><strong>in</strong></span> <span class='ocrx_word' id='word_1_342' title='bbox 1338 2865 1554 2920; x_wconf 80' lang='lat' dir='ltr'><strong>ﬂamma</strong></span> <span class='ocrx_word' id='word_1_343' title='bbox 1590 2866 1865 2922; x_wconf 75' lang='lat' dir='ltr'><strong>Romanos</strong></span> <span class='ocrx_word' id='word_1_344' title='bbox 1968 2858 2132 2926; x_wconf 85' lang='lat' dir='ltr'><strong>Deus,</strong></span> <span class='ocrx_word' id='word_1_345' title='bbox 2169 2860 2276 2914; x_wconf 90' lang='lat' dir='ltr'><strong>nisi</strong></span> <span class='ocrx_word' id='word_1_346' title='bbox 2303 2861 2420 2930; x_wconf 83' lang='lat' dir='ltr'><strong>ipse</strong></span> <span class='ocrx_word' id='word_1_347' title='bbox 2438 2861 2528 2930; x_wconf 91' lang='lat' dir='ltr'><strong>qui</strong></span> <span class='ocrx_word' id='word_1_348' title='bbox 2563 2860 2829 2931; x_wconf 83' lang='lat' dir='ltr'><strong>loquitur,</strong></span> <span class='ocrx_word' id='word_1_349' title='bbox 2879 2871 2934 2916; x_wconf 91' lang='lat' dir='ltr'><strong>et</strong></span> <span class='ocrx_word' id='word_1_350' title='bbox 2961 2876 3100 2932; x_wconf 88' lang='lat' dir='ltr'><strong>puer</strong></span> <span class='ocrx_word' id='word_1_351' title='bbox 3127 2867 3248 2930; x_wconf 65' lang='lat' dir='ltr'><strong>eius</strong></span> <span class='ocrx_word' id='word_1_352' title='bbox 3275 2877 3438 2933; x_wconf 88' lang='lat' dir='ltr'><strong>quem</strong></span> <span class='ocrx_word' id='word_1_353' title='bbox 3461 2862 3574 2918; x_wconf 86' lang='lat' dir='ltr'><strong>ele-</strong></span> 
     </span>
    </p>
   </div>
   <div class='ocr_carea' id='block_1_31' title="bbox 261 2951 3577 3030">
    <p class='ocr_par' dir='ltr' id='par_1_31' title="bbox 261 2951 3577 3030">
     <span class='ocr_line' id='line_1_31' title="bbox 261 2951 3577 3030; baseline 0 -20"><span class='ocrx_word' id='word_1_354' title='bbox 261 2953 494 3027; x_wconf 82' lang='lat' dir='ltr'><strong>intelligi</strong></span> <span class='ocrx_word' id='word_1_355' title='bbox 539 2955 737 3010; x_wconf 87' lang='lat' dir='ltr'><strong>velint.</strong></span> <span class='ocrx_word' id='word_1_356' title='bbox 787 2955 998 3013; x_wconf 87' lang='lat' dir='ltr'><strong>Idcirco</strong></span> <span class='ocrx_word' id='word_1_357' title='bbox 1043 2969 1224 3014; x_wconf 87' lang='lat' dir='ltr'><strong>autem</strong></span> <span class='ocrx_word' id='word_1_358' title='bbox 1283 2959 1534 3030; x_wconf 73' lang='lat' dir='ltr'><strong>praecipit</strong></span> <span class='ocrx_word' id='word_1_359' title='bbox 1575 2959 1659 3014; x_wconf 86' lang='lat' dir='ltr'><strong>eis</strong></span> <span class='ocrx_word' id='word_1_360' title='bbox 1691 2974 1758 3014; x_wconf 92' lang='lat' dir='ltr'><strong>ne</strong></span> <span class='ocrx_word' id='word_1_361' title='bbox 1799 2959 1861 3014; x_wconf 92' lang='lat' dir='ltr'><strong>ti-</strong></span> <span class='ocrx_word' id='word_1_362' title='bbox 1966 2951 2433 3023; x_wconf 83' lang='lat' dir='ltr'><strong>git.Pulchreque</strong></span> <span class='ocrx_word' id='word_1_363' title='bbox 2455 2964 2653 3023; x_wconf 74' lang='lat' dir='ltr'><strong>praeter</strong></span> <span class='ocrx_word' id='word_1_364' title='bbox 2685 2953 2858 3010; x_wconf 90' lang='lat' dir='ltr'><strong>Deum</strong></span> <span class='ocrx_word' id='word_1_365' title='bbox 2882 2954 3100 3011; x_wconf 80' lang='lat' dir='ltr'><strong>Patrem</strong></span> <span class='ocrx_word' id='word_1_366' title='bbox 3123 2956 3262 3012; x_wconf 85' lang='lat' dir='ltr'><strong>alter</strong></span> <span class='ocrx_word' id='word_1_367' title='bbox 3282 2957 3468 3010; x_wconf 83' lang='lat' dir='ltr'><strong>nullus</strong></span> <span class='ocrx_word' id='word_1_368' title='bbox 3491 2966 3577 3012; x_wconf 83' lang='lat' dir='ltr'><strong>est</strong></span> 
     </span>
    </p>
   </div>
   <div class='ocr_carea' id='block_1_32' title="bbox 264 3045 3572 3120">
    <p class='ocr_par' dir='ltr' id='par_1_32' title="bbox 264 3045 3572 3120">
     <span class='ocr_line' id='line_1_32' title="bbox 264 3045 3572 3120; baseline 0 -16"><span class='ocrx_word' id='word_1_369' title='bbox 264 3058 470 3118; x_wconf 89' lang='lat' dir='ltr'><strong>meant,</strong></span> <span class='ocrx_word' id='word_1_370' title='bbox 499 3049 633 3120; x_wconf 83' lang='lat' dir='ltr'><strong>quia</strong></span> <span class='ocrx_word' id='word_1_371' title='bbox 657 3050 928 3107; x_wconf 86' lang='lat' dir='ltr'><strong>Dominus</strong></span> <span class='ocrx_word' id='word_1_372' title='bbox 974 3051 1118 3106; x_wconf 90' lang='lat' dir='ltr'><strong>Deus</strong></span> <span class='ocrx_word' id='word_1_373' title='bbox 1140 3051 1391 3109; x_wconf 74' lang='lat' dir='ltr'><strong>Salvator</strong></span> <span class='ocrx_word' id='word_1_374' title='bbox 1417 3067 1634 3120; x_wconf 91' lang='lat' dir='ltr'><strong>eorum,</strong></span> <span class='ocrx_word' id='word_1_375' title='bbox 1657 3047 1720 3109; x_wconf 53' lang='lat' dir='ltr'><strong>&#39;et</strong></span> <span class='ocrx_word' id='word_1_376' title='bbox 1741 3067 1868 3107; x_wconf 77' lang='lat' dir='ltr'><strong>san-</strong></span> <span class='ocrx_word' id='word_1_377' title='bbox 1969 3045 2116 3101; x_wconf 86' lang='lat' dir='ltr'><strong>Deus</strong></span> <span class='ocrx_word' id='word_1_378' title='bbox 2143 3063 2157 3101; x_wconf 88' lang='lat'><strong>:</strong></span> <span class='ocrx_word' id='word_1_379' title='bbox 2187 3047 2312 3117; x_wconf 88' lang='lat' dir='ltr'><strong>quia</strong></span> <span class='ocrx_word' id='word_1_380' title='bbox 2340 3046 2592 3103; x_wconf 83' lang='lat' dir='ltr'><strong>Christus</strong></span> <span class='ocrx_word' id='word_1_381' title='bbox 2638 3047 2734 3102; x_wconf 87' lang='lat' dir='ltr'><strong>Dei</strong></span> <span class='ocrx_word' id='word_1_382' title='bbox 2769 3048 2944 3103; x_wconf 84' lang='lat' dir='ltr'><strong>virtus</strong></span> <span class='ocrx_word' id='word_1_383' title='bbox 2963 3057 3068 3117; x_wconf 78' lang='lat' dir='ltr'><strong>est,</strong></span> <span class='ocrx_word' id='word_1_384' title='bbox 3101 3059 3156 3104; x_wconf 85' lang='lat' dir='ltr'><strong>et</strong></span> <span class='ocrx_word' id='word_1_385' title='bbox 3187 3050 3281 3106; x_wconf 88' lang='lat' dir='ltr'><strong>Dei</strong></span> <span class='ocrx_word' id='word_1_386' title='bbox 3303 3050 3572 3118; x_wconf 83' lang='lat' dir='ltr'><strong>sapientia</strong></span> 
     </span>
    </p>
   </div>
   <div class='ocr_carea' id='block_1_33' title="bbox 266 3138 1865 3218">
    <p class='ocr_par' dir='ltr' id='par_1_33' title="bbox 266 3143 1865 3218">
     <span class='ocr_line' id='line_1_33' title="bbox 266 3143 1865 3218; baseline 0.001 -18"><span class='ocrx_word' id='word_1_387' title='bbox 266 3154 384 3200; x_wconf 86' lang='lat' dir='ltr'><strong>ctus</strong></span> <span class='ocrx_word' id='word_1_388' title='bbox 402 3143 573 3200; x_wconf 85' lang='lat' dir='ltr'><strong>Israel</strong></span> <span class='ocrx_word' id='word_1_389' title='bbox 597 3145 810 3201; x_wconf 88' lang='lat' dir='ltr'><strong>sitcum</strong></span> <span class='ocrx_word' id='word_1_390' title='bbox 829 3145 930 3211; x_wconf 79' lang='lat' dir='ltr'><strong>eis,</strong></span> <span class='ocrx_word' id='word_1_391' title='bbox 947 3144 1042 3217; x_wconf 90' lang='lat' dir='ltr'><strong>qui</strong></span> <span class='ocrx_word' id='word_1_392' title='bbox 1060 3144 1362 3204; x_wconf 83' lang='lat' dir='ltr'><strong>feceriteos</strong></span> <span class='ocrx_word' id='word_1_393' title='bbox 1377 3144 1639 3218; x_wconf 66' lang='lat' dir='ltr'><strong>Egypto,</strong></span> <span class='ocrx_word' id='word_1_394' title='bbox 1652 3145 1839 3202; x_wconf 64' lang='lat' dir='ltr'><strong>Ethio</strong></span> <span class='ocrx_word' id='word_1_395' title='bbox 1852 3177 1865 3190; x_wconf 88' lang='lat'><em>-</em></span> 
     </span>
    </p>
   </div>
   <div class='ocr_carea' id='block_1_34' title="bbox 1968 3138 3572 3218">
    <p class='ocr_par' dir='ltr' id='par_1_34' title="bbox 1971 3138 3572 3217">
     <span class='ocr_line' id='line_1_34' title="bbox 1971 3138 3572 3217; baseline 0.002 -23"><span class='ocrx_word' id='word_1_396' title='bbox 1971 3138 2019 3211; x_wconf 87' lang='grc' dir='ltr'>(ι</span> <span class='ocrx_word' id='word_1_397' title='bbox 2038 3139 2158 3194; x_wconf 86' lang='lat' dir='ltr'><strong>Cor.</strong></span> <span class='ocrx_word' id='word_1_398' title='bbox 2184 3139 2248 3208; x_wconf 83' lang='grc' dir='ltr'><strong>ι),</strong></span> <span class='ocrx_word' id='word_1_399' title='bbox 2272 3139 2366 3210; x_wconf 86' lang='lat' dir='ltr'><strong>qui</strong></span> <span class='ocrx_word' id='word_1_400' title='bbox 2405 3139 2646 3210; x_wconf 88' lang='lat' dir='ltr'><strong>loquitur</strong></span> <span class='ocrx_word' id='word_1_401' title='bbox 2670 3141 2724 3195; x_wconf 91' lang='lat' dir='ltr'><strong>in</strong></span> <span class='ocrx_word' id='word_1_402' title='bbox 2769 3141 3068 3212; x_wconf 78' lang='lat' dir='ltr'><strong>Evangelia</strong></span> <span class='ocrx_word' id='word_1_403' title='bbox 3104 3141 3254 3217; x_wconf 83' lang='lat' dir='ltr'><strong>:Ego</strong></span> <span class='ocrx_word' id='word_1_404' title='bbox 3293 3145 3348 3197; x_wconf 85' lang='lat' dir='ltr'><strong>in</strong></span> <span class='ocrx_word' id='word_1_405' title='bbox 3391 3142 3572 3210; x_wconf 87' lang='lat' dir='ltr'><strong>Patre,</strong></span> 
     </span>
    </p>
   </div>
   <div class='ocr_carea' id='block_1_35' title="bbox 271 3230 3578 3313">
    <p class='ocr_par' dir='ltr' id='par_1_35' title="bbox 271 3230 3578 3313">
     <span class='ocr_line' id='line_1_35' title="bbox 271 3230 3578 3313; baseline -0.002 -17"><span class='ocrx_word' id='word_1_406' title='bbox 271 3237 767 3313; x_wconf 69' lang='lat' dir='ltr'><strong>piae.etSyen:.e,et</strong></span> <span class='ocrx_word' id='word_1_407' title='bbox 787 3241 1049 3298; x_wconf 82' lang='lat' dir='ltr'><strong>extremis</strong></span> <span class='ocrx_word' id='word_1_408' title='bbox 1063 3241 1250 3298; x_wconf 87' lang='lat' dir='ltr'><strong>mundi</strong></span> <span class='ocrx_word' id='word_1_409' title='bbox 1274 3242 1526 3298; x_wconf 86' lang='lat' dir='ltr'><strong>terminis</strong></span> <span class='ocrx_word' id='word_1_410' title='bbox 1542 3241 1862 3312; x_wconf 63' lang='lat' dir='ltr'><strong>praedicare.</strong></span> <span class='ocrx_word' id='word_1_411' title='bbox 1894 3230 1943 3296; x_wconf 79' lang='grc' dir='ltr'>Ο</span> <span class='ocrx_word' id='word_1_412' title='bbox 1971 3243 2018 3290; x_wconf 85' lang='lat' dir='ltr'><strong>et</strong></span> <span class='ocrx_word' id='word_1_413' title='bbox 2043 3233 2205 3288; x_wconf 80' lang='lat' dir='ltr'><strong>Pater</strong></span> <span class='ocrx_word' id='word_1_414' title='bbox 2242 3234 2295 3288; x_wconf 81' lang='lat' dir='ltr'><strong>in.</strong></span> <span class='ocrx_word' id='word_1_415' title='bbox 2325 3250 2406 3288; x_wconf 85' lang='lat' dir='ltr'><strong>me</strong></span> <span class='ocrx_word' id='word_1_416' title='bbox 2433 3244 2507 3290; x_wconf 88' lang='lat' dir='ltr'><strong>est</strong></span> <span class='ocrx_word' id='word_1_417' title='bbox 2530 3235 2712 3306; x_wconf 81' lang='lat' dir='ltr'><strong>(loan.</strong></span> <span class='ocrx_word' id='word_1_418' title='bbox 2745 3251 2861 3300; x_wconf 79' lang='lat' dir='ltr'><strong>xw,</strong></span> <span class='ocrx_word' id='word_1_419' title='bbox 2917 3235 3031 3308; x_wconf 85' lang='lat' dir='ltr'><strong>ll).</strong></span> <span class='ocrx_word' id='word_1_420' title='bbox 3061 3235 3217 3292; x_wconf 86' lang='lat' dir='ltr'><strong>Sicut</strong></span> <span class='ocrx_word' id='word_1_421' title='bbox 3247 3239 3391 3291; x_wconf 89' lang='lat' dir='ltr'><strong>enim</strong></span> <span class='ocrx_word' id='word_1_422' title='bbox 3437 3252 3578 3293; x_wconf 87' lang='lat' dir='ltr'><strong>unus</strong></span> 
     </span>
    </p>
   </div>
   <div class='ocr_carea' id='block_1_36' title="bbox 243 597 1852 679">
    <p class='ocr_par' dir='ltr' id='par_1_36' title="bbox 243 597 1852 679">
     <span class='ocr_line' id='line_1_36' title="bbox 243 597 1852 679; baseline 0.006 -25"><span class='ocrx_word' id='word_1_423' title='bbox 243 605 490 670; x_wconf 80' lang='lat' dir='ltr'><strong>putamus</strong></span> <span class='ocrx_word' id='word_1_424' title='bbox 515 597 592 654; x_wconf 89' lang='lat' dir='ltr'><strong>ad</strong></span> <span class='ocrx_word' id='word_1_425' title='bbox 623 615 721 656; x_wconf 90' lang='lat' dir='ltr'><strong>eos</strong></span> <span class='ocrx_word' id='word_1_426' title='bbox 743 600 858 657; x_wconf 83' lang='lat' dir='ltr'><strong>fieri</strong></span> <span class='ocrx_word' id='word_1_427' title='bbox 887 603 1372 674; x_wconf 87' lang='lat' dir='ltr'><strong>repromissionem</strong></span> <span class='ocrx_word' id='word_1_428' title='bbox 1392 643 1407 672; x_wconf 92' lang='lat'><strong>,</strong></span> <span class='ocrx_word' id='word_1_429' title='bbox 1447 608 1651 675; x_wconf 86' lang='lat' dir='ltr'><strong>quibus</strong></span> <span class='ocrx_word' id='word_1_430' title='bbox 1689 624 1852 679; x_wconf 82' lang='lat' dir='ltr'><strong>supra</strong></span> 
     </span>
    </p>
   </div>
   <div class='ocr_carea' id='block_1_37' title="bbox 240 689 1851 772">
    <p class='ocr_par' dir='ltr' id='par_1_37' title="bbox 240 689 1851 772">
     <span class='ocr_line' id='line_1_37' title="bbox 240 689 1851 772; baseline 0.007 -26"><span class='ocrx_word' id='word_1_431' title='bbox 240 689 437 746; x_wconf 82' lang='lat' dir='ltr'><strong>dictum</strong></span> <span class='ocrx_word' id='word_1_432' title='bbox 470 703 561 748; x_wconf 86' lang='lat' dir='ltr'><strong>est</strong></span> <span class='ocrx_word' id='word_1_433' title='bbox 587 711 603 749; x_wconf 85' lang='lat'><strong>:</strong></span> <span class='ocrx_word' id='word_1_434' title='bbox 642 692 774 762; x_wconf 81' lang='lat' dir='ltr'><strong>Quis</strong></span> <span class='ocrx_word' id='word_1_435' title='bbox 796 711 992 765; x_wconf 73' lang='lat' dir='ltr'><strong>aecus,</strong></span> <span class='ocrx_word' id='word_1_436' title='bbox 1020 697 1124 753; x_wconf 78' lang='lat' dir='ltr'><strong>nisi</strong></span> <span class='ocrx_word' id='word_1_437' title='bbox 1149 699 1296 764; x_wconf 82' lang='lat' dir='ltr'><strong>pueri</strong></span> <span class='ocrx_word' id='word_1_438' title='bbox 1315 700 1451 769; x_wconf 75' lang='lat' dir='ltr'><strong>mei,</strong></span> <span class='ocrx_word' id='word_1_439' title='bbox 1481 711 1532 756; x_wconf 88' lang='lat' dir='ltr'><strong>et</strong></span> <span class='ocrx_word' id='word_1_440' title='bbox 1559 703 1648 771; x_wconf 88' lang='lat' dir='ltr'><strong>qui</strong></span> <span class='ocrx_word' id='word_1_441' title='bbox 1671 703 1851 772; x_wconf 80' lang='lat' dir='ltr'><strong>surdi,</strong></span> 
     </span>
    </p>
   </div>
   <div class='ocr_carea' id='block_1_38' title="bbox 243 782 1852 856">
    <p class='ocr_par' dir='ltr' id='par_1_38' title="bbox 243 782 1852 856">
     <span class='ocr_line' id='line_1_38' title="bbox 243 782 1852 856; baseline 0.007 -18"><span class='ocrx_word' id='word_1_442' title='bbox 243 782 335 838; x_wconf 86' lang='lat' dir='ltr'><strong>nisi</strong></span> <span class='ocrx_word' id='word_1_443' title='bbox 356 785 444 856; x_wconf 87' lang='lat' dir='ltr'><strong>qui</strong></span> <span class='ocrx_word' id='word_1_444' title='bbox 475 783 828 843; x_wconf 84' lang='lat' dir='ltr'><strong>dominantur</strong></span> <span class='ocrx_word' id='word_1_445' title='bbox 848 791 1064 844; x_wconf 84' lang='lat' dir='ltr'><strong>eorum?</strong></span> <span class='ocrx_word' id='word_1_446' title='bbox 1089 802 1138 846; x_wconf 85' lang='lat' dir='ltr'><strong>et</strong></span> <span class='ocrx_word' id='word_1_447' title='bbox 1161 795 1403 849; x_wconf 58' lang='lat' dir='ltr'><strong>excusati</strong></span> <span class='ocrx_word' id='word_1_448' title='bbox 1425 803 1546 849; x_wconf 86' lang='lat' dir='ltr'><strong>sunt</strong></span> <span class='ocrx_word' id='word_1_449' title='bbox 1571 795 1705 850; x_wconf 83' lang='lat' dir='ltr'><strong>servi</strong></span> <span class='ocrx_word' id='word_1_450' title='bbox 1732 795 1852 852; x_wconf 80' lang='lat' dir='ltr'><strong>Dei.</strong></span> 
     </span>
    </p>
   </div>
   <div class='ocr_carea' id='block_1_39' title="bbox 241 875 1848 959">
    <p class='ocr_par' dir='ltr' id='par_1_39' title="bbox 241 875 1848 959">
     <span class='ocr_line' id='line_1_39' title="bbox 241 875 1848 959; baseline 0.007 -27"><span class='ocrx_word' id='word_1_451' title='bbox 241 875 304 932; x_wconf 82' lang='lat' dir='ltr'><strong>Et</strong></span> <span class='ocrx_word' id='word_1_452' title='bbox 317 891 536 934; x_wconf 87' lang='lat' dir='ltr'><strong>rursum</strong></span> <span class='ocrx_word' id='word_1_453' title='bbox 564 896 579 933; x_wconf 92' lang='lat'><strong>:</strong></span> <span class='ocrx_word' id='word_1_454' title='bbox 609 877 807 937; x_wconf 85' lang='lat' dir='ltr'><strong>Factus</strong></span> <span class='ocrx_word' id='word_1_455' title='bbox 824 891 900 937; x_wconf 82' lang='lat' dir='ltr'><strong>est</strong></span> <span class='ocrx_word' id='word_1_456' title='bbox 919 884 1149 953; x_wconf 72' lang='lat' dir='ltr'><strong>populus</strong></span> <span class='ocrx_word' id='word_1_457' title='bbox 1164 893 1396 940; x_wconf 68' lang='lat' dir='ltr'><strong>metatus</strong></span> <span class='ocrx_word' id='word_1_458' title='bbox 1419 895 1576 956; x_wconf 79' lang='lat' dir='ltr'><strong>atque</strong></span> <span class='ocrx_word' id='word_1_459' title='bbox 1588 887 1848 959; x_wconf 77' lang='lat' dir='ltr'><strong>direptus,</strong></span> 
     </span>
    </p>
   </div>
   <div class='ocr_carea' id='block_1_40' title="bbox 242 969 1854 1050">
    <p class='ocr_par' dir='ltr' id='par_1_40' title="bbox 242 969 1854 1050">
     <span class='ocr_line' id='line_1_40' title="bbox 242 969 1854 1050; baseline 0.005 -23"><span class='ocrx_word' id='word_1_460' title='bbox 242 979 291 1027; x_wconf 86' lang='lat' dir='ltr'><strong>et</strong></span> <span class='ocrx_word' id='word_1_461' title='bbox 319 969 402 1025; x_wconf 84' lang='lat' dir='ltr'><strong>his</strong></span> <span class='ocrx_word' id='word_1_462' title='bbox 432 971 667 1027; x_wconf 85' lang='lat' dir='ltr'><strong>similia.</strong></span> <span class='ocrx_word' id='word_1_463' title='bbox 705 973 944 1045; x_wconf 87' lang='lat' dir='ltr'><strong>Denique</strong></span> <span class='ocrx_word' id='word_1_464' title='bbox 977 975 1179 1032; x_wconf 79' lang='lat' dir='ltr'><strong>infert:</strong></span> <span class='ocrx_word' id='word_1_465' title='bbox 1213 975 1421 1044; x_wconf 65' lang='lat' dir='ltr'><strong>Eﬂ&#39;udit</strong></span> <span class='ocrx_word' id='word_1_466' title='bbox 1445 996 1605 1050; x_wconf 79' lang='lat' dir='ltr'><strong>super</strong></span> <span class='ocrx_word' id='word_1_467' title='bbox 1630 998 1746 1035; x_wconf 84' lang='lat' dir='ltr'><strong>eum</strong></span> <span class='ocrx_word' id='word_1_468' title='bbox 1771 981 1854 1036; x_wconf 87' lang='lat' dir='ltr'><strong>in-</strong></span> 
     </span>
    </p>
   </div>
   <div class='ocr_carea' id='block_1_41' title="bbox 242 1065 1853 1144">
    <p class='ocr_par' dir='ltr' id='par_1_41' title="bbox 242 1065 1853 1144">
     <span class='ocr_line' id='line_1_41' title="bbox 242 1065 1853 1144; baseline 0.007 -26"><span class='ocrx_word' id='word_1_469' title='bbox 242 1065 597 1136; x_wconf 82' lang='lat' dir='ltr'><strong>dignationem</strong></span> <span class='ocrx_word' id='word_1_470' title='bbox 626 1068 828 1138; x_wconf 61' lang='grc' dir='ltr'><strong>[ανον-ἕης</strong></span> <span class='ocrx_word' id='word_1_471' title='bbox 853 1070 937 1124; x_wconf 86' lang='lat' dir='ltr'><strong>sui</strong></span> <span class='ocrx_word' id='word_1_472' title='bbox 953 1110 971 1138; x_wconf 82' lang='grc'><em>,</em></span> <span class='ocrx_word' id='word_1_473' title='bbox 997 1079 1048 1126; x_wconf 85' lang='lat' dir='ltr'><strong>et</strong></span> <span class='ocrx_word' id='word_1_474' title='bbox 1075 1073 1209 1144; x_wconf 75' lang='lat' dir='ltr'><strong>forte</strong></span> <span class='ocrx_word' id='word_1_475' title='bbox 1234 1071 1426 1128; x_wconf 77' lang='lat' dir='ltr'><strong>bellum</strong></span> <span class='ocrx_word' id='word_1_476' title='bbox 1447 1091 1467 1129; x_wconf 87' lang='lat'><strong><em>:</em></strong></span> <span class='ocrx_word' id='word_1_477' title='bbox 1497 1085 1546 1129; x_wconf 82' lang='lat' dir='ltr'><strong>et</strong></span> <span class='ocrx_word' id='word_1_478' title='bbox 1575 1075 1853 1132; x_wconf 76' lang='lat' dir='ltr'><strong>combussit</strong></span> 
     </span>
    </p>
   </div>
   <div class='ocr_carea' id='block_1_42' title="bbox 242 1158 1844 1236">
    <p class='ocr_par' dir='ltr' id='par_1_42' title="bbox 242 1158 1844 1236">
     <span class='ocr_line' id='line_1_42' title="bbox 242 1158 1844 1236; baseline 0.006 -23"><span class='ocrx_word' id='word_1_479' title='bbox 242 1172 349 1213; x_wconf 81' lang='lat' dir='ltr'><strong>cum</strong></span> <span class='ocrx_word' id='word_1_480' title='bbox 387 1158 443 1212; x_wconf 87' lang='lat' dir='ltr'><strong>in</strong></span> <span class='ocrx_word' id='word_1_481' title='bbox 478 1159 712 1214; x_wconf 79' lang='lat' dir='ltr'><strong>circuitu</strong></span> <span class='ocrx_word' id='word_1_482' title='bbox 735 1201 751 1227; x_wconf 94' lang='lat'><strong>,</strong></span> <span class='ocrx_word' id='word_1_483' title='bbox 782 1171 831 1218; x_wconf 86' lang='lat' dir='ltr'><strong>et</strong></span> <span class='ocrx_word' id='word_1_484' title='bbox 862 1178 966 1217; x_wconf 87' lang='lat' dir='ltr'><strong>non</strong></span> <span class='ocrx_word' id='word_1_485' title='bbox 1005 1164 1275 1235; x_wconf 73' lang='lat' dir='ltr'><strong>cognorit,</strong></span> <span class='ocrx_word' id='word_1_486' title='bbox 1304 1173 1352 1220; x_wconf 90' lang='lat' dir='ltr'><strong>et</strong></span> <span class='ocrx_word' id='word_1_487' title='bbox 1390 1167 1657 1223; x_wconf 76' lang='lat' dir='ltr'><strong>succendit</strong></span> <span class='ocrx_word' id='word_1_488' title='bbox 1699 1184 1844 1236; x_wconf 82' lang='lat' dir='ltr'><strong>enm,</strong></span> 
     </span>
    </p>
   </div>
   <div class='ocr_carea' id='block_1_43' title="bbox 242 1251 1853 1330">
    <p class='ocr_par' dir='ltr' id='par_1_43' title="bbox 242 1251 1853 1330">
     <span class='ocr_line' id='line_1_43' title="bbox 242 1251 1853 1330; baseline 0.008 -25"><span class='ocrx_word' id='word_1_489' title='bbox 242 1259 288 1306; x_wconf 87' lang='lat' dir='ltr'><strong>et</strong></span> <span class='ocrx_word' id='word_1_490' title='bbox 322 1267 426 1306; x_wconf 88' lang='lat' dir='ltr'><strong>non</strong></span> <span class='ocrx_word' id='word_1_491' title='bbox 467 1251 754 1308; x_wconf 72' lang='lat' dir='ltr'><strong>intellexit.</strong></span> <span class='ocrx_word' id='word_1_492' title='bbox 800 1254 943 1328; x_wconf 86' lang='lat' dir='ltr'><strong>Ergo</strong></span> <span class='ocrx_word' id='word_1_493' title='bbox 979 1257 1123 1326; x_wconf 87' lang='lat' dir='ltr'><strong>quod</strong></span> <span class='ocrx_word' id='word_1_494' title='bbox 1161 1274 1328 1329; x_wconf 83' lang='lat' dir='ltr'><strong>supra</strong></span> <span class='ocrx_word' id='word_1_495' title='bbox 1381 1259 1660 1330; x_wconf 76' lang='lat' dir='ltr'><strong>diximus,</strong></span> <span class='ocrx_word' id='word_1_496' title='bbox 1713 1261 1853 1319; x_wconf 85' lang='lat' dir='ltr'><strong>duos</strong></span> 
     </span>
    </p>
   </div>
   <div class='ocr_carea' id='block_1_44' title="bbox 243 1343 1855 1423">
    <p class='ocr_par' dir='ltr' id='par_1_44' title="bbox 243 1343 1855 1423">
     <span class='ocr_line' id='line_1_44' title="bbox 243 1343 1855 1423; baseline 0.009 -23"><span class='ocrx_word' id='word_1_497' title='bbox 243 1357 356 1401; x_wconf 85' lang='lat' dir='ltr'><strong>esse</strong></span> <span class='ocrx_word' id='word_1_498' title='bbox 385 1343 594 1412; x_wconf 86' lang='lat' dir='ltr'><strong>Jacob,</strong></span> <span class='ocrx_word' id='word_1_499' title='bbox 623 1355 684 1402; x_wconf 89' lang='lat' dir='ltr'><strong>et</strong></span> <span class='ocrx_word' id='word_1_500' title='bbox 707 1347 845 1403; x_wconf 88' lang='lat' dir='ltr'><strong>duos</strong></span> <span class='ocrx_word' id='word_1_501' title='bbox 871 1347 1043 1406; x_wconf 87' lang='lat' dir='ltr'><strong>Israel</strong></span> <span class='ocrx_word' id='word_1_502' title='bbox 1061 1392 1077 1417; x_wconf 92' lang='lat'><strong>,</strong></span> <span class='ocrx_word' id='word_1_503' title='bbox 1107 1349 1271 1408; x_wconf 84' lang='lat' dir='ltr'><strong>unum</strong></span> <span class='ocrx_word' id='word_1_504' title='bbox 1297 1355 1576 1411; x_wconf 81' lang='lat' dir='ltr'><strong>carnalem</strong></span> <span class='ocrx_word' id='word_1_505' title='bbox 1594 1395 1610 1423; x_wconf 88' lang='lat'><strong>,</strong></span> <span class='ocrx_word' id='word_1_506' title='bbox 1637 1365 1694 1413; x_wconf 92' lang='lat' dir='ltr'><strong>et</strong></span> <span class='ocrx_word' id='word_1_507' title='bbox 1715 1358 1855 1415; x_wconf 34' lang='lat' dir='ltr'><strong>alios</strong></span> 
     </span>
    </p>
   </div>
   <div class='ocr_carea' id='block_1_45' title="bbox 242 1436 1854 1514">
    <p class='ocr_par' dir='ltr' id='par_1_45' title="bbox 242 1436 1854 1514">
     <span class='ocr_line' id='line_1_45' title="bbox 242 1436 1854 1514; baseline 0.009 -22"><span class='ocrx_word' id='word_1_508' title='bbox 242 1449 354 1492; x_wconf 88' lang='lat' dir='ltr'><strong>rum</strong></span> <span class='ocrx_word' id='word_1_509' title='bbox 398 1436 756 1507; x_wconf 77' lang='lat' dir='ltr'><strong>Spiritualem</strong></span> <span class='ocrx_word' id='word_1_510' title='bbox 775 1480 792 1507; x_wconf 93' lang='lat'><strong>,</strong></span> <span class='ocrx_word' id='word_1_511' title='bbox 823 1454 1012 1496; x_wconf 87' lang='lat' dir='ltr'><strong>eorum</strong></span> <span class='ocrx_word' id='word_1_512' title='bbox 1041 1443 1133 1514; x_wconf 88' lang='lat' dir='ltr'><strong>qui</strong></span> <span class='ocrx_word' id='word_1_513' title='bbox 1169 1444 1222 1498; x_wconf 90' lang='lat' dir='ltr'><strong>in</strong></span> <span class='ocrx_word' id='word_1_514' title='bbox 1253 1442 1596 1502; x_wconf 75' lang='lat' dir='ltr'><strong>Salvator-em</strong></span> <span class='ocrx_word' id='word_1_515' title='bbox 1625 1446 1854 1506; x_wconf 80' lang='lat' dir='ltr'><strong>credere</strong></span> 
     </span>
    </p>
   </div>
   <div class='ocr_carea' id='block_1_46' title="bbox 243 1531 1849 1614">
    <p class='ocr_par' dir='ltr' id='par_1_46' title="bbox 243 1531 1849 1614">
     <span class='ocr_line' id='line_1_46' title="bbox 243 1531 1849 1614; baseline 0.008 -27"><span class='ocrx_word' id='word_1_516' title='bbox 243 1531 579 1601; x_wconf 87' lang='lat' dir='ltr'><strong>noluerunt,</strong></span> <span class='ocrx_word' id='word_1_517' title='bbox 609 1543 669 1590; x_wconf 90' lang='lat' dir='ltr'><strong>et</strong></span> <span class='ocrx_word' id='word_1_518' title='bbox 709 1549 898 1591; x_wconf 87' lang='lat' dir='ltr'><strong>eorum</strong></span> <span class='ocrx_word' id='word_1_519' title='bbox 943 1537 1036 1608; x_wconf 90' lang='lat' dir='ltr'><strong>qui</strong></span> <span class='ocrx_word' id='word_1_520' title='bbox 1089 1551 1418 1611; x_wconf 86' lang='lat' dir='ltr'><strong>receperunt</strong></span> <span class='ocrx_word' id='word_1_521' title='bbox 1447 1541 1658 1614; x_wconf 61' lang='lat' dir='ltr'><strong>Filium</strong></span> <span class='ocrx_word' id='word_1_522' title='bbox 1711 1543 1849 1600; x_wconf 85' lang='lat' dir='ltr'><strong>Dei:</strong></span> 
     </span>
    </p>
   </div>
   <div class='ocr_carea' id='block_1_47' title="bbox 270 3333 1866 3410">
    <p class='ocr_par' dir='ltr' id='par_1_47' title="bbox 270 3333 1866 3410">
     <span class='ocr_line' id='line_1_47' title="bbox 270 3333 1866 3410; baseline 0.002 -19"><span class='ocrx_word' id='word_1_523' title='bbox 270 3333 374 3391; x_wconf 85' lang='lat' dir='ltr'><strong>Pro</strong></span> <span class='ocrx_word' id='word_1_524' title='bbox 389 3335 619 3408; x_wconf 68' lang='lat' dir='ltr'><strong>Syene,lt</strong></span> <span class='ocrx_word' id='word_1_525' title='bbox 640 3336 835 3408; x_wconf 88' lang='lat' dir='ltr'><strong>reliqui</strong></span> <span class='ocrx_word' id='word_1_526' title='bbox 854 3336 1191 3408; x_wconf 89' lang='lat' dir='ltr'><strong>Interpretes</strong></span> <span class='ocrx_word' id='word_1_527' title='bbox 1215 3346 1514 3408; x_wconf 87' lang='lat' dir='ltr'><strong>posuerunt</strong></span> <span class='ocrx_word' id='word_1_528' title='bbox 1529 3354 1655 3394; x_wconf 59' lang='lat' dir='ltr'><strong>sane</strong></span> <span class='ocrx_word' id='word_1_529' title='bbox 1676 3336 1866 3410; x_wconf 67' lang='lat' dir='ltr'><strong>(uno),</strong></span> 
     </span>
    </p>
   </div>
   <div class='ocr_carea' id='block_1_48' title="bbox 273 3423 1870 3502">
    <p class='ocr_par' dir='ltr' id='par_1_48' title="bbox 273 3423 1870 3502">
     <span class='ocr_line' id='line_1_48' title="bbox 273 3423 1870 3502; baseline 0.003 -20"><span class='ocrx_word' id='word_1_530' title='bbox 273 3423 412 3484; x_wconf 89' lang='lat' dir='ltr'><strong>unde</strong></span> <span class='ocrx_word' id='word_1_531' title='bbox 444 3428 547 3484; x_wconf 88' lang='lat' dir='ltr'><strong>fuit</strong></span> <span class='ocrx_word' id='word_1_532' title='bbox 594 3428 781 3500; x_wconf 88' lang='lat' dir='ltr'><strong>regina</strong></span> <span class='ocrx_word' id='word_1_533' title='bbox 826 3429 1034 3498; x_wconf 89' lang='lat' dir='ltr'><strong>Austri,</strong></span> <span class='ocrx_word' id='word_1_534' title='bbox 1065 3446 1185 3502; x_wconf 67' lang='lat' dir='ltr'><strong>qua:</strong></span> <span class='ocrx_word' id='word_1_535' title='bbox 1233 3432 1383 3487; x_wconf 82' lang='lat' dir='ltr'><strong>venit</strong></span> <span class='ocrx_word' id='word_1_536' title='bbox 1412 3432 1737 3502; x_wconf 82' lang='lat' dir='ltr'><strong>sapientiam</strong></span> <span class='ocrx_word' id='word_1_537' title='bbox 1769 3447 1870 3487; x_wconf 83' lang='lat' dir='ltr'><strong>au-</strong></span> 
     </span>
    </p>
   </div>
   <div class='ocr_carea' id='block_1_49' title="bbox 275 3521 1872 3598">
    <p class='ocr_par' dir='ltr' id='par_1_49' title="bbox 275 3521 1872 3598">
     <span class='ocr_line' id='line_1_49' title="bbox 275 3521 1872 3598; baseline 0.001 -20"><span class='ocrx_word' id='word_1_538' title='bbox 275 3521 391 3578; x_wconf 88' lang='lat' dir='ltr'><strong>dire</strong></span> <span class='ocrx_word' id='word_1_539' title='bbox 413 3522 731 3579; x_wconf 87' lang='lat' dir='ltr'><strong>Salomonis</strong></span> <span class='ocrx_word' id='word_1_540' title='bbox 775 3523 879 3592; x_wconf 91' lang='lat' dir='ltr'><strong>(III</strong></span> <span class='ocrx_word' id='word_1_541' title='bbox 909 3523 1044 3598; x_wconf 83' lang='lat' dir='ltr'><strong>Reg.</strong></span> <span class='ocrx_word' id='word_1_542' title='bbox 1071 3521 1149 3596; x_wconf 72' lang='grc' dir='ltr'><strong>ι).</strong></span> <span class='ocrx_word' id='word_1_543' title='bbox 1174 3523 1541 3592; x_wconf 86' lang='lat' dir='ltr'><strong>Quamobrem</strong></span> <span class='ocrx_word' id='word_1_544' title='bbox 1577 3523 1872 3582; x_wconf 80' lang='lat' dir='ltr'><strong>honorabi-</strong></span> 
     </span>
    </p>
   </div>
   <div class='ocr_carea' id='block_1_50' title="bbox 279 3613 1870 3690">
    <p class='ocr_par' dir='ltr' id='par_1_50' title="bbox 279 3613 1870 3690">
     <span class='ocr_line' id='line_1_50' title="bbox 279 3613 1870 3690; baseline 0 -18"><span class='ocrx_word' id='word_1_545' title='bbox 279 3613 344 3672; x_wconf 87' lang='lat' dir='ltr'><strong>lis</strong></span> <span class='ocrx_word' id='word_1_546' title='bbox 369 3613 549 3672; x_wconf 82' lang='lat' dir='ltr'><strong>iactus</strong></span> <span class='ocrx_word' id='word_1_547' title='bbox 577 3627 666 3672; x_wconf 88' lang='lat' dir='ltr'><strong>est</strong></span> <span class='ocrx_word' id='word_1_548' title='bbox 689 3617 1082 3687; x_wconf 84' lang='lat' dir='ltr'><strong>Apostolorum</strong></span> <span class='ocrx_word' id='word_1_549' title='bbox 1109 3618 1316 3674; x_wconf 85' lang='lat' dir='ltr'><strong>chorus</strong></span> <span class='ocrx_word' id='word_1_550' title='bbox 1339 3619 1392 3675; x_wconf 90' lang='lat' dir='ltr'><strong>in</strong></span> <span class='ocrx_word' id='word_1_551' title='bbox 1419 3628 1720 3690; x_wconf 89' lang='lat' dir='ltr'><strong>conspectu</strong></span> <span class='ocrx_word' id='word_1_552' title='bbox 1753 3618 1870 3684; x_wconf 84' lang='lat' dir='ltr'><strong>Dei,</strong></span> 
     </span>
    </p>
   </div>
   <div class='ocr_carea' id='block_1_51' title="bbox 277 3709 1878 3769">
    <p class='ocr_par' dir='ltr' id='par_1_51' title="bbox 277 3709 1878 3769">
     <span class='ocr_line' id='line_1_51' title="bbox 277 3709 1878 3769; baseline -0.001 -2"><span class='ocrx_word' id='word_1_553' title='bbox 277 3719 328 3767; x_wconf 91' lang='lat' dir='ltr'><strong>et</strong></span> <span class='ocrx_word' id='word_1_554' title='bbox 351 3709 590 3769; x_wconf 87' lang='lat' dir='ltr'><strong>dilectus</strong></span> <span class='ocrx_word' id='word_1_555' title='bbox 611 3711 682 3767; x_wconf 85' lang='lat' dir='ltr'><strong>ab</strong></span> <span class='ocrx_word' id='word_1_556' title='bbox 705 3726 772 3768; x_wconf 89' lang='lat' dir='ltr'><strong>eo</strong></span> <span class='ocrx_word' id='word_1_557' title='bbox 801 3729 816 3766; x_wconf 76' lang='grc' dir='ltr'>ε</span> <span class='ocrx_word' id='word_1_558' title='bbox 860 3721 912 3768; x_wconf 91' lang='lat' dir='ltr'><strong>et</strong></span> <span class='ocrx_word' id='word_1_559' title='bbox 941 3720 1266 3769; x_wconf 87' lang='lat' dir='ltr'><strong>cunctorum</strong></span> <span class='ocrx_word' id='word_1_560' title='bbox 1299 3711 1581 3768; x_wconf 90' lang='lat' dir='ltr'><strong>hominum</strong></span> <span class='ocrx_word' id='word_1_561' title='bbox 1620 3713 1771 3769; x_wconf 89' lang='lat' dir='ltr'><strong>salus</strong></span> <span class='ocrx_word' id='word_1_562' title='bbox 1795 3719 1878 3765; x_wconf 85' lang='lat' dir='ltr'><strong>at-</strong></span> 
     </span>
    </p>
   </div>
   <div class='ocr_carea' id='block_1_52' title="bbox 277 3804 1878 3876">
    <p class='ocr_par' dir='ltr' id='par_1_52' title="bbox 277 3804 1878 3876">
     <span class='ocr_line' id='line_1_52' title="bbox 277 3804 1878 3876; baseline 0.001 -18"><span class='ocrx_word' id='word_1_563' title='bbox 277 3819 378 3874; x_wconf 88' lang='lat' dir='ltr'><strong>que</strong></span> <span class='ocrx_word' id='word_1_564' title='bbox 403 3805 758 3876; x_wconf 91' lang='lat' dir='ltr'><strong>populorum,</strong></span> <span class='ocrx_word' id='word_1_565' title='bbox 787 3805 878 3876; x_wconf 92' lang='lat' dir='ltr'><strong>qui</strong></span> <span class='ocrx_word' id='word_1_566' title='bbox 904 3820 999 3875; x_wconf 88' lang='lat' dir='ltr'><strong>per</strong></span> <span class='ocrx_word' id='word_1_567' title='bbox 1027 3819 1124 3861; x_wconf 92' lang='lat' dir='ltr'><strong>eos</strong></span> <span class='ocrx_word' id='word_1_568' title='bbox 1154 3804 1221 3860; x_wconf 89' lang='lat' dir='ltr'><strong>ad</strong></span> <span class='ocrx_word' id='word_1_569' title='bbox 1245 3804 1603 3876; x_wconf 87' lang='lat' dir='ltr'><strong>Evangelium</strong></span> <span class='ocrx_word' id='word_1_570' title='bbox 1632 3813 1760 3860; x_wconf 87' lang='lat' dir='ltr'><strong>sunt</strong></span> <span class='ocrx_word' id='word_1_571' title='bbox 1783 3817 1878 3859; x_wconf 79' lang='lat' dir='ltr'><strong>vo-</strong></span> 
     </span>
    </p>
   </div>
   <div class='ocr_carea' id='block_1_53' title="bbox 279 3897 1875 3970">
    <p class='ocr_par' dir='ltr' id='par_1_53' title="bbox 279 3897 1875 3970">
     <span class='ocr_line' id='line_1_53' title="bbox 279 3897 1875 3970; baseline -0.001 -16"><span class='ocrx_word' id='word_1_572' title='bbox 279 3900 406 3966; x_wconf 85' lang='lat' dir='ltr'><strong>cati,</strong></span> <span class='ocrx_word' id='word_1_573' title='bbox 435 3907 492 3956; x_wconf 87' lang='lat' dir='ltr'><strong>et</strong></span> <span class='ocrx_word' id='word_1_574' title='bbox 545 3898 950 3970; x_wconf 85' lang='lat' dir='ltr'><strong>reputabuntur</strong></span> <span class='ocrx_word' id='word_1_575' title='bbox 981 3899 1034 3953; x_wconf 92' lang='lat' dir='ltr'><strong>in</strong></span> <span class='ocrx_word' id='word_1_576' title='bbox 1066 3897 1299 3956; x_wconf 85' lang='lat' dir='ltr'><strong>salutem</strong></span> <span class='ocrx_word' id='word_1_577' title='bbox 1330 3900 1634 3954; x_wconf 87' lang='lat' dir='ltr'><strong>animarum</strong></span> <span class='ocrx_word' id='word_1_578' title='bbox 1663 3913 1875 3954; x_wconf 90' lang='lat' dir='ltr'><strong>eorum.</strong></span> 
     </span>
    </p>
   </div>
   <div class='ocr_carea' id='block_1_54' title="bbox 282 3989 1882 4065">
    <p class='ocr_par' dir='ltr' id='par_1_54' title="bbox 282 3989 1882 4065">
     <span class='ocr_line' id='line_1_54' title="bbox 282 3989 1882 4065; baseline -0.003 -14"><span class='ocrx_word' id='word_1_579' title='bbox 282 3989 432 4051; x_wconf 85' lang='lat' dir='ltr'><strong>Unde</strong></span> <span class='ocrx_word' id='word_1_580' title='bbox 452 3992 636 4064; x_wconf 81' lang='lat' dir='ltr'><strong>jungit</strong></span> <span class='ocrx_word' id='word_1_581' title='bbox 654 4000 712 4048; x_wconf 89' lang='lat' dir='ltr'><strong>et</strong></span> <span class='ocrx_word' id='word_1_582' title='bbox 731 3991 862 4049; x_wconf 85' lang='lat' dir='ltr'><strong>dicit</strong></span> <span class='ocrx_word' id='word_1_583' title='bbox 887 4011 900 4049; x_wconf 90' lang='lat'><strong>:</strong></span> <span class='ocrx_word' id='word_1_584' title='bbox 924 3991 1055 4047; x_wconf 83' lang='lat' dir='ltr'><strong>Noli</strong></span> <span class='ocrx_word' id='word_1_585' title='bbox 1080 3993 1388 4065; x_wconf 82' lang='lat' dir='ltr'><strong>timere,ego</strong></span> <span class='ocrx_word' id='word_1_586' title='bbox 1417 4001 1583 4048; x_wconf 82' lang='lat' dir='ltr'><strong>tecum</strong></span> <span class='ocrx_word' id='word_1_587' title='bbox 1616 4007 1756 4058; x_wconf 78' lang='lat' dir='ltr'><strong>sum,</strong></span> <span class='ocrx_word' id='word_1_588' title='bbox 1786 3991 1882 4062; x_wconf 87' lang='lat' dir='ltr'><strong>qui</strong></span> 
     </span>
    </p>
   </div>
   <div class='ocr_carea' id='block_1_55' title="bbox 282 4084 1880 4158">
    <p class='ocr_par' dir='ltr' id='par_1_55' title="bbox 282 4084 1880 4158">
     <span class='ocr_line' id='line_1_55' title="bbox 282 4084 1880 4158; baseline -0.001 -18"><span class='ocrx_word' id='word_1_589' title='bbox 282 4086 436 4143; x_wconf 76' lang='lat' dir='ltr'><strong>vobis</strong></span> <span class='ocrx_word' id='word_1_590' title='bbox 458 4086 514 4141; x_wconf 91' lang='lat' dir='ltr'><strong>in</strong></span> <span class='ocrx_word' id='word_1_591' title='bbox 531 4085 832 4157; x_wconf 75' lang='lat' dir='ltr'><strong>Evangelio</strong></span> <span class='ocrx_word' id='word_1_592' title='bbox 851 4085 1047 4156; x_wconf 90' lang='lat' dir='ltr'><strong>loquor</strong></span> <span class='ocrx_word' id='word_1_593' title='bbox 1062 4103 1076 4140; x_wconf 91' lang='lat'><strong>:</strong></span> <span class='ocrx_word' id='word_1_594' title='bbox 1091 4084 1225 4142; x_wconf 77' lang='lat' dir='ltr'><strong>Ecce</strong></span> <span class='ocrx_word' id='word_1_595' title='bbox 1246 4103 1340 4158; x_wconf 87' lang='lat' dir='ltr'><strong>ego</strong></span> <span class='ocrx_word' id='word_1_596' title='bbox 1355 4085 1614 4141; x_wconf 83' lang='lat' dir='ltr'><strong>vobiscum</strong></span> <span class='ocrx_word' id='word_1_597' title='bbox 1631 4101 1748 4140; x_wconf 79' lang='lat' dir='ltr'><strong>sunt</strong></span> <span class='ocrx_word' id='word_1_598' title='bbox 1766 4100 1880 4139; x_wconf 54' lang='lat' dir='ltr'><strong>om.</strong></span> 
     </span>
    </p>
   </div>
   <div class='ocr_carea' id='block_1_56' title="bbox 285 4176 1877 4251">
    <p class='ocr_par' dir='ltr' id='par_1_56' title="bbox 285 4176 1877 4251">
     <span class='ocr_line' id='line_1_56' title="bbox 285 4176 1877 4251; baseline -0.001 -17"><span class='ocrx_word' id='word_1_599' title='bbox 285 4179 428 4237; x_wconf 84' lang='lat' dir='ltr'><strong>nibus</strong></span> <span class='ocrx_word' id='word_1_600' title='bbox 454 4179 639 4236; x_wconf 87' lang='lat' dir='ltr'><strong>diebus</strong></span> <span class='ocrx_word' id='word_1_601' title='bbox 663 4195 823 4250; x_wconf 83' lang='lat' dir='ltr'><strong>usque</strong></span> <span class='ocrx_word' id='word_1_602' title='bbox 844 4181 913 4234; x_wconf 81' lang='lat' dir='ltr'><strong>ad</strong></span> <span class='ocrx_word' id='word_1_603' title='bbox 931 4179 1428 4234; x_wconf 74' lang='lat' dir='ltr'><strong>consummationem</strong></span> <span class='ocrx_word' id='word_1_604' title='bbox 1455 4179 1634 4234; x_wconf 69' lang='grc' dir='ltr'><strong>διεσαιί</strong></span> <span class='ocrx_word' id='word_1_605' title='bbox 1659 4176 1877 4251; x_wconf 72' lang='lat' dir='ltr'><strong>(Matth.</strong></span> 
     </span>
    </p>
   </div>
   <div class='ocr_carea' id='block_1_57' title="bbox 287 4269 1883 4346">
    <p class='ocr_par' dir='ltr' id='par_1_57' title="bbox 287 4269 1883 4346">
     <span class='ocr_line' id='line_1_57' title="bbox 287 4269 1883 4346; baseline -0.001 -18"><span class='ocrx_word' id='word_1_606' title='bbox 287 4273 377 4328; x_wconf 84' lang='lat' dir='ltr'><strong>ult.</strong></span> <span class='ocrx_word' id='word_1_607' title='bbox 409 4270 528 4346; x_wconf 69' lang='lat'><strong>20).</strong></span> <span class='ocrx_word' id='word_1_608' title='bbox 559 4272 644 4330; x_wconf 85' lang='lat' dir='ltr'><strong>Ab</strong></span> <span class='ocrx_word' id='word_1_609' title='bbox 671 4269 898 4329; x_wconf 88' lang='lat' dir='ltr'><strong>Oriente</strong></span> <span class='ocrx_word' id='word_1_610' title='bbox 919 4271 1066 4328; x_wconf 86' lang='lat' dir='ltr'><strong>enim</strong></span> <span class='ocrx_word' id='word_1_611' title='bbox 1089 4282 1145 4329; x_wconf 92' lang='lat' dir='ltr'><strong>et</strong></span> <span class='ocrx_word' id='word_1_612' title='bbox 1168 4272 1240 4329; x_wconf 89' lang='lat' dir='ltr'><strong>ab</strong></span> <span class='ocrx_word' id='word_1_613' title='bbox 1265 4269 1564 4327; x_wconf 86' lang='lat' dir='ltr'><strong>Occidente</strong></span> <span class='ocrx_word' id='word_1_614' title='bbox 1615 4270 1883 4327; x_wconf 84' lang='lat' dir='ltr'><strong>adducam</strong></span> 
     </span>
    </p>
   </div>
   <div class='ocr_carea' id='block_1_58' title="bbox 288 4367 1887 4441">
    <p class='ocr_par' dir='ltr' id='par_1_58' title="bbox 288 4367 1887 4441">
     <span class='ocr_line' id='line_1_58' title="bbox 288 4367 1887 4441; baseline -0.001 -15"><span class='ocrx_word' id='word_1_615' title='bbox 288 4367 428 4428; x_wconf 84' lang='lat' dir='ltr'><strong>ﬁlios</strong></span> <span class='ocrx_word' id='word_1_616' title='bbox 460 4380 607 4439; x_wconf 84' lang='lat' dir='ltr'><strong>tuos,</strong></span> <span class='ocrx_word' id='word_1_617' title='bbox 640 4369 735 4441; x_wconf 89' lang='lat' dir='ltr'><strong>qui</strong></span> <span class='ocrx_word' id='word_1_618' title='bbox 766 4369 1118 4441; x_wconf 80' lang='lat' dir='ltr'><strong>requicsrant</strong></span> <span class='ocrx_word' id='word_1_619' title='bbox 1157 4371 1212 4427; x_wconf 88' lang='lat' dir='ltr'><strong>in</strong></span> <span class='ocrx_word' id='word_1_620' title='bbox 1255 4369 1380 4424; x_wconf 86' lang='lat' dir='ltr'><strong>sinu</strong></span> <span class='ocrx_word' id='word_1_621' title='bbox 1403 4368 1706 4435; x_wconf 78' lang='lat' dir='ltr'><strong>Abraham,</strong></span> <span class='ocrx_word' id='word_1_622' title='bbox 1737 4378 1791 4424; x_wconf 90' lang='lat' dir='ltr'><strong>et</strong></span> <span class='ocrx_word' id='word_1_623' title='bbox 1817 4369 1887 4425; x_wconf 89' lang='lat' dir='ltr'><strong>de</strong></span> 
     </span>
    </p>
   </div>
   <div class='ocr_carea' id='block_1_59' title="bbox 287 4461 1885 4538">
    <p class='ocr_par' dir='ltr' id='par_1_59' title="bbox 287 4461 1885 4538">
     <span class='ocr_line' id='line_1_59' title="bbox 287 4461 1885 4538; baseline -0.003 -15"><span class='ocrx_word' id='word_1_624' title='bbox 287 4465 497 4523; x_wconf 84' lang='lat' dir='ltr'><strong>cunctis</strong></span> <span class='ocrx_word' id='word_1_625' title='bbox 529 4463 718 4520; x_wconf 87' lang='lat' dir='ltr'><strong>mundi</strong></span> <span class='ocrx_word' id='word_1_626' title='bbox 747 4462 994 4534; x_wconf 83' lang='lat' dir='ltr'><strong>partibus</strong></span> <span class='ocrx_word' id='word_1_627' title='bbox 1013 4462 1262 4538; x_wconf 71' lang='lat' dir='ltr'><strong>ﬁliorum</strong></span> <span class='ocrx_word' id='word_1_628' title='bbox 1293 4478 1540 4521; x_wconf 87' lang='lat' dir='ltr'><strong>meorum</strong></span> <span class='ocrx_word' id='word_1_629' title='bbox 1565 4471 1621 4518; x_wconf 90' lang='lat' dir='ltr'><strong>et</strong></span> <span class='ocrx_word' id='word_1_630' title='bbox 1651 4461 1885 4518; x_wconf 80' lang='lat' dir='ltr'><strong>filiarqu</strong></span> 
     </span>
    </p>
   </div>
   <div class='ocr_carea' id='block_1_60' title="bbox 1970 3325 3576 3383">
    <p class='ocr_par' dir='ltr' id='par_1_60' title="bbox 1970 3325 3576 3383">
     <span class='ocr_line' id='line_1_60' title="bbox 1970 3325 3576 3383; baseline 0 -1"><span class='ocrx_word' id='word_1_631' title='bbox 1970 3325 2221 3382; x_wconf 87' lang='lat' dir='ltr'><strong>Christus</strong></span> <span class='ocrx_word' id='word_1_632' title='bbox 2251 3326 2512 3382; x_wconf 87' lang='lat' dir='ltr'><strong>Dominus</strong></span> <span class='ocrx_word' id='word_1_633' title='bbox 2539 3343 2642 3381; x_wconf 90' lang='lat' dir='ltr'><strong>non</strong></span> <span class='ocrx_word' id='word_1_634' title='bbox 2674 3328 2853 3383; x_wconf 87' lang='lat' dir='ltr'><strong>aufert</strong></span> <span class='ocrx_word' id='word_1_635' title='bbox 2892 3328 3034 3383; x_wconf 87' lang='lat' dir='ltr'><strong>Patri</strong></span> <span class='ocrx_word' id='word_1_636' title='bbox 3075 3341 3142 3383; x_wconf 89' lang='lat' dir='ltr'><strong>ne</strong></span> <span class='ocrx_word' id='word_1_637' title='bbox 3171 3328 3438 3383; x_wconf 83' lang='lat' dir='ltr'><strong>Dominus</strong></span> <span class='ocrx_word' id='word_1_638' title='bbox 3473 3329 3576 3382; x_wconf 89' lang='lat' dir='ltr'><strong>sit:</strong></span> 
     </span>
    </p>
   </div>
   <div class='ocr_carea' id='block_1_61' title="bbox 1972 3419 3580 3488">
    <p class='ocr_par' dir='ltr' id='par_1_61' title="bbox 1972 3419 3580 3488">
     <span class='ocr_line' id='line_1_61' title="bbox 1972 3419 3580 3488; baseline -0.001 -11"><span class='ocrx_word' id='word_1_639' title='bbox 1972 3419 2053 3478; x_wconf 85' lang='lat' dir='ltr'><strong>sic</strong></span> <span class='ocrx_word' id='word_1_640' title='bbox 2082 3436 2223 3476; x_wconf 90' lang='lat' dir='ltr'><strong>unus</strong></span> <span class='ocrx_word' id='word_1_641' title='bbox 2256 3419 2401 3476; x_wconf 83' lang='lat' dir='ltr'><strong>Deus</strong></span> <span class='ocrx_word' id='word_1_642' title='bbox 2429 3420 2614 3488; x_wconf 89' lang='lat' dir='ltr'><strong>Pater,</strong></span> <span class='ocrx_word' id='word_1_643' title='bbox 2639 3437 2746 3476; x_wconf 88' lang='lat' dir='ltr'><strong>non</strong></span> <span class='ocrx_word' id='word_1_644' title='bbox 2799 3421 2985 3478; x_wconf 79' lang='lat' dir='ltr'><strong>aufert</strong></span> <span class='ocrx_word' id='word_1_645' title='bbox 3015 3421 3156 3477; x_wconf 83' lang='lat' dir='ltr'><strong>Filio</strong></span> <span class='ocrx_word' id='word_1_646' title='bbox 3201 3435 3270 3477; x_wconf 87' lang='lat' dir='ltr'><strong>ne</strong></span> <span class='ocrx_word' id='word_1_647' title='bbox 3302 3423 3447 3477; x_wconf 89' lang='lat' dir='ltr'><strong>Deus</strong></span> <span class='ocrx_word' id='word_1_648' title='bbox 3472 3423 3580 3476; x_wconf 88' lang='lat' dir='ltr'><strong>sit:</strong></span> 
     </span>
    </p>
   </div>
   <div class='ocr_carea' id='block_1_62' title="bbox 1973 3515 3582 3586">
    <p class='ocr_par' dir='ltr' id='par_1_62' title="bbox 1973 3515 3582 3586">
     <span class='ocr_line' id='line_1_62' title="bbox 1973 3515 3582 3586; baseline -0.002 -14"><span class='ocrx_word' id='word_1_649' title='bbox 1973 3515 2066 3586; x_wconf 84' lang='lat' dir='ltr'><strong>qui</strong></span> <span class='ocrx_word' id='word_1_650' title='bbox 2114 3515 2169 3571; x_wconf 89' lang='lat' dir='ltr'><strong>in</strong></span> <span class='ocrx_word' id='word_1_651' title='bbox 2225 3516 2481 3586; x_wconf 74' lang='lat' dir='ltr'><strong>principio</strong></span> <span class='ocrx_word' id='word_1_652' title='bbox 2527 3525 2639 3572; x_wconf 89' lang='lat' dir='ltr'><strong>erat</strong></span> <span class='ocrx_word' id='word_1_653' title='bbox 2667 3515 2915 3580; x_wconf 70' lang='lat' dir='ltr'><strong>Verbum,</strong></span> <span class='ocrx_word' id='word_1_654' title='bbox 2947 3527 2996 3572; x_wconf 84' lang='lat' dir='ltr'><strong>et</strong></span> <span class='ocrx_word' id='word_1_655' title='bbox 3040 3517 3256 3572; x_wconf 77' lang='lat' dir='ltr'><strong>Verbum</strong></span> <span class='ocrx_word' id='word_1_656' title='bbox 3289 3525 3400 3570; x_wconf 81' lang='lat' dir='ltr'><strong>erat</strong></span> <span class='ocrx_word' id='word_1_657' title='bbox 3437 3516 3582 3583; x_wconf 83' lang='lat' dir='ltr'><strong>apud</strong></span> 
     </span>
    </p>
   </div>
   <div class='ocr_carea' id='block_1_63' title="bbox 1978 3606 3582 3677">
    <p class='ocr_par' dir='ltr' id='par_1_63' title="bbox 1978 3606 3582 3677">
     <span class='ocr_line' id='line_1_63' title="bbox 1978 3606 3582 3677; baseline -0.001 -16"><span class='ocrx_word' id='word_1_658' title='bbox 1978 3606 2165 3670; x_wconf 87' lang='lat' dir='ltr'><strong>Deum,</strong></span> <span class='ocrx_word' id='word_1_659' title='bbox 2198 3619 2246 3663; x_wconf 85' lang='lat' dir='ltr'><strong>et</strong></span> <span class='ocrx_word' id='word_1_660' title='bbox 2289 3607 2431 3662; x_wconf 83' lang='lat' dir='ltr'><strong>Deus</strong></span> <span class='ocrx_word' id='word_1_661' title='bbox 2478 3618 2588 3662; x_wconf 85' lang='lat' dir='ltr'><strong>erat</strong></span> <span class='ocrx_word' id='word_1_662' title='bbox 2637 3607 3027 3666; x_wconf 68' lang='lat' dir='ltr'><strong>Verbumthoe</strong></span> <span class='ocrx_word' id='word_1_663' title='bbox 3069 3617 3177 3662; x_wconf 87' lang='lat' dir='ltr'><strong>erat</strong></span> <span class='ocrx_word' id='word_1_664' title='bbox 3225 3608 3280 3662; x_wconf 89' lang='lat' dir='ltr'><strong>in</strong></span> <span class='ocrx_word' id='word_1_665' title='bbox 3323 3608 3582 3677; x_wconf 81' lang='lat' dir='ltr'><strong>principio</strong></span> 
     </span>
    </p>
   </div>
   <div class='ocr_carea' id='block_1_64' title="bbox 1975 3697 3582 3773">
    <p class='ocr_par' dir='ltr' id='par_1_64' title="bbox 1975 3697 3582 3773">
     <span class='ocr_line' id='line_1_64' title="bbox 1975 3697 3582 3773; baseline -0.002 -19"><span class='ocrx_word' id='word_1_666' title='bbox 1975 3701 2117 3773; x_wconf 83' lang='lat' dir='ltr'><strong>apud</strong></span> <span class='ocrx_word' id='word_1_667' title='bbox 2135 3700 2300 3755; x_wconf 83' lang='lat' dir='ltr'><strong>Deum</strong></span> <span class='ocrx_word' id='word_1_668' title='bbox 2323 3697 2628 3769; x_wconf 76' lang='lat' dir='ltr'><strong>(Joan.l,l,</strong></span> <span class='ocrx_word' id='word_1_669' title='bbox 2654 3701 2733 3773; x_wconf 63' lang='grc' dir='ltr'><strong>Ξ).</strong></span> <span class='ocrx_word' id='word_1_670' title='bbox 2760 3701 3027 3771; x_wconf 77' lang='lat' dir='ltr'><strong>QUodque</strong></span> <span class='ocrx_word' id='word_1_671' title='bbox 3057 3701 3308 3771; x_wconf 82' lang='lat' dir='ltr'><strong>sequitur</strong></span> <span class='ocrx_word' id='word_1_672' title='bbox 3335 3718 3347 3752; x_wconf 87' lang='lat'><strong>:</strong></span> <span class='ocrx_word' id='word_1_673' title='bbox 3381 3698 3447 3752; x_wconf 85' lang='lat' dir='ltr'><strong>Et</strong></span> <span class='ocrx_word' id='word_1_674' title='bbox 3477 3714 3582 3752; x_wconf 83' lang='lat' dir='ltr'><strong>non</strong></span> 
     </span>
    </p>
   </div>
   <div class='ocr_carea' id='block_1_65' title="bbox 1978 3792 3588 3867">
    <p class='ocr_par' dir='ltr' id='par_1_65' title="bbox 1978 3792 3588 3867">
     <span class='ocr_line' id='line_1_65' title="bbox 1978 3792 3588 3867; baseline -0.002 -18"><span class='ocrx_word' id='word_1_675' title='bbox 1978 3806 2050 3849; x_wconf 81' lang='lat' dir='ltr'><strong>est</strong></span> <span class='ocrx_word' id='word_1_676' title='bbox 2071 3797 2261 3867; x_wconf 80' lang='lat' dir='ltr'><strong>absque</strong></span> <span class='ocrx_word' id='word_1_677' title='bbox 2287 3810 2370 3850; x_wconf 87' lang='lat' dir='ltr'><strong>me</strong></span> <span class='ocrx_word' id='word_1_678' title='bbox 2391 3792 2656 3861; x_wconf 85' lang='lat' dir='ltr'><strong>Salvator,</strong></span> <span class='ocrx_word' id='word_1_679' title='bbox 2687 3794 2928 3849; x_wconf 88' lang='lat' dir='ltr'><strong>ostendit</strong></span> <span class='ocrx_word' id='word_1_680' title='bbox 2958 3794 3012 3848; x_wconf 88' lang='lat' dir='ltr'><strong>in</strong></span> <span class='ocrx_word' id='word_1_681' title='bbox 3037 3793 3197 3848; x_wconf 86' lang='lat' dir='ltr'><strong>Patre</strong></span> <span class='ocrx_word' id='word_1_682' title='bbox 3221 3792 3418 3848; x_wconf 85' lang='lat' dir='ltr'><strong>Filium</strong></span> <span class='ocrx_word' id='word_1_683' title='bbox 3449 3805 3588 3848; x_wconf 90' lang='lat' dir='ltr'><strong>cun-</strong></span> 
     </span>
    </p>
   </div>
   <div class='ocr_carea' id='block_1_66' title="bbox 1979 3885 3589 3959">
    <p class='ocr_par' dir='ltr' id='par_1_66' title="bbox 1979 3885 3589 3959">
     <span class='ocr_line' id='line_1_66' title="bbox 1979 3885 3589 3959; baseline -0.001 -15"><span class='ocrx_word' id='word_1_684' title='bbox 1979 3898 2067 3944; x_wconf 89' lang='lat' dir='ltr'><strong>cta</strong></span> <span class='ocrx_word' id='word_1_685' title='bbox 2090 3888 2325 3944; x_wconf 86' lang='lat' dir='ltr'><strong>salvare.</strong></span> <span class='ocrx_word' id='word_1_686' title='bbox 2359 3889 2436 3943; x_wconf 86' lang='lat' dir='ltr'><strong>De</strong></span> <span class='ocrx_word' id='word_1_687' title='bbox 2465 3903 2576 3957; x_wconf 88' lang='lat' dir='ltr'><strong>quo</strong></span> <span class='ocrx_word' id='word_1_688' title='bbox 2616 3887 2761 3944; x_wconf 89' lang='lat' dir='ltr'><strong>idem</strong></span> <span class='ocrx_word' id='word_1_689' title='bbox 2793 3887 3060 3959; x_wconf 85' lang='lat' dir='ltr'><strong>prepheta</strong></span> <span class='ocrx_word' id='word_1_690' title='bbox 3094 3895 3327 3943; x_wconf 86' lang='lat' dir='ltr'><strong>testatur</strong></span> <span class='ocrx_word' id='word_1_691' title='bbox 3370 3905 3384 3943; x_wconf 90' lang='lat'><strong>:</strong></span> <span class='ocrx_word' id='word_1_692' title='bbox 3413 3885 3483 3942; x_wconf 89' lang='lat' dir='ltr'><strong>Et</strong></span> <span class='ocrx_word' id='word_1_693' title='bbox 3504 3888 3589 3942; x_wconf 81' lang='lat' dir='ltr'><strong>di-</strong></span> 
     </span>
    </p>
   </div>
   <div class='ocr_carea' id='block_1_67' title="bbox 1980 3978 3586 4052">
    <p class='ocr_par' dir='ltr' id='par_1_67' title="bbox 1980 3978 3586 4052">
     <span class='ocr_line' id='line_1_67' title="bbox 1980 3978 3586 4052; baseline -0.002 -15"><span class='ocrx_word' id='word_1_694' title='bbox 1980 3983 2145 4037; x_wconf 86' lang='lat' dir='ltr'><strong>mittet</strong></span> <span class='ocrx_word' id='word_1_695' title='bbox 2166 3981 2240 4036; x_wconf 85' lang='lat' dir='ltr'><strong>eis</strong></span> <span class='ocrx_word' id='word_1_696' title='bbox 2277 3978 2536 4035; x_wconf 84' lang='lat' dir='ltr'><strong>Dominus</strong></span> <span class='ocrx_word' id='word_1_697' title='bbox 2562 3978 2904 4048; x_wconf 81' lang='lat' dir='ltr'><strong>Salvatorem,</strong></span> <span class='ocrx_word' id='word_1_698' title='bbox 2949 3981 3039 4052; x_wconf 78' lang='lat' dir='ltr'><strong>qui</strong></span> <span class='ocrx_word' id='word_1_699' title='bbox 3083 3979 3255 4036; x_wconf 74' lang='lat' dir='ltr'><strong>salvos</strong></span> <span class='ocrx_word' id='word_1_700' title='bbox 3304 3997 3391 4035; x_wconf 87' lang='lat' dir='ltr'><strong>eos</strong></span> <span class='ocrx_word' id='word_1_701' title='bbox 3429 3983 3586 4051; x_wconf 76' lang='lat' dir='ltr'><strong>faciet</strong></span> 
     </span>
    </p>
   </div>
   <div class='ocr_carea' id='block_1_68' title="bbox 1984 4070 3588 4145">
    <p class='ocr_par' dir='ltr' id='par_1_68' title="bbox 1984 4070 3588 4145">
     <span class='ocr_line' id='line_1_68' title="bbox 1984 4070 3588 4145; baseline -0.001 -17"><span class='ocrx_word' id='word_1_702' title='bbox 1984 4071 2140 4145; x_wconf 82' lang='lat' dir='ltr'><strong>(Isai.</strong></span> <span class='ocrx_word' id='word_1_703' title='bbox 2167 4070 2266 4144; x_wconf 79' lang='lat' dir='ltr'><strong>ut).</strong></span> <span class='ocrx_word' id='word_1_704' title='bbox 2301 4071 2487 4142; x_wconf 84' lang='lat' dir='ltr'><strong>Neque</strong></span> <span class='ocrx_word' id='word_1_705' title='bbox 2527 4072 2674 4127; x_wconf 87' lang='lat' dir='ltr'><strong>enim</strong></span> <span class='ocrx_word' id='word_1_706' title='bbox 2707 4072 2854 4129; x_wconf 81' lang='lat' dir='ltr'><strong>Deus</strong></span> <span class='ocrx_word' id='word_1_707' title='bbox 2895 4071 3114 4143; x_wconf 83' lang='lat' dir='ltr'><strong>sapiens</strong></span> <span class='ocrx_word' id='word_1_708' title='bbox 3145 4081 3201 4128; x_wconf 89' lang='lat' dir='ltr'><strong>et</strong></span> <span class='ocrx_word' id='word_1_709' title='bbox 3245 4071 3424 4138; x_wconf 80' lang='lat' dir='ltr'><strong>fortis,</strong></span> <span class='ocrx_word' id='word_1_710' title='bbox 3468 4073 3588 4128; x_wconf 88' lang='lat' dir='ltr'><strong>sine</strong></span> 
     </span>
    </p>
   </div>
   <div class='ocr_carea' id='block_1_69' title="bbox 1983 4166 3590 4240">
    <p class='ocr_par' dir='ltr' id='par_1_69' title="bbox 1983 4166 3590 4240">
     <span class='ocr_line' id='line_1_69' title="bbox 1983 4166 3590 4240; baseline -0.002 -15"><span class='ocrx_word' id='word_1_711' title='bbox 1983 4184 2081 4225; x_wconf 87' lang='lat' dir='ltr'><strong>sua</strong></span> <span class='ocrx_word' id='word_1_712' title='bbox 2109 4176 2292 4240; x_wconf 85' lang='lat' dir='ltr'><strong>potest</strong></span> <span class='ocrx_word' id='word_1_713' title='bbox 2320 4181 2444 4224; x_wconf 87' lang='lat' dir='ltr'><strong>esse</strong></span> <span class='ocrx_word' id='word_1_714' title='bbox 2464 4167 2732 4238; x_wconf 85' lang='lat' dir='ltr'><strong>sapientia</strong></span> <span class='ocrx_word' id='word_1_715' title='bbox 2753 4176 2921 4238; x_wconf 88' lang='lat' dir='ltr'><strong>atque</strong></span> <span class='ocrx_word' id='word_1_716' title='bbox 2951 4168 3173 4223; x_wconf 85' lang='lat' dir='ltr'><strong>virtute.</strong></span> <span class='ocrx_word' id='word_1_717' title='bbox 3207 4166 3342 4222; x_wconf 86' lang='lat' dir='ltr'><strong>Cum</strong></span> <span class='ocrx_word' id='word_1_718' title='bbox 3365 4182 3498 4238; x_wconf 88' lang='lat' dir='ltr'><strong>ergo</strong></span> <span class='ocrx_word' id='word_1_719' title='bbox 3519 4168 3590 4222; x_wconf 88' lang='lat' dir='ltr'><strong>ab</strong></span> 
     </span>
    </p>
   </div>
   <div class='ocr_carea' id='block_1_70' title="bbox 1986 4259 3589 4332">
    <p class='ocr_par' dir='ltr' id='par_1_70' title="bbox 1986 4259 3589 4332">
     <span class='ocr_line' id='line_1_70' title="bbox 1986 4259 3589 4332; baseline -0.001 -14"><span class='ocrx_word' id='word_1_720' title='bbox 1986 4261 2142 4318; x_wconf 88' lang='lat' dir='ltr'><strong>initio</strong></span> <span class='ocrx_word' id='word_1_721' title='bbox 2180 4275 2281 4332; x_wconf 85' lang='lat' dir='ltr'><strong>ego</strong></span> <span class='ocrx_word' id='word_1_722' title='bbox 2333 4259 2450 4316; x_wconf 73' lang='lat' dir='ltr'><strong>haec</strong></span> <span class='ocrx_word' id='word_1_723' title='bbox 2487 4259 2666 4316; x_wconf 84' lang='lat' dir='ltr'><strong>futura</strong></span> <span class='ocrx_word' id='word_1_724' title='bbox 2713 4260 3088 4332; x_wconf 65' lang='lat' dir='ltr'><strong>praedixerim,</strong></span> <span class='ocrx_word' id='word_1_725' title='bbox 3133 4261 3316 4316; x_wconf 87' lang='lat' dir='ltr'><strong>nullus</strong></span> <span class='ocrx_word' id='word_1_726' title='bbox 3345 4260 3452 4317; x_wconf 88' lang='lat' dir='ltr'><strong>erit</strong></span> <span class='ocrx_word' id='word_1_727' title='bbox 3497 4262 3589 4332; x_wconf 89' lang='lat' dir='ltr'><strong>qui</strong></span> 
     </span>
    </p>
   </div>
   <div class='ocr_carea' id='block_1_71' title="bbox 1987 4353 3594 4426">
    <p class='ocr_par' dir='ltr' id='par_1_71' title="bbox 1987 4353 3594 4426">
     <span class='ocr_line' id='line_1_71' title="bbox 1987 4353 3594 4426; baseline -0.001 -17"><span class='ocrx_word' id='word_1_728' title='bbox 1987 4369 2123 4410; x_wconf 80' lang='lat' dir='ltr'><strong>mea:</strong></span> <span class='ocrx_word' id='word_1_729' title='bbox 2148 4364 2340 4410; x_wconf 87' lang='lat' dir='ltr'><strong>renuat</strong></span> <span class='ocrx_word' id='word_1_730' title='bbox 2363 4353 2631 4411; x_wconf 84' lang='lat' dir='ltr'><strong>voluntati</strong></span> <span class='ocrx_word' id='word_1_731' title='bbox 2661 4372 2674 4408; x_wconf 84' lang='lat'><strong>:</strong></span> <span class='ocrx_word' id='word_1_732' title='bbox 2701 4355 2869 4410; x_wconf 88' lang='lat' dir='ltr'><strong>immo</strong></span> <span class='ocrx_word' id='word_1_733' title='bbox 2889 4369 3008 4424; x_wconf 67' lang='lat' dir='ltr'><strong>quae</strong></span> <span class='ocrx_word' id='word_1_734' title='bbox 3037 4369 3141 4426; x_wconf 84' lang='lat' dir='ltr'><strong>ego</strong></span> <span class='ocrx_word' id='word_1_735' title='bbox 3169 4353 3376 4420; x_wconf 83' lang='lat' dir='ltr'><strong>fecero,</strong></span> <span class='ocrx_word' id='word_1_736' title='bbox 3405 4363 3594 4424; x_wconf 84' lang='lat' dir='ltr'><strong>posset</strong></span> 
     </span>
    </p>
   </div>
   <div class='ocr_carea' id='block_1_72' title="bbox 1989 4445 3588 4520">
    <p class='ocr_par' dir='ltr' id='par_1_72' title="bbox 1989 4445 3588 4520">
     <span class='ocr_line' id='line_1_72' title="bbox 1989 4445 3588 4520; baseline -0.001 -16"><span class='ocrx_word' id='word_1_737' title='bbox 1989 4448 2142 4504; x_wconf 86' lang='lat' dir='ltr'><strong>irrita</strong></span> <span class='ocrx_word' id='word_1_738' title='bbox 2160 4445 2364 4504; x_wconf 86' lang='lat' dir='ltr'><strong>facere.</strong></span> <span class='ocrx_word' id='word_1_739' title='bbox 2389 4446 2516 4504; x_wconf 62' lang='lat' dir='ltr'><strong>I-Iuvc</strong></span> <span class='ocrx_word' id='word_1_740' title='bbox 2532 4446 2790 4504; x_wconf 89' lang='lat' dir='ltr'><strong>dicuntur</strong></span> <span class='ocrx_word' id='word_1_741' title='bbox 2809 4447 3029 4520; x_wconf 86' lang='lat' dir='ltr'><strong>quidem</strong></span> <span class='ocrx_word' id='word_1_742' title='bbox 3053 4449 3120 4504; x_wconf 89' lang='lat' dir='ltr'><strong>ad</strong></span> <span class='ocrx_word' id='word_1_743' title='bbox 3135 4447 3304 4505; x_wconf 84' lang='lat' dir='ltr'><strong>.Iacob</strong></span> <span class='ocrx_word' id='word_1_744' title='bbox 3328 4456 3386 4504; x_wconf 90' lang='lat' dir='ltr'><strong>et</strong></span> <span class='ocrx_word' id='word_1_745' title='bbox 3399 4447 3588 4515; x_wconf 87' lang='lat' dir='ltr'><strong>Israel,</strong></span> 
     </span>
    </p>
   </div>
   <div class='ocr_carea' id='block_1_73' title="bbox 289 4542 3592 4630">
    <p class='ocr_par' dir='ltr' id='par_1_73' title="bbox 289 4542 3592 4630">
     <span class='ocr_line' id='line_1_73' title="bbox 289 4542 3592 4630; baseline -0.004 -16"><span class='ocrx_word' id='word_1_746' title='bbox 289 4558 519 4630; x_wconf 90' lang='lat' dir='ltr'><strong>populus</strong></span> <span class='ocrx_word' id='word_1_747' title='bbox 572 4555 1039 4628; x_wconf 87' lang='lat' dir='ltr'><strong>congregabitur,</strong></span> <span class='ocrx_word' id='word_1_748' title='bbox 1100 4559 1190 4628; x_wconf 87' lang='lat' dir='ltr'><strong>qui</strong></span> <span class='ocrx_word' id='word_1_749' title='bbox 1247 4557 1333 4612; x_wconf 85' lang='lat' dir='ltr'><strong>vel</strong></span> <span class='ocrx_word' id='word_1_750' title='bbox 1389 4556 1645 4614; x_wconf 79' lang='lat' dir='ltr'><strong>invocent</strong></span> <span class='ocrx_word' id='word_1_751' title='bbox 1691 4569 1886 4610; x_wconf 82' lang='lat' dir='ltr'><strong>nomen</strong></span> <span class='ocrx_word' id='word_1_752' title='bbox 1913 4627 1952 4630; x_wconf 91' lang='lat'>_</span> <span class='ocrx_word' id='word_1_753' title='bbox 1990 4543 2086 4600; x_wconf 85' lang='lat' dir='ltr'><strong>sed</strong></span> <span class='ocrx_word' id='word_1_754' title='bbox 2107 4542 2872 4613; x_wconf 80' lang='lat' dir='ltr'><strong>rcferunturadapostolicum</strong></span> <span class='ocrx_word' id='word_1_755' title='bbox 2893 4542 3125 4600; x_wconf 88' lang='lat' dir='ltr'><strong>chorum</strong></span> <span class='ocrx_word' id='word_1_756' title='bbox 3143 4544 3592 4615; x_wconf 86' lang='lat' dir='ltr'><strong>etomnesquide</strong></span> 
     </span>
    </p>
   </div>
   <div class='ocr_carea' id='block_1_74' title="bbox 292 4627 3531 4719">
    <p class='ocr_par' dir='ltr' id='par_1_74' title="bbox 292 4627 3531 4719">
     <span class='ocr_line' id='line_1_74' title="bbox 292 4627 3531 4719; baseline 0 -30"><span class='ocrx_word' id='word_1_757' title='bbox 292 4627 496 4719; x_wconf 39' lang='lat' dir='ltr'><strong>meum.</strong></span> <span class='ocrx_word' id='word_1_758' title='bbox 551 4652 640 4710; x_wconf 63' lang='grc' dir='ltr'><strong>νει</strong></span> <span class='ocrx_word' id='word_1_759' title='bbox 671 4627 795 4708; x_wconf 63' lang='grc' dir='ltr'><strong>πί,θο</strong></span> <span class='ocrx_word' id='word_1_760' title='bbox 845 4627 1383 4717; x_wconf 54' lang='grc' dir='ltr'><strong>νοορηιιηέηοπηίηε,</strong></span> <span class='ocrx_word' id='word_1_761' title='bbox 1434 4658 1496 4705; x_wconf 74' lang='grc' dir='ltr'><strong>ιιι</strong></span> <span class='ocrx_word' id='word_1_762' title='bbox 1540 4648 1887 4719; x_wconf 63' lang='grc' dir='ltr'><strong>ερρειιρηωιι</strong></span> <span class='ocrx_word' id='word_1_763' title='bbox 1912 4627 1968 4690; x_wconf 84' lang='grc' dir='ltr'><strong>Ι)</strong></span> <span class='ocrx_word' id='word_1_764' title='bbox 1993 4639 2197 4710; x_wconf 83' lang='lat' dir='ltr'><strong>pepulo</strong></span> <span class='ocrx_word' id='word_1_765' title='bbox 2237 4637 2555 4694; x_wconf 66' lang='lat' dir='ltr'><strong>Iudaeorum</strong></span> <span class='ocrx_word' id='word_1_766' title='bbox 2585 4638 2639 4693; x_wconf 91' lang='lat' dir='ltr'><strong>in</strong></span> <span class='ocrx_word' id='word_1_767' title='bbox 2663 4636 2942 4692; x_wconf 89' lang='lat' dir='ltr'><strong>Christum</strong></span> <span class='ocrx_word' id='word_1_768' title='bbox 2984 4636 3260 4693; x_wconf 87' lang='lat' dir='ltr'><strong>voluerint</strong></span> <span class='ocrx_word' id='word_1_769' title='bbox 3281 4639 3531 4694; x_wconf 85' lang='lat' dir='ltr'><strong>credere.</strong></span> 
     </span>
    </p>
   </div>
   <div class='ocr_carea' id='block_1_75' title="bbox 291 4727 3602 4816">
    <p class='ocr_par' dir='ltr' id='par_1_75' title="bbox 291 4727 3602 4816">
     <span class='ocr_line' id='line_1_75' title="bbox 291 4727 3602 4816; baseline -0.006 -12"><span class='ocrx_word' id='word_1_770' title='bbox 291 4744 588 4805; x_wconf 79' lang='lat' dir='ltr'><strong>Christiani</strong></span> <span class='ocrx_word' id='word_1_771' title='bbox 621 4747 676 4802; x_wconf 87' lang='lat' dir='ltr'><strong>in</strong></span> <span class='ocrx_word' id='word_1_772' title='bbox 705 4743 933 4816; x_wconf 79' lang='lat' dir='ltr'><strong>gloriam</strong></span> <span class='ocrx_word' id='word_1_773' title='bbox 965 4743 1270 4800; x_wconf 84' lang='lat' dir='ltr'><strong>conditoris</strong></span> <span class='ocrx_word' id='word_1_774' title='bbox 1299 4741 1692 4813; x_wconf 85' lang='lat' dir='ltr'><strong>sui.Quodque</strong></span> <span class='ocrx_word' id='word_1_775' title='bbox 1707 4739 1890 4811; x_wconf 84' lang='lat' dir='ltr'><strong>sequi-</strong></span> <span class='ocrx_word' id='word_1_776' title='bbox 2069 4733 2254 4806; x_wconf 85' lang='lat' dir='ltr'><strong>(Vers.</strong></span> <span class='ocrx_word' id='word_1_777' title='bbox 2291 4728 2409 4803; x_wconf 78' lang='lat' dir='ltr'><strong>M.)</strong></span> <span class='ocrx_word' id='word_1_778' title='bbox 2451 4730 2582 4786; x_wconf 77' lang='lat' dir='ltr'><strong>Hazc</strong></span> <span class='ocrx_word' id='word_1_779' title='bbox 2608 4730 2734 4784; x_wconf 84' lang='lat' dir='ltr'><strong>dicit</strong></span> <span class='ocrx_word' id='word_1_780' title='bbox 2767 4727 3028 4784; x_wconf 81' lang='lat' dir='ltr'><strong>Dominus</strong></span> <span class='ocrx_word' id='word_1_781' title='bbox 3070 4731 3367 4799; x_wconf 84' lang='lat' dir='ltr'><strong>redemptor</strong></span> <span class='ocrx_word' id='word_1_782' title='bbox 3415 4739 3602 4796; x_wconf 76' lang='lat' dir='ltr'><strong>vester,</strong></span> 
     </span>
    </p>
   </div>
   <div class='ocr_carea' id='block_1_76' title="bbox 295 4823 3596 4911">
    <p class='ocr_par' dir='ltr' id='par_1_76' title="bbox 295 4823 3596 4911">
     <span class='ocr_line' id='line_1_76' title="bbox 295 4823 3596 4911; baseline -0.004 -17"><span class='ocrx_word' id='word_1_783' title='bbox 295 4844 379 4897; x_wconf 84' lang='lat' dir='ltr'><strong>tur</strong></span> <span class='ocrx_word' id='word_1_784' title='bbox 412 4857 426 4894; x_wconf 71' lang='grc' dir='ltr'>ς</span> <span class='ocrx_word' id='word_1_785' title='bbox 458 4837 616 4896; x_wconf 87' lang='lat' dir='ltr'><strong>Educ</strong></span> <span class='ocrx_word' id='word_1_786' title='bbox 641 4837 785 4911; x_wconf 77' lang='lat' dir='ltr'><strong>foras</strong></span> <span class='ocrx_word' id='word_1_787' title='bbox 811 4837 1064 4909; x_wconf 82' lang='lat' dir='ltr'><strong>populum</strong></span> <span class='ocrx_word' id='word_1_788' title='bbox 1080 4851 1294 4902; x_wconf 81' lang='lat' dir='ltr'><strong>ctecum,</strong></span> <span class='ocrx_word' id='word_1_789' title='bbox 1325 4843 1371 4890; x_wconf 86' lang='lat' dir='ltr'><strong>et</strong></span> <span class='ocrx_word' id='word_1_790' title='bbox 1396 4834 1576 4890; x_wconf 85' lang='lat' dir='ltr'><strong>oculos</strong></span> <span class='ocrx_word' id='word_1_791' title='bbox 1596 4833 1892 4900; x_wconf 80' lang='lat' dir='ltr'><strong>habentem;</strong></span> <span class='ocrx_word' id='word_1_792' title='bbox 1995 4837 2207 4884; x_wconf 82' lang='lat' dir='ltr'><strong>sanctus</strong></span> <span class='ocrx_word' id='word_1_793' title='bbox 2230 4825 2422 4882; x_wconf 85' lang='lat' dir='ltr'><strong>Israel.</strong></span> <span class='ocrx_word' id='word_1_794' title='bbox 2451 4823 2678 4896; x_wconf 82' lang='lat' dir='ltr'><strong>Propter</strong></span> <span class='ocrx_word' id='word_1_795' title='bbox 2706 4840 2794 4879; x_wconf 82' lang='lat' dir='ltr'><strong>vos</strong></span> <span class='ocrx_word' id='word_1_796' title='bbox 2817 4825 2936 4882; x_wconf 82' lang='lat' dir='ltr'><strong>misi</strong></span> <span class='ocrx_word' id='word_1_797' title='bbox 2960 4827 3016 4880; x_wconf 85' lang='lat' dir='ltr'><strong>in</strong></span> <span class='ocrx_word' id='word_1_798' title='bbox 3042 4824 3382 4898; x_wconf 72' lang='lat' dir='ltr'><strong>Babylonem,</strong></span> <span class='ocrx_word' id='word_1_799' title='bbox 3413 4834 3463 4881; x_wconf 84' lang='lat' dir='ltr'><strong>et</strong></span> <span class='ocrx_word' id='word_1_800' title='bbox 3501 4825 3596 4880; x_wconf 54' lang='lat' dir='ltr'><strong>de-</strong></span> 
     </span>
    </p>
   </div>
   <div class='ocr_carea' id='block_1_77' title="bbox 292 4916 3600 4999">
    <p class='ocr_par' dir='ltr' id='par_1_77' title="bbox 292 4916 3600 4999">
     <span class='ocr_line' id='line_1_77' title="bbox 292 4916 3600 4999; baseline -0.005 -10"><span class='ocrx_word' id='word_1_801' title='bbox 292 4933 530 4998; x_wconf 88' lang='lat' dir='ltr'><strong>surdum,</strong></span> <span class='ocrx_word' id='word_1_802' title='bbox 557 4940 607 4989; x_wconf 86' lang='lat' dir='ltr'><strong>et</strong></span> <span class='ocrx_word' id='word_1_803' title='bbox 631 4945 790 4987; x_wconf 86' lang='lat' dir='ltr'><strong>aures</strong></span> <span class='ocrx_word' id='word_1_804' title='bbox 811 4930 860 4986; x_wconf 86' lang='lat' dir='ltr'><strong>ei</strong></span> <span class='ocrx_word' id='word_1_805' title='bbox 886 4935 1028 4995; x_wconf 82' lang='lat' dir='ltr'><strong>sunt,</strong></span> <span class='ocrx_word' id='word_1_806' title='bbox 1053 4928 1208 4984; x_wconf 89' lang='lat' dir='ltr'><strong>multi</strong></span> <span class='ocrx_word' id='word_1_807' title='bbox 1234 4936 1427 4999; x_wconf 87' lang='lat' dir='ltr'><strong>putant</strong></span> <span class='ocrx_word' id='word_1_808' title='bbox 1463 4921 1570 4984; x_wconf 84' lang='lat' dir='ltr'><strong>dici</strong></span> <span class='ocrx_word' id='word_1_809' title='bbox 1594 4926 1663 4982; x_wconf 92' lang='lat' dir='ltr'><strong>de</strong></span> <span class='ocrx_word' id='word_1_810' title='bbox 1692 4925 1896 4998; x_wconf 92' lang='lat' dir='ltr'><strong>populo</strong></span> <span class='ocrx_word' id='word_1_811' title='bbox 1998 4920 2136 4976; x_wconf 74' lang='lat' dir='ltr'><strong>traxi</strong></span> <span class='ocrx_word' id='word_1_812' title='bbox 2165 4927 2327 4974; x_wconf 86' lang='lat' dir='ltr'><strong>vectes</strong></span> <span class='ocrx_word' id='word_1_813' title='bbox 2349 4916 2635 4984; x_wconf 85' lang='lat' dir='ltr'><strong>universos,</strong></span> <span class='ocrx_word' id='word_1_814' title='bbox 2658 4927 2704 4972; x_wconf 84' lang='lat' dir='ltr'><strong>et</strong></span> <span class='ocrx_word' id='word_1_815' title='bbox 2735 4916 3011 4974; x_wconf 80' lang='lat' dir='ltr'><strong>Chaldteos</strong></span> <span class='ocrx_word' id='word_1_816' title='bbox 3035 4919 3090 4973; x_wconf 87' lang='lat' dir='ltr'><strong>in</strong></span> <span class='ocrx_word' id='word_1_817' title='bbox 3108 4920 3320 4974; x_wconf 84' lang='lat' dir='ltr'><strong>navibus</strong></span> <span class='ocrx_word' id='word_1_818' title='bbox 3349 4919 3458 4974; x_wconf 81' lang='lat' dir='ltr'><strong>suis</strong></span> <span class='ocrx_word' id='word_1_819' title='bbox 3483 4917 3600 4987; x_wconf 85' lang='lat' dir='ltr'><strong>glo-</strong></span> 
     </span>
    </p>
   </div>
   <div class='ocr_carea' id='block_1_78' title="bbox 295 5011 3594 5097">
    <p class='ocr_par' dir='ltr' id='par_1_78' title="bbox 295 5011 3594 5097">
     <span class='ocr_line' id='line_1_78' title="bbox 295 5011 3594 5097; baseline -0.005 -15"><span class='ocrx_word' id='word_1_820' title='bbox 295 5024 667 5097; x_wconf 80' lang='lat' dir='ltr'><strong>gentium,qui</strong></span> <span class='ocrx_word' id='word_1_821' title='bbox 697 5039 795 5095; x_wconf 88' lang='lat' dir='ltr'><strong>per</strong></span> <span class='ocrx_word' id='word_1_822' title='bbox 826 5023 1216 5094; x_wconf 82' lang='lat' dir='ltr'><strong>Apostolorum</strong></span> <span class='ocrx_word' id='word_1_823' title='bbox 1237 5021 1542 5078; x_wconf 88' lang='lat' dir='ltr'><strong>doctrinam</strong></span> <span class='ocrx_word' id='word_1_824' title='bbox 1571 5019 1762 5077; x_wconf 86' lang='lat' dir='ltr'><strong>audire</strong></span> <span class='ocrx_word' id='word_1_825' title='bbox 1783 5033 1899 5076; x_wconf 70' lang='grc' dir='ltr'><strong>(εω-</strong></span> <span class='ocrx_word' id='word_1_826' title='bbox 1998 5017 2190 5074; x_wconf 84' lang='lat' dir='ltr'><strong>riantes</strong></span> <span class='ocrx_word' id='word_1_827' title='bbox 2221 5029 2238 5068; x_wconf 90' lang='lat'><strong><em>:</em></strong></span> <span class='ocrx_word' id='word_1_828' title='bbox 2268 5028 2364 5084; x_wconf 87' lang='lat' dir='ltr'><strong>ego</strong></span> <span class='ocrx_word' id='word_1_829' title='bbox 2409 5011 2663 5068; x_wconf 79' lang='lat' dir='ltr'><strong>Dominus</strong></span> <span class='ocrx_word' id='word_1_830' title='bbox 2715 5021 2924 5068; x_wconf 81' lang='lat' dir='ltr'><strong>sanctus</strong></span> <span class='ocrx_word' id='word_1_831' title='bbox 2973 5013 3137 5087; x_wconf 72' lang='lat'><strong>519</strong></span> <span class='ocrx_word' id='word_1_832' title='bbox 3181 5023 3344 5070; x_wconf 84' lang='lat' dir='ltr'><strong>vester</strong></span> <span class='ocrx_word' id='word_1_833' title='bbox 3393 5029 3594 5078; x_wconf 82' lang='lat' dir='ltr'><strong>creans,</strong></span> 
     </span>
    </p>
   </div>
   <div class='ocr_carea' id='block_1_79' title="bbox 299 5105 3603 5192">
    <p class='ocr_par' dir='ltr' id='par_1_79' title="bbox 299 5105 3603 5192">
     <span class='ocr_line' id='line_1_79' title="bbox 299 5105 3603 5192; baseline -0.006 -14"><span class='ocrx_word' id='word_1_834' title='bbox 299 5130 495 5192; x_wconf 86' lang='lat' dir='ltr'><strong>perunt</strong></span> <span class='ocrx_word' id='word_1_835' title='bbox 516 5129 572 5176; x_wconf 90' lang='lat' dir='ltr'><strong>et</strong></span> <span class='ocrx_word' id='word_1_836' title='bbox 597 5118 808 5176; x_wconf 88' lang='lat' dir='ltr'><strong>videre.</strong></span> <span class='ocrx_word' id='word_1_837' title='bbox 832 5115 940 5174; x_wconf 88' lang='lat' dir='ltr'><strong>Sed</strong></span> <span class='ocrx_word' id='word_1_838' title='bbox 971 5129 1073 5172; x_wconf 87' lang='lat' dir='ltr'><strong>nos</strong></span> <span class='ocrx_word' id='word_1_839' title='bbox 1103 5115 1268 5171; x_wconf 82' lang='lat' dir='ltr'><strong>etiam</strong></span> <span class='ocrx_word' id='word_1_840' title='bbox 1299 5113 1416 5170; x_wconf 68' lang='lat' dir='ltr'><strong>huc</strong></span> <span class='ocrx_word' id='word_1_841' title='bbox 1442 5113 1509 5170; x_wconf 93' lang='lat' dir='ltr'><strong>de</strong></span> <span class='ocrx_word' id='word_1_842' title='bbox 1538 5113 1788 5184; x_wconf 80' lang='lat' dir='ltr'><strong>diSperso</strong></span> <span class='ocrx_word' id='word_1_843' title='bbox 1809 5113 1896 5168; x_wconf 88' lang='lat' dir='ltr'><strong>in-</strong></span> <span class='ocrx_word' id='word_1_844' title='bbox 2001 5107 2178 5166; x_wconf 82' lang='lat' dir='ltr'><strong>Israel</strong></span> <span class='ocrx_word' id='word_1_845' title='bbox 2205 5121 2299 5162; x_wconf 74' lang='lat' dir='ltr'><strong>rex</strong></span> <span class='ocrx_word' id='word_1_846' title='bbox 2325 5118 2506 5161; x_wconf 83' lang='lat' dir='ltr'><strong>vester.</strong></span> <span class='ocrx_word' id='word_1_847' title='bbox 2539 5105 2686 5164; x_wconf 80' lang='lat' dir='ltr'><strong>LXX</strong></span> <span class='ocrx_word' id='word_1_848' title='bbox 2716 5121 2728 5157; x_wconf 90' lang='lat'><strong>:</strong></span> <span class='ocrx_word' id='word_1_849' title='bbox 2764 5106 2854 5163; x_wconf 88' lang='lat' dir='ltr'><strong>Sic</strong></span> <span class='ocrx_word' id='word_1_850' title='bbox 2879 5106 3005 5162; x_wconf 86' lang='lat' dir='ltr'><strong>dicit</strong></span> <span class='ocrx_word' id='word_1_851' title='bbox 3039 5107 3292 5162; x_wconf 78' lang='lat' dir='ltr'><strong>Dominus</strong></span> <span class='ocrx_word' id='word_1_852' title='bbox 3319 5105 3479 5168; x_wconf 82' lang='lat' dir='ltr'><strong>Deus,</strong></span> <span class='ocrx_word' id='word_1_853' title='bbox 3509 5105 3603 5174; x_wconf 88' lang='lat' dir='ltr'><strong>qui</strong></span> 
     </span>
    </p>
   </div>
   <div class='ocr_carea' id='block_1_80' title="bbox 303 5195 3602 5290">
    <p class='ocr_par' dir='ltr' id='par_1_80' title="bbox 303 5195 3602 5290">
     <span class='ocr_line' id='line_1_80' title="bbox 303 5195 3602 5290; baseline -0.007 -18"><span class='ocrx_word' id='word_1_854' title='bbox 303 5214 618 5290; x_wconf 85' lang='lat' dir='ltr'><strong>telligamus</strong></span> <span class='ocrx_word' id='word_1_855' title='bbox 645 5214 834 5278; x_wconf 90' lang='lat' dir='ltr'><strong>lsrael,</strong></span> <span class='ocrx_word' id='word_1_856' title='bbox 858 5213 950 5285; x_wconf 89' lang='lat' dir='ltr'><strong>qui</strong></span> <span class='ocrx_word' id='word_1_857' title='bbox 973 5227 1197 5274; x_wconf 83' lang='lat' dir='ltr'><strong>vocatus</strong></span> <span class='ocrx_word' id='word_1_858' title='bbox 1218 5215 1292 5269; x_wconf 89' lang='lat' dir='ltr'><strong>sit</strong></span> <span class='ocrx_word' id='word_1_859' title='bbox 1321 5226 1414 5282; x_wconf 86' lang='lat' dir='ltr'><strong>per</strong></span> <span class='ocrx_word' id='word_1_860' title='bbox 1442 5209 1757 5280; x_wconf 80' lang='lat' dir='ltr'><strong>Apostolus,</strong></span> <span class='ocrx_word' id='word_1_861' title='bbox 1783 5205 1894 5276; x_wconf 86' lang='lat' dir='ltr'><strong>pri-</strong></span> <span class='ocrx_word' id='word_1_862' title='bbox 2001 5203 2217 5259; x_wconf 80' lang='lat' dir='ltr'><strong>redemit</strong></span> <span class='ocrx_word' id='word_1_863' title='bbox 2245 5219 2336 5261; x_wconf 88' lang='lat' dir='ltr'><strong>vos</strong></span> <span class='ocrx_word' id='word_1_864' title='bbox 2361 5210 2574 5259; x_wconf 85' lang='lat' dir='ltr'><strong>sanctus</strong></span> <span class='ocrx_word' id='word_1_865' title='bbox 2596 5199 2796 5256; x_wconf 82' lang='lat' dir='ltr'><strong>Israel:</strong></span> <span class='ocrx_word' id='word_1_866' title='bbox 2830 5199 3056 5268; x_wconf 81' lang='lat' dir='ltr'><strong>Propter</strong></span> <span class='ocrx_word' id='word_1_867' title='bbox 3077 5215 3164 5255; x_wconf 78' lang='lat' dir='ltr'><strong>vos</strong></span> <span class='ocrx_word' id='word_1_868' title='bbox 3191 5199 3474 5290; x_wconf 64' lang='lat' dir='ltr'><strong>mittentia</strong></span> <span class='ocrx_word' id='word_1_869' title='bbox 3491 5195 3602 5290; x_wconf 67' lang='lat' dir='ltr'><strong>lia-</strong></span> 
     </span>
    </p>
   </div>
   <div class='ocr_carea' id='block_1_81' title="bbox 301 5288 3602 5384">
    <p class='ocr_par' dir='ltr' id='par_1_81' title="bbox 301 5288 3602 5384">
     <span class='ocr_line' id='line_1_81' title="bbox 301 5288 3602 5384; baseline -0.008 -14"><span class='ocrx_word' id='word_1_870' title='bbox 301 5288 532 5384; x_wconf 82' lang='lat' dir='ltr'><strong>musque</strong></span> <span class='ocrx_word' id='word_1_871' title='bbox 553 5311 1101 5383; x_wconf 84' lang='lat' dir='ltr'><strong>crediderit;quibus</strong></span> <span class='ocrx_word' id='word_1_872' title='bbox 1132 5308 1370 5380; x_wconf 88' lang='lat' dir='ltr'><strong>loquitur</strong></span> <span class='ocrx_word' id='word_1_873' title='bbox 1403 5316 1457 5361; x_wconf 90' lang='lat' dir='ltr'><strong>et</strong></span> <span class='ocrx_word' id='word_1_874' title='bbox 1487 5303 1690 5360; x_wconf 85' lang='lat' dir='ltr'><strong>Paulus</strong></span> <span class='ocrx_word' id='word_1_875' title='bbox 1714 5299 1896 5356; x_wconf 86' lang='lat' dir='ltr'><strong>:Vobis</strong></span> <span class='ocrx_word' id='word_1_876' title='bbox 2008 5298 2266 5369; x_wconf 81' lang='lat' dir='ltr'><strong>bylonem,</strong></span> <span class='ocrx_word' id='word_1_877' title='bbox 2293 5306 2344 5353; x_wconf 85' lang='lat' dir='ltr'><strong>et</strong></span> <span class='ocrx_word' id='word_1_878' title='bbox 2374 5295 2634 5352; x_wconf 79' lang='lat' dir='ltr'><strong>suscitabo</strong></span> <span class='ocrx_word' id='word_1_879' title='bbox 2685 5297 2942 5367; x_wconf 73' lang='lat' dir='ltr'><strong>fugientes</strong></span> <span class='ocrx_word' id='word_1_880' title='bbox 2969 5293 3256 5356; x_wconf 75' lang='lat' dir='ltr'><strong>universos,</strong></span> <span class='ocrx_word' id='word_1_881' title='bbox 3291 5301 3338 5345; x_wconf 91' lang='lat' dir='ltr'><strong>et</strong></span> <span class='ocrx_word' id='word_1_882' title='bbox 3366 5288 3602 5344; x_wconf 67' lang='grc' dir='ltr'><strong>(Πισιάωὶ</strong></span> 
     </span>
    </p>
   </div>
   <div class='ocr_carea' id='block_1_82' title="bbox 303 5385 3608 5478">
    <p class='ocr_par' dir='ltr' id='par_1_82' title="bbox 303 5385 3608 5478">
     <span class='ocr_line' id='line_1_82' title="bbox 303 5385 3608 5478; baseline -0.005 -18"><span class='ocrx_word' id='word_1_883' title='bbox 303 5406 526 5475; x_wconf 77' lang='lat' dir='ltr'><strong>primunt</strong></span> <span class='ocrx_word' id='word_1_884' title='bbox 551 5406 782 5477; x_wconf 87' lang='lat' dir='ltr'><strong>oportuit</strong></span> <span class='ocrx_word' id='word_1_885' title='bbox 829 5405 1103 5478; x_wconf 72' lang='lat' dir='ltr'><strong>pru’dicari</strong></span> <span class='ocrx_word' id='word_1_886' title='bbox 1155 5415 1441 5459; x_wconf 85' lang='lat' dir='ltr'><strong>sermonem</strong></span> <span class='ocrx_word' id='word_1_887' title='bbox 1473 5396 1568 5454; x_wconf 88' lang='lat' dir='ltr'><strong>Dei</strong></span> <span class='ocrx_word' id='word_1_888' title='bbox 1597 5396 1734 5469; x_wconf 75' lang='lat' dir='ltr'><strong>(Act.</strong></span> <span class='ocrx_word' id='word_1_889' title='bbox 1782 5409 1900 5462; x_wconf 71' lang='lat' dir='ltr'><strong>sui,</strong></span> <span class='ocrx_word' id='word_1_890' title='bbox 2006 5393 2062 5449; x_wconf 87' lang='lat' dir='ltr'><strong>in</strong></span> <span class='ocrx_word' id='word_1_891' title='bbox 2106 5392 2317 5449; x_wconf 83' lang='lat' dir='ltr'><strong>navibus</strong></span> <span class='ocrx_word' id='word_1_892' title='bbox 2359 5391 2666 5448; x_wconf 86' lang='lat' dir='ltr'><strong>vincientur.</strong></span> <span class='ocrx_word' id='word_1_893' title='bbox 2734 5389 2852 5464; x_wconf 84' lang='lat' dir='ltr'><strong>Ego</strong></span> <span class='ocrx_word' id='word_1_894' title='bbox 2904 5389 3160 5444; x_wconf 77' lang='lat' dir='ltr'><strong>Dominus</strong></span> <span class='ocrx_word' id='word_1_895' title='bbox 3204 5385 3347 5478; x_wconf 76' lang='lat' dir='ltr'><strong>Dens</strong></span> <span class='ocrx_word' id='word_1_896' title='bbox 3397 5393 3608 5442; x_wconf 86' lang='lat' dir='ltr'><strong>sanctus</strong></span> 
     </span>
    </p>
   </div>
   <div class='ocr_carea' id='block_1_83' title="bbox 303 5477 3604 5568">
    <p class='ocr_par' dir='ltr' id='par_1_83' title="bbox 303 5477 3604 5568">
     <span class='ocr_line' id='line_1_83' title="bbox 303 5477 3604 5568; baseline -0.005 -18"><span class='ocrx_word' id='word_1_897' title='bbox 303 5496 417 5568; x_wconf 71' lang='grc'><strong>46).</strong></span> <span class='ocrx_word' id='word_1_898' title='bbox 447 5498 512 5553; x_wconf 80' lang='lat' dir='ltr'><strong>Et</strong></span> <span class='ocrx_word' id='word_1_899' title='bbox 534 5491 657 5567; x_wconf 90' lang='lat' dir='ltr'><strong>ipse</strong></span> <span class='ocrx_word' id='word_1_900' title='bbox 690 5477 954 5554; x_wconf 83' lang='lat' dir='ltr'><strong>Dominus</strong></span> <span class='ocrx_word' id='word_1_901' title='bbox 979 5499 1030 5550; x_wconf 91' lang='lat' dir='ltr'><strong>in</strong></span> <span class='ocrx_word' id='word_1_902' title='bbox 1075 5493 1368 5565; x_wconf 80' lang='lat' dir='ltr'><strong>Evangelia</strong></span> <span class='ocrx_word' id='word_1_903' title='bbox 1396 5509 1409 5546; x_wconf 91' lang='lat'>:</span> <span class='ocrx_word' id='word_1_904' title='bbox 1441 5488 1522 5544; x_wconf 83' lang='lat' dir='ltr'><strong>Ile</strong></span> <span class='ocrx_word' id='word_1_905' title='bbox 1545 5487 1612 5542; x_wconf 88' lang='lat' dir='ltr'><strong>ad</strong></span> <span class='ocrx_word' id='word_1_906' title='bbox 1643 5503 1759 5541; x_wconf 84' lang='lat' dir='ltr'><strong>oves</strong></span> <span class='ocrx_word' id='word_1_907' title='bbox 1789 5501 1904 5556; x_wconf 75' lang='grc' dir='ltr'><strong>ρετ·</strong></span> <span class='ocrx_word' id='word_1_908' title='bbox 2011 5485 2200 5553; x_wconf 85' lang='lat' dir='ltr'><strong>Israel,</strong></span> <span class='ocrx_word' id='word_1_909' title='bbox 2233 5487 2320 5556; x_wconf 89' lang='lat' dir='ltr'><strong>qui</strong></span> <span class='ocrx_word' id='word_1_910' title='bbox 2371 5484 2588 5568; x_wconf 56' lang='lat' dir='ltr'><strong>ostendi</strong></span> <span class='ocrx_word' id='word_1_911' title='bbox 2618 5481 2785 5538; x_wconf 84' lang='lat' dir='ltr'><strong>Israel</strong></span> <span class='ocrx_word' id='word_1_912' title='bbox 2815 5498 2984 5554; x_wconf 87' lang='lat' dir='ltr'><strong>regem</strong></span> <span class='ocrx_word' id='word_1_913' title='bbox 3015 5487 3257 5533; x_wconf 82' lang='lat' dir='ltr'><strong>vestrum.</strong></span> <span class='ocrx_word' id='word_1_914' title='bbox 3289 5477 3450 5532; x_wconf 80' lang='lat' dir='ltr'><strong>Juxta</strong></span> <span class='ocrx_word' id='word_1_915' title='bbox 3494 5479 3604 5534; x_wconf 82' lang='lat' dir='ltr'><strong>lic-</strong></span> 
     </span>
    </p>
   </div>
   <div class='ocr_carea' id='block_1_84' title="bbox 307 5551 3612 5665">
    <p class='ocr_par' dir='ltr' id='par_1_84' title="bbox 307 5551 3612 5665">
     <span class='ocr_line' id='line_1_84' title="bbox 307 5551 3612 5665; baseline -0.008 -14"><span class='ocrx_word' id='word_1_916' title='bbox 307 5551 437 5650; x_wconf 54' lang='lat' dir='ltr'><strong>diias</strong></span> <span class='ocrx_word' id='word_1_917' title='bbox 686 5551 860 5650; x_wconf 70' lang='lat' dir='ltr'><strong>Israel</strong></span> <span class='ocrx_word' id='word_1_918' title='bbox 902 5589 1120 5665; x_wconf 85' lang='lat' dir='ltr'><strong>(Matth.</strong></span> <span class='ocrx_word' id='word_1_919' title='bbox 1150 5606 1206 5660; x_wconf 80' lang='grc' dir='ltr'><strong>ι,</strong></span> <span class='ocrx_word' id='word_1_920' title='bbox 1228 5551 1315 5661; x_wconf 62' lang='lat' dir='ltr'><strong>l3).</strong></span> <span class='ocrx_word' id='word_1_921' title='bbox 1345 5587 1587 5657; x_wconf 86' lang='lat' dir='ltr'><strong>Denique</strong></span> <span class='ocrx_word' id='word_1_922' title='bbox 1615 5551 1904 5665; x_wconf 77' lang='lat' dir='ltr'><strong>sequitur:</strong></span> <span class='ocrx_word' id='word_1_923' title='bbox 2011 5551 2258 5639; x_wconf 82' lang='lat' dir='ltr'><strong>braicum</strong></span> <span class='ocrx_word' id='word_1_924' title='bbox 2284 5579 2462 5635; x_wconf 87' lang='lat' dir='ltr'><strong>adhuc</strong></span> <span class='ocrx_word' id='word_1_925' title='bbox 2506 5551 2777 5632; x_wconf 57' lang='lat' dir='ltr'><strong>adlsrael</strong></span> <span class='ocrx_word' id='word_1_926' title='bbox 2811 5551 3164 5665; x_wconf 78' lang='lat' dir='ltr'><strong>propheticus</strong></span> <span class='ocrx_word' id='word_1_927' title='bbox 3205 5586 3392 5627; x_wconf 85' lang='lat' dir='ltr'><strong>sermo</strong></span> <span class='ocrx_word' id='word_1_928' title='bbox 3419 5571 3612 5643; x_wconf 81' lang='lat' dir='ltr'><strong>dirigi-</strong></span> 
     </span>
    </p>
   </div>
   <div class='ocr_carea' id='block_1_85' title="bbox 308 5658 3618 5760">
    <p class='ocr_par' dir='ltr' id='par_1_85' title="bbox 308 5658 3618 5760">
     <span class='ocr_line' id='line_1_85' title="bbox 308 5658 3618 5760; baseline -0.005 -20"><span class='ocrx_word' id='word_1_929' title='bbox 308 5684 498 5744; x_wconf 79' lang='lat' dir='ltr'><strong>Otunes</strong></span> <span class='ocrx_word' id='word_1_930' title='bbox 528 5697 708 5760; x_wconf 75' lang='lat' dir='ltr'><strong>genus</strong></span> <span class='ocrx_word' id='word_1_931' title='bbox 755 5658 1218 5758; x_wconf 62' lang='lat' dir='ltr'><strong>congregatarum</strong></span> <span class='ocrx_word' id='word_1_932' title='bbox 1237 5658 1415 5751; x_wconf 86' lang='lat' dir='ltr'><strong>simul,</strong></span> <span class='ocrx_word' id='word_1_933' title='bbox 1445 5691 1494 5737; x_wconf 81' lang='lat' dir='ltr'><strong>et</strong></span> <span class='ocrx_word' id='word_1_934' title='bbox 1538 5658 1767 5736; x_wconf 64' lang='lat' dir='ltr'><strong>collecta</strong></span> <span class='ocrx_word' id='word_1_935' title='bbox 1787 5684 1908 5732; x_wconf 80' lang='lat' dir='ltr'><strong>sunt</strong></span> <span class='ocrx_word' id='word_1_936' title='bbox 2015 5685 2124 5740; x_wconf 87' lang='lat' dir='ltr'><strong>tur,</strong></span> <span class='ocrx_word' id='word_1_937' title='bbox 2183 5667 2348 5744; x_wconf 82' lang='lat' dir='ltr'><strong>quod</strong></span> <span class='ocrx_word' id='word_1_938' title='bbox 2379 5672 2702 5742; x_wconf 85' lang='lat' dir='ltr'><strong>redemptor</strong></span> <span class='ocrx_word' id='word_1_939' title='bbox 2744 5681 2934 5723; x_wconf 89' lang='lat' dir='ltr'><strong>eorum</strong></span> <span class='ocrx_word' id='word_1_940' title='bbox 2977 5663 3240 5721; x_wconf 83' lang='lat' dir='ltr'><strong>Dominus</strong></span> <span class='ocrx_word' id='word_1_941' title='bbox 3291 5671 3348 5720; x_wconf 89' lang='lat' dir='ltr'><strong>et</strong></span> <span class='ocrx_word' id='word_1_942' title='bbox 3396 5676 3618 5723; x_wconf 83' lang='lat' dir='ltr'><strong>sanctus</strong></span> 
     </span>
    </p>
   </div>
   <div class='ocr_carea' id='block_1_86' title="bbox 384 5846 3624 5948">
    <p class='ocr_par' dir='ltr' id='par_1_86' title="bbox 384 5846 3624 5948">
     <span class='ocr_line' id='line_1_86' title="bbox 384 5846 3624 5948; baseline -0.005 -24"><span class='ocrx_word' id='word_1_943' title='bbox 384 5873 409 5904; x_wconf 76' lang='lat'><strong>&quot;</strong></span> <span class='ocrx_word' id='word_1_944' title='bbox 437 5866 598 5936; x_wconf 84' lang='lat' dir='ltr'><strong>Quod</strong></span> <span class='ocrx_word' id='word_1_945' title='bbox 629 5877 832 5922; x_wconf 88' lang='lat' dir='ltr'><strong>nomen</strong></span> <span class='ocrx_word' id='word_1_946' title='bbox 866 5865 1105 5936; x_wconf 70' lang='lat' dir='ltr'><strong>positum</strong></span> <span class='ocrx_word' id='word_1_947' title='bbox 1153 5871 1286 5919; x_wconf 83' lang='lat' dir='ltr'><strong>esta</strong></span> <span class='ocrx_word' id='word_1_948' title='bbox 1313 5855 1478 5948; x_wconf 65' lang='grc' dir='ltr'><strong>ωιχ.</strong></span> <span class='ocrx_word' id='word_1_949' title='bbox 1526 5859 1794 5916; x_wconf 75' lang='lat' dir='ltr'><strong>Caeterum</strong></span> <span class='ocrx_word' id='word_1_950' title='bbox 1829 5853 1977 5928; x_wconf 85' lang='lat' dir='ltr'><strong>paria</strong></span> <span class='ocrx_word' id='word_1_951' title='bbox 2006 5853 2077 5913; x_wconf 86' lang='lat' dir='ltr'><strong>de</strong></span> <span class='ocrx_word' id='word_1_952' title='bbox 2104 5851 2242 5910; x_wconf 80' lang='lat' dir='ltr'><strong>Saba</strong></span> <span class='ocrx_word' id='word_1_953' title='bbox 2285 5851 2336 5906; x_wconf 91' lang='lat' dir='ltr'><strong>in</strong></span> <span class='ocrx_word' id='word_1_954' title='bbox 2385 5849 2529 5906; x_wconf 87' lang='lat' dir='ltr'><strong>hunc</strong></span> <span class='ocrx_word' id='word_1_955' title='bbox 2580 5862 2796 5919; x_wconf 82' lang='lat' dir='ltr'><strong>quoque</strong></span> <span class='ocrx_word' id='word_1_956' title='bbox 2848 5847 3028 5906; x_wconf 85' lang='lat' dir='ltr'><strong>locum</strong></span> <span class='ocrx_word' id='word_1_957' title='bbox 3071 5846 3338 5908; x_wconf 61' lang='lat' dir='ltr'><strong>Etlacblﬂi</strong></span> <span class='ocrx_word' id='word_1_958' title='bbox 3378 5849 3624 5908; x_wconf 81' lang='lat' dir='ltr'><strong>disserit.</strong></span> 
     </span>
    </p>
   </div>
  </div>
