4096 6330
242 319 343 376 ιδδ

789 315 1438 377 COMMENTARIORUM
1479 318 1545 376 IN
1569 318 1818 378 ~lSAlAM
1857 321 2282 380 PROPHETAM
2328 324 2461 382 LIB.
2503 325 2622 385 XII.
2663 327 2821 386 CAP.
2866 329 3052 388 XLIV.

3441 326 3549 394 454

244 449 348 495 ιειιι
379 436 691 494 arbitraris
728 437 992 493 obtulisse
1020 444 1071 492 te
1106 435 1243 493 milii
1273 439 1550 506 victimas,
1582 448 1638 495 et
1663 437 1866 496 arietes
1892 441 1941 502 Α
1971 456 2102 513 ergo
2129 442 2174 497 si
2226 441 2355 515 quid
2389 444 2582 514 habes,
2625 461 2678 504 ut
2717 452 3064 524 justiﬁccris,
3099 458 3168 516 Et
3195 471 3276 518 ρει
3324 478 3565 524 sensus:

245 533 591 594 immolasse.
625 535 772 588 scias
793 548 888 588 eos
917 547 947 585 a
976 548 1061 588 me
1088 548 1196 587 non
1238 547 1361 588 esse
1388 547 1704 604 susceptos.
1735 535 1861 605 quia

244 627 373 684 mibi
403 639 458 682 et
485 627 658 683 idolis
683 641 1002 682 communes
1028 637 1206 682 erant.
1237 626 1504 698 Illumque
1524 641 1746 683 sensum
1778 643 1863 684 re-

246 724 400 796 petit,
431 722 507 777 de
536 737 654 791 quo
681 737 847 792 supra
893 721 1142 777 dixerat:
1182 718 1251 776 Ut
1293 721 1418 790 quid
1455 719 1586 775 mihi
1625 721 1864 775 multitu-

248 817 423 871 dinem
451 816 796 870 uictimarum
839 829 1147 877 vestrarum.
1180 815 1306 869 dicit
1347 813 1638 870 Donnnus?
1667 815 1867 870 Plenus

244 930 356 968 sum
379 911 703 966 holocausta
724 911 970 975 arietum,
1005 921 1052 966 et
1082 911 1240 983 adipe
1267 927 1542 983 agnorum,
1579 920 1626 966 et
1651 911 1866 984 sangui-

246 1026 358 1064 nem
382 1019 666 1062 taurorum
691 1017 739 1061 et
759 1006 1026 1060 hircorum
1051 1006 1194 1060 nolo.
1217 1003 1403 1074 Neque
1424 1004 1592 1064 enim,
1615 1005 1713 1071 ait,
1748 1019 1868 1073 pre-

249 1101 450 1157 tiosum
481 1116 514 1156 a
550 1111 605 1156 te
634 1099 916 1171 quippiam
947 1098 1210 1169 requisivi
1237 1116 1250 1151 :
1284 1106 1344 1152 ut
1372 1097 1425 1152 itt
1461 1095 1721 1167 parandis
1761 1096 1862 1164 cis,

249 1195 508 1252 laborare
544 1207 597 1252 te
622 1195 885 1252 facerem.
931 1193 1047 1250 Νυιι
1079 1195 1231 1266 exegi
1261 1209 1290 1247 a
1325 1205 1377 1249 te
1403 1193 1732 1259 oblationes,
1765 1207 1868 1249 nec

253 1291 414 1348 thura
445 1291 724 1360 qttzrsivi:
769 1296 890 1346 non’
907 1290 1202 1353 calamum,
1251 1306 1429 1362 neque
1477 1290 1782 1355 incensum,
1812 1298 1868 1345 et

253 1384 469 1441 diversa
505 1386 788 1456 pigmenta
833 1387 1078 1456 generis,
1120 1399 1350 1455 quorum
1381 1383 1545 1456 522
1575 1381 1722 1437 fumo
1746 1385 1864 1439 ine-

259 1478 474 1536 briares
501 1495 593 1534 me
619 1488 784 1548 atque
813 1480 1061 1533 saliares.
1087 1479 1192 1534 Sed
1217 1477 1612 1543 οΙιειΙιειιιιεοιιι,
1634 1493 1756 1548 qua:
1782 1484 1867 1532 est

254 1587 421 1644 Supra
449 1573 822 1628 Sacriﬁcium:
853 1580 909 1628 et
936 1571 1290 1636 sacrilicinm,
1322 1571 1392 1626 de
1413 1585 1520 1641 quo
1548 1569 1599 1625 in
1631 1568 1866 1625 Psalmis

256 1665 424 1722 David
455 1665 633 1722 dicit:
686 1666 1018 1735 Sacriﬁcium
1057 1663 1170 1720 Deo
1199 1664 1414 1737 spiritus
1443 1662 1824 1718 contribulatus
1848 1680 1866 1717 :

255 1777 344 1817 cor
388 1761 680 1816 contritum
723 1770 772 1816 et
804 1760 1138 1814 ltumiliatum
1180 1757 1324 1813 Deus
1365 1775 1468 1812 non
1495 1757 1713 1826 despicit
1741 1754 1866 1827 (Ps.

1967 537 2081 608 Ego
2105 553 2212 593 n0n
2239 539 2432 611 loquar
2457 544 2605 614 prior
2641 561 2834 606 contra
2865 561 2937 617 te,
2974 570 3042 610 ne
3064 571 3388 626 oppressum
3437 577 3564 620 esse

1965 639 2019 686 te
2055 631 2209 687 dicas
2239 636 2694 704 multiplicatione
2737 659 3085 716 sermonum;
3116 651 3214 708 sed
3245 665 3304 708 ut
3345 655 3391 710 si
3430 659 3562 728 quid

1961 723 2092 796 justi
2127 726 2314 790 babes.
2367 730 2484 800 ipse
2537 749 2633 801 pro
2663 745 2714 792 te
2763 736 3020 807 loquere;
3078 753 3140 798 ut
3189 723 3566 806 vitlearls'ista

1967 833 2087 890 qua:
2120 823 2342 892 pateris,
2374 823 2648 883 immerito
2678 833 2978 891 sustinere.
3009 837 3071 891 Et
3101 849 3158 892 ut
3179 842 3322 896 scias
3348 857 3434 897 me
3464 845 3566 899 mi.

1966 916 2137 970 Sereri
2171 917 2270 982 tui,
2305 934 2410 973 non
2433 923 2502 976 ob
2531 925 2782 981 meritum
2816 937 2988 994 tunm,
3015 933 3110 987 sed
3137 945 3362 1003 propter
3388 953 3563 994 meam

1969 1007 2343 1075 clementiam,
2376 1029 2405 1066 a
2449 1016 2701 1084 patribus
2728 1020 2834 1073 tuis
2866 1033 3112 1086 repetam
3143 1038 3308 1098 atque
3348 1031 3571 1098 majori-

1967 1100 2094 1168 bus,
2127 1116 2182 1157 ut
2209 1103 2481 1178 intelligas
2513 1117 2564 1164 te
2586 1126 2614 1162 a
2645 1114 3026 1182 peccatoribus
3054 1133 3180 1175 esse
3200 1135 3524 1193 generatum
3552 1141 3568 1179 :

1973 1197 2131 1254 Pater
2150 1209 2266 1255 tuus
2286 1203 2486 1273 primus
2511 1207 2741 1274 peccauit
2763 1209 2818 1262 in
2848 1209 3180 1267 solitudine:
3208 1217 3389 1270 omnis
3413 1216 3570 1273 vide.

1971 1292 2098 1350 licet
2125 1297 2355 1366 p0pulus
2383 1295 2575 1354 l~rac|.
2594 1299 2722 1355 Sive
2745 1312 2940 1357 aut-tor
2955 1305 3173 1374 generis
3204 1307 3568 1364 tuiAbrabam

1971 1402 2228 1459 peccasse
2251 1392 2618 1460 convincitur,
2646 1394 2868 1461 quando
2899 1397 3129 1452 llonnno
3153 1410 3350 1455 tcrratu
3383 1417 3574 1470 repro-

1971 1483 2252 1538 missionis
2277 1485 2474 1539 semini
2512 1485 2660 1541 illius
2692 1488 3009 1556 pollicente,
3040 1493 3358 1562 respondit:
3386 1491 3451 1548 In
3472 1511 3574 1564 quo

1969 1574 2130 1628 sciam
2154 1578 2276 1646 quia
2307 1576 2576 1645 possidebo
2599 1581 2757 1635 eam?
2800 1580 2866 1635 Et
2893 1583 3218 1650 interpretes,
3255 1584 3452 1656 inquit,
3495 1587 3573 1639 tui

1971 1670 2294 1741 pramaricati
2321 1681 2440 1726 sunt
2467 1673 2522 1726 in
2551 1689 2631 1726 me
2659 1671 2871 1747 (Genes.
2893 1691 2984 1739 xv,
3015 1674 3109 1749 8):
3147 1684 3326 1734 Aaron
3349 1688 3404 1733 et
3425 1679 3578 1752 Moy-

1971 1779 2060 1820 ses
2088 1764 2157 1820 ad
2212 1780 2405 1836 aquam
2453 1767 2932 1833 contradictionis,
2979 1769 3075 1842 qui
3125 1771 3271 1827 inter
3304 1787 3391 1828 me
3434 1784 3488 1828 et
3520 1782 3576 1830 te

258 1872 313 1923 ι,
349 1857 463 1925 15).
497 1855 592 1910 illa
629 1854 798 1912 volui.
828 1855 919 1910 illa
951 1854 1198 1926 qlta‘SiVi.
1223 1853 1302 1908 Τιι
1329 1863 1514 1907 autem
1540 1867 1627 1906 me
1659 1851 1866 1906 εθΐνίτθ
1900 1865 1941 1923 Β
1975 1861 2138 1916 medii
2170 1861 2533 1932 loquebantur
2565 1862 2760 1930 (Exod.
2806 1865 2959 1935 xvtt).
2997 1865 3063 1920 Et
3108 1876 3163 1919 ut
3196 1865 3570 1933 intelligamus

258 1959 312 2006 et
335 1949 590 2003 laborare
620 1948 799 2002 fecisti
831 1949 880 2002 in
909 1947 1149 2018 peccatis
1173 1947 1302 2014 tuis,
1325 1959 1379 2000 ιιι
1398 1961 1624 2016 cogerer
1646 1944 1867 2000 dicere:

261 2041 518 2099 Laboraui
542 2046 845 2109 sustinens;
873 2052 929 2098 ct
955 2058 1297 2114 nequaquam
1325 2042 1468 2096 ultra
1499 2043 1642 2096 ferre
1669 2051 1724 2095 te
1747 2053 1872 2107 pos-

261 2153 398 2194 sum.
449 2137 614 2195 Unde
642 2147 700 2194 et
746 2153 842 2206 per
872 2136 1013 2192 Osee
1043 2138 1184 2191 idem
1237 2136 1478 2204 loquitur
1517 2134 1694 2188 Deus:
1730 2133 1871 2201 Quid

263 2235 348 2289 tibi
377 2234 594 2299 faciam,
621 2231 913 2302 Ephraim:
942 2244 1210 2304 protegam
1235 2243 1306 2297 te,
1335 2229 1502 2286 Israel
1526 2228 1672 2301 (Ose.
1689 2243 1764 2294 xl,
1788 2226 1872 2300 8)?

263 2328 399 2394 Ouid
433 2327 530 2382 tibi
558 2326 755 2381 faciam
778 2328 802 2380 ?
823 2328 975 2397 quasi
1004 2327 1269 2381 Adamom
1298 2341 1494 2396 ponam
1528 2337 1604 2388 te.
1635 2333 1683 2379 et
1715 2321 1872 2393 quasi

265 2421 518 2479 Seboim?
546 2422 703 2489 Quod
729 2431 912 2476 autem
944 2419 1084 2475 LXX
1111 2428 1432 2490 posuerunt,
1457 2419 1547 2472 sed
1568 2417 1621 2471 in
1650 2416 1875 2487 peccatis

265 2519 362 2573 tuis
383 2518 601 2589 defendi
623 2528 693 2584 te,
714 2527 763 2573 et
785 2515 1144 2587 iniguitatibus
1172 2517 1294 2582 tuis,
1314 2517 1395 2568 sic
1420 2523 1598 2584 potest
1626 2511 1876 2583 superio-

266 2614 416 2671 ribus
442 2615 723 2686 copulari,
755 2623 814 2669 ut
854 2612 1012 2669 labor
1038 2615 1111 2668 sit
1137 2611 1256 2680 Dei,
1307 2621 1362 2668 et
1391 2609 1658 2666 lassitudo
1685 2606 1877 2664 defen-

269 2709 396 2767 dere
428 2721 775 2778 peccatores.

334 2805 522 2876 (Vers.
553 2805 654 2868 ΞΒ.
685 2805 758 2860 26
787 2802 974 2876 seqq.)
1005 2803 1120 2873 Ego
1163 2819 1304 2871 sum,
1336 2818 1430 2878 ego
1454 2817 1570 2855 sum
1611 2801 1740 2874 ipse,
1789 2801 1876 2870 qui

271 2901 412 2954 deleo
433 2899 736 2968 iniquitates
761 2909 876 2952 tuas
893 2909 1103 2971 propter
1133 2914 1234 2962 me,
1252 2907 1299 2950 et
1314 2908 1648 2969 peccatorum
1668 2905 1878 2947 tuorum

271 3010 371 3050 non
401 2993 737 3050 recordabar.
766 2991 948 3048 Reduc
973 3009 1053 3046 me
1077 2991 1132 3046 in
1160 2991 1482 3057 memoriam,
1513 3000 1569 3043 ut
1587 2989 1880 3058 iudicemur

272 3087 466 3144 simul:
495 3104 659 3142 narra
686 3087 732 3141 si
775 3087 902 3156 quid
930 3086 1083 3140 habes
1112 3096 1167 3140 ut
1198 3085 1528 3160 justiﬁceris.
1579 3082 1737 3138 Pater
1761 3092 1879 3137 tuus

275 3181 472 3254 primus
504 3180 752 3251 peccavit,
781 3189 833 3235 et
875 3179 1179 3252 interpretes
1203 3178 1280 3236 tui
1323 3178 1653 3252 prwraricati
1680 3187 1798 3232 sunt
1826 3177 1880 3231 in

1973 1969 2081 2011 non
2115 1969 2238 2010 esse
2263 1955 2561 2012 violentcm
2586 1958 3010 2026 expositionem,
3037 1960 3318 2031 sequitur:
3353 1958 3422 2016 Et
3447 1979 3574 2017 con-

1973 2049 2220 2104 taminari
2262 2051 2520 2119 principes
2567 2062 2795 2118 sanctos,
2825 2053 2894 2108 de
2945 2054 3143 2121 quibus
3181 2058 3320 2111 etin
3370 2061 3580 2128 psalmo

1973 2146 2227 2200 canitur:
2285 2142 2528 2214 Absorpti
2563 2156 2685 2200 sunt
2731 2146 2882 2217 inccta
2911 2157 3111 2220 petram
3154 2149 3361 2219 jndices
3397 2168 3575 2206 eorum

1975 2236 2099 2309 (Ps.
2131 2252 2258 2302 cn,
2321 2237 2397 2308 6).
2431 2238 2576 2307 Quos
2628 2239 2833 2295 idcirco
2882 2243 3284 2299 contaminasse
3313 2259 3375 2301 se
3421 2246 3578 2312 dicit,

1974 2332 2115 2402 quod
2153 2345 2350 2388 terram
2397 2334 2844 2403 repromissionis
2876 2351 2982 2390 non
3019 2337 3367 2393 intraverint.
3407 2334 3573 2394 Dedi-

1974 2444 2075 2500 que
2098 2428 2166 2481 ad
2192 2429 2590 2483 internecionem
2617 2425 2809 2494 Jacob,
2829 2440 2876 2483 et
2905 2427 3074 2484 Israel
3097 2431 3151 2484 in
3175 2432 3587 2499 blasphemiam;

1978 2532 2036 2577 ut
2063 2523 2268 2585 nullus,
2304 2533 2504 2592 printer
2526 2522 2665 2576 duos
2689 2538 2754 2576 ex
2787 2522 2873 2576 Itis
2897 2524 2990 2593 qui
3015 2524 3082 2578 de
3107 2523 3345 2596 Egypto
3373 2525 3585 2596 egre-ssi

1978 2623 2158 2676 erant,
2192 2617 2422 2666 intraret
2451 2613 2502 2666 in
2529 2613 2775 2668 Judaeum
2802 2630 2816 2666 :
2849 2615 2943 2666 sed
2990 2614 3256 2670 cadavera
3287 2632 3476 2672 eorum
3503 2617 3589 2686 ja-

1979 2716 2166 2760 cerent
2206 2705 2260 2760 in
2291 2704 2604 2761 solitudine.
2640 2705 2802 2762 Juxta
2835 2705 2998 2775 LXX,
3043 2710 3134 2778 qtti
3165 2709 3492 2766 addiderunt
3517 2711 3587 2766 de

1979 2810 2110 2850 suo:
2158 2796 2257 2851 Dic
2284 2810 2339 2851 tu
2369 2798 2514 2870 prior
2541 2799 2842 2867 iniquitates
2874 2812 3015 2865 tuas,
3051 2812 3107 2855 ut
3137 2802 3469 2875 justi/Soeris,
3516 2802 3586 2858 ad

1978 2892 2362 2961 paenitentiam
2395 2907 2492 2948 eos
2520 2902 2785 2964 provocat
2827 2893 2993 2962 Deus,
3027 2911 3081 2951 ut
3119 2899 3426 2969 intelligant
3469 2913 3590 2955 sce-

1982 2985 2096 3039 lera
2148 3000 2243 3039 sua
2274 2995 2437 3055 atquc
2491 2997 2734 3053 peet'ata,
2785 2999 2843 3043 et
2888 2991 3103 3044 veniam
3158 3003 3585 3062 consequantur.

1982 3080 2257 3150 Scriptum
2290 3092 2372 3136 est
2404 3083 2550 3136 enim
2591 3092 2647 3138 et
2671 3083 2723 3137 in
2763 3084 2871 3139 alio
2898 3083 3057 3141 loco:
3105 3085 3289 3141 Justus
3313 3097 3587 3142 accusator

1983 3178 2067 3231 sui
2093 3186 2166 3232 est
2195 3177 2247 3230 in
2297 3177 2554 3250 principio
2600 3179 2848 3233 sermonis
2875 3178 3058 3249 (Prov.
3087 3197 3240 3240 xvm.
3270 3181 3382 3252 l7).
3437 3180 3597 3236 Ptin-

277 3290 373 3329 tne.
401 3273 468 3328 Et
495 3273 843 3328 contaminari
867 3273 1126 3342 principes
1152 3284 1383 3339 sanctos,
1414 3270 1538 3325 dedi
1557 3271 1625 3324 ad
1655 3271 1876 3324 interne-
1906 3267 1952 3332 C
1983 3271 2245 3342 cipesque
2289 3286 2480 3326 eorum
2527 3282 2579 3327 et
2631 3283 2811 3342 patres
2842 3273 3098 3330 dicuntur
3129 3275 3345 3330 Domini
3400 3285 3594 3332 saucia

279 3368 478 3421 cionem
503 3366 693 3430 Jacob,
728 3376 777 3420 et
817 3364 989 3421 Israel
1017 3367 1072 3420 in
1120 3365 1519 3436 blasphemiam.
1555 3363 1732 3420 LXX:
1769 3364 1881 3437 Ego

281 3475 409 3518 sum.
443 3476 538 3532 ego
567 3476 682 3514 sum
711 3459 802 3530 qui
831 3459 978 3514 deleo
1007 3460 1310 3532 iniquitates
1337 3473 1471 3523 tuas,
1503 3469 1552 3514 et
1581 3477 1683 3514 non
1713 3477 1884 3514 recor-

283 3553 460 3608 dabar.
493 3553 574 3608 'I‘u
601 3570 722 3608 vero
753 3565 1028 3616 memento,
1067 3564 1116 3607 et
1132 3555 1454 3627 judicemur.
1485 3552 1583 3608 Dic
1611 3567 1664 3609 tu
1690 3555 1886 3625 iniqui-

285 3658 410 3704 tates
459 3661 576 3704 tuas
623 3651 843 3721 printus,
877 3660 936 3703 ut
967 3650 1296 3721 justiﬁceris.
1352 3649 1539 3704 Patres
1566 3651 1721 3704 vestri
1765 3667 1885 3721 pec-

285 3753 546 3807 caverunt,
588 3752 637 3798 et
668 3745 929 3812 principes
957 3746 1111 3798 vestri
1164 3745 1341 3815 inique
1368 3757 1579 3811 egerunt
1607 3744 1663 3798 in
1709 3761 1807 3808 me,
1837 3753 1886 3798 et

288 3838 765 3892 contaminaeerunt
794 3819 1056 3910 principes
1080 3849 1259 3891 sancta
1289 3853 1421 3890 mea.
1455 3835 1520 3891 Et
1549 3837 1670 3890 dedi
1699 3847 1753 3890 ut
1777 3853 1889 3905 per-

289 3931 460 3987 derem
491 3930 676 3993 Iacob.
702 3942 750 3986 et
783 3931 949 3985 Israel
969 3931 1023 3984 in
1048 3931 1409 4000 opprobrium.
1439 3929 1520 3985 Tu
1548 3946 1654 3991 me,
1689 3929 1886 3998 inquit,

291 4025 455 4082 Jacob
482 4040 538 4082 et
569 4027 757 4092 Israel,
801 4026 1054 4080 laborare
1081 4024 1260 4081 fecisti
1300 4026 1352 4078 iu
1405 4024 1646 4091 peccatis
1675 4026 1804 4088 tuis,
1834 4031 1891 4077 et

293 4135 455 4177 onera
500 4121 853 4191 iniquitatem
885 4130 1101 4173 tuarum
1150 4128 1368 4187 portare
1415 4120 1506 4170 vix
1549 4117 1720 4186 potui,
1755 4130 1891 4186 quos

291 4228 636 4286 nequaquam
679 4226 871 4266 servos
904 4226 1054 4264 meos
1081 4225 1180 4265 nec
1217 4224 1416 4279 pueros
1445 4223 1605 4273 voco,
1633 4207 1728 4263 si'd
1761 4208 1894 4262 sim-

296 4308 416 4378 plici
450 4306 670 4378 appello
701 4306 920 4360 nomine
945 4304 1115 4361 Iacob
1137 4315 1190 4359 et
1216 4302 1406 4368 Israel,
1441 4313 1499 4356 ut
1528 4303 1812 4357 ostendam
1839 4310 1897 4358 et

294 4415 510 4472 arguam
562 4411 902 4472 peccatores.
941 4403 1052 4471 ligo
1104 4412 1288 4455 autem
1339 4410 1560 4470 propter
1603 4415 1713 4466 me,
1767 4399 1896 4468 quia

300 4499 616 4553 misericors
646 4511 764 4550 sum
792 4504 850 4551 et
893 4497 1128 4566 patiens,
1159 4489 1214 4550 et
1261 4495 1554 4550 multarum
1586 4495 1899 4550 miseratio-

1985 3367 2246 3430 violasse,
2280 3381 2387 3421 non
2419 3369 2722 3423 servientes
2756 3368 2884 3440 Legi
2913 3369 3039 3425 Dei:
3068 3370 3165 3426 sed
3195 3371 3520 3426 traditiones
3539 3379 3596 3427 et

1991 3460 2243 3516 mandata
2272 3461 2552 3516 hominum
2587 3463 2930 3531 requirentes
2957 3483 2971 3519 :
3017 3475 3243 3534 propter
3268 3480 3406 3535 quos
3435 3465 3600 3536 periit

1986 3555 2182 3620 Iacob,
2212 3563 2268 3610 et
2299 3555 2351 3609 in
2379 3555 2733 3626 opprobrium
2763 3556 2923 3612 datus
2951 3570 3033 3611 est
3066 3558 3257 3621 Israel,
3301 3559 3508 3628 ejectus
3531 3559 3599 3614 de

1988 3663 2083 3704 sua
2116 3648 2499 3718 provincia,et
2523 3651 2691 3704 totius
2721 3651 2873 3706 urbis
2895 3652 3020 3706 exul
3054 3661 3218 3719 atque
3253 3653 3596 3722 peregrinus.

2066 3741 2223 3814 (tlap.
2255 3740 2441 3796 XLIV.
2467 3772 2538 3782 —
2568 3742 2725 3798 Vers.
2760 3743 2784 3797 i
2815 3745 2960 3815 St-q.)
2987 3744 3054 3798 Et
3081 3761 3216 3798 nunc
3257 3745 3404 3805 audi,
3433 3745 3598 3799 Jaccb

1989 3852 2134 3890 serve
2158 3852 2322 3898 meus,
2351 3849 2398 3889 et
2424 3834 2619 3899 Israel,
2653 3853 2807 3906 quem
2835 3839 2987 3908 elegi.
3017 3837 3145 3890 Ha'c
3171 3838 3294 3892 dicit
3324 3835 3598 3904 Dominus,

1992 3931 2186 4001 faciens
2216 3941 2265 3984 et
2307 3934 2539 4001 formans
2568 3940 2616 3984 te
2657 3930 2720 3984 ab
2752 3943 2897 3984 utero
2925 3930 3215 3984 auxiliator
3255 3928 3420 4004 525
3455 3941 3598 3992 tuus.

1997 4025 2126 4080 Noli
2154 4027 2350 4084 timere.
2379 4041 2523 4079 serve
2551 4023 2661 4096 [AL
2689 4024 2888 4098 servus]
2919 4042 3060 4080 meus
3096 4022 3284 4087 Iacob.
3312 4039 3361 4080 et
3397 4025 3602 4080 Rectis-

1993 4118 2121 4172 sime
2138 4134 2287 4186 quem
2311 4115 2462 4186 elegi.
2496 4111 2784 4182 Effundam
2807 4119 2942 4171 enim
2966 4136 3125 4190 aquas
3143 4135 3296 4187 super
3321 4119 3599 4188 sitientem,

1999 4220 2045 4262 et
2077 4211 2268 4280 ﬂuenta
2298 4226 2454 4281 super
2478 4210 2721 4264 aridam:
2748 4209 3014 4277 e/fundam
3049 4212 3289 4284 spiritum
3321 4228 3489 4266 meum
3519 4229 3610 4267 su-

1997 4321 2091 4377 per
2119 4321 2290 4365 semen
2315 4315 2482 4369 tuum,
2514 4316 2560 4358 et
2589 4303 2995 4359 benedictionem
3028 4322 3192 4360 meam
3213 4323 3368 4379 super
3397 4309 3612 4380 sltt‘prm

1999 4406 2162 4451 tuam.
2194 4396 2262 4451 Et
2288 4395 2655 4468 germinabunt
2683 4398 2817 4450 inter
2837 4396 3044 4462 herbas,
3077 4401 3226 4466 quasi
3247 4399 3434 4454 salices
3447 4403 3615 4474 juata

2001 4491 2408 4564 prwterﬂuentes
2439 4508 2628 4564 aquas.
2664 4490 2770 4546 lste
2797 4492 2954 4556 dicet,
3004 4490 3220 4548 Domini
3248 4512 3342 4568 ego
3382 4513 3495 4550 sum
3516 4511 3536 4550 :
3561 4504 3614 4552 et

299 4605 448 4653 num,
473 4589 675 4645 delebo
697 4602 887 4643 omnes
915 4588 1237 4655 iniquitates
1268 4599 1389 4642 tuas
1409 4589 1459 4641 in
1494 4587 1818 4655 aspersione
1843 4595 1901 4642 et
2000 4586 2090 4640 ille
2114 4585 2312 4640 vocabit
2341 4587 2396 4640 in
2423 4588 2633 4640 nomine
2669 4585 2856 4650 Iacob,
2887 4598 2936 4641 et
2961 4587 3046 4642 hic
3087 4588 3274 4643 scribet
3301 4607 3457 4645 manu
3490 4608 3612 4657 sua,

300 4684 564 4754 sanguine
611 4682 739 4733 novi
768 4679 1144 4735 Test-imeoti:
1195 4679 1391 4734 delebo
1425 4690 1582 4733 vetus
1612 4679 1898 4748 cltirogra-
1930 4667 1985 4726 D
2011 4676 2239 4733 Domino
2279 4695 2298 4734 :
2322 4688 2366 4733 et
2414 4680 2468 4734 in
2508 4681 2718 4733 nomine
2763 4677 2936 4733 Israel
2981 4680 3380 4738 assimilabitur.
3431 4682 3615 4739 LXX:

303 4778 490 4845 phum,
521 4773 669 4838 quod
697 4773 984 4837 adtzersum
1017 4783 1070 4828 te
1092 4775 1356 4843 scriptum
1383 4782 1534 4837 erat;
1567 4783 1623 4828 et
1652 4782 1904 4843 peccato-

302 4886 420 4927 rum
447 4881 665 4927 tnorum
689 4872 830 4926 ultra
855 4886 961 4924 non
995 4869 1351 4935 recordabor,
1389 4885 1510 4939 qum
1554 4869 1678 4935 tibi,
1705 4869 1749 4921 si
1779 4882 1904 4923 cre-

306 4967 436 5023 dere
464 4967 733 5031 volueris,
765 4967 818 5020 in
845 4959 1177 5032 baptiSmate
1203 4965 1528 5017 dimissurus
1551 4979 1695 5017 sum.
1723 4961 1907 5018 Reduc

307 5076 437 5132 ergo
473 5078 563 5116 me
589 5061 639 5115 in
669 5059 989 5115 memoriam
1016 5074 1030 5113 :
1064 5059 1108 5112 si
1153 5057 1281 5124 quid
1307 5057 1475 5113 babcs
1501 5057 1630 5127 justi
1653 5057 1797 5128 quod
1823 5073 1909 5113 re-

309 5156 581 5226 spondeas
612 5156 766 5219 inibi,
805 5155 1043 5208 libenter
1073 5149 1340 5220 accipiam
1373 5165 1387 5203 :
1415 5162 1470 5204 ut
1495 5150 1810 5220 jndicemttr
1841 5152 1916 5206 si-

312 5251 447 5314 mul,
477 5259 537 5304 et
557 5263 756 5318 arguas
779 5262 865 5300 me
893 5261 1000 5300 non
1022 5243 1222 5299 fecisse
1246 5243 1340 5298 tibi
1366 5243 1510 5312 quod
1537 5242 1713 5297 facere
1727 5243 1914 5298 debui.

314 5343 483 5410 Quem
516 5357 739 5397 sensum
772 5341 822 5393 in
857 5337 1079 5394 Mle-hara
1113 5337 1331 5406 plenius
1364 5336 1596 5404 legimus
1635 5353 1649 5389 :
1686 5334 1921 5408 Populus

317 5451 459 5489 meus
489 5433 618 5505 quid
644 5432 740 5504 feci
768 5430 880 5493 tibi,
913 5438 962 5484 et
987 5430 1115 5499 quid
1139 5428 1388 5483 molestus
1411 5427 1490 5497 [ui
1518 5427 1646 5482 tibi?
1665 5427 1925 5498 responde

319 5529 443 5584 mihi
473 5544 492 5583 :
522 5529 648 5600 quia
679 5525 834 5580 eduxi
868 5534 916 5579 te
943 5526 1008 5579 de
1041 5535 1179 5578 terra
1208 5521 1432 5594 Egypti
1475 5531 1522 5577 et
1548 5523 1612 5577 de
1639 5526 1793 5578 domo
1819 5540 1928 5578 ser-

2013 4771 2172 4827 Nunc
2193 4783 2363 4826 autem
2400 4774 2548 4840 audi,
2575 4770 2740 4825 Jacob
2782 4789 2911 4839 puer
2941 4790 3104 4840 meus,
3158 4785 3206 4829 et
3252 4774 3421 4830 Israel
3467 4793 3623 4842 quem

2013 4865 2165 4937 elegi.
2200 4864 2307 4934 Ego
2342 4863 2593 4919 Dominus
2629 4864 2787 4932 Deus,
2833 4866 2922 4935 qui
2951 4869 3051 4938 feci
3083 4877 3152 4934 te,
3183 4879 3232 4923 et
3281 4868 3536 4940 plasntavi
3575 4878 3627 4926 te

2017 4961 2082 5014 de
2103 4969 2296 5019 ventre.
2321 4958 2496 5014 adhuc
2529 4959 2740 5014 habebis
2771 4961 3048 5014 auxilium.
3093 4960 3225 5016 Noli
3264 4963 3462 5020 timere.
3496 4978 3629 5034 puer

2019 5069 2162 5106 meus
2185 5051 2373 5117 Iacob,
2411 5062 2458 5106 et
2503 5051 2690 5107 dilecte
2733 5052 2903 5108 Israel
2942 5071 3092 5124 quem
3141 5055 3296 5128 elegi,
3327 5053 3500 5108 adhuc
3530 5071 3628 5128 ego

2020 5147 2155 5200 dabo
2182 5163 2370 5216 aquam
2395 5148 2452 5201 in
2483 5148 2571 5203 siti
2599 5149 2688 5220 qui
2720 5149 2986 5203 ambulant
3021 5151 3074 5203 in
3102 5151 3357 5220 inaquoso
3376 5163 3395 5202 :
3435 5166 3630 5221 ponam

2022 5241 2265 5310 spiritum
2284 5257 2454 5295 meum
2471 5258 2626 5309 super
2643 5260 2816 5297 semen
2840 5253 3006 5305 tuum,
3033 5253 3081 5296 et
3099 5243 3479 5298 benedictiones
3491 5260 3633 5299 meas

2026 5350 2181 5406 super
2210 5335 2349 5404 ﬁlios
2372 5344 2507 5388 tuos.
2539 5334 2606 5388 Et
2634 5340 2867 5389 orientur
2891 5348 2946 5389 ut
2974 5337 3027 5388 in
3051 5334 3220 5388 medio
3245 5350 3395 5405 aqua:
3435 5339 3636 5406 fenum,

2031 5435 2078 5479 et
2109 5426 2247 5480 sicut
2267 5426 2406 5481 salio:
2421 5428 2581 5498 juxta
2606 5427 3019 5496 praeterﬂuentes
3049 5443 3235 5495 aquas.
3269 5425 3292 5478 l
3302 5435 3378 5479 ste
3395 5427 3527 5482 dicet
3543 5425 3648 5484 Dei

2034 5535 2186 5575 sum:
2208 5519 2305 5574 iste
2328 5513 2572 5572 (latitabit
2597 5519 2650 5573 in
2675 5520 2884 5573 nomine
2908 5516 3095 5572 Iacob.
3127 5514 3194 5572 Et
3210 5519 3347 5573 alius
3371 5521 3556 5576 scribet
3586 5523 3647 5579 in

321 5622 494 5676 vitatis
522 5619 684 5694 533
709 5604 920 5672 Lberavi
952 5629 1020 5684 te,
1052 5626 1098 5671 et
1118 5616 1236 5670 misi
1256 5626 1374 5670 ante
1395 5618 1580 5685 faciem
1613 5627 1752 5669 tuam
1786 5615 1939 5689 Moy-
2039 5631 2198 5669 manu
2228 5631 2344 5680 sua,
2375 5611 2473 5666 Dei
2500 5628 2614 5665 sum
2645 5627 2762 5680 ego,
2793 5622 2838 5664 et
2861 5611 2912 5664 in
2936 5610 3144 5664 nomine
3173 5609 3344 5666 Israel
3376 5614 3647 5672 clamabit.

327 5732 415 5769 seu
443 5725 490 5768 et
522 5719 696 5766 Aaron
721 5721 769 5764 et
792 5709 1034 5764 Mariam.
1068 5711 1136 5764 lat
1163 5709 1215 5763 in
1244 5709 1704 5779 quinquagesimo
1729 5713 1941 5779 psalmo

339 5806 510 5861 David
537 5803 778 5875 loquitur
804 5805 871 5856 ad
903 5803 1068 5856 Deum
1092 5819 1105 5855 :
1138 5799 1206 5856 Ut
1220 5801 1529 5874 justiﬁeeris
1549 5803 1600 5856 in
1623 5800 1946 5856 sermonibus

337 5902 458 5968 tuis,
490 5910 540 5955 et
571 5897 750 5952 vincas
775 5912 890 5952 cum
921 5895 1084 5966 fueris
1105 5896 1377 5966 judicatus
1405 5892 1525 5966 (Ps.
1560 5911 1614 5961 ι,
1647 5894 1741 5965 5).
1775 5892 1946 5951 Narra

2044 5709 2147 5766 Ubi
2179 5716 2471 5762 accusatur
2501 5706 2735 5773 populus
2758 5702 3071 5758 Juda-orutn
3105 5705 3177 5758 ob
3207 5705 3654 5766 incredulitatem

2047 5813 2208 5874 atque
2239 5797 2659 5868 blaSplietniatu,
2709 5797 2916 5868 absque
2949 5793 3060 5849 ulla
3095 5801 3336 5854 nominis
3363 5800 3661 5874 dignitate,

2050 5897 2210 5970 puris
2238 5893 2548 5964 appellatur
2577 5889 2899 5947 vocabulis:
2930 5886 3054 5944 Non
3079 5909 3159 5950 me
3179 5895 3452 5965 invocasti,
3474 5893 3663 5964 Iacob,
