4096 6330
277 321 390 382 ιδτ

823 320 1473 384 COMMENTARIORUM
1510 320 1578 379 IN
1617 317 1856 380 iSAlAM
1897 317 2329 378 PROPHETAM
2368 321 2501 380 LIB.
2543 319 2662 380 Xll.
2703 318 2858 379 CAP.
2900 317 3091 381 XLIV.

3499 317 3608 378 438

277 454 386 510 ego
407 453 545 496 sum
573 458 589 494 :
618 439 762 497 alius
783 439 1000 497 vocabit
1031 439 1082 494 in
1113 438 1336 494 nomine
1355 436 1525 494 Iacob
1553 455 1566 494 :
1601 436 1740 493 alius
1767 438 1901 492 scri-
1932 439 1986 500 Α
2009 451 2130 508 quae
2147 435 2334 492 facilis
2359 437 2734 510 intelligentia:
2764 446 2913 504 sunt,
2941 453 3046 496 nec
3065 437 3406 507 lsciniossm,
3439 439 3610 498 immo

279 532 374 590 bet
424 545 608 589 manu
638 549 738 590 sus
771 548 830 590 se
863 547 986 588 esse
1016 531 1264 596 Domini,
1297 539 1354 586 et
1391 544 1512 586 cum
1541 540 1697 585 ortus
1727 528 1798 584 sit
1836 529 1905 584 de

279 624 500 680 inﬁdeli
537 627 701 683 turba
729 625 1028 698 gentilium,
1062 625 1115 679 in
1145 624 1365 680 nomine
1401 623 1799 679 assimilabitur
1829 621 1908 678 ls-

282 719 425 785 rael,
463 730 530 776 ut
560 723 773 777 relictis
813 720 1004 786 idolis,
1030 719 1189 774 unius
1221 717 1315 773 Dei
1345 717 1525 773 cultor
1551 717 1624 772 sit
1661 733 1676 772 :
1717 715 1908 786 incipit

279 813 461 869 altera
496 821 783 894 περικοπή,
817 828 976 886 quam
1008 819 1175 868 totam
1203 811 1362 867 simul
1403 810 1807 880 proposuimus,
1838 823 1908 865 ne

283 907 458 962 unius
481 923 690 964 sensus
711 907 1081 963 divideremus
1100 905 1516 962 continentiam.
1546 903 1614 958 Et
1635 903 1760 974 quia
1782 903 1909 974 Sep-

282 1002 546 1072 tuaginta
563 1003 619 1057 in
649 1000 757 1058 hoc
785 1000 1028 1073 capitulo
1056 999 1301 1070 exceptis
1325 998 1484 1072 527
1507 996 1696 1069 paucis
1720 995 1909 1052 verbis

283 1107 397 1149 non
428 1094 762 1166 discrepant
787 1094 858 1150 ab
887 1093 1174 1159 llebraico,
1191 1101 1378 1147 nostra
1407 1091 1649 1146 editione
1668 1088 1906 1145 contenti

279 1201 514 1257 sumus,
551 1203 660 1258 qua
686 1189 984 1255 intellecta,
1019 1193 1314 1243 noscentur
1339 1193 1392 1242 et
1419 1195 1656 1242 αξιοι-ω.
1689 1185 1786 1240 Est
1809 1199 1906 1240 au-

283 1286 400 1335 tem
446 1295 650 1336 sermo
689 1290 882 1336 contra
921 1279 1065 1336 illius
1105 1281 1377 1350 temporis
1417 1277 1758 1344 ldololatrss,
1798 1290 1908 1348 quo

283 1372 466 1436 lsaias
497 1373 768 1446 propheta
794 1383 1018 1430 ventura
1052 1373 1271 1446 populis
1300 1371 1614 1440 nuntiabat,
1643 1378 1698 1426 et
1733 1371 1909 1442 arguit

283 1483 383 1523 eos
405 1511 420 1534 ,
457 1469 553 1540 qui
597 1453 700 1525 Dei
737 1467 1128 1540 omnipotentis
1164 1467 1430 1538 religione
1469 1472 1803 1536 contempta,
1836 1464 1910 1518 sl-

285 1562 563 1619 mulacris
602 1562 797 1634 ligneis
819 1562 1194 1639 inclinentur,
1223 1569 1276 1617 et
1313 1560 1546 1616 adorent
1583 1573 1750 1630 Opera
1791 1573 1908 1613 ma-

285 1671 466 1713 nuum
508 1672 760 1713 suarum.
811 1657 1111 1714 Curramus
1150 1671 1283 1728 ergo
1337 1669 1441 1728 per
1499 1653 1736 1726 singula.
1786 1651 1913 1709 Haec

288 1751 421 1806 dicit
457 1750 719 1807 Dominus
757 1767 850 1807 rea:
879 1749 1071 1817 Israel,
1101 1752 1193 1822 qui
1239 1750 1292 1804 in
1335 1764 1421 1805 me
1449 1747 1757 1804 crediturus
1787 1753 1906 1812 est,

2008 527 2336 598 superﬂuam
2377 531 2774 601 expositionem
2810 529 3141 586 desiderant.
3184 529 3364 603 Super
3405 545 3515 600 quo
3551 538 3611 588 et

2009 619 2236 678 Flaccus
2277 620 2472 677 scribit
2516 623 2572 678 in
2609 623 2810 688 Satira,
2859 621 3112 679 deridens
3153 623 3444 680 simulacra
3483 637 3615 695 gen-

2011 711 2140 767 tium
2173 711 2364 783 (Satir.
2394 728 2508 781 vut,
2539 713 2634 770 lib.
2669 713 2734 785 ι).

2071 809 2200 878 ριὶιιι
2220 816 2426 878 truncus
2450 824 2585 863 eram
2608 812 2832 878 ﬁculnus,
2860 813 3040 878 inutile
3062 814 3291 878 lignum:

2073 872 2352 952 Somniat}?
2375 875 2592 952 iqcertus
2611 872 2861 952 scamnum
2885 872 3140 952 faceretne
3164 880 3420 952 Priapum.

2071 933 2244 1004 Maluit
2267 939 2380 1004 esse
2397 936 2548 1004 deum
2573 951 2585 987 :
2608 937 2736 988 deus
2758 941 2871 995 inde
2901 952 3013 1002 ego,
3039 941 3201 992 furum
3228 933 3514 1004 aviumque,
3610 993 3614 997 ,

2073 998 2283 1048 Maxima
2306 998 2532 1049 formido.
2603 1035 2616 1048 .
2686 1035 2700 1048 .
2769 1036 2782 1050 .
2851 1038 2862 1051 .
2934 998 3001 1050 ῖέ

2011 1105 2283 1176 Quidquid
2311 1114 2491 1161 autem
2530 1104 2599 1162 de
2637 1105 2799 1162 idolis
2819 1105 3022 1163 dictum
3045 1117 3154 1172 est,
3188 1114 3374 1179 potest
3398 1106 3618 1179 referri,

2013 1210 2066 1254 et
2097 1198 2163 1255 ad
2206 1199 2480 1262 hermewn
2521 1199 2825 1271 principes,
2853 1202 2942 1270 qui
2969 1201 3257 1259 simulacra
3299 1203 3617 1274 dogmatum

2012 1307 2238 1347 suorum
2283 1301 2446 1364 atque
2492 1293 2784 1360 mendacii,
2818 1293 3017 1350 artiﬁci
3050 1295 3219 1352 corde
3258 1305 3619 1370 componunt,

2013 1396 2069 1442 et
2093 1395 2424 1443 venerantur
2461 1403 2522 1443 ea
2557 1404 2680 1460 qua:
2707 1405 2734 1442 a
2759 1404 2818 1444 se
2847 1389 3026 1445 sciunt
3049 1404 3173 1446 esse
3202 1389 3482 1446 simulata.
3506 1389 3619 1447 Nec

2013 1480 2214 1536 suillcit
2240 1481 2320 1536 eis
2347 1495 2503 1536 error
2524 1483 2800 1552 proprius,
2825 1481 2930 1537 nisi
2951 1481 3225 1552 simplices
3247 1496 3490 1558 quosque
3521 1497 3620 1537 eo-

2013 1590 2132 1630 rum
2155 1573 2476 1631 adoratione
2491 1574 2829 1646 deceperint.
2854 1575 2955 1643 Qui
2981 1585 3250 1650 quaestum
3284 1585 3476 1647 putant
3497 1589 3622 1632 esse

2014 1669 2301 1741 pietatem,
2338 1677 2395 1724 et
2431 1669 2696 1725 devorant
2729 1667 2924 1724 domos
2972 1669 3257 1726 viduarum
3282 1669 3322 1743 (i
3353 1668 3495 1726 Tim.
3524 1669 3625 1746 γι),

2013 1763 2412 1836 abutentesque
2459 1764 2601 1836 vulgi
2651 1765 2961 1836 imperitia,
3015 1767 3088 1820 ita
3132 1777 3251 1822 arte
3299 1765 3625 1834 dialectica,

288 1855 340 1934 et
363 1847 677 1920 redemptor
701 1849 836 1920 ejus,
866 1846 959 1918 qui
988 1844 1112 1900 Filii
1143 1845 1248 1901 mei
1279 1843 1542 1914 suscipiet
1572 1841 1860 1896 adventum
1893 1858 1907 1896 :

2016 1857 2168 1926 quasi
2210 1855 2352 1912 ascia
2411 1866 2467 1913 et
2507 1857 2765 1926 terebro,
2811 1859 2939 1914 lima
2998 1867 3055 1914 et
3098 1859 3331 1915 runcina
3381 1857 3624 1914 formant

290 1940 564 1997 Dominus
591 1943 917 1996 exercituum
947 1949 1109 2012 atque
1130 1939 1410 2007 virtutum,
1439 1949 1495 1994 et
1527 1937 1906 2008 Omnipotens.

291 2035 413 2092 Hoc
441 2036 589 2092 enim
623 2036 678 2092 in
705 2035 975 2092 llebraleo
1017 2043 1178 2091 sonat
1223 2047 1464 2092 SABAOTB
1494 2031 1746 2106 (mu).
1792 2028 1908 2102 Ego

290 2145 410 2183 sum
442 2129 670 2201 primus,
695 2138 741 2183 et
765 2145 855 2208 ego
882 2129 1209 2194 novissime,
1241 2143 1342 2199 ego
1369 2128 1408 2182 Α
1435 2135 1491 2182 et
1523 2137 1602 2191 n;
1645 2134 1696 2179 et
1723 2122 1912 2196 absque

294 2239 378 2278 me
405 2241 514 2279 non
545 2233 620 2278 est
647 2221 812 2290 Deus,
841 2224 963 2294 quia
1005 2237 1140 2294 puer
1169 2237 1330 2293 quem
1360 2220 1537 2293 elegi,
1566 2220 1620 2275 in
1653 2231 1739 2275 me
1769 2219 1911 2274 Deus

295 2326 403 2373 est.
438 2318 515 2374 De
543 2332 655 2390 quo
683 2333 848 2390 supra
876 2317 987 2373 dixi
1015 2337 1028 2373 :
1062 2317 1195 2373 Ecce
1219 2333 1350 2391 puer
1371 2333 1535 2385 meus,
1563 2331 1714 2388 quem
1733 2314 1862 2387 elegi
1890 2329 1911 2368 :

294 2411 494 2468 electus
532 2428 716 2477 meus,
757 2429 908 2484 quem
946 2411 1172 2484 suscepit
1222 2413 1398 2466 anima
1437 2427 1546 2466 mea
1588 2427 1606 2465 :
1647 2408 1911 2483 judicium

303 2506 548 2576 gentibus
579 2507 809 2578 proferet
843 2524 857 2560 :
892 2517 940 2562 et
965 2507 1022 2560 in
1049 2506 1256 2560 nomine
1280 2507 1395 2586 ejus
1416 2512 1588 2578 gentes
1611 2503 1907 2573 sperabunt.

300 2597 414 2654 Nec
437 2599 574 2654 dicit
603 2613 664 2655 se
709 2613 836 2655 esse
873 2599 1047 2654 solum
1066 2642 1081 2667 ,
1111 2597 1206 2654 sed
1237 2604 1438 2668 prater
1474 2597 1729 2652 virtutem
1756 2607 1908 2650 suam

299 2700 466 2764 atque
494 2691 821 2766 sapientiam
856 2691 1063 2748 nullum
1097 2706 1219 2748 esse
1245 2700 1534 2749 externum
1563 2689 1756 2754 Deum,
1780 2687 1912 2745 deo-

301 2798 539 2856 rumque
577 2783 872 2839 muitorum
900 2783 1237 2856 opinionem,
1265 2792 1322 2839 et
1343 2783 1630 2839 simulacra
1655 2782 1913 2838 condem-

303 2894 441 2936 naus
483 2897 497 2934 :
535 2879 687 2948 Quis,
730 2880 932 2952 inquit,
974 2878 1164 2934 similis
1202 2880 1303 2934 mei
1339 2879 1450 2932 est?
1479 2876 1651 2933 Vocet
1689 2891 1751 2932 ea
1791 2892 1912 2948 qum

305 2988 410 3028 non
442 2983 572 3030 sunt
603 2975 759 3046 quasi
806 2974 948 3042 sint,
982 2983 1036 3030 et
1079 2981 1318 3044 exponat
1355 2971 1602 3028 ordinem
1645 2980 1911 3026 creatura!

305 3081 462 3133 meas,
494 3066 590 3138 qui
620 3076 819 3122 cuncta
847 3067 1060 3123 ratione
1094 3064 1427 3131 libraverim,
1451 3080 1518 3119 ex
1554 3078 1662 3135 quo
1690 3063 1786 3120 ieci
1813 3063 1914 3119 bo-

305 3159 510 3216 minem
531 3177 699 3231 super
723 3171 948 3217 terram.
979 3161 1092 3220 Nec
1111 3162 1215 3217 hoc
1239 3159 1413 3216 solum
1437 3161 1583 3226 volo,
1603 3159 1699 3214 sed
1725 3173 1911 3229 qumro

2012 1950 2182 2007 Deum
2214 1967 2392 2018 suum,
2425 1960 2481 2008 et
2507 1953 2716 2008 cudunt
2745 1953 2967 2021 malleo,
3007 1963 3170 2024 atque
3200 1953 3471 2010 inauraut
3506 1968 3628 2010 ser--

2012 2045 2192 2100 monis
2228 2044 2484 2101 rhetorici
2516 2054 2800 2102 venustate
2829 2063 2843 2106 :
2885 2063 3108 2118 quorum
3149 2043 3292 2102 Deus
3320 2057 3496 2103 venter
3526 2056 3626 2116 est,

2011 2147 2059 2192 et
2087 2138 2257 2208 gloria
2285 2137 2340 2192 in
2371 2139 2674 2209 confusione
2701 2153 2881 2193 eorum
2906 2137 3174 2210 (Philipp.
3201 2140 3305 2208 ιιι).

2084 2230 2264 2303 (Vers.
2290 2230 2357 2285 ει
2387 2230 2568 2310 seqq.)
2601 2231 2862 2287 Memento
2918 2232 3100 2286 horum
3129 2231 3319 2302 Iacob,
3350 2241 3400 2287 et
3427 2231 3624 2304 Israel,

2012 2327 2256 2396 quoniam
2273 2341 2445 2380 servus
2468 2343 2610 2381 meus
2629 2343 2678 2380 es
2702 2336 2755 2380 lu
2770 2343 2790 2381 :
2805 2326 3030 2397 formavi
3043 2338 3108 2393 te,
3126 2342 3299 2382 servus
3313 2341 3454 2383 meus
3473 2346 3524 2385 es
3546 2339 3624 2402 tu,

2017 2415 2203 2485 Israel,
2235 2435 2298 2473 ne
2324 2417 2644 2474 obliviscaris
2666 2420 2785 2474 mei.
2814 2417 2996 2474 Delevi
3024 2430 3080 2474 ut
3109 2421 3296 2484 nubent
3321 2422 3624 2494 iniquitates

2014 2519 2152 2577 tuas,
2187 2522 2232 2566 et
2259 2515 2411 2588 quasi
2435 2512 2676 2566 nebulam
2707 2520 2918 2584 peccata
2948 2521 3056 2565 tua.
3091 2512 3365 2568 Revertere
3391 2515 3462 2568 ad
3492 2530 3572 2568 me
3608 2530 3628 2569 :

2014 2603 2258 2672 quoniam
2307 2601 2502 2660 redemi
2549 2613 2615 2658 te.
2651 2602 2917 2669 Laudato,
2969 2604 3114 2670 cteli,
3144 2605 3391 2680 quoniam
3438 2604 3622 2677 [Vulg.

2015 2694 2166 2750 addit
2196 2693 2630 2767 misericordiam]
2657 2696 2779 2767 fecit
2804 2693 3060 2750 Dominus
3089 2711 3108 2750 :
3125 2695 3372 2766 jubilate,
3395 2709 3625 2752 extrema

2015 2798 2184 2854 ιρι-τιτι,
2217 2796 2475 2855 resonate,
2509 2799 2731 2855 montes,
2766 2786 3135 2854 laudationem,
3172 2789 3360 2855 saltus,
3395 2799 3443 2844 et
3475 2803 3624 2844 omne

2014 2883 2215 2955 lignum
2243 2884 2356 2955 ejus
2385 2898 2404 2936 :
2437 2881 2684 2954 quoniam
2709 2880 2922 2937 redemit
2953 2881 3208 2937 Dominus
3235 2881 3426 2950 Iacob,
3454 2894 3501 2936 et
3533 2881 3623 2937 Is-

2013 2973 2122 3029 rael
2147 2973 2458 3046 gloriabitur
2497 2972 2606 3048 [AL
2649 2971 3070 3050 glori/imbitur].
3115 2973 3261 3030 LXX
3302 2991 3321 3030 :
3362 2973 3625 3032 Memento

2015 3069 2223 3136 horum,
2253 3069 2418 3124 Iacob
2449 3078 2496 3124 et
2526 3068 2736 3138 Israel;
2772 3069 3019 3141 quoniam
3064 3086 3194 3142 puer
3233 3085 3374 3124 meus
3414 3087 3465 3124 es
3513 3081 3566 3125 tu
3605 3087 3628 3126 :

2015 3163 2236 3234 formavi
2259 3171 2307 3217 te
2329 3179 2546 3235 puerum
2567 3180 2739 3219 meum
2768 3173 2858 3219 :et
2887 3174 2964 3230 tu,
2994 3162 3189 3232 Israel,
3218 3180 3283 3219 ne
3305 3165 3625 3221 obliviscaris

305 3259 466 3311 etiam
497 3258 785 3313 scientiam
812 3258 1138 3313 futurorum.
1169 3255 1320 3313 Unde
1349 3265 1427 3322 ttt,
1463 3255 1650 3320 lsrael,
1676 3253 1830 3326 cujus
1855 3261 1910 3310 et
1937 3243 1986 3309 C
2017 3258 2137 3310 mei.
2171 3253 2308 3311 Ecce
2334 3258 2467 3311 enim
2492 3255 2656 3312 delevi
2681 3257 2816 3312 sicut
2853 3258 3038 3312 nubem
3060 3257 3354 3330 iniquitates
3381 3269 3496 3312 tuas
3529 3274 3548 3313 :
3570 3265 3622 3314 et

307 3363 404 3404 rex
434 3358 489 3405 et
517 3349 839 3420 redemptor
885 3365 1024 3414 sum,
1061 3351 1172 3405 noli
1224 3349 1416 3405 timere
1443 3348 1755 3412 simulacra,
1791 3363 1911 3418 quae

304 3458 426 3501 esse
449 3444 611 3512 nihil,
637 3445 690 3500 in
723 3444 854 3501 Sina
883 3455 1068 3501 monte
1095 3444 1352 3500 didicisti.
1385 3446 1465 3499 An
1494 3443 1717 3497 forsitan
1741 3441 1910 3497 Crea-

309 3549 390 3593 tor
402 3549 486 3594 est
503 3539 664 3604 alius,
688 3555 848 3610 quem
871 3554 970 3611 ego
989 3555 1095 3594 non
1119 3539 1398 3594 noverim?
1418 3540 1527 3595 Aut
1551 3548 1750 3609 praeter
1770 3537 1912 3592 hunc

312 3633 444 3690 alter
467 3643 556 3691 est
579 3635 834 3699 mundus,
857 3635 946 3706 qui
976 3634 1142 3705 ignoti
1169 3633 1262 3690 Dei
1290 3641 1556 3688 monstret
1580 3628 1913 3704 potentiam?

307 3727 492 3800 Neque
515 3745 647 3785 vero
671 3746 732 3786 ea
758 3731 931 3786 solum
958 3746 1078 3801 quae
1101 3731 1257 3795 iiunt,
1282 3729 1374 3784 sed
1390 3737 1444 3784 et
1469 3728 1546 3783 illi
1568 3727 1656 3798 qui
1683 3727 1911 3795 faciunt,

315 3819 666 3877 habebuntur
697 3836 794 3898 pro
823 3822 998 3877 nihili.
1033 3820 1280 3894 Cumque
1303 3821 1551 3876 vindictae
1583 3828 1797 3892 tempus
1817 3819 1912 3876 ad-

307 3915 550 3979 venerit,
583 3929 924 3986 nequaquam
969 3924 1222 3986 poterunt
1259 3930 1354 3970 eos
1393 3928 1650 3969 manuum
1691 3928 1910 3969 suarum

309 4020 470 4078 opera
503 4006 762 4076 liberare,
793 4023 913 4079 quae
943 4021 1084 4063 czeca
1115 4018 1169 4064 et
1208 4003 1546 4062 insensibilia
1577 4004 1912 4061 confundunt

311 4100 550 4156 artifices
589 4115 737 4155 suos.
782 4100 917 4175 Quis
957 4102 1101 4156 enim
1151 4101 1323 4167 possit
1361 4099 1465 4154 huc
1502 4098 1730 4174 credere
1767 4097 1910 4175 quod

315 4194 480 4262 ascia,
528 4191 679 4260 lima,
721 4202 778 4249 et
817 4193 1038 4250 terehro
1075 4192 1385 4263 malleoque
1425 4191 1688 4248 formetur
1726 4191 1912 4248 Deus?

316 4284 377 4339 Et
426 4283 510 4341 vel
561 4285 614 4341 in
649 4287 839 4357 prunis
885 4284 1173 4343 simulacra
1219 4285 1544 4351 fundantur;
1576 4285 1663 4340 vel
1694 4299 1908 4353 norma,

310 4381 561 4446 rnncina,
603 4391 658 4438 et
689 4382 1064 4454 angularibus,
1095 4383 1410 4452 circinque
1440 4383 1491 4437 in
1524 4381 1658 4437 deos
1684 4390 1910 4453 repente

313 4477 684 4547 consurgant?
712 4469 1021 4531 Praesertim
1049 4491 1172 4532 cum
1201 4475 1340 4532 fame
1363 4487 1418 4532 et
1447 4477 1532 4532 siti
1558 4476 1804 4541 artiﬁcis,
1830 4491 1911 4532 ar-

319 4568 384 4622 tis
411 4568 594 4624 vilitas
617 4567 1044 4625 demonstretur.
1074 4567 1163 4625 Fit
1189 4569 1331 4625 enim
1359 4569 1534 4641 lignea
1573 4577 1771 4634 statua,
1811 4569 1910 4624 hu-

2014 3351 2148 3405 sicut
2179 3351 2450 3423 caliginem
2481 3359 2691 3421 peccata
2721 3360 2830 3405 tua.
2868 3349 3142 3407 Revertere
3171 3351 3241 3405 ad
3271 3369 3380 3420 me,
3413 3361 3460 3408 et
3483 3351 3626 3408 redi-

2012 3455 2230 3500 mamte.
2250 3445 2548 3518 Laztamini,
2577 3446 2712 3515 cmli,
2737 3447 2983 3518 quoniam
3012 3448 3254 3502 miserim
3273 3455 3348 3503 est
3378 3445 3520 3510 Deus
3539 3445 3626 3503 Is-

2012 3537 2188 3592 raelis.
2217 3537 2396 3593 Canite
2423 3538 2568 3606 tuba,
2594 3540 2932 3610 fundamenta
2953 3548 3122 3604 terrm,
3142 3539 3380 3600 clamate,
3400 3549 3621 3607 montes,

2014 3634 2248 3688 lwtitiam
2280 3650 2299 3688 :
2325 3634 2480 3688 colles
2524 3643 2572 3687 et
2613 3634 2787 3687 omnia
2823 3635 2967 3707 ligna
2995 3651 3108 3702 qua:
3136 3635 3189 3687 in
3211 3635 3285 3689 eis
3315 3643 3457 3696 sunt,
3486 3650 3620 3706 quo-

2014 3728 2152 3780 niam
2170 3725 2386 3780 redemit
2414 3725 2578 3798 529
2594 3725 2732 3780 Deus
2748 3723 2914 3780 Iacob
2938 3742 2958 3780 :
2984 3736 3030 3781 et
3052 3725 3223 3780 Israel
3250 3726 3477 3806 inclytus
3499 3727 3618 3781 erit.

2011 3814 2147 3872 Cum
2180 3816 2296 3872 haec
2340 3831 2401 3872 se
2442 3818 2514 3871 ita
2549 3817 2816 3886 habeant,
2851 3829 2907 3874 et
2954 3818 3101 3873 idola
3150 3817 3437 3872 hominum
3471 3820 3618 3874 scias

2013 3927 2134 3967 csse
2165 3913 2437 3982 ﬁgmenta,
2473 3926 2506 3966 ο
2535 3911 2728 3980 Iacob,
2758 3921 2810 3966 et
2838 3927 2972 3982 puer
2998 3928 3152 3968 meus
3176 3913 3366 3976 lsrael,
3391 3928 3458 3972 ne
3479 3913 3621 3980 obli-

2014 4004 2238 4061 viscaris
2261 4004 2536 4060 Creatoris
2569 4005 2666 4069 tui,
2695 4003 2900 4076 tibique
2931 4005 3031 4074 ipsi
3060 4004 3312 4075 iniuriam
3342 4004 3530 4072 iacias,
3558 4013 3621 4072 ut

2014 4099 2315 4154 iucurveris
2345 4098 2497 4169 operi
2527 4113 2787 4153 manuum
2840 4108 3073 4154 tuarum.
3115 4097 3248 4176 Quae
3275 4099 3402 4176 quia
3433 4099 3484 4154 iu
3519 4097 3623 4158 ad-

2013 4202 2178 4248 ventu
2201 4193 2351 4263 pueri
2368 4194 2470 4248 mei
2483 4233 2497 4257 ,
2515 4207 2675 4263 quem
2691 4192 2849 4263 elegi,
2872 4192 3092 4264 penitus
3107 4192 3446 4254 destruenda
3458 4202 3585 4258 sunt
3601 4209 3617 4267 ;

2015 4278 2305 4360 propterea
2341 4295 2453 4342 tota
2485 4286 2682 4342 mentis
2712 4287 2972 4342 aviditate
2996 4302 3286 4364 cognosce,
3309 4287 3453 4367 quod
3483 4286 3625 4342 sicut

2014 4384 2188 4440 nubes
2219 4392 2272 4438 et
2303 4383 2504 4454 caligo,
2537 4389 2592 4438 et
2619 4381 2839 4449 nebula,
2869 4382 2952 4437 vel
2985 4382 3117 4438 solis
3155 4381 3343 4443 calore
3368 4381 3625 4444 dissolvi-

2013 4488 2124 4544 tur,
2146 4475 2230 4532 vel
2251 4484 2416 4532 vento
2441 4483 2693 4544 raptante
2717 4483 2976 4536 tenuatur
2997 4494 3011 4528 :
3039 4474 3110 4529 ita
3139 4474 3455 4546 iniquitates
3479 4481 3624 4542 tuas,

2013 4580 2068 4627 et
2095 4573 2347 4626 universa
2377 4577 2622 4639 peccata,
2648 4567 2845 4638 quibus
2871 4567 3023 4638 prius
3045 4582 3130 4623 me
3153 4566 3484 4636 oti’enderas,
3509 4566 3624 4623 dis-

313 4675 523 4718 mansm
552 4662 865 4734 exprimens
893 4661 1156 4732 speciem,
1183 4670 1238 4718 et
1263 4635 1466 4734 quanto
1491 4661 1770 4732 pulchrior
1792 4662 1908 4718 lue-
1935 4635 1989 4696 D
2014 4665 2155 4720 solvi
2181 4635 2397 4718 iaciam.
2420 4661 2500 4716 Tu
2529 4635 2739 4716 tantum
2767 4635 3048 4715 revertere
3068 4660 3135 4715 ad
3166 4675 3276 4728 me,
3299 4670 3356 4717 et
3383 4675 3484 4740 age
3508 4674 3624 4740 pm-

311 4753 400 4820 rlt,
431 4762 586 4811 tanto
620 4754 761 4810 Deus
805 4763 1026 4824 putatur
1067 4747 1370 4832 augustior.
1405 4753 1630 4810 Ponitur
1668 4755 1720 4809 in
1753 4753 1902 4822 fano,

2015 4759 2328 4821 nitentium,
2359 4755 2487 4826 quia
2539 4752 2891 4808 redimendus
2939 4767 2998 4808 es
3048 4753 3294 4824 pretioso
3333 4753 3624 4828 sanguine.

311 4853 366 4902 et
395 4857 600 4904 aeterno
625 4847 898 4904 clauditur
921 4863 1162 4912 carcere,
1187 4864 1308 4920 qua:
1335 4851 1494 4920 longo
1519 4857 1763 4919 tempore
1786 4865 1908 4905 cre-
2011 4849 2168 4918 Quod
2198 4851 2243 4904 si
2274 4846 2495 4911 feceris,
2527 4845 2668 4900 scias
2699 4845 2753 4897 in
2780 4845 2957 4900 salute
2990 4853 3080 4899 tua
3108 4843 3278 4900 ctelos
3310 4852 3624 4913 terramque

312 4939 386 4996 vit
414 4943 468 4998 in
508 4942 764 5008 saltibus,
805 4949 860 4997 et
887 4958 987 5014 pro
1007 4943 1272 4998 varietate
1301 4941 1579 5006 arborum,
1609 4941 1811 4997 cedrus
1851 4950 1907 4999 et

314 5032 416 5090 ilex
449 5033 614 5116 528
639 5046 694 5092 et
741 5050 974 5106 quercus
1019 5035 1103 5091 vel
1137 5036 1297 5106 pinus
1343 5035 1464 5090 luit.
1502 5035 1802 5106 Mirnmque
1849 5036 1902 5092 in

315 5127 530 5183 modum
564 5138 845 5200 segmenta
872 5127 991 5202 ejus
1015 5137 1176 5200 atque
1208 5144 1411 5184 rasurte
1439 5129 1729 5184 mittuntur
1750 5129 1802 5183 in
1833 5129 1910 5186 fo-

313 5234 457 5286 cum,
493 5229 550 5275 ut
571 5219 896 5278 calefaciunt
927 5220 1190 5296 artiﬁcem
1224 5219 1338 5287 Dei,
1364 5230 1416 5275 et
1437 5232 1668 5291 coquant
1696 5220 1910 5278 diversa

317 5313 592 5381 pulmenta
623 5332 634 5368 :
669 5327 795 5384 pars
824 5323 1004 5368 autem
1037 5315 1210 5388 altera
1248 5315 1512 5370 formatur
1537 5315 1592 5370 in
1634 5313 1824 5380 Deum,
1853 5324 1914 5372 ut

314 5420 478 5474 opere
500 5407 797 5478 completo,
830 5407 1020 5462 adoret
1043 5409 1192 5464 illam
1243 5407 1417 5463 iactor
1455 5423 1605 5474 suus,
1651 5417 1707 5463 et
1731 5409 1914 5478 operis

315 5499 398 5554 sni
422 5499 756 5568 imprecetur
777 5501 1066 5568 auxilium;
1094 5518 1194 5558 uec
1218 5499 1494 5572 intelligit,
1513 5499 1600 5556 vel
1622 5489 1908 5568 recogitat,

315 5593 480 5648 immo
503 5607 604 5649 nec
625 5593 828 5659 carnis,
854 5609 955 5650 nec
982 5597 1179 5650 mentis
1199 5595 1391 5668 aspicit
1412 5593 1608 5658 oculis,
1636 5591 1780 5664 quod
1805 5607 1913 5649 non

314 5690 482 5759 po~sit
523 5701 646 5743 esse
679 5685 848 5754 Deus,
869 5689 1024 5758 cujus
1053 5705 1178 5759 pars
1203 5690 1328 5760 igne
1355 5689 1636 5744 combusta
1661 5695 1742 5741 est
1767 5703 1780 5738 :
1813 5699 1916 5744 nec

316 5780 555 5836 hominis
592 5795 751 5834 mauu
790 5779 908 5835 fieri
935 5780 1114 5836 divina
1159 5783 1436 5854 ntajestas.
1469 5779 1797 5848 Pleuiusque
1825 5792 1918 5834 su-

315 5887 412 5946 per
434 5871 690 5944 irrisione
710 5869 979 5946 idolorum
1004 5874 1354 5945 pr0pheticus
1380 5887 1564 5943 sermo
1586 5867 1917 5942 contexitur,

2015 4943 2211 5005 lactari,
2245 4949 2300 4995 et
2331 4937 2512 4993 omnia
2559 4937 2830 4992 elementa
2873 4938 3186 4992 concinere.
3224 4935 3352 4992 Sive
3396 4933 3625 5008 angelos

2014 5037 2106 5108 qui
2153 5041 2438 5088 morantur
2491 5033 2546 5086 in
2577 5029 2756 5095 ett-lis,
2789 5039 2843 5085 et
2888 5029 3024 5084 alias
3069 5034 3390 5100 potestates,
3423 5023 3625 5094 quibus

2015 5142 2174 5188 terrae
2202 5125 2549 5183 fundamenta
2596 5132 2904 5196 portantur.
2940 5123 3038 5179 Vel
3069 5130 3220 5178 certe
3247 5117 3541 5190 Apostolus
3570 5127 3628 5172 et

2015 5221 2340 5293 Pr0phetas,
2364 5219 2433 5275 de
2457 5219 2655 5290 quibus
2677 5215 3000 5298 loquebatur
3023 5223 3078 5269 et
3102 5201 3393 5282 Apostolus
3421 5227 3434 5264 :
3463 5207 3626 5263 /Edi-

2016 5315 2157 5386 ﬁcati
2183 5330 2340 5382 super
2363 5311 2755 5383 fundamentum
2772 5307 3138 5378 Apostolorum
3163 5314 3211 5358 et
3236 5299 3622 5374 PrOphetarum

2016 5405 2238 5481 (Ephes.
2271 5417 2334 5469 ιι,
2362 5402 2477 5472 20).
2514 5402 2723 5457 Montes
2755 5414 2975 5470 quoque
2997 5408 3052 5453 et
3081 5396 3255 5461 silvae,
3284 5394 3398 5448 sive
3421 5391 3622 5462 colles,

2017 5499 2110 5571 qui
2150 5515 2247 5569 pro
2275 5497 2542 5552 varietate
2572 5496 2832 5551 virtutum
2883 5489 3056 5562 prima
3087 5495 3142 5543 et
3184 5485 3362 5540 media
3405 5483 3523 5539 ioca
3569 5494 3628 5541 et

2022 5593 2208 5647 ultima
2257 5587 2636 5662 possederunt,
2685 5585 2942 5656 iubentur
2981 5579 3238 5662 jubilare,
3269 5587 3324 5633 et
3373 5577 3495 5630 tuba
3530 5591 3626 5632 ca-

2023 5703 2179 5753 uere,
2208 5661 2444 5742 scientes
2471 5683 2614 5753 quod
2657 5677 2950 5735 redemerit
2980 5661 3242 5729 Dominus
3271 5668 3459 5736 Iacob,
3486 5679 3542 5724 et
3572 5667 3628 5726 in

2025 5782 2194 5839 lsrael
2225 5777 2582 5836 conversione
2610 5774 2845 5838 laetetur,
2877 5770 2991 5826 sive
3014 5768 3128 5839 ipse
3149 5765 3314 5822 isracl
3341 5765 3410 5818 ab
3434 5776 3628 5820 errore

2027 5885 2351 5936 conversus,
2369 5867 2601 5937 inclytus
2634 5863 2745 5918 ﬂat.
