4096 6330
437 281 540 340 ιδθ

1680 275 1737 332 S.
1783 271 2057 334 EUSEBII
2099 269 2479 330 BIERONYMI

3641 273 3744 330 440

506 395 690 471 (Vers.
731 397 802 452 ει
848 397 1028 467 seqq.)
1081 393 1206 448 Hac
1254 393 1378 448 dicit
1429 390 1687 446 Dominus
1734 389 2028 462 redemptor
2056 385 2494 458 Apreliendisse
2533 385 2887 454 sapientiam.
2929 385 3032 456 Qui
3067 387 3230 442 etiam
3277 386 3509 444 verbum
3543 387 3701 459 pueri
3727 430 3741 455 ,

437 501 582 556 tuus,
603 499 652 545 et
677 492 933 561 formator
960 496 1079 541 tuus
1107 501 1172 540 ea:
1192 495 1377 540 utero:
1410 483 1520 556 Ego
1541 499 1656 537 sum
1686 481 1938 538 Dominus
1961 485 2041 550 [αα

429 586 570 641 ciens
609 585 783 639 omnia
805 626 821 649 ,
851 582 1132 638 extendens
1151 583 1310 636 caelos
1332 581 1475 636 solus
1493 623 1508 647 ,
1526 579 1796 634 stabiliens
1824 590 2038 642 terram,

434 689 484 734 et
528 679 706 733 nullus
745 693 960 733 mecum.
999 676 1157 731 Irrita
1189 677 1390 747 faciens
1440 677 1590 749 signa
1633 673 1926 730 divinorum
1949 715 1964 739 ,
1997 681 2043 726 et

436 773 666 828 hariolos
694 773 746 826 in
777 772 1006 842 furorem
1031 779 1229 825 vertens
1251 787 1269 824 :
1321 780 1621 824 convertens
1666 768 1920 839 sapientes
1961 781 2044 820 re-

434 877 682 934 trorsum,
712 874 759 918 et
789 865 1057 919 scientiam
1076 880 1256 919 eorum
1287 862 1499 918 stultam
1528 860 1744 932 faciens.
1772 859 2044 915 Suscitans

433 959 640 1013 verbum
669 957 802 1012 servi
829 957 931 1022 sui,
960 967 1010 1011 et
1037 955 1313 1010 cansilium
1342 955 1643 1012 nuntiorum
1670 968 1884 1008 suorum
1905 966 2046 1004 com-

435 1051 607 1120 piens.
644 1049 746 1115 Qui
775 1049 892 1103 dico
921 1047 1250 1102 Jerusalem:
1278 1046 1590 1102 habitaberis
1616 1043 1722 1118 [AL
1757 1042 2048 1110 mdiﬁcabe—

428 1137 557 1212 ris],
605 1152 654 1195 et
682 1140 976 1195 civitatibus
1026 1139 1217 1194 Judat:
1262 1139 1654 1208 mdiﬁcabimiui
1687 1179 1700 1201 ,
1753 1147 1800 1192 et
1846 1135 2046 1190 deserta

437 1237 552 1308 ejus
573 1235 858 1289 suscitabo.
895 1234 997 1300 Qui
1021 1233 1138 1288 dico
1162 1215 1800 1304 profundo:desolare.'et
1827 1229 2048 1299 flumina

443 1338 535 1380 tua
556 1328 864 1398 arefaciam.
898 1325 998 1394 Qui
1035 1328 1151 1381 dico
1177 1325 1348 1397 Cyro:
1370 1335 1546 1398 pastor
1570 1340 1712 1378 meus
1744 1339 1797 1377 es
1825 1363 1839 1386 .
1870 1331 1917 1376 et
1944 1337 2052 1376 om-

435 1435 557 1473 nem
587 1417 906 1474 voluntatem
927 1435 1098 1472 meam
1119 1418 1416 1491 complebis.
1449 1418 1553 1483 Qui
1574 1417 1692 1470 dico
1719 1414 2008 1470 Jerusalem
2031 1431 2049 1468 :

439 1513 821 1582 wdi/icaberis;
853 1523 899 1568 et
925 1514 1152 1584 templo:
1183 1513 1508 1584 fundaberis.
1559 1509 1740 1566 LXX:
1792 1510 1883 1567 Sic
1927 1510 2050 1564 dicit

436 1604 703 1661 Dominus
747 1608 835 1678 qui
864 1609 1079 1662 redemit
1107 1618 1155 1659 te
1183 1647 1196 1671 ,
1227 1616 1271 1685 et
1306 1607 1538 1677 formans
1569 1615 1618 1658 te
1643 1621 1709 1660 ea:
1736 1615 1904 1659 utero.
1939 1604 2052 1676 Ego

443 1700 722 1769 Dominus,
745 1704 836 1774 qui
857 1705 1088 1776 compleo
1117 1704 1288 1757 omnia
1313 1720 1331 1757 :
1355 1703 1564 1758 extendi
1593 1701 1778 1756 coelum
1810 1702 1974 1765 solus,
2005 1711 2051 1753 et

2143 483 2257 536 sive
2286 480 2428 536 servi
2459 480 2581 547 sui,
2613 479 2685 538 de
2712 495 2822 547 quo
2861 495 3023 552 supra
3053 479 3292 536 diximus
3317 525 3332 549 ,
3367 491 3424 538 et
3451 481 3738 538 consilium

2143 574 2456 630 nuntiorum
2479 575 2615 643 ejus,
2635 567 3062 647 rebns‘explebit
3082 594 3094 629 :
3122 575 3512 647 Apostolorum
3531 575 3744 632 scilicet

2145 668 2498 740 omniumque
2527 668 2816 724 doctorum
2840 711 2856 737 ,
2886 669 2978 741 qui
3011 669 3350 726 voluntatem
3385 669 3638 740 magistri
3667 669 3746 724 sui

2145 760 2398 831 gentibus
2421 761 2769 818 nuntiabunt.
2789 761 2908 832 Ipse
2924 777 3062 833 ergo
3081 762 3173 833 qui
3198 771 3283 819 est
3305 772 3456 816 tanta
3481 760 3746 827 facturus,

2147 855 2301 921 cujus
2348 856 2644 925 potentiam
2679 854 2829 911 brevi
2858 869 3118 912 sermone
3143 853 3412 926 descripsi
3439 896 3454 920 ,
3489 855 3657 910 etiam
3685 853 3750 909 ad

2147 945 2452 1003 Jerusalem
2478 987 2493 1013 ,
2525 962 2646 1018 qua:
2675 947 3004 1004 destruenda
3034 947 3144 1004 erit
3171 963 3200 1002 a
3235 945 3576 1018 Babyloniis,
3609 959 3754 1000 nunc

2149 1041 2283 1096 dicit
2303 1051 2594 1113 antequam
2625 1042 2962 1108 destruatur,
2991 1040 3140 1114 quod
3167 1057 3390 1096 rursum
3422 1039 3702 1095 habitetur
3725 1053 3752 1094 a

2151 1135 2393 1207 populis:
2442 1145 2503 1192 et
2545 1135 2861 1193 civitatibus
2908 1135 3113 1192 Judteae
3141 1177 3157 1200 ,
3199 1135 3347 1206 quod
3379 1134 3754 1189 instaurentur

2150 1227 2258 1300 [ΑΙ.
2293 1227 2758 1301 instaurarentur]
2784 1271 2800 1295 ,
2838 1229 2929 1300 qui
2971 1237 3027 1284 et
3060 1227 3222 1300 531
3251 1225 3583 1282 solitudines
3613 1223 3754 1280 illius

2151 1321 2464 1386 suscitabit,
2499 1330 2560 1376 ut
2587 1323 2773 1376 omnia
2801 1321 3109 1378 cultoribus
3141 1319 3493 1392 impleantur.
3521 1317 3628 1386 Qui
3658 1315 3756 1388 igi-

2153 1423 2242 1469 tur
2269 1413 2403 1469 dicit
2424 1413 2733 1470 Jerusalem
2759 1426 2814 1470 et
2845 1413 3048 1470 Judam
3074 1424 3131 1470 et
3157 1412 3393 1469 desertis
3421 1411 3544 1483 ejus
3569 1453 3588 1477 ,
3614 1411 3757 1484 quod

2155 1507 2430 1563 habitetur
2461 1516 2517 1561 et
2542 1507 2856 1564 aedificetur
2881 1516 2938 1562 et
2963 1505 3260 1562 suscitetur
3284 1545 3302 1574 ,
3333 1505 3423 1561 hic
3460 1505 3602 1561 dicit
3630 1519 3756 1575 pro-

2156 1600 2324 1655 fundo
2354 1603 2470 1656 sive
2492 1599 2693 1671 abysso
2717 1642 2733 1667 ,
2769 1600 2822 1655 id
2854 1609 2961 1666 est,
2994 1599 3284 1671 Babyloni,
3315 1598 3552 1654 desolare
3580 1608 3628 1654 et
3655 1599 3757 1669 flu-

2157 1696 2298 1749 mina
2328 1705 2416 1750 tua
2443 1695 2728 1767 arefaciam
2751 1737 2767 1762 ,
2795 1710 3017 1750 omnem
3047 1708 3236 1765 regum
3277 1693 3602 1764 potentiam.
3635 1691 3760 1750 Sive

442 1802 470 1831 ‘
499 1794 701 1864 ﬁrmavi
726 1803 934 1848 terram.
957 1793 1086 1861 Quis
1112 1793 1246 1847 alius
1269 1794 1538 1866 dissipavit
1559 1795 1708 1864 signa
1735 1793 2047 1866 pythonum,
2085 1787 2128 1849 Β
2156 1791 2280 1860 quia
2309 1789 2641 1861 profundum
2673 1801 2726 1846 et
2750 1792 3009 1864 abyssum
3030 1789 3269 1854 dixerat,
3294 1799 3444 1844 recte
3464 1803 3564 1860 per
3586 1797 3761 1843 trans-

441 1896 491 1941 et
531 1885 880 1940 divinationes
907 1887 970 1938 de
999 1887 1152 1940 corde
1171 1888 1195 1940 Σ)
1234 1887 1324 1957 qui
1353 1898 1528 1940 averto
1558 1885 1837 1959 prudentes
1860 1891 2052 1939 γειτον-

440 1997 579 2045 sum,
610 1991 657 2035 et
688 1980 962 2035 consilium
989 1995 1166 2034 eorum
1196 1981 1411 2035 stultum
1438 1980 1596 2051 facio.
1639 1979 1704 2033 Et
1729 1988 1901 2034 statuo
1940 1995 2052 2032 rer-

443 2074 567 2128 bum
607 2074 758 2145 pueri
801 2074 940 2138 mei,
991 2084 1037 2126 et
1083 2071 1358 2127 consilium
1394 2073 1707 2142 Angelorum
1738 2076 1852 2146 ejus
1878 2087 2054 2126 verum

447 2168 629 2240 probo.
663 2166 766 2234 Qui
795 2168 912 2221 dico
941 2167 1236 2222 Jerusalem
1257 2209 1272 2232 ,
1305 2166 1651 2222 habitaberis:
1682 2177 1731 2221 et
1758 2167 2053 2221 civitatibus

452 2263 646 2318 JudtB.‘
679 2263 1065 2333 waiﬁcabimini
1091 2305 1106 2327 ,
1137 2262 1300 2334 530
1323 2273 1371 2317 et
1401 2263 1601 2316 deserta
1629 2263 1772 2316 illius
1797 2263 2050 2316 orientur.

449 2355 554 2422 Qui
586 2356 705 2409 dico
729 2357 938 2427 abysso,
958 2355 1296 2422 desolaberis,
1319 2365 1367 2410 et
1391 2355 1612 2426 flumina
1637 2365 1726 2410 tua
1748 2356 2050 2427 arefaciam.

449 2447 552 2514 Qui
595 2447 712 2501 dico
754 2446 888 2517 Cyro
912 2488 928 2514 ,
967 2455 1023 2501 ut
1059 2447 1271 2516 sapiat,
1313 2456 1360 2500 et
1391 2463 1566 2501 omnes
1606 2449 1892 2502 voluntates
1916 2463 2056 2500 meas

447 2543 639 2613 faciat;
685 2541 771 2609 qui
817 2540 935 2595 dico
979 2538 1315 2606 Jerusalem,
1345 2540 1726 2610 azdiﬁcaberis:
1756 2549 1804 2593 et
1842 2538 2054 2592 domum

442 2643 679 2688 sanctam
708 2651 874 2688 meam
899 2633 1152 2704 fundabo.
1198 2636 1498 2692 Destruclis
1529 2634 1691 2688 idolis
1719 2645 1770 2689 et
1803 2633 2059 2703 iniquita-

446 2727 594 2784 tibus
614 2725 806 2793 Israel,
831 2727 1180 2797 peccatisque
1201 2727 1422 2794 deletis,
1445 2728 1665 2796 quando
1692 2726 1876 2782 omnis
1899 2725 2060 2782 simul

451 2830 701 2875 creatura
748 2819 1040 2890 gaudebit;
1091 2829 1147 2876 et
1171 2821 1328 2890 juxta
1362 2821 1653 2891 Evangelii
1688 2820 1850 2876 [idem
1900 2819 2058 2892 (Luc.

449 2916 570 2984 xv),
593 2929 761 2985 super
788 2916 1109 2984 ptBnitenlia
1140 2926 1492 2986 peccatorum
1517 2915 1714 2988 Angeli
1738 2917 2064 2971 Imtabnntnr

448 3007 507 3064 in
533 3008 717 3069 caelis,
747 3007 1085 3064 describitur
1117 3009 1356 3078 potentia
1395 3007 1514 3075 Dei,
1543 3008 1688 3080 quod
1721 3023 2062 3078 nequaquam

460 3097 510 3154 ei
550 3098 762 3169 grande
791 3099 864 3154 sit
901 3100 1174 3156 redimere
1199 3099 1388 3158 .Jacob
1413 3141 1430 3164 ,
1459 3112 1514 3156 et
1559 3100 1723 3156 lsrael
1757 3102 2063 3158 instaurare

2156 1884 2421 1941 lationem
2449 1927 2462 1950 ,
2491 1897 2546 1941 et
2578 1885 2800 1940 ﬂumina
2831 1886 3032 1956 posuit.
3061 1885 3128 1941 de
3154 1884 3356 1955 quibus
3386 1891 3446 1940 et
3470 1882 3755 1940 Psalrnista

2154 1979 2438 2036 decantat:
2467 1979 2640 2053 Super
2659 1981 2878 2051 flumina
2906 1978 3188 2051 Babylonis
3202 1979 3271 2034 ibi
3292 1979 3523 2034 sedimus
3540 1987 3592 2034 et
3617 1979 3759 2048 flevi-

2156 2090 2269 2129 mus
2299 2073 2414 2148 (Ps.
2443 2089 2639 2130 CXXXVI
2667 2116 2683 2138 .
2718 2075 2789 2146 l).
2825 2073 2896 2130 Et
2925 2075 3016 2144 qui
3045 2073 3356 2130 Jerusalem
3386 2073 3679 2138 instaurat,
3706 2080 3758 2126 et

2159 2167 2490 2240 Babylonem
2519 2168 2772 2224 destruit.
2816 2167 2959 2223 Dicit
2987 2182 3204 2239 quoque
3239 2164 3386 2238 Cyro
3423 2164 3540 2235 regi
3569 2163 3760 2218 Persa-

2159 2277 2280 2316 rum
2305 2303 2320 2327 ,
2347 2261 2440 2332 qni
2473 2261 2685 2332 primus
2725 2259 3005 2318 destruxit
3036 2259 3368 2332 Babylonem
3398 2266 3566 2329 atque
3602 2252 3763 2312 Chal-

2159 2353 2336 2410 daeos:
2369 2365 2546 2427 pastor
2571 2371 2712 2410 meus
2734 2371 2809 2420 es,
2840 2356 2957 2410 sive
2989 2363 3048 2408 ut
3077 2351 3435 2423 Septuaginta
3470 2347 3762 2406 transtule-

2159 2459 2331 2514 runt,
2362 2459 2419 2503 ut
2460 2449 2654 2522 sapiat.
2705 2449 2876 2519 Cujus
2915 2444 3240 2502 dill'erentia:
3283 2459 3450 2501 causa
3482 2442 3764 2500 manifesta

2161 2549 2266 2598 est.
2301 2541 2535 2598 Verbum
2559 2542 2705 2597 enim
2737 2541 3068 2598 Hebraicum
3093 2554 3183 2595 ιιοι
3212 2539 3258 2594 si
3288 2553 3384 2609 per
3407 2551 3508 2592 ses
3529 2537 3764 2591 litteram

2165 2636 2582 2709 legamus-(hri),
2615 2635 2938 2706 intelligitur
2957 2647 3133 2708 pastor
3155 2647 3330 2696 meus;
3359 2632 3404 2687 si
3438 2647 3537 2703 per
3559 2645 3765 2686 DALETII

2164 2728 2298 2802 (ηπ-ι)
2322 2772 2338 2796 ,
2370 2730 2539 2786 sciens
2569 2729 2656 2786 vel
2680 2728 2974 2803 intelligens
3004 2744 3181 2790 meus,
3211 2741 3442 2798 quarum
3467 2722 3766 2780 similitudo

2164 2837 2331 2894 parvo
2361 2824 2517 2893 apice
2545 2821 2925 2893 distinguitur,
2955 2835 3021 2876 ac
3051 2835 3148 2891 per
3178 2819 3283 2875 hoc
3313 2832 3462 2888 saepe
3481 2815 3766 2873 confundi-
3827 2841 3829 2844 ‹

2167 2925 2277 2972 tur.
2307 2915 2584 2986 Scriptum
2615 2928 2698 2972 est
2727 2915 2780 2969 in
2811 2913 3000 2970 Esdrae
3030 2913 3300 2984 principio
3328 2954 3342 2977 ,
3380 2911 3525 2983 quod
3554 2909 3621 2965 ad
3651 2909 3767 2966 edi-

2165 3018 2315 3065 ctum
2355 3010 2486 3081 Cyri
2516 3008 2660 3079 regis
2693 3007 2984 3063 Persarum
3029 3018 3196 3078 atque
3225 3004 3505 3061 Medorum
3532 3043 3551 3072 ,
3588 3001 3766 3073 populi

2169 3101 2339 3158 Israel
2366 3102 2438 3157 sit
2473 3102 2655 3156 laxata
2683 3101 2996 3172 captivitas,
3027 3109 3084 3155 et
3113 3098 3327 3154 remissi
3359 3098 3412 3152 in
3443 3095 3768 3162 Jerusalem,

450 3205 550 3256 cor
577 3202 809 3258 rectum,
835 3207 995 3263 quem
1021 3191 1278 3249 formavit
1302 3210 1368 3248 ex
1400 3203 1580 3248 utero.
1606 3193 1679 3248 Et
1709 3194 1752 3249 si
1778 3194 1881 3250 hoc
1899 3194 2062 3250 alicui
2090 3187 2136 3250 C
2169 3196 2262 3266 qui
2289 3195 2466 3251 redire
2487 3193 2781 3250 voluerunt
2812 3193 2916 3248 sub
2938 3190 3242 3248 Zorobabel
3277 3190 3388 3245 lilio
3416 3187 3702 3255 Salathiel,
3718 3194 3772 3243 et

455 3297 568 3338 non
601 3300 824 3355 parvum
858 3285 1125 3350 videatur,
1162 3303 1271 3341 non
1303 3286 1374 3340 sit
1396 3286 1476 3341 illi
1507 3285 1735 3341 diilictle
1761 3288 1849 3357 qui
1879 3299 2072 3342 exten-

457 3378 602 3434 derit
632 3379 801 3434 cmlos
832 3379 1001 3434 solus.
1033 3379 1196 3435 Juxta
1226 3381 1372 3452 quod
1410 3382 1541 3436 alibi
1576 3381 1807 3453 legitur:
1842 3381 1947 3448 Qui
1972 3399 2067 3437 ex-

463 3472 623 3528 tendit
645 3472 832 3526 caelum
857 3473 1006 3540 (μιαοὶ
1023 3473 1211 3546 pellem
1237 3472 1359 3545 (Ps.
1389 3473 1598 3544 cuni).
1627 3473 1742 3530 Non
1769 3489 1877 3545 quo
1901 3474 2071 3530 Filius

464 3567 789 3622 excludatur
816 3568 884 3621 ab
917 3568 1240 3623 extensione
1272 3569 1535 3623 caelorum
1561 3586 1572 3636 ;
1607 3565 1796 3622 Omnia
1821 3569 1959 3622 enim
1983 3585 2073 3639 per

461 3662 632 3734 ipsum
661 3664 804 3734 facta
832 3672 990 3716 sunt:
1019 3673 1067 3715 et
1103 3664 1213 3717 sine
1238 3663 1353 3735 ipso
1384 3665 1580 3735 factum
1621 3673 1694 3718 est
1735 3661 1866 3717 nihil
1893 3705 1908 3728 ,
1934 3662 2072 3734 quod

461 3759 658 3825 factum
681 3767 759 3811 est
787 3755 970 3828 (Joan.
1001 3771 1016 3810 I
1041 3797 1058 3823 ,
1086 3755 1142 3828 5)
1168 3797 1186 3824 ,
1213 3757 1307 3811 sed
1339 3773 1446 3826 quo
1470 3800 1486 3824 ,
1522 3765 1584 3813 ut
1607 3773 1753 3828 είνρο
1783 3757 2026 3813 diximus
2057 3799 2072 3824 ,

473 3862 571 3916 per
601 3847 740 3903 hanc
770 3849 1103 3904 sententiam
1149 3849 1513 3906 excludantur
1557 3851 1727 3906 idola.
1769 3851 1903 3907 Nam
1933 3861 1987 3906 et
2015 3852 2071 3908 in

464 3936 780 3996 Proverbiis
802 3940 1111 3998 Salomonis
1133 3958 1203 3998 ex
1239 3959 1475 4012 persona
1497 3943 1702 4000 Christi
1731 3945 1832 4002 Dei
1860 3945 2076 4002 virtutis

464 4031 572 4107 [Αι.
608 4033 809 4107 virtus]
845 4037 1048 4106 Deique
1078 4038 1365 4109 sapientia:
1388 4038 1498 4111 [ΑΙ.
1521 4041 1818 4114 sapientia]
1842 4043 2072 4098 dicitur:

469 4126 694 4194 Quando
719 4129 935 4200 parabat
961 4129 1180 4196 coelum,
1217 4148 1310 4202 ego
1333 4148 1476 4186 eram
1505 4149 1623 4187 cum
1652 4151 1712 4188 eo
1740 4134 1924 4206 (Prov.
1960 4151 2074 4202 \‘lll,

466 4217 584 4291 27).
619 4219 742 4290 Ipse
763 4221 909 4276 enim
943 4223 1112 4286 dixit,
1148 4232 1196 4277 et
1229 4229 1370 4293 facta
1398 4236 1550 4292 sunt,
1575 4230 1685 4299 ipse
1714 4229 1999 4297 mandavit,
2028 4240 2076 4284 et

467 4323 643 4366 creata
689 4323 808 4367 sunt
838 4313 969 4386 (Ps.
1000 4330 1231 4381 CXLVIII,
1279 4334 1358 4387 ps.
1406 4335 1598 4383 xxx“,
1646 4321 1736 4391 9);
1768 4330 1854 4380 et:
1914 4320 2076 4378 Verbo

468 4402 686 4458 Domini
714 4404 828 4458 caeli
858 4407 1051 4476 firmati
1097 4417 1253 4474 sunt,
1305 4418 1352 4463 et
1397 4412 1586 4484 spiritu
1624 4415 1728 4467 oris
1767 4418 1878 4488 ejus
1916 4417 2077 4472 virtus

471 4512 648 4551 eorum
678 4494 854 4563 (Psal.
888 4514 1034 4552 χχχιι
1059 4544 1073 4568 ,
1111 4498 1189 4570 6).
1225 4499 1352 4556 llmc
1385 4501 1702 4573 frequenter
1731 4505 2031 4577 ingerimus
2058 4548 2074 4572 ,

2171 3287 2300 3344 Jesu
2330 3287 2442 3342 lilio
2463 3286 2701 3343 Josedec
2725 3285 3016 3342 sacerdote
3047 3299 3268 3356 magno.
3303 3281 3437 3338 Huic
3480 3282 3628 3340 enim
3674 3280 3772 3336 Do‘

2174 3381 2356 3436 minus
2379 3379 2666 3450 inspiravit
2687 3388 2747 3434 ut
2766 3394 2918 3434 suam
2943 3377 3153 3434 laceret
3169 3377 3532 3443 voluntatem,
3549 3385 3608 3432 et
3630 3373 3772 3430 illius

2175 3485 2446 3544 praecepta
2474 3467 2800 3544 compleret.
2835 3474 3239 3544 Signanterqne
3265 3470 3476 3526 addidit
3499 3512 3514 3532 .
3544 3471 3634 3533 qui
3661 3469 3774 3524 dico

2173 3567 2488 3634 Jerusalem,
2519 3568 2862 3640 wdiﬁcaberis
2893 3610 2909 3634 ,
2941 3579 2990 3623 et
3015 3567 3235 3641 Tetnplo
3262 3609 3276 3630 ,
3306 3565 3632 3638 fundaberir.
3665 3563 3775 3620 Sub

2173 3663 2320 3737 Cyro
2356 3665 2505 3720 enim
2542 3663 2755 3734 jussum
2783 3670 2910 3730 est,
2955 3674 3015 3718 ut
3057 3663 3427 3718 mdiﬁcaretur
3469 3659 3774 3718 Jerusalem

2176 3767 2233 3813 et
2262 3756 2552 3826 Templum
2583 3798 2599 3822 ,
2634 3756 2793 3827 cujus
2841 3765 3050 3812 tantum
3084 3755 3176 3812 illo
3223 3754 3441 3810 vivente
3479 3753 3627 3822 jacta
3653 3759 3779 3806 sunt

2178 3849 2552 3907 fundamenta.
2571 3849 2840 3906 Cteterum
2865 3849 2966 3904 sub
2985 3847 3172 3915 Dario,
3189 3862 3332 3902 anno
3352 3846 3500 3902 illius
3517 3845 3772 3910 secundo,

2179 3943 2636 4014 prophetantibus
2666 3943 2867 4015 Aggteo
2894 3952 2950 3999 et
2980 3941 3268 4008 Zacharia,
3295 3939 3586 4010 Templum
3612 3937 3776 3996 aedili-

2178 4037 2290 4093 cari
2319 4047 2557 4105 emptum
2588 4044 2692 4092 est.

2237 4130 2838 4205 (Cap.XLV.—Vers.l
2879 4126 3062 4200 seqq.)
3081 4127 3207 4182 Ha'c
3220 4127 3348 4182 dicit
3363 4125 3619 4181 Dominus
3631 4123 3778 4181 Chri-

2180 4235 2258 4280 sto
2277 4240 2388 4279 meo
2419 4222 2576 4295 Cyro,
2605 4226 2756 4297 cujus
2775 4221 3096 4294 apprehendi
3117 4221 3402 4285 dexteram,
3427 4229 3484 4274 ut
3509 4221 3778 4289 subjiciam

2179 4328 2299 4372 ante
2311 4319 2493 4390 faciem
2507 4321 2621 4390 ejus
2634 4327 2832 4390 gentes,
2849 4328 2898 4369 et
2911 4316 3065 4370 dorsa
3081 4331 3258 4386 regum
3274 4326 3541 4382 vertam,et
3555 4316 3779 4388 aperiam

2182 4429 2353 4467 coram
2366 4429 2424 4467 eo
2428 4416 2647 4486 januas:
2665 4421 2712 4466 et
2723 4421 2889 4484 porta:
2900 4428 3002 4466 non
3015 4413 3347 4466 claudentur.
3367 4411 3478 4486 Ego
3489 4411 3776 4479 anteteibo,

2181 4517 2229 4561 et
2249 4506 2501 4576 gloriosos
2523 4515 2672 4560 teme
2699 4505 2987 4561 Immiliabo
3005 4522 3024 4560 :
3045 4519 3218 4580 portas
3245 4523 3407 4562 areas
3435 4519 3716 4575 conteram,
3733 4517 3781 4562 et

471 4605 544 4645 ne
591 4589 696 4644 ulla
746 4589 1160 4661 blasphemandi
1209 4593 1490 4650 Christum
1540 4595 1816 4655 ha-reticis
1857 4600 2074 4655 occasio
2107 4582 2344 4653 Dvectes
2368 4598 3786 4671 ferreosconfringam.Etdabotibitltesaurosabsconv

473 4682 834 4754 relinquatur.
857 4685 912 4742 In
936 4686 1238 4744 Stabilitate
1257 4705 1475 4761 quoque
1500 4694 1910 4761 terraa,qnando
1932 4696 2077 4751 illius

473 4773 830 4831 fundamenta
864 4777 1134 4835 solidabat
1159 4823 1174 4844 ,
1201 4782 1387 4838 nullus
1413 4795 1531 4840 erat
1561 4801 1682 4841 cum
1712 4787 1845 4854 Deo,
1879 4801 2078 4859 praeter

475 4881 598 4924 eum
632 4869 725 4940 qui
760 4880 876 4925 erat
913 4871 968 4926 in
997 4887 1082 4928 eo.
1121 4872 1230 4929 Iste
1261 4876 1424 4944 igitur
1451 4885 1631 4934 tantus
1660 4893 1723 4934 ac
1759 4880 1880 4934 talis
1907 4921 1921 4943 ,
1953 4896 2075 4935 cum

475 4959 732 5032 prteﬁniti
763 4963 1012 5035 mysterii
1037 4977 1252 5035 tempus
1272 4967 1591 5036 advenerit,
1618 4983 1672 5025 ut
1695 4981 1893 5026 cuncta
1928 4971 2072 5028 idola

480 5053 873 5125 destruantur,
924 5067 979 5113 et
1032 5058 1128 5114 Dei
1178 5061 1351 5116 solius
1395 5063 1589 5118 notitia
1643 5064 1974 5134 przedieetur
2026 5067 2079 5121 in

480 5151 704 5219 mundo,
738 5153 919 5207 omnia
947 5154 1202 5210 vaticinia
1232 5157 1567 5226 divinorum,
1592 5169 1647 5215 et
1676 5161 2005 5231 pythonum,
2031 5171 2085 5214 et

477 5244 817 5302 hariolorum
847 5246 998 5316 signa
1027 5257 1190 5318 atque
1219 5258 1476 5322 portenta
1505 5296 1519 5318 ,
1554 5251 1753 5322 quibus
1785 5251 2078 5308 humanum

479 5342 814 5413 deceperunt
843 5359 1013 5412 genus
1036 5387 1052 5409 ,
1080 5344 1326 5402 destruet
1348 5354 1513 5416 atque
1547 5346 1859 5412 subvertet;
1907 5355 1964 5402 et
1991 5363 2081 5404 sa-

481 5437 749 5506 pientiam
783 5436 1232 5508 philosophorum
1258 5478 1275 5504 ,
1321 5454 1444 5508 quae
1475 5449 1530 5494 et
1561 5440 1676 5509 ipsa
1718 5439 1923 5497 erroris
1952 5455 2082 5511 pars

479 5528 716 5584 maxima
746 5536 873 5595 est,
904 5529 1124 5586 stultam
1156 5545 1278 5586 esse
1308 5532 1663 5588 monstrabit:
1705 5532 1833 5588 dum
1878 5549 2082 5605 nequa-

481 5634 642 5689 quam
682 5619 936 5693 humanis
967 5623 1390 5694 cogitationibus
1413 5665 1431 5693 ,
1464 5624 1560 5680 Dei
1589 5625 1893 5697 probantur
1927 5641 2079 5684 com-

2185 4691 2237 4743 di
2242 4701 2392 4756 tos,et
2406 4706 2597 4745 arcana
2606 4701 2948 4763 secretorum:
2963 4702 3017 4746 ut
3029 4694 3162 4747 scias
3174 4693 3297 4764 quia
3311 4710 3406 4766 ego
3419 4693 3784 4765 Dominus.qui

2181 4801 2308 4840 voco
2331 4803 2516 4841 nomen
2550 4795 2721 4852 tuum,
2753 4785 2894 4843 Deus
2923 4786 3113 4842 Israel.
3149 4786 3368 4861 Propter
3395 4805 3600 4845 servum
3618 4804 3784 4845 meum

2181 4879 2366 4945 Jacob.
2381 4891 2430 4936 et
2461 4881 2627 4943 Israel
2646 4881 2866 4938 electum
2885 4899 3076 4945 meum.
3101 4885 3340 4953 etvocavi
3366 4893 3414 4938 te
3439 4886 3646 4940 nomine
3666 4895 3782 4940 tuo:

2182 4973 2466 5027 assimilavi
2491 4983 2538 5028 te
2559 5017 2575 5041 ,
2608 4983 2657 5027 et
2692 4989 2794 5028 non
2822 4973 3106 5045 cognovisti
3134 4991 3232 5028 me.
3261 4973 3376 5046 Ego
3402 4971 3660 5031 Dominus
3682 5015 3698 5041 ,
3736 4981 3784 5029 et

2187 5080 2294 5118 non
2320 5075 2395 5120 est
2421 5066 2684 5138 amplius:
2721 5075 2867 5121 extra
2897 5083 2978 5121 me
3008 5083 3110 5121 non
3153 5076 3228 5122 est
3259 5065 3434 5122 Deus:
3465 5069 3671 5123 accinxi
3695 5077 3742 5122 te
3766 5107 3780 5131 .

2187 5167 2237 5212 et
2271 5173 2374 5212 non
2404 5158 2686 5229 cognovisti
2714 5174 2812 5214 me.
2845 5156 2914 5214 Ut
2939 5161 3106 5213 sciant
3133 5159 3189 5214 hi
3212 5202 3228 5224 ,
3259 5161 3350 5231 qui
3379 5159 3443 5214 ab
3473 5169 3594 5216 ortu
3620 5161 3745 5215 solis
3766 5199 3782 5227 ,

2187 5260 2234 5306 et
2267 5252 2354 5321 qui
2389 5249 2452 5304 ab
2483 5250 2779 5318 occidente,
2809 5254 3052 5323 quoniam
3081 5251 3244 5324 532
3267 5253 3459 5323 absque
3480 5269 3561 5307 me
3586 5269 3690 5307 non
3713 5261 3785 5306 est

2187 5343 2386 5417 [Antea
2416 5343 2720 5401 addebatur
2764 5343 2952 5418 Deus].
2989 5344 3102 5420 Ego
3147 5347 3397 5402 Dominus
3423 5388 3440 5413 ,
3485 5358 3532 5402 et
3564 5364 3668 5403 non
3713 5355 3783 5402 est

2185 5441 2336 5494 alter.
2365 5435 2630 5494 Formans
2653 5439 2819 5494 lucem
2839 5479 2855 5506 ,
2889 5449 2936 5494 et
2961 5455 3143 5494 creans
3171 5441 3404 5494 tenebras
3422 5456 3442 5494 :
3471 5440 3670 5509 faciens
3692 5456 3786 5512 pa-

2185 5549 2293 5589 cem
2317 5575 2331 5600 ,
2369 5544 2416 5589 et
2463 5550 2642 5589 creans
2688 5535 2902 5589 malum.
2946 5533 3057 5608 Ego
3099 5531 3357 5589 Dominus
3383 5535 3584 5606 faciens
3613 5534 3784 5589 omnia

2185 5627 2316 5682 hac.
2341 5627 2469 5684 Scio
2499 5627 2553 5683 in
2579 5628 2682 5684 hoc
2709 5627 2952 5700 capitulo
2975 5643 3082 5686 non
3115 5629 3291 5686 solum
3318 5625 3780 5696 Latinorum,sed

558 5813 583 5840 ε
612 5802 862 5875 Legimus
891 5803 1092 5876 firmavi
1113 5817 1180 5864 ex
1206 5805 1398 5865 Graeco
1425 5809 1720 5882 ἕστρρὲωσα
1744 5854 1758 5876 ,
1791 5818 1845 5866 et
1886 5809 2160 5871 Victoria:
2191 5821 2352 5869 antea
2383 5821 2504 5870 erat
2531 5812 2769 5882 formavi.
