4096 6330
293 343 390 401 ιιι

815 299 1470 400 COMMENTARIORUM
1509 341 1574 400 IN
1617 339 1856 400 ISAIAM
1895 337 2321 399 PROPHETAM
2362 340 2494 402 LIB.
2537 341 2676 401 XIII.
2718 341 2880 402 CAP.
2919 341 3085 402 XLV.

3499 345 3609 403 442

290 455 614 514 Gmcorum
658 453 923 526 plurimos
962 455 1318 512 vehementer
1340 469 1551 521 errare,
1582 455 1903 512 existiman-
1931 455 1984 519 Α
2006 451 2283 522 Dominus,
2306 467 2353 512 et
2374 474 2478 514 non
2505 468 2581 514 est
2599 459 2751 516 alter.
2787 459 2950 517 Pater
2969 461 3118 518 enim
3150 463 3206 520 in
3237 463 3400 530 Filio.
3433 473 3487 521 et
3515 462 3611 522 Fi-

290 551 422 606 tium
453 549 728 618 scriptum
756 564 909 606 esse:
939 549 1030 606 Sic
1060 549 1186 605 dicit
1227 546 1480 606 Dominus
1506 548 1712 606 Christo
1739 567 1853 606 meo
1877 593 1894 620 ,

289 634 520 698 Domino
543 659 563 710 ;
587 651 651 698 ut
683 642 1030 713 intelligatur
1052 685 1066 702 .
1092 643 1241 715 juxta
1273 642 1402 699 illud
1431 643 1574 714 quod
1607 644 1732 700 alibi
1766 645 1898 715 legi-

2004 547 2111 604 Iius
2139 550 2192 605 in
2218 548 2402 607 Patre.
2429 551 2530 620 Qui
2555 554 2792 625 l0quitur
2813 555 2866 612 in
2890 555 3225 629 Evangelia:
3247 558 3358 632 Ego
3376 569 3426 614 et
3449 556 3612 614 Pater

2001 659 2165 699 unum
2192 660 2374 700 sumus
2414 643 2600 719 (Joau.
2647 665 2677 703 ιι
2703 691 2717 713 ,
2756 649 2875 720 50).
2909 649 2980 706 Et
3021 653 3074 706 in
3108 651 3297 708 Esdra:
3326 653 3609 708 volumine

289 749 442 791 mus:
477 733 634 789 Plnit
659 733 924 791 Dominus
951 753 981 789 a
1008 734 1234 790 Domino
1264 734 1470 809 (Cenes.
1512 735 1593 809 tt).
1626 737 1714 793 Et:
1754 736 1900 792 Dixit
2002 739 2241 808 positum
2267 748 2374 805 est,
2403 743 2693 812 scripsisse
2719 741 2920 817 Cyrum
2951 745 3018 800 ad
3042 760 3237 802 omnes
3263 746 3609 817 gentes,nul-

288 827 545 885 Dominus
574 828 802 884 Domino
827 847 938 885 meo
954 829 1074 904 (1’s.
1100 843 1210 896 ctx,
1229 832 1303 903 I).
1328 829 1514 902 Neque
1538 833 1682 888 enim
1708 837 1893 910 κυρίῳ,

2000 831 2111 887 Iunt
2142 847 2268 888 esse
2298 831 2512 899 Deum,
2547 834 2648 889 nisi
2691 836 2869 891 solum
2917 837 3086 894 Deum
3130 839 3318 894 Israel.
3365 838 3497 894 Sive
3526 840 3600 894 ita

286 922 426 994 quod
455 923 754 979 Dominum
777 933 957 991 sonat,
982 923 1077 980 sed
1102 924 1238 997 Cyro
1265 925 1488 992 dicitur,
1513 927 1605 996 qui
1633 925 1896 982 Hebraice
1997 922 2411 994 intelligendum
2441 971 2456 994 ,
2487 926 2630 996 quod
2661 930 3004 999 captivorum
3035 930 3242 987 laxatio
3267 973 3282 998 ,
3325 941 3384 986 et
3415 931 3508 988 Dei
3542 932 3597 986 in

287 1015 599 1088 appellatur
625 1032 829 1073 errones
858 1016 1022 1088 (um)
1051 1059 1065 1084 ,
1093 1017 1208 1088 regi
1243 1018 1558 1086 Persarum,
1591 1019 1682 1090 qui
1718 1018 1896 1091 B.tby-
1997 1019 2255 1090 pupulum
2299 1035 2454 1075 suum
2487 1020 2785 1077 clementia
2815 1068 2828 1090 ,
2878 1027 3089 1080 cunctis
3128 1025 3389 1096 gentibus
3429 1026 3598 1083 Deum

286 1109 464 1167 Ionem
488 1110 891 1183 Chalda-osque
920 1114 1220 1184 superavit.
1253 1112 1322 1169 Et
1341 1113 1548 1183 junctis
1567 1114 1760 1180 Medis,
1779 1115 1894 1187 agi-

284 1213 424 1262 tator
453 1205 597 1278 biga:
619 1249 636 1273 ,
672 1207 724 1262 id
757 1218 840 1264 est
867 1249 882 1273 ,
912 1209 1109 1265 cameli
1139 1219 1194 1265 et
1233 1209 1372 1265 asini
1401 1252 1416 1278 ,
1465 1225 1625 1282 supra
1657 1211 1876 1283 legitur.

284 1299 388 1358 Iste
413 1301 732 1372 appellatus
751 1311 837 1359 est
866 1301 1103 1358 Christus
1130 1344 1147 1370 ,
1193 1303 1246 1359 id
1275 1314 1362 1360 est
1385 1345 1402 1372 ,
1427 1315 1613 1360 unctus
1638 1305 1849 1361 Domini
1873 1348 1888 1372 ,

281 1392 424 1467 quod
449 1402 575 1449 erat
605 1395 822 1467 insigne
849 1396 991 1468 apud
1023 1397 1286 1452 llebrznos
1312 1399 1478 1467 regiae
1511 1398 1890 1468 potestatis,ttt

283 1487 563 1560 quomodo
589 1488 732 1560 apud
753 1503 853 1544 nos
878 1489 1132 1546 diadema
1159 1501 1211 1546 et
1237 1506 1477 1562 purpura
1502 1492 1634 1547 solis
1655 1492 1890 1564 Impera-

282 1581 493 1637 toribus
534 1580 732 1636 datur:
761 1583 842 1637 sic
869 1583 1012 1646 apud
1046 1583 1305 1641 Hebraeos
1345 1584 1623 1656 regnaturi
1671 1587 1891 1657 perfun-

281 1671 555 1728 debantnr
587 1683 890 1744 unguento.
923 1672 1078 1731 Unde
1123 1684 1180 1730 et
1219 1675 1348 1731 Saul
1383 1675 1632 1732 Christus
1675 1678 1888 1734 Domini

281 1763 485 1820 dicitur
515 1763 560 1834 (1
602 1763 736 1838 Reg.
773 1764 872 1836 vt).
918 1766 985 1822 Et
1031 1768 1084 1822 in
1127 1765 1362 1823 Psalmis
1399 1768 1653 1838 legimus:
1705 1768 1888 1824 Nolite

1994 1111 2188 1167 fecerit
2217 1114 2508 1168 notiorem.
2545 1113 2648 1182 Qui
2695 1113 2860 1185 igitur
2891 1115 2988 1171 tibi
3029 1117 3157 1172 dedi
3187 1116 3596 1183 fortitudinem,

1994 1216 2050 1261 et
2081 1206 2230 1262 solus
2256 1208 2396 1263 Deus
2425 1208 2702 1279 sum,ipse
2733 1224 2820 1266 res
2841 1211 2986 1265 inter
3015 1226 3074 1266 se
3097 1214 3405 1270 contrarias
3430 1211 3594 1280 facio,

1961 1314 1964 1316 ‘
1993 1299 2172 1356 lucem
2204 1311 2260 1355 et
2287 1301 2544 1358 tenebras
2569 1348 2584 1372 ,
2620 1301 2671 1357 id
2713 1315 2838 1368 est,
2867 1302 3013 1359 diem
3042 1314 3098 1360 et
3129 1317 3378 1362 noctem:
3413 1321 3598 1376 pacem

1992 1405 2046 1450 et
2081 1395 2283 1450 malum
2301 1441 2316 1465 ,
2350 1395 2452 1450 hoc
2475 1407 2580 1465 est,
2607 1395 2779 1452 otinm
2802 1406 2858 1453 et
2889 1397 3116 1467 bellum,
3147 1413 3246 1470 per
3273 1414 3395 1471 quae
3419 1400 3594 1468 signi-

1992 1486 2118 1543 ﬁcat
2147 1498 2206 1544 et
2229 1487 2426 1544 iratum
2447 1487 2619 1545 fuisse
2640 1505 2702 1545 se
2735 1489 2939 1560 populo
2963 1505 3088 1552 suo.
3103 1493 3322 1563 quando
3344 1491 3598 1548 tenebras

1989 1582 2341 1654 captivitatis,
2376 1585 2629 1656 malaque
2659 1586 2922 1642 sustinuit
2947 1587 3256 1644 servitutis.
3291 1587 3359 1643 Et
3379 1601 3596 1643 rut-sum

1991 1676 2276 1732 misertum
2306 1723 2322 1746 ,
2354 1677 2573 1749 quando
2618 1678 2833 1734 remissi
2883 1680 2934 1734 in
2987 1682 3217 1750 patriam
3247 1725 3262 1749 ,
3299 1694 3490 1750 pacem
3537 1689 3595 1738 et

1989 1769 2250 1841 gaudium
2283 1779 2632 1841 receperunt.
2677 1773 2962 1840 Quomodo
2988 1773 3136 1830 enim
3169 1774 3276 1830 luci
3299 1773 3594 1831 contraria:

282 1866 488 1932 tangere
509 1851 752 1914 Christus
779 1874 918 1912 meos
937 1875 956 1914 :
982 1867 1028 1914 et
1053 1860 1106 1913 in
1134 1858 1411 1932 Prophetis
1441 1861 1564 1914 meis
1592 1861 1748 1916 nolite
1776 1877 1889 1915 ma-
1919 1863 1963 1923 Ii
1994 1863 2232 1919 tenebrae
2261 1875 2414 1920 sunt:
2450 1866 2522 1920 ita
2551 1866 2666 1936 paci
2697 1867 3031 1921 contrarium
3053 1866 3256 1923 bellum
3289 1878 3394 1922 esu
3429 1865 3586 1923 Unde

277 1952 466 2026 (ignari
493 1954 617 2027 (Ps.
644 1971 755 2022 CW,
788 1957 899 2029 15).
930 1958 1099 2029 Hujus
1126 1957 1408 2014 dexteram
1439 1958 1800 2029 apprehendit
1829 1969 1882 2015 et

281 2051 452 2105 tenuit
479 2091 494 2114 .
532 2058 595 2105 ιιι
624 2050 815 2106 nullus
852 2050 1157 2107 fortitudini
1190 2052 1311 2122 ejus
1349 2052 1552 2109 valeret
1601 2053 1880 2109 resistere.

276 2141 551 2216 Legamus
596 2143 980 2219 Xenophontis
1019 2155 1144 2202 octo
1183 2146 1446 2202 librorum
1477 2146 1606 2219 Cyri
1652 2146 1882 2216 majoris

275 2236 594 2296 historiam.
625 2246 683 2293 et
716 2239 1056 2309 pr0pltetiam
1091 2239 1240 2296 Isaia:
1269 2254 1559 2296 cernemus
1585 2242 1880 2312 expletam.

275 2329 405 2402 Qua:
418 2333 568 2388 enim
583 2333 780 2390 civitas
794 2333 870 2390 illi
884 2349 990 2390 non
1009 2335 1213 2404 patuit?
1229 2350 1351 2406 qua:
1379 2349 1488 2390 non
1517 2334 1702 2406 regum
1730 2346 1878 2406 terga

276 2426 548 2493 subjecit?
574 2427 677 2497 Qtti
709 2429 847 2484 muri
878 2427 1027 2498 prius
1068 2429 1514 2500 inexpugnabiles
1542 2471 1556 2495 ,
1593 2444 1699 2484 non
1731 2429 1880 2484 illius

277 2518 568 2576 obsidione
591 2520 840 2575 subversi
865 2521 1030 2576 sunt?
1051 2520 1204 2578 Unde
1221 2522 1288 2575 ad
1311 2520 1489 2592 ipsum
1505 2519 1710 2593 Cyrum
1736 2522 1881 2578 Deus

277 2611 672 2684 apostropham
705 2614 859 2670 facit:
893 2611 1030 2668 Dedi
1054 2613 1146 2669 tibi
1167 2613 1458 2678 thesauros,
1479 2625 1528 2668 et
1551 2614 1880 2669 absconditos

276 2721 396 2778 apes
432 2714 738 2760 cunctarum
779 2706 1024 2774 urbium;
1052 2717 1110 2762 ut
1134 2707 1226 2778 qui
1255 2713 1407 2778 prius
1437 2707 1660 2763 colebas
1693 2706 1834 2762 idola
1862 2747 1877 2773 ,

275 2798 560 2856 beneﬁciis
586 2817 756 2857 unum
776 2803 1014 2858 sentires
1036 2801 1542 2872 Denm,prtesertim
1561 2817 1688 2856 cum
1713 2801 1878 2868 scias,

276 2893 448 2950 multo
477 2903 776 2966 antequam
805 2897 1283 2952 nascereristuum
1309 2911 1507 2951 nomen
1536 2910 1660 2952 esse
1677 2896 1876 2966 prsidi-

275 2995 437 3042 ctum.
455 2986 614 3056 Quod
637 2987 858 3059 quidem
885 2999 940 3044 et
959 2989 1231 3059 Josephus
1255 2989 1307 3044 in
1329 2987 1618 3044 undecimo
1638 2987 1879 3044 Iudaica:

276 3080 636 3152 Antiquitatis
669 3082 944 3140 volumine
967 3083 1157 3152 refert,
1190 3083 1391 3155 legisse
1417 3082 1616 3157 Cyrum
1648 3085 1718 3139 ab
1745 3083 1878 3138 Isaia

275 3177 343 3234 de
371 3193 431 3234 se
457 3190 621 3234 certo
649 3179 1001 3234 vaticinatum
1035 3179 1259 3234 nomine
1286 3189 1316 3244 ,’
1335 3188 1387 3233 et
1423 3178 1629 3234 idcirco
1657 3178 1878 3234 Judzcos

1985 1958 2352 2016 confundatur
2379 1961 2608 2017 lmresis
2634 2003 2650 2028 ,
2679 1977 2798 2032 qua:
2822 1961 3088 2018 malorum
3118 1962 3418 2018 arbitratur
3445 1977 3581 2019 con-

1986 2052 2222 2109 ditorem
2272 2054 2463 2110 Deum.
2517 2053 2654 2109 Cum
2703 2053 2791 2111 bic
2837 2055 3039 2110 malum
3096 2072 3202 2111 non
3251 2045 3584 2112 contrarium

1985 2145 2152 2216 bono,
2180 2147 2276 2203 sed
2304 2163 2401 2218 pro
2427 2147 2723 2205 afﬂictione
2753 2159 2994 2220 ponatur
3013 2159 3070 2206 et
3097 2150 3260 2216 bello,
3291 2153 3590 2208 secundum

1984 2238 2113 2296 illud
2155 2239 2319 2314 535
2343 2242 2489 2313 quod
2524 2243 2575 2297 in
2609 2242 2906 2313 Evangelio
2931 2244 3196 2316 scriptum
3227 2256 3312 2302 est
3343 2264 3357 2300 :
3387 2245 3594 2318 Sufﬁcit

1984 2332 2088 2386 diei
2106 2335 2308 2388 malitia
2333 2350 2430 2388 sua
2461 2333 2684 2404 (Matth.
2717 2351 2790 2400 vr,
2821 2334 2938 2405 54).
2968 2335 3273 2393 Possumus
3297 2338 3455 2407 juxta
3480 2350 3592 2394 tro-

1986 2425 2255 2496 pologiam
2306 2425 2422 2482 hate
2467 2437 2522 2483 et
2565 2429 2634 2483 de
2671 2429 3050 2486 ecclesiastico
3090 2431 3207 2487 viro
3237 2430 3457 2501 dicere,
3502 2433 3590 2488 cui

1985 2516 2128 2574 Deus
2171 2517 2319 2574 dedit
2347 2534 2656 2576 sermonem
2685 2531 2850 2592 atque
2895 2522 3220 2593 sapientiam
3250 2565 3265 2589 ,
3298 2531 3360 2579 ut
3388 2539 3586 2580 omnes

1982 2621 2161 2668 sectas
2183 2613 2487 2667 contrarias
2509 2611 2730 2668 veritati
2758 2629 2855 2668 sua
2883 2614 3257 2682 diSputatiOne
3283 2616 3586 2671 subvertat.

1983 2706 2138 2764 Sicut
2163 2707 2313 2764 etde
2343 2707 2627 2775 Stephano
2656 2719 2841 2764 sancta
2875 2709 3156 2780 Scriptura
3191 2719 3595 2766 commemorat

1982 2799 2122 2874 (Act.
2163 2805 2262 2871 vt),
2305 2801 2452 2872 quod
2500 2803 2684 2856 nullus
2733 2803 2974 2872 potuerit
3021 2803 3283 2860 resistere
3309 2804 3596 2874 sapientia:

1981 2891 2123 2963 ejus,
2151 2901 2207 2948 et
2230 2903 2287 2948 ut
2316 2908 2498 2963 reges,
2527 2893 2580 2948 id
2609 2905 2717 2960 est,
2749 2895 3089 2964 patriarchas
3117 2895 3454 2970 singularum
3480 2895 3593 2953 ba:-

1983 3002 2338 3054 resewn,suae
2367 2989 2619 3060 subjiciat
2647 2990 2934 3060 potestati:
2963 2993 3244 3062 etaperiat
3271 2999 3436 3061 atque
3457 3005 3594 3047 con-

1983 3080 2192 3153 fringat
2213 3127 2228 3151 ,
2260 3082 2407 3153 quod
2449 3085 2600 3152 prius
2631 3082 2923 3138 videbatur
2952 3084 3239 3139 dialectica
3287 3093 3405 3140 arte
3451 3099 3588 3140 cou—

1982 3176 2194 3231 clusum
2217 3192 2232 3228 :
2255 3185 2311 3231 et
2339 3176 2393 3231 itt
2419 3175 2656 3230 medium
2680 3174 2923 3247 proferat
2946 3191 3146 3232 arcana
3179 3176 3588 3245 Itmreticorutn,

275 3273 428 3344 quasi
455 3272 553 3328 Dei
579 3272 878 3329 familiares
899 3274 1194 3343 plurimum
1216 3270 1498 3329 dilexisse.
1525 3272 1650 3328 Haec
1672 3283 1877 3339 autem,
1910 3267 1955 3330 C
1987 3284 2254 3342 superans
2300 3284 2398 3324 eos
2443 3280 2607 3341 atque
2651 3269 2985 3333 convincens
3010 3313 3026 3336 ,
3061 3279 3118 3326 ut
3141 3269 3343 3326 Christi
3377 3282 3593 3328 secreta

275 3363 471 3435 inquit,
494 3365 662 3420 tribui
684 3353 776 3422 tibi
799 3376 1007 3440 propter
1024 3364 1189 3420 Iacob
1205 3381 1411 3420 servum
1431 3383 1622 3430 meum,
1635 3375 1685 3421 et
1711 3363 1882 3420 Israel

275 3456 492 3512 electum
507 3469 749 3517 meum.”
763 3459 940 3512 vocavi
954 3465 1002 3512 te
1015 3462 1222 3512 nomine
1236 3457 1491 3524 tuo,sicut
1505 3457 1692 3512 vocavi
1709 3455 1883 3511 Abra-

275 3547 946 3620 bam,lsaac,et.laeob;et
964 3552 1137 3606 multo
1163 3561 1291 3607 ante
1320 3550 1626 3621 praediximt
1648 3549 1802 3606 Isaac
1827 3559 1882 3606 et

275 3642 509 3701 .Iosiam:
548 3661 618 3702 ne
647 3646 922 3714 putari-ris
949 3645 1043 3700 ille
1077 3659 1199 3702 esse
1223 3645 1477 3701 Christus
1502 3691 1516 3713 ,
1548 3646 1637 3700 cui
1661 3643 1880 3698 assimi-

278 3739 421 3796 latns
440 3756 526 3810 es,
559 3751 615 3796 et
639 3740 695 3796 in
725 3741 883 3812 cujus
912 3750 1098 3813 typum
1126 3751 1183 3797 et
1208 3741 1499 3810 imaginem
1527 3737 1882 3809 pra‘cessisti.

274 3830 354 3888 'l‘u
383 3843 574 3888 autem
599 3848 707 3888 non
741 3833 1046 3904 cognovisti
1073 3848 1160 3889 me
1186 3879 1199 3901 ,
1231 3832 1281 3886 id
1311 3841 1428 3900 est,
1462 3830 1754 3886 simulacra
1785 3843 1880 3884 eo-

274 3924 468 3996 luisti,
501 3940 611 3981 non
647 3926 839 3982 Deum.
869 3925 1096 3981 Accinxi
1122 3937 1174 3981 te
1199 3923 1550 3988 fortitudine;
1585 3921 1879 3976 multarum

278 4018 526 4090 gentium
559 4018 660 4074 feci
690 4033 814 4074 esse
843 4018 1108 4074 victorem
1129 4062 1142 4086 ,
1173 4027 1228 4074 et
1257 4033 1362 4072 non
1391 4005 1690 4086 cognovisti
1719 4012 1879 4068 auxi-

277 4108 529 4168 liatorem
559 4119 736 4168 tuum.
760 4111 817 4166 In
845 4127 954 4184 quo
985 4111 1107 4169 loco
1134 4112 1271 4167 satis
1301 4111 1488 4165 mirari
1516 4121 1881 4177 nequeo,qua:

278 4207 502 4262 stultitia
530 4208 602 4262 sit
633 4206 795 4280 533
823 4207 1147 4280 legentium;
1178 4216 1236 4262 ut
1262 4204 1379 4260 ha-c
1399 4206 1464 4259 ad
1490 4202 1769 4259 Christum
1796 4216 1882 4255 re-

276 4301 492 4372 ferant,
553 4317 650 4373 per
695 4318 856 4374 quem
905 4302 1142 4358 mundus
1191 4301 1577 4358 reconciliatus
1613 4305 1702 4354 est
1745 4297 1877 4352 Deo.

281 4395 412 4471 Ego,
431 4400 530 4463 ait,
550 4391 824 4464 Dominus,
847 4408 893 4452 et
919 4414 1016 4452 non
1043 4407 1116 4452 est
1145 4399 1370 4470 amplius
1389 4406 1533 4450 extra
1559 4412 1657 4448 me.
1676 4393 1882 4448 Praeter

279 4503 588 4545 sermonem
610 4489 816 4560 quippe
835 4500 1001 4561 atque
1026 4490 1294 4546 rationem
1316 4491 1684 4558 virtutemque
1706 4499 1880 4541 meam

280 4596 334 4638 et
359 4584 708 4654 sapientiam,
739 4597 861 4653 qna:
892 4582 946 4636 in
977 4597 1062 4638 me
1094 4589 1200 4650 est,
1232 4579 1413 4636 nullus
1438 4587 1524 4635 est
1543 4579 1684 4634 alter
1712 4577 1877 4632 Dens.

1983 3369 2347 3432 cognoscant,
2373 3363 2424 3417 in
2450 3377 2561 3433 quo
2589 3373 2718 3417 sunt
2743 3377 2935 3417 omnes
2967 3363 3208 3418 thesauri
3237 3363 3524 3432 sapientia:
3545 3373 3602 3419 et

1983 3457 2224 3513 scientia:
2261 3455 2569 3513 absconditi
2618 3453 2841 3527 (Coloss.
2893 3458 2980 3526 ιι).
3033 3455 3354 3512 Istiusmodi
3409 3459 3585 3512 virum

1983 3561 2142 3605 vocat
2171 3551 2311 3606 Deus
2341 3564 2415 3605 ex
2445 3550 2666 3605 nomine
2703 3565 2804 3604 suo
2829 3591 2845 3615 ,
2875 3553 2998 3620 quia
3030 3548 3292 3606 defensor
3318 3561 3404 3607 est
3437 3552 3589 3619 pueri

1983 3643 2104 3714 ejus
2129 3643 2300 3699 Jacob
2325 3685 2340 3709 ,
2376 3653 2435 3698 et
2457 3645 2614 3698 electi
2649 3643 2795 3699 illius
2826 3644 3017 3699 Israel.
3052 3643 3206 3698 Hunc
3234 3643 3465 3715 suscipit
3491 3685 3506 3706 ,
3535 3655 3591 3700 et

1981 3735 2250 3790 assimilat
2293 3734 2532 3789 sermoni
2582 3749 2680 3788 suo
2709 3776 2722 3798 ,
2758 3733 2849 3801 qui
2897 3749 3092 3790 cavere
3133 3734 3294 3791 debet
3328 3750 3396 3791 ne
3425 3749 3586 3790 suum

1983 3837 2136 3898 putet
2158 3841 2282 3883 esse
2311 3827 2456 3898 quod
2483 3827 2741 3896 loquitur,
2771 3828 2864 3881 sed
2894 3827 3074 3881 omnia
3105 3827 3171 3881 ad
3205 3827 3413 3882 datoris
3443 3826 3587 3883 refe-

1982 3930 2067 3977 rat
2091 3921 2355 3991 gloriam;
2387 3935 2456 3976 ne
2483 3930 2538 3974 et
2573 3923 2693 3990 ipse
2715 3929 2992 3976 mereatur
3018 3919 3241 3975 audire:
3271 3919 3489 3975 Accinai
3521 3931 3587 3987 te,

1983 4023 2030 4069 et
2056 4030 2160 4068 non
2187 4014 2476 4086 cognovisti
2501 4028 2602 4068 me.
2639 4011 2774 4068 Cum
2802 4015 2949 4068 enim
2981 4012 3285 4068 instructus
3314 4023 3590 4068 armatura

1981 4110 2228 4180 Apostoli
2249 4151 2263 4174 ,
2297 4125 2490 4164 omnes
2521 4109 2775 4164 docuerit
2802 4122 2911 4163 non
2941 4122 3063 4164 esse
3088 4107 3254 4162 alit-tm
3291 4108 3457 4162 Deum
3486 4109 3591 4163 nisi

1982 4218 2148 4258 unum
2173 4245 2190 4267 .
2235 4204 2324 4273 qui
2370 4203 2442 4255 sit
2484 4202 2656 4258 Jacob
2697 4211 2755 4257 et
2798 4199 2968 4256 Israel
3000 4201 3170 4255 Deus:
3210 4200 3578 4259 confundetur

1981 4295 2226 4355 Marcion
2255 4339 2270 4364 ,
2304 4297 2442 4352 duos
2494 4295 2628 4354 deos
2677 4296 2991 4367 intelligens
3017 4337 3032 4361 ,
3069 4312 3236 4351 unum
3266 4296 3468 4352 bonum
3493 4338 3510 4363 ,
3539 4307 3594 4352 et

1981 4395 2145 4450 alium
2193 4394 2429 4464 juStum;
2459 4394 2696 4447 alterum
2723 4390 3106 4456 invisibilinm,
3132 4391 3366 4447 alterum
3400 4389 3594 4446 visibi-

1981 4491 2110 4547 lium
2143 4488 2505 4545 conditorem.
2554 4486 2597 4542 E
2623 4486 2822 4556 quibus
2852 4484 3004 4556 prior
3042 4485 3218 4539 lucem
3269 4482 3436 4540 faciat
3459 4524 3476 4550 ,
3510 4497 3596 4538 se-

1981 4583 2198 4641 cundus
2244 4582 2544 4647 tenebras;
2599 4580 2690 4634 ille
2741 4593 2928 4649 pacem
2958 4623 2972 4647 ,
3026 4577 3115 4632 hic
3167 4577 3417 4632 malum:
3469 4591 3596 4631 cum

279 4674 348 4732 Εῐ
373 4679 489 4733 lucc
521 4677 657 4748 feci,
691 4687 750 4731 ιιι
780 4675 852 4730 ab
878 4675 1101 4732 Oriente
1125 4685 1180 4732 et
1203 4673 1498 4730 Occidente
1526 4671 1705 4731 omnis
1727 4668 1878 4726 orbis
1904 4655 1956 4717 D
1986 4687 2277 4747 utrumque
2291 4672 2721 4745 prodiga-sitam
2743 4671 3064 4726 meritorum
3089 4685 3230 4724 unus
3251 4669 3399 4725 Deus
3423 4669 3598 4726 idem-

278 4779 576 4841 agnoscat,
608 4768 816 4824 nullum
843 4784 970 4826 esse
996 4768 1160 4824 alium
1192 4768 1398 4838 absque
1423 4783 1508 4821 me
1544 4765 1737 4822 Deum.
1774 4766 1883 4840 Ego

1988 4784 2094 4840 que
2123 4767 2451 4824 condiderit.

277 4889 3562 4915 ww

869 4976 1358 5091 LIBER
1440 4974 1656 5082 DE
1675 4975 2180 5087 camus
2271 4929 2996 5086 TERTIUS.

1765 5168 2132 5185 ψ

348 5271 563 5348 ⁵³4-
587 5268 751 5345 535
788 5268 937 5325 Multi
967 5281 1126 5322 casus
1171 5263 1487 5336 opprimunt
1537 5261 1878 5332 navigantes.

281 5368 337 5424 Si
376 5367 759 5424 vebetnentior
781 5363 998 5420 flaverit
1025 5371 1247 5428 ventus,
1288 5367 1585 5429 tempestas
1607 5354 1882 5412 formidini

279 5472 382 5518 est.
415 5461 474 5519 Si
501 5474 634 5516 aura
688 5460 1025 5514 moderatior
1073 5469 1284 5511 summa
1333 5451 1570 5523 jacentis
1617 5450 1881 5506 elementi

278 5565 426 5628 terga
456 5551 805 5624 crispaverit,
839 5552 1146 5622 piratarum
1177 5547 1406 5603 insidias
1453 5546 1876 5617 pertimescunt.

282 5653 462 5724 Atque
513 5651 586 5705 ita
634 5645 717 5708 ﬁt.
763 5655 824 5702 ut
871 5645 1052 5717 fragili
1100 5641 1475 5713 animaaligno
1509 5637 1751 5702 creditte,
1791 5648 1883 5694 aut

280 5751 532 5800 metuant
555 5738 882 5811 periculum,
909 5748 1006 5795 aut
1038 5736 1348 5795 sustineant
1377 5753 1392 5791 :
1420 5748 1652 5808 quorum
1671 5743 1882 5790 utrum-

357 5889 382 5916 ι
412 5878 504 5936 Sic
530 5874 880 5935 Ambrosiam
927 5889 1060 5935 mss.
1095 5871 1538 5941 restituunt;‘e9t
1587 5869 1732 5938 enim
1759 5883 1884 5941 per.

1987 5277 2094 5334 que
2123 5249 2300 5317 altero
2329 5263 2550 5330 gravius
2576 5270 2682 5327 est,
2709 5260 2796 5316 vel
2825 5269 3057 5315 mortem
3083 5258 3280 5311 timere
3300 5262 3594 5325 perpetuo,

1987 5356 2070 5411 vel
2097 5370 2260 5426 quam
2317 5354 2564 5410 timueris
2610 5355 2909 5410 sustinere.
2939 5353 3053 5409 Hoc
3080 5350 3212 5405 mibi
3240 5349 3293 5404 in
3327 5347 3478 5404 Isaia-
3503 5365 3599 5420 pe-

1986 5448 2111 5522 lago
2137 5449 2418 5522 naviganti
2454 5449 2708 5506 accidere
2752 5450 2946 5511 video;
2968 5446 3097 5502 dum
3131 5443 3276 5498 enim
3329 5443 3602 5501 inoffenso

1987 5559 2149 5601 cursu
2183 5545 2298 5602 vela
2318 5543 2637 5611 tenduntur,
2667 5552 2723 5600 et
2745 5541 2958 5598 securis
2979 5548 3300 5593 naturarnm
3316 5537 3592 5606 manibus,

1990 5639 2211 5696 sulcatis
2237 5638 2477 5709 teqnoris
2505 5653 2734 5710 campos
2775 5636 2962 5693 carina
2994 5631 3291 5700 delabitur,
3324 5633 3537 5691 subitus
3567 5643 3594 5673 ι

1989 5734 2271 5806 languoris
2301 5731 2462 5787 turbo
2491 5746 2858 5804 consurgens,
2893 5725 3062 5783 tantis
3109 5725 3382 5784 undarum
3432 5727 3595 5786 moli-

1990 5872 2240 5944 spicuum
2267 5870 2338 5928 de
2363 5871 2618 5941 corporis
2649 5870 2734 5928 sui
2764 5870 3055 5942 languore,
3100 5883 3357 5946 aegraque
3385 5869 3600 5929 valetu-
