4096 6330
238 325 347 386 445

757 323 1413 385 COMMENTARIORUM
1453 325 1519 382 lN
1559 324 1793 384 ISAIAII
1836 323 2258 383 DROI‘IlETAﬂ
2299 313 2431 382 LIB.
2477 325 2614 382 XIII.
2656 326 2816 384 CAP.
2857 325 3022 385 XLV.

3453 325 3564 384 M6

242 447 402 511 tium,
429 460 616 516 neque
640 459 885 512 munera,
915 445 1013 501 sed
1037 446 1112 518 ob
1133 461 1310 500 ineant
1341 446 1697 510 voluntatem,
1728 443 1860 500 dicit
1883 448 1935 507 Α
1965 461 2082 504 rum
2114 460 2175 501 ea
2209 445 2437 502 subruat
2476 453 2643 519 atque
2671 447 2976 502 subvertat.
3012 447 3120 502 Sed
3143 457 3196 502 et
3226 445 3342 503 haec
3371 443 3569 504 Irivola

239 536 518 594 Dominus
565 538 714 596 Deus
755 539 1116 596 exercituum.
1145 539 1246 608 Qui
1297 548 1481 595 autem
1519 547 1756 610 emptam
1794 539 1862 595 ad

243 632 537 689 Christum
570 632 743 689 refert
772 633 1211 704 intelligentiam,
1231 634 1310 689 sic
1329 635 1730 706 explanationis
1751 649 1864 691 suat

239 725 411 780 verba
465 726 790 782 moderatur
817 744 829 779 :
865 725 960 781 Vae
987 727 1069 782 eis
1097 727 1188 796 qui
1219 726 1601 787 contradicunt
1647 727 1776 791 Deo,
1807 734 1866 788 et

240 816 534 874 Christum
580 834 692 874 non
727 827 921 889 putant
967 835 1094 876 esse
1136 828 1466 886 venturum;
1499 821 1651 891 quasi
1692 821 1862 879 lutum

242 921 298 967 et
327 922 473 968 testa
495 912 565 967 de
591 912 748 968 testis
775 911 1118 969 contradicat
1144 912 1313 984 ﬁgulo
1336 927 1456 967 suo.
1493 912 1585 968 Vae
1612 914 1702 984 qui
1729 911 1866 968 dicit

225 1005 631 1074 Omnipotenti
655 1005 820 1069 Patri,
836 1020 1010 1077 quare
1027 1015 1081 1060 tu
1101 1021 1333 1076 generas
1356 1007 1549 1072 illium,
1572 1017 1624 1062 et
1648 1006 1862 1062 mulieri

243 1109 457 1155 sancte
487 1100 711 1169 Mariam,
743 1101 877 1172 quid
906 1102 1179 1172 parturis?
1202 1101 1280 1157 De
1307 1117 1412 1174 qua
1436 1102 1697 1158 ecribitet
1719 1103 1864 1173 Apo-

241 1193 420 1250 stolus
432 1193 503 1265 (6
515 1193 650 1250 alat.
663 1195 742 1267 tv)
773 1213 786 1250 :
805 1195 959 1264 Quod
985 1196 1234 1252 Christus
1250 1198 1422 1257 laetus
1439 1203 1504 1253 sit
1523 1198 1590 1253 de
1606 1199 1856 1266 muliere,

242 1285 538 1358 factusque
568 1287 676 1344 sub
696 1289 839 1359 iege.
869 1289 997 1344 Haec
1021 1305 1152 1362 ergo
1171 1289 1304 1346 dicit
1326 1283 1611 1348 Dominus
1629 1275 1862 1351 Sanctth

243 1379 436 1449 Israel,
462 1383 558 1452 qui
591 1382 882 1453 plastnavit
918 1383 972 1438 in
1015 1384 1267 1454 virginali
1309 1394 1468 1440 utero
1495 1385 1857 1452 Salvatorem,

242 1473 440 1532 dicens
474 1492 575 1545 per
598 1473 912 1540 Gabrielem
952 1495 966 1532 :
1004 1477 1237 1547 Spiritus
1261 1487 1473 1534 sanctus
1515 1481 1678 1534 veniet
1705 1496 1863 1549 super

243 1577 293 1622 te
315 1584 335 1622 :
362 1577 418 1623 et
454 1569 624 1626 uirtus
673 1569 924 1628 Altissimi
971 1572 1295 1628 ebumbrabit
1322 1572 1413 1627 tibi
1465 1572 1615 1644 (Luc.
1643 1589 1678 1636 t,
1715 1574 1806 1645 35)
1841 1590 1856 1628 :

240 1662 380 1733 quod
399 1672 576 1718 autem
598 1674 838 1719 nascetur
852 1665 908 1718 in
925 1675 974 1720 te
989 1675 1246 1733 sanctum,
1261 1666 1525 1722 vocabitur
1538 1666 1709 1722 Filius
1731 1665 1861 1723 Dei:

245 1755 557 1826 interroget
581 1772 668 1816 me
697 1765 859 1824 testa,
883 1765 940 1812 et
967 1756 1274 1820 futurorum
1315 1767 1528 1814 secreta
1563 1759 1856 1830 perquirat.

1964 537 2347 607 interpretatio
2373 547 2478 594 est.
2527 540 2698 596 Porro
2721 542 2868 610 quod
2899 539 3118 610 ﬁgulus,
3147 541 3250 596 hoc
3275 549 3383 608 est,
3405 539 3574 596 Creao

1968 638 2053 685 tor
2070 629 2235 702 539
2256 642 2446 686 uoster
2471 641 2527 686 et
2545 633 2722 688 factor
2744 633 3057 704 appelletur
3080 635 3246 700 Dea,
3271 642 3328 689 et
3343 641 3572 705 aposto-

1965 725 2050 780 lus
2078 725 2282 780 Paulus
2318 725 2374 780 in
2411 724 2658 796 Epistula
2698 727 2942 800 loquitur
2967 727 3034 783 ad
3056 727 3332 783 Romanus
3356 746 3368 782 ε
3397 727 3572 783 Nunt-

1963 819 2091 890 quid
2116 817 2239 872 dicit
2257 819 2557 892 ﬁgmentum
2581 821 2626 874 ei
2647 823 2734 889 qui
2756 837 2811 875 se
2835 822 2988 892 ﬁnxit
3007 822 3162 894 :quid
3186 837 3270 875 me
3280 823 3450 893 fecisti
3471 821 3577 877 sic?

1965 914 2152 968 Annon
2188 913 2340 970 habet
2371 925 2672 984 potestatem
2699 915 2896 988 ﬁgulus
2935 914 3057 983 luti,
3099 931 3162 971 ea:
3187 916 3368 972 eadem
3388 932 3568 970 massa

1962 1013 2154 1080 facere,
2179 1010 2330 1066 aliud
2353 1013 2557 1083 quidem
2583 1029 2672 1067 vas
2695 1015 2748 1066 in
2772 1015 3038 1078 honorem,
3071 1009 3218 1066 aliud
3244 1027 3364 1066 vero
3383 1013 3437 1066 in
3449 1027 3572 1066 cost-

1964 1101 2420 1177 tumeliamﬂlom.
2453 1103 2674 1176 tx,20)?
2703 1103 2769 1158 Et
2797 1105 2849 1159 iu
2883 1105 3119 1159 Jeremia
3145 1105 3414 1175 prolixius
3441 1103 3574 1160 scri-

1961 1196 2133 1264 bitur,
2158 1199 2248 1269 qui
2277 1206 2466 1253 narrat
2490 1205 2613 1267 ptist
2639 1207 2876 1253 ca-tera:
2908 1195 3165 1251 Descendi
3191 1198 3246 1251 in
3274 1196 3486 1251 domum
3508 1195 3572 1267 ﬁ-

1962 1290 2094 1361 guli,
2119 1298 2168 1343 et
2217 1306 2333 1344 ecce
2372 1292 2487 1357 ipse
2512 1291 2730 1362 faciebat
2773 1307 2904 1357 opus
2931 1291 2983 1344 in
3009 1299 3147 1355 rota,
3189 1299 3238 1345 et
3263 1291 3574 1362 dissipatum

1961 1391 2035 1437 est
2067 1399 2153 1437 vas
2173 1384 2313 1454 quod
2341 1383 2559 1454 faciebat
2585 1385 2639 1438 in
2667 1384 2902 1438 manibus
2923 1384 3056 1438 suis.
3087 1382 3419 1454 Rursumque
3448 1383 3570 1454 fecit

1963 1493 2025 1532 ex
2050 1477 2227 1532 eodem
2255 1479 2363 1532 luta
2389 1479 2534 1532 aliud
2553 1495 2660 1541 vas,
2681 1479 2816 1533 sicut
2839 1479 3036 1549 placuit
3058 1478 3112 1532 in
3135 1487 3416 1548 conspectu
3437 1479 3573 1550 ejus.

1964 1570 2032 1624 Et
2061 1575 2230 1642 fartus
2247 1583 2318 1626 est
2344 1588 2513 1627 sermo
2540 1570 2758 1626 Domini
2785 1573 2854 1626 ad
2883 1588 2965 1627 me
2991 1572 3169 1627 dicens
3197 1589 3215 1626 :
3240 1570 3302 1627 Si
3323 1588 3426 1626 non
3454 1587 3576 1644 pos-

1962 1682 2074 1720 sum
2098 1668 2232 1720 sicut
2249 1667 2345 1721 iste
2375 1668 2564 1740 ﬁgulus
2589 1670 2758 1738 facere
2782 1683 2870 1722 ros
2894 1671 3079 1722 domus
3102 1667 3292 1736 Israel,
3310 1665 3434 1722 dicit
3466 1663 3578 1721 Do-

1963 1761 2174 1815 minus?
2199 1759 2336 1814 Ecce
2362 1762 2492 1814 sicut
2537 1760 2704 1816 lutum
2734 1762 2788 1816 in
2825 1777 2982 1815 manu
3013 1761 3166 1834 ﬁguli
3191 1777 3210 1816 :
3240 1762 3314 1814 sic
3339 1776 3428 1815 ros
3456 1760 3576 1828 estis

242 1847 309 1905 Et
341 1849 634 1920 praecipiat
676 1849 840 1919 mihi,
869 1852 1147 1922 quomodo
1174 1853 1339 1926 538
1376 1854 1662 1924 adoptivos
1695 1855 1855 1921 illios,
1889 1873 1936 1934 Β
1963 1855 2016 1908 in
2046 1855 2286 1910 manibus
2303 1856 2430 1910 meis
2453 1855 2640 1910 domus
2663 1852 2836 1910 Israel
2858 1853 2994 1927 (Jer.
3023 1871 3181 1923 xvm,
3211 1855 3266 1919 3,
3297 1853 3378 1926 4).
3406 1852 3576 1908 Illud-

243 1943 336 2012 qui
364 1944 422 1998 in
466 1959 654 2006 meum
684 1944 880 1999 Filium
909 1944 1174 2001 credituri
1211 1955 1358 2012 sunt,
1392 1947 1620 2002 debeam
1650 1956 1676 1986 ι
1703 1961 1859 2018 rege-

243 2051 467 2092 nerare.
505 2038 648 2094 Dicit
676 2048 732 2093 et
757 2040 1096 2110 evangelista
1126 2040 1408 2096 Joannes:
1447 2042 1706 2109 Quotquot
1745 2057 1860 2095 eum

241 2138 572 2200 receperunt,
601 2129 744 2186 dedit
771 2132 848 2187 eis
887 2141 1187 2202 potestatem
1231 2133 1369 2203 ﬁlios
1405 2133 1500 2188 Dei
1531 2134 1645 2202 ﬁeri
1675 2132 1854 2207 (Joan.

244 2238 285 2288 ι,
313 2223 431 2294 19).
463 2224 560 2281 Sin
585 2235 769 2281 autem
808 2240 910 2296 ego
934 2226 1036 2282 i‘eci
1079 2237 1302 2291 terram,
1337 2236 1396 2284 ut
1424 2229 1763 2286 habitaretur
1792 2229 1861 2286 ab

247 2315 588 2383 hominibus,
621 2327 676 2373 et
715 2319 888 2375 eteius
917 2319 1136 2376 extendi
1168 2321 1423 2392 desuper,
1453 2332 1510 2378 et
1559 2338 1655 2378 eos
1685 2332 1861 2378 astro-

246 2427 368 2467 rum
391 2412 666 2468 varietate
689 2413 966 2480 decorari,
993 2424 1048 2468 ut
1068 2427 1419 2472 morarentur
1441 2416 1494 2471 in
1519 2425 1663 2472 terra
1688 2418 1864 2472 culto-

249 2519 338 2561 res
370 2505 468 2560 Dei
491 2505 653 2576 :quid
682 2507 878 2570 mirum
910 2510 954 2562 si
979 2507 1177 2563 Filium
1206 2524 1409 2575 meum,
1437 2509 1646 2580 justum
1677 2525 1860 2582 regem

249 2599 501 2654 miserim
529 2599 760 2664 mundo,
794 2599 910 2655 sive
946 2600 1015 2654 ab
1046 2599 1237 2655 inferis
1276 2603 1677 2667 suscitaverim,
1705 2604 1862 2674 cujus

248 2703 446 2746 omnes
485 2691 590 2746 vita
636 2700 805 2747 reet
843 2693 1003 2748 sunt?
1043 2693 1330 2750 Peccatum
1376 2695 1522 2750 enim
1564 2710 1670 2750 non
1709 2695 1861 2763 fecit,

251 2798 354 2844 nec
397 2783 560 2839 dolus
592 2784 844 2840 inventus
883 2793 969 2840 est
1016 2786 1070 2840 iu
1101 2801 1200 2842 ore
1223 2788 1342 2856 ejus
1371 2787 1416 2859 (l
1451 2787 1564 2848 Pet.
1598 2789 1714 2859 xu).
1759 2789 1862 2858 Qui

251 2878 486 2933 tediiicet
524 2879 809 2942 civitatem
858 2894 1036 2942 meam
1090 2895 1256 2950 super
1300 2891 1534 2954 petram,
1574 2881 1862 2937 adversum

251 2987 412 3042 qunn
447 2980 626 3042 put-tte
655 2970 816 3026 inferi
859 2988 966 3027 non
1019 2973 1348 3043 prmvaluant
1389 2972 1606 3046 (Matth.
1640 2973 1780 3046 xvs);
1810 2983 1870 3034 et

250 3081 372 3136 qtae
403 3070 455 3121 in
490 3075 678 3122 monte
692 3068 888 3136 posita,
912 3067 1086 3123 latere
1108 3082 1216 3132 nun
1242 3067 1414 3137 possit
1433 3066 1624 3138 (ibid,
1652 3069 1708 3138 v)
1728 3068 1868 3122 2dr:-

252 3163 636 3233 tnoniaoisque
665 3163 821 3234 prius
848 3162 1082 3217 vinculis
1106 3159 1380 3232 alligatos,
1409 3177 1600 3218 omnes
1627 3163 1866 3218 dimittat

1962 1964 2066 2019 que
2113 1949 2257 2020 quod
2284 1950 2549 2019 scriptum
2594 1959 2678 2005 est
2704 1971 2716 2006 :
2750 1967 2844 2021 ego
2868 1949 3108 2006 omnibus
3135 1950 3298 2005 stellis
3323 1950 3570 2022 praecepi,

1959 2043 2304 2097 occasionem
2331 2044 2654 2113 quibusdam
2682 2043 2891 2108 tribuit,
2923 2043 3066 2114 quod
3097 2053 3244 2098 astra
3285 2041 3572 2099 rationalia

1960 2139 2090 2204 sint,
2120 2149 2174 2193 et
2206 2139 2442 2194 animum
2484 2155 2818 2210 sensumque
2868 2139 3122 2195 habeant.
3156 2141 3344 2212 Neque
3393 2141 3569 2207 enim,

1961 2233 2135 2301 aiunt,
2170 2233 2525 2305 praciperet,
2559 2234 2662 2290 nisi
2712 2233 3141 2306 intelligentlbus
3182 2253 3196 2291 :
3231 2250 3337 2290 non
3382 2249 3574 2290 recor-

1961 2326 2154 2382 dantes
2185 2327 2328 2396 quod
2363 2329 2414 2382 in
2446 2329 2587 2385 Jona
2615 2331 2878 2401 scriptum
2901 2331 2974 2385 sit
2999 2349 3012 2386 :
3035 2329 3292 2399 Praecepit
3316 2329 3573 2386 Dominus

1960 2420 2170 2490 spiritui
2195 2419 2518 2476 eombureati
2543 2420 2739 2490 (Jome.
2775 2437 2849 2488 tv,
2880 2421 2958 2494 8).
2991 2422 3057 2477 Et
3099 2422 3574 2479 rursum:Pra'ce-

1963 2512 2037 2582 pit
2065 2512 2228 2566 aerati
2253 2514 2509 2567 matutino
2540 2511 2732 2583 (Ibid,
2766 2516 2887 2584 vn).
2922 2511 2992 2568 Et
3012 2514 3158 2585 quod
3193 2515 3244 2568 in
3276 2513 3574 2581 Evangelia

1961 2602 2212 2661 Salvator
2237 2614 2431 2661 ventos
2460 2617 2514 2661 et
2561 2621 2716 2662 mare
2744 2606 3112 2678 lnerepaverit
3159 2606 3312 2681 (Luc.
3343 2605 3482 2679 vnn),
3518 2608 3572 2664 in

1961 2701 2157 2770 quibus
2181 2715 2404 2756 sensum
2433 2710 2596 2774 atque
2621 2702 2889 2757 rationem
2921 2717 3028 2756 non
3051 2716 3195 2770 esse,
3221 2701 3570 2774 perspicuum

1962 2801 2068 2847 est.

2035 2885 2219 2955 (Vers.
2242 2884 2330 2952 il,
2349 2885 2531 2958 seqq.)
2548 2885 2678 2942 Hcce
2689 2886 2816 2942 dicit
2833 2885 3115 2942 Dominus:
3138 2886 3310 2941 Labor
3323 2885 3568 2959 Egypti,

1964 2989 2008 3033 et
2039 2980 2318 3050 negotiatio
2363 2980 2675 3051 .lfthiopiar,
2707 2991 2753 3036 et
2783 2981 3002 3038 Sabaim
3032 2982 3130 3036 viri
3155 2981 3403 3036 sublimes
3431 2981 3499 3034 ad
3527 2991 3575 3037 te

1961 3073 2271 3140 transibunt,
2295 3085 2340 3129 et
2362 3074 2437 3128 tui
2456 3086 2607 3130 erunt
2631 3092 2652 3130 :
2677 3086 2793 3145 post
2814 3087 2860 3130 te
2889 3075 3255 3141 ambulabunt,
3284 3076 3442 3130 uincti
3462 3091 3575 3131 sna-

1965 3169 2096 3222 uicis
2127 3178 2336 3243 pergant
2377 3186 2396 3223 :
2437 3179 2486 3223 et
2511 3179 2559 3224 te
2585 3169 2898 3236 adorabunt,
2932 3178 3080 3241 teque
3117 3169 3527 3241 deprecabuntur
3553 3185 3574 3225 .'

252 3257 476 3322 liberos,
511 3271 622 3311 non
667 3257 720 3309 in
751 3255 928 3326 pretio
972 3270 1152 3326 neque
1183 3256 1240 3310 in
1286 3255 1607 3311 muneribus
1632 3275 1643 3310 :
1693 3255 1862 3326 gratis
1887 3265 1932 3327 (ἶ
1968 3271 2169 3316 tantum
2209 3263 2263 3316 in
2293 3271 2341 3316 te
2365 3272 2442 3316 est
2468 3261 2632 3329 Deus,
2658 3273 2828 3318 etnon
2858 3274 2930 3317 est
2957 3263 3146 3334 absque
3174 3271 3222 3318 te
3245 3260 3408 3317 Deus.
3439 3261 3574 3318 Vere

252 3351 398 3405 enim
441 3351 581 3405 salvi
615 3349 744 3406 lacti
775 3366 986 3415 sumus,
1021 3350 1367 3406 audientibus
1386 3350 1661 3421 Apostolis
1701 3360 1866 3421 atque

250 3443 606 3501 facientibus:
632 3443 808 3504 Gratis
833 3445 1119 3518 accepistis,
1153 3445 1316 3518 gratis
1341 3445 1685 3517 clate(llatth.
1712 3445 1858 3517 x,8).

250 3536 513 3598 Nonnulli
544 3540 663 3594 haec
693 3539 761 3593 ad
788 3538 1100 3594 Zurubahel
1129 3541 1501 3610 rel‘erunt,qui
1526 3540 1710 3593 eduxit
1737 3554 1862 3610 cap-

252 3632 392 3687 tivos
411 3633 482 3686 de
496 3631 796 3704 Babylone,
814 3639 870 3686 et
891 3631 1180 3686 aediﬁcavit
1198 3631 1278 3686 cit
1292 3633 1496 3692 itatem.
1515 3640 1572 3688 et
1594 3649 1654 3685 cx
1665 3633 1860 3687 struxit

252 3726 541 3796 templum,
569 3722 1022 3794 prophetantihus
1045 3721 1248 3794 Aggago
1297 3732 1352 3777 et
1388 3722 1674 3789 Zacharia,
1699 3731 1864 3793 atque

251 3818 571 3876 dicentibus
614 3835 630 3872 ι
689 3816 881 3874 Manus
930 3815 1214 3871 Zorobabcl
1255 3817 1602 3886 [tractaverunt
1649 3818 1862 3870 domum

251 3913 426 3978 utaut,
467 3921 516 3966 et
547 3927 734 3965 manus
769 3915 884 3984 ejus
921 3909 1250 3981 conplebant
1291 3925 1408 3964 cam
1455 3907 1642 3977 (lactt.
1677 3923 1752 3970 tv,
1780 3909 1856 3980 9).

251 4006 362 4063 Sed
389 4022 494 4063 nos
523 4008 728 4063 rectius
753 4005 986 4061 dicimus
1013 4015 1067 4072 et
1094 4006 1300 4070 verius,
1327 4018 1429 4058 nec
1457 4002 1663 4074 Cyrum
1690 4001 1862 4058 aedilis

251 4114 408 4155 casse
422 4100 706 4160 civitatem
733 4114 852 4170 qua;
874 4109 1063 4169 postea
1089 4104 1366 4152 exstructa
1384 4105 1468 4150 est
1489 4096 1590 4151 sub
1613 4094 1858 4163 Neemia,

171 4261 176 4264 _
257 4209 354 4250 nec
380 4209 576 4249 omnes
609 4193 728 4248 vias
769 4192 888 4262 ejus
939 4191 1111 4254 fuisse
1138 4191 1398 4252 directas.
1423 4189 1522 4245 Cui
1549 4204 1711 4259 supra
1740 4187 1858 4242 dic-

255 4297 364 4344 tum
387 4295 471 4343 est
503 4305 516 4340 ι
544 4286 898 4358 Assuutpsi,ct
920 4286 1130 4340 cecini
1151 4297 1232 4340 te:
1259 4294 1307 4338 et
1327 4300 1431 4339 neu
1449 4283 1735 4355 cognouisti
1757 4299 1858 4350 me;

253 4389 308 4436 et
349 4378 658 4440 locababel
692 4387 920 4447 statum,
949 4380 1040 4448 qui
1067 4379 1168 4434 sub
1200 4387 1331 4434 nutu
1359 4393 1422 4434 ac
1454 4385 1724 4448 potestate
1751 4375 1856 4432 Me:

252 4473 446 4530 dorum
496 4475 603 4530 fuit
648 4482 814 4545 atque
851 4473 1175 4543 Persarum,
1215 4474 1398 4530 omnia
1432 4490 1552 4545 quae
1605 4473 1860 4529 dicuntur

251 4567 540 4623 excedere.
555 4565 744 4637 Neque
765 4567 914 4623 enim
936 4565 1240 4623 Zorobabel
1259 4567 1528 4622 exstruxit
1553 4567 1854 4632 civitatem,

1968 3365 2021 3409 tu
2047 3371 2098 3408 es
2129 3354 2272 3411 Deus
2293 3355 2648 3421 absconditus,
2682 3355 2822 3411 Deus
2845 3355 3033 3423 Israel,
3059 3355 3323 3411 Salvator.
3355 3353 3578 3424 Confusi

1964 3457 2106 3514 sunt,
2139 3457 2188 3502 et
2216 3447 2526 3502 erubuerunt
2549 3465 2723 3504 omnes
2748 3466 2768 3504 :
2793 3449 2950 3503 simul
2971 3447 3210 3502 abierunt
3235 3449 3289 3502 in
3312 3448 3572 3518 confusio-

1963 3557 2078 3593 nem
2107 3539 2440 3611 fabricatores
2463 3557 2716 3596 errorum.
2751 3540 2922 3596 Israel
2946 3543 3176 3595 salvatus
3201 3549 3277 3595 est
3299 3541 3354 3594 in
3389 3539 3573 3594 Donni-

1964 3649 2030 3686 no
2058 3633 2225 3687 salute
2249 3643 2440 3688 (eterna
2467 3650 2486 3688 :
2516 3649 2618 3688 non
2647 3635 3040 3706 confundemiui
3057 3675 3072 3699 ,
3100 3643 3147 3687 et
3174 3649 3276 3686 non
3309 3631 3575 3687 erubesce-

1965 3725 2028 3778 tis
2057 3741 2217 3790 usque
2240 3725 2294 3778 in
2320 3726 2566 3780 naculum
2594 3727 2792 3781 amuli.
2826 3725 2969 3781 LXX
3005 3745 3016 3779 :
3053 3726 3144 3780 Sic
3159 3725 3288 3779 dicit
3317 3722 3573 3778 Dominus

1966 3813 2194 3870 Sabaoth
2213 3832 2232 3869 :
2250 3815 2524 3870 Laborarlt
2556 3816 2845 3888 ﬂigyplus,
2871 3828 2916 3872 et
2947 3817 3228 3888 negotiatio
3257 3814 3571 3886 Ethiopian

1963 3921 2010 3963 et
2036 3908 2290 3963 Sabaitis:
2318 3911 2419 3963 viri
2443 3911 2632 3966 excelsi
2671 3911 2742 3964 ad
2785 3921 2833 3965 te
2882 3909 3196 3975 transibunt,
3229 3919 3278 3963 et
3307 3910 3383 3964 tui
3421 3919 3573 3965 erunt

1961 4003 2112 4068 serui,
2143 4011 2188 4055 et
2207 4012 2256 4056 te
2274 4011 2554 4072 sequentur
2571 4004 2729 4060 vineti
2753 4004 2991 4067 manicis,
3013 4012 3065 4058 et
3086 4001 3376 4057 transibunt
3406 4005 3474 4060 ad
3500 4014 3568 4072 te,

1962 4105 2010 4151 et
2034 4096 2320 4151 adorabunt
2351 4105 2420 4161 te,
2444 4105 2496 4152 ct
2527 4097 2582 4150 in
2623 4106 2671 4152 te
2701 4097 2956 4154 orabunt:
2977 4097 3224 4169 quoniam
3251 4098 3306 4152 in
3339 4107 3386 4151 te
3425 4096 3570 4153 Deus

1960 4199 2058 4257 est,
2089 4199 2134 4244 et
2184 4206 2286 4244 non
2341 4198 2417 4244 est
2462 4188 2606 4246 Deus
2633 4191 2826 4263 absque
2856 4199 2926 4244 te.
2959 4190 3039 4244 Tu
3063 4191 3200 4246 enim
3230 4190 3372 4250 Deus
3411 4208 3485 4260 es,
3517 4201 3568 4248 et

1962 4284 2312 4340 nesciebamus
2344 4301 2364 4340 :
2387 4283 2532 4340 Deus
2569 4283 2750 4340 Israel
2777 4285 3018 4342 Salvator
3048 4302 3067 4341 :-
3096 4285 3486 4359 eonfundontur
3523 4295 3570 4342 et

1958 4379 2261 4435 erubescant
2288 4395 2468 4435 omnes
2495 4381 2783 4442 adversarii
2809 4383 2946 4454 ejus,
2979 4389 3025 4436 et
3055 4379 3315 4436 ambulent
3343 4383 3402 4436 in
3431 4398 3562 4438 eon-

1961 4473 2187 4545 fusieac.
2236 4460 2296 4540 εξ
2315 4471 2654 4529 Ιηκοιιαηιίιιὶ
2676 4473 2748 4528 ad
2768 4491 2849 4529 me
2873 4475 3060 4529 insulse
3084 4477 3124 4542 ',
3149 4473 3318 4530 Israel
3342 4475 3570 4531 saltatur

1960 4583 1992 4620 α
2010 4563 2232 4622 Domino
2253 4566 2424 4622 salute
2450 4576 2642 4634 (eterna
2668 4583 2687 4623 :
2716 4584 2820 4622 aen
2849 4569 3239 4640 confundantur
3264 4585 3426 4639 neque
3447 4585 3568 4625 eruo

254 4675 354 4718 nec
397 4660 770 4732 captivitatem
819 4660 1058 4723 dimisit,
1089 4675 1190 4715 nec
1226 4673 1321 4715 rex
1345 4659 1609 4730 appellari
1655 4667 1854 4730 potest,
1883 4666 1933 4728 υ
1961 4659 2164 4716 bessem.
2193 4676 2356 4730 usque
2377 4660 2435 4716 in
2453 4671 2722 4716 ueternum.
2753 4659 2821 4714 Et
2851 4660 2905 4714 in
2932 4659 3036 4715 hoe
3066 4660 3188 4715 loco
3211 4661 3302 4732 qui
3332 4677 3571 4734 sequun-

251 4757 340 4828 qui
362 4757 466 4812 sub
495 4755 624 4812 aliis
645 4757 832 4818 vivens
854 4754 1096 4826 regibus,
1123 4754 1228 4810 hoc
1247 4755 1472 4812 nomine
1495 4755 1691 4812 caruit.
1716 4755 1856 4824 Quid

248 4849 348 4905 sibi
378 4857 570 4906 autem
600 4847 776 4904 velint
801 4849 1286 4918 Septuagintamui
1309 4847 1364 4910 iu
1395 4848 1666 4918 principio
1698 4847 1860 4918 hujus

249 4941 472 5012 capituli
501 4940 940 5004 transtulerunt:
973 4939 1112 5007 Quid
1143 4939 1326 4996 melius
1372 4941 1471 5011 feci
1496 4956 1653 5011 quam
1695 4941 1862 4998 lutum

246 5035 436 5108 ﬁguli?
479 5035 755 5105 Numquid
781 5036 872 5108 qui
916 5044 1057 5102 arat,
1087 5035 1254 5092 arabit
1291 5036 1524 5092 terram?
1567 5034 1722 5092 Scire
1752 5051 1858 5089 non

247 5131 401 5188 valeo
432 5149 446 5185 :
474 5129 582 5188 nisi
608 5129 753 5188 forte
772 5128 1166 5194 Theodotionis
1184 5143 1388 5199 sequar
1410 5127 1736 5193 editlonem,
1767 5130 1861 5198 qui

244 5238 345 5296 pro
373 5229 480 5282 hoc
507 5225 690 5297 posuit
720 5243 734 5280 :
777 5223 864 5280 Va:
889 5226 938 5281 ei
965 5224 1055 5295 qui
1095 5223 1362 5284 contendit
1407 5231 1586 5278 contra
1609 5224 1860 5294 factorem

245 5337 418 5389 suum,
446 5337 611 5378 arens
639 5319 668 5368 it
692 5329 900 5378 arentes
931 5330 1122 5376 terram
1147 5336 1168 5374 ρ
1191 5318 1335 5390 quod
1367 5317 1579 5373 scilicet
1609 5317 1857 5374 vulneret

245 5411 302 5472 ia
333 5413 658 5488 pauitantia
688 5413 855 5472 corda
879 5411 1214 5478 mortalium,
1245 5421 1301 5468 et
1337 5411 1390 5466 in
1424 5425 1632 5466 morem
1673 5411 1856 5468 sulco-

319 5595 441 5652 “Ad
468 5593 786 5666 Hieronymi
811 5600 1047 5648 mentem
1072 5601 1235 5662 atque
1256 5589 1520 5656 orationis
1538 5595 1851 5652 contextum

245 5671 588 5724 restituimus
612 5665 717 5734 ope
743 5665 1086 5728 Ambrosiam.
1119 5679 1225 5720 ms.
1259 5677 1578 5750 regent-rare,
1611 5673 1706 5730 pro
1744 5675 1852 5732 quo

247 5748 407 5796 antea
434 5750 556 5796 erat
581 5753 777 5806 regere.

317 5811 344 5850 δ
375 5811 618 5867 Rursum
640 5803 726 5863 'ex
772 5807 1148 5864 Ambrosianis
1191 5805 1470 5862 codicibus
1496 5803 1852 5860 emendamus

243 5883 492 5954 Arentes,
521 5890 754 5954 cogente
795 5881 908 5958 ipsa
941 5879 1204 5936 orationis
1229 5878 1374 5936 serie
1399 5888 1454 5934 et
1483 5890 1672 5940 sensu,
1700 5873 1852 5930 Grae-

1964 4763 2053 4809 tttr
2094 4753 2401 4822 historiam,
2441 4751 2632 4808 dicunt
2670 4751 2990 4824 Egyptutn,
3020 4752 3394 4824 et-Ethiopes
3433 4769 3567 4825 gen-

1966 4857 2156 4918 tesque
2202 4846 2445 4914 Sabaitn,
2474 4859 2600 4916 qua
2643 4853 2798 4900 trans
2835 4843 3172 4916 Ethiopiam
3218 4844 3383 4919 βω
3417 4855 3565 4915 sunt,

1965 4941 2204 4996 servisse
2233 4939 2398 5009 Cyro,
2421 4947 2474 4993 et
2499 4939 2549 4996 ei
2577 4945 2770 5009 gentes
2797 4937 3016 4992 ultimas
3048 4939 3217 4994 fuisse
3243 4939 3521 5006 subjectus
3552 4955 3566 4994 :

1966 5045 2130 5106 atque
2157 5049 2222 5088 ex
2255 5032 2488 5089 mirabili
2540 5033 2882 5088 intellexisse
2925 5035 3176 5102 victoria,
3210 5031 3356 5102 quod
3395 5034 3448 5087 in
3502 5047 3570 5088 eo

1969 5137 2115 5185 esset
2144 5128 2425 5197 Dominus,
2449 5137 2508 5183 et
2541 5143 2648 5184 non
2682 5139 2830 5184 esset
2860 5129 2996 5184 alius
3028 5137 3226 5200 prteter
3254 5142 3376 5182 eum
3405 5128 3568 5197 quiin

1966 5222 2061 5282 illo
2091 5221 2363 5278 habitaret
2390 5219 2554 5276 Deus.
2589 5220 2698 5278 Sed
2725 5221 2831 5277 hoc
2863 5221 3008 5292 quod
3036 5220 3314 5291 sequitur:
3356 5217 3488 5273 Vere
3517 5227 3571 5274 tu

1965 5333 2022 5374 es
2072 5314 2211 5372 Deus
2247 5313 2762 5383 absconditus,Deus
2800 5313 2968 5368 lsrael
2997 5311 3260 5378 Salvator,
3294 5310 3571 5380 quomodo

1964 5410 2138 5482 possit
2161 5409 2290 5481 Cyri
2340 5422 2588 5480 personae
2630 5407 2951 5473 convenire,
2985 5419 3094 5459 non
3143 5403 3410 5473 intelligo.
3455 5402 3571 5468 Nisi

1960 5586 2561 5666 coque_'_l'heodotionis
2597 5592 2967 5666 ἀροτριῶντας.
2989 5581 3329 5666 quodnlegit.
3363 5584 3568 5652 Proeu-

1959 5651 2106 5732 piu's.
2149 5660 2298 5732 Hanc
2325 5651 2846 5732 lectionemi'teitus
2890 5651 3104 5732 quoquc-
3135 5651 3474 5732 Ιίεδςέἷουῆχ
3511 5667 3570 5716 εί

1960 5719 2375 5810 antiquissimus
2405 5730 2582 5810 codex
2613 5719 3108 5810 Sangertna'nep'sis
3130 5723 3272 5810 apud
3296 5719 3567 5802 Montium.

1957 5802 2458 5862 eonfeontlrmant.
2485 5803 2656 5872 Antea
2683 5803 2801 5854 erat
2828 5802 3048 5874 arantis.
