4096 6330
493 327 598 386 447

1743 318 1802 376 S.
1841 315 2114 376 EUSEBII
2154 317 2543 377 HIERONYMI

3695 325 3797 384 M8

491 443 631 512 [orte
661 441 1058 500 Theodotionis
1083 447 1308 496 utantur
1335 439 1600 509 editione,
1633 441 1725 511 qui
1779 446 2078 518 transtulit,
2109 443 2160 502 Δ
2188 437 2332 513 [VIIL
2367 441 2710 515 habitaretur]
2740 442 2979 506 formavit
3000 443 3146 498 illam
3173 462 3192 499 :
3213 460 3307 516 ego
3327 443 3607 505 Dominus.
3628 456 3677 500 et
3704 465 3802 503 non

494 536 562 594 In
584 548 632 594 te
657 547 732 592 est
761 536 931 603 fortis,
947 544 1119 589 etnon
1147 544 1220 588 est
1241 534 1376 588 alius
1395 545 1583 601 printer
1599 551 1712 589 eum
1737 533 1877 591 Deus
1901 555 1920 593 :
1938 556 2094 612 prap-

493 641 633 688 terea
651 643 708 686 tu
735 630 884 701 fortis
909 629 1240 685 absconditus
1259 627 1402 683 Deus
1432 625 1600 684 Israel
1628 627 1890 687 Salvator.
1912 633 2097 701 Quod-

495 737 732 792 cumque
764 737 825 778 se
869 723 1153 790 venerim,
1187 737 1299 778 non
1322 722 1576 782 valebunt
1603 723 1827 794 laqueos
1853 725 2094 781 veritatis

495 817 758 890 eﬂugere.
792 814 899 872 Fac
925 815 1072 872 enim
1100 830 1226 872 esse
1258 816 1315 872 in
1345 816 1487 888 Cyro
1515 815 1707 883 Deum,
1739 827 1793 872 et
1823 833 1928 872 non
1969 833 2095 875 esse

498 910 665 966 alium
718 917 920 978 pra-ter
947 923 1072 965 eum
1123 908 1214 972 qui
1257 909 1329 963 sit
1372 909 1425 964 in
1466 907 1609 981 Cyro
1637 910 2096 980 lleus,qnomodo

494 1001 622 1074 Cyri
655 1017 904 1072 persmne
930 1001 1036 1057 dici
1067 1002 1376 1068 conveniet,
1420 1001 1546 1056 Vere
1569 1011 1620 1054 tu
1641 1018 1695 1056 es
1717 999 1856 1056 Deus
1881 1003 2097 1058 abscon-

499 1095 659 1163 ditus,
691 1092 828 1148 Deus
867 1089 1034 1147 Israel
1084 1091 1365 1148 Salvator?
1396 1091 1539 1164 Ergo
1586 1093 1727 1148 Deus
1775 1095 1824 1147 in
1858 1109 1968 1165 quo
2014 1105 2098 1150 est

503 1187 669 1257 Dens,
707 1187 970 1244 Dominus
1019 1199 1206 1243 noster
1233 1187 1397 1244 Jestts
1428 1187 1679 1244 Christus
1711 1189 1912 1244 rectius
1941 1188 2097 1246 intel-

496 1281 689 1352 ligitur
714 1291 769 1336 et
795 1281 1004 1350 verius,
1032 1280 1124 1352 qui
1169 1282 1221 1336 in
1268 1280 1560 1352 Evangelio
1592 1279 1830 1349 loquitur
1856 1300 1866 1336 :
1897 1280 2009 1350 Ego
2053 1292 2100 1337 et

500 1369 661 1428 Pater
699 1389 834 1428 unus
850 1389 1028 1427 sumus
1053 1370 1234 1446 (Joan.
1267 1389 1318 1442 κ,
1348 1373 1465 1446 50).
1495 1383 1519 1411 ι
1556 1373 1656 1442 Qui
1685 1373 1828 1429 Dens
1857 1376 2102 1444 appella-

500 1474 588 1522 tur
617 1463 971 1522 absconditus
996 1476 1216 1535 propter
1239 1467 1500 1537 :tssutttpti
1518 1465 1762 1537 corporis
1787 1482 2103 1524 sacramen-

496 1567 634 1628 tum,
669 1569 724 1614 et
753 1558 897 1614 Deus
927 1560 1094 1616 lsrael
1122 1559 1383 1629 Salvator,
1423 1561 1564 1631 quod
1599 1563 1989 1629 interpretatur
2011 1561 2102 1617 Je-

499 1671 616 1714 sus.
647 1655 747 1712 Hie
775 1660 920 1711 enim
949 1661 1105 1725 juxta
1125 1658 1392 1727 Angt-Ium
1419 1656 1728 1713 Gabrielem
1750 1657 1974 1711 salvaltit
2011 1672 2104 1727 po-

500 1752 691 1824 pulum
722 1765 878 1806 suutn
894 1750 1028 1821 (Luc
1073 1749 1138 1824 ι).
1154 1751 1368 1821 Confusi
1387 1761 1506 1806 sunt
1527 1761 1576 1807 et
1598 1750 1904 1806 erubuerunt
1929 1767 2105 1804 omnes

2197 545 2269 589 est
2288 534 2448 588 alius.
2485 533 2608 589 Non
2635 536 2687 589 in
2709 534 3009 591 abscondito
3036 537 3237 592 locutus
3265 555 3414 603 sum,
3445 540 3498 592 in
3528 541 3642 593 loco
3662 548 3806 596 terra:

2197 628 2480 682 tenebroso.
2514 627 2634 682 Non
2660 628 2773 682 dixi
2792 630 2975 684 semini
3003 627 3167 684 Iacob
3197 647 3216 685 :
3247 632 3442 703 frustra
3465 633 3682 699 quierite
3708 649 3803 687 me.

2200 719 2316 795 Ego
2343 721 2592 776 Dominus
2620 722 2834 793 loquens
2847 723 3130 796 justitiam,
3153 725 3470 778 annuntians
3490 734 3651 779 recta.
3676 721 3810 781 Con-

2199 815 2507 888 gregantinl,
2538 826 2587 870 et
2609 816 2792 880 venite,
2825 829 2871 869 et
2901 819 3131 872 accedite
3153 817 3334 885 simul,
3367 819 3457 890 qui
3476 817 3664 874 saluati
3689 821 3808 876 estis

2198 926 2263 964 ex
2300 910 2533 981 gentibus
2561 927 2579 963 :
2613 912 2900 965 nesrierunt
2945 912 3034 980 qui
3072 909 3241 966 lerant
3280 910 3482 986 lignum
3531 913 3810 979 sculptura

2199 1018 2341 1068 saw;
2390 1012 2436 1056 et
2465 1014 2647 1073 rogant
2676 1001 2843 1057 Deum
2890 1019 2991 1057 non
3029 1005 3334 1059 salvantem.
3383 1005 3723 1068 Annuntiate,
3763 1015 3809 1060 ει

2200 1097 2380 1159 venite.
2405 1106 2451 1151 et
2471 1097 2816 1152 consiliamini
2845 1097 3002 1151 simul
3031 1114 3049 1152 :
3076 1099 3193 1166 quis
3214 1098 3452 1152 auditum
3481 1100 3602 1167 fecit
3631 1099 3726 1152 hoc
3747 1099 3808 1154 ab

2200 1189 2387 1256 initio,
2427 1208 2489 1244 ex.
2528 1203 2650 1245 tunc
2680 1189 2705 1229 δ
2734 1191 2977 1263 prcdixit
3024 1190 3202 1246 illud?
3259 1191 3531 1264 Numquid
3575 1208 3680 1246 non
3722 1210 3809 1268 ego

2206 1284 2454 1342 Dominus
2480 1329 2494 1352 ,
2537 1297 2585 1342 et
2625 1305 2725 1342 non
2764 1298 2838 1342 est
2887 1289 3025 1342 ultra
3076 1287 3217 1343 Deus
3270 1289 3462 1360 absque
3509 1290 3630 1344 me?
3674 1287 3809 1344 Deus

2193 1381 2367 1451 justus
2398 1391 2446 1435 et
2476 1383 2682 1436 salvans
2713 1398 2814 1437 non
2851 1391 2927 1437 est
2971 1395 3161 1452 printer
3193 1399 3294 1438 me.
3331 1383 3705 1438 Convertimini
3744 1386 3811 1438 ad

2205 1489 2315 1538 me,
2343 1484 2389 1526 et
2422 1473 2555 1527 salvi
2583 1475 2750 1544 eritis,
2783 1490 2958 1528 omnes
2989 1474 3120 1544 fines
3145 1487 3297 1530 terra?
3325 1493 3344 1530 :
3374 1477 3499 1547 quia
3530 1494 3624 1543 ego
3651 1475 3807 1544 Deus,

2205 1576 2252 1620 et
2291 1583 2396 1621 non
2423 1577 2496 1621 est
2537 1568 2692 1621 alius.
2728 1563 2794 1621 In
2835 1567 3130 1640 memetipso
3157 1571 3331 1635 iuravi
3365 1585 3384 1624 :
3427 1570 3722 1640 egredietur
3749 1569 3811 1624 de

2207 1675 2296 1713 ore
2323 1676 2433 1712 meo
2454 1659 2677 1732 justitiaz
2702 1659 2928 1726 verbum,
2970 1672 3019 1715 et
3049 1677 3151 1716 non
3173 1671 3452 1717 revertetur
3471 1679 3490 1717 :
3529 1663 3654 1732 quia
3688 1663 3808 1716 mihi

2207 1752 2505 1807 curvabitur
2526 1769 2676 1808 omne
2695 1771 2851 1823 genu,
2874 1765 2920 1808 et
2937 1753 3136 1827 jurabit
3163 1756 3328 1808 omnis
3357 1755 3559 1826 lingua.
3592 1753 3734 1828 Ergo
3757 1757 3808 1810 in

501 1844 677 1908 simul.
719 1843 924 1899 Scriba:
953 1843 1205 1899 videlicet
1241 1853 1297 1899 et
1343 1843 1622 1899 Pharisa'i.
1655 1842 1721 1898 Et
1773 1842 2013 1898 abierunt
2053 1846 2102 1897 in
2139 1841 2185 1902 B
2213 1845 2437 1900 Domino
2465 1847 2648 1901 dicet:
2695 1845 2830 1902 Μεω
2870 1857 2991 1902 sunt
3030 1848 3256 1918 justitia:
3295 1858 3342 1900 et
3380 1847 3659 1917 imperium
3691 1864 3708 1902 :
3745 1851 3810 1902 ad

501 1937 804 2005 confusione
823 1937 1161 2008 fabricatores
1196 1938 1510 2010 erroris.qui
1543 1939 1594 1994 in
1623 1947 1737 1994 toto
1765 1939 1970 1994 mundo
1999 1939 2111 1994 dis-

505 2033 850 2087 seminavere
873 2030 1238 2100 mendacium,
1267 2041 1326 2086 ut
1354 2048 1476 2088 eum
1501 2033 1748 2088 dicerent
1780 2034 1848 2088 ab
1877 2032 2111 2104 Aposto-

507 2123 576 2181 lis
601 2125 746 2180 furto
773 2140 896 2181 esse
927 2126 1194 2182 sublatum
1225 2126 1442 2199 (Matth.
1477 2127 1696 2202 xxvnt).
1742 2127 1903 2184 Israel
1927 2140 2108 2182 autem

509 2221 751 2277 salvatus
783 2222 836 2276 in
870 2221 1103 2277 Domino
1129 2224 1308 2278 salute
1339 2233 1567 2291 aeterna,
1598 2223 1985 2291 Apostolorum
2030 2223 2110 2277 ἰη-

507 2316 773 2387 telltgitur
812 2317 1035 2385 chorus,
1082 2324 1140 2371 et
1170 2315 1224 2371 hi
1270 2316 1366 2388 qui
1398 2331 1495 2387 per
1525 2317 1821 2388 Apostolus
1858 2315 2112 2372 credide—

507 2416 657 2463 runt.
689 2406 842 2464 Unde
871 2407 1074 2464 dicitur
1117 2412 1184 2465 ad
1209 2425 1341 2466 eos:
1376 2409 1497 2465 Non
1521 2411 1911 2482 confuudemini
1947 2427 2111 2483 neque

507 2504 834 2573 erubescetis,
862 2522 968 2561 non
997 2505 1170 2562 solum
1205 2508 1257 2562 in
1287 2507 1543 2576 praesenti
1584 2509 1809 2575 sn-culo,
1844 2507 1939 2562 sed
1967 2518 2022 2561 et
2055 2507 2108 2561 in

506 2595 708 2652 futuro.
737 2596 988 2655 Servisse
1014 2610 1195 2656 autem
1218 2599 1269 2654 ei
1290 2597 1604 2672 Egyptnm.
1636 2611 1693 2656 et
1724 2599 2030 2669 Etliiopas,
2056 2608 2113 2655 et

506 2690 748 2759 Sabaim,
777 2691 1029 2748 excelsos
1055 2692 1198 2749 viros
1237 2705 1401 2764 atque
1446 2694 1734 2760 sublimes,
1763 2709 1922 2750 nemo
1950 2693 2111 2748 dubi-

502 2793 605 2851 tat,
654 2801 777 2840 cum
823 2787 874 2842 ei
903 2787 1162 2842 mumlum
1210 2787 1388 2842 videat
1417 2802 1539 2842 esse
1585 2789 1915 2854 subiectum,
1959 2797 2013 2842 et
2043 2801 2108 2842 ex

507 2892 801 2950 paucarum
832 2894 1052 2935 nomme
1091 2879 1392 2944 nationum,
1425 2895 1544 2950 qua:
1576 2877 1822 2934 habitant
1852 2881 1902 2934 in
1925 2890 2109 2936 extre-

508 2973 614 3028 mis
637 2973 834 3028 ﬁnibus
865 2983 1050 3041 terrai,
1075 2983 1302 3029 cunctos
1331 2974 1597 3029 caelorum
1619 2974 1892 3040 cardines,
1913 2982 1970 3030 et
1993 2991 2111 3029 om-

507 3065 597 3122 nia
631 3077 787 3122 terra:
826 3067 1006 3122 littora
1039 3070 1087 3122 ei
1123 3069 1401 3124 creditura
1433 3069 1744 3138 perspiciat.
1790 3069 1944 3126 Unde
1995 3071 2111 3138 pul-

506 3161 640 3216 chre
662 3159 815 3228 qttasi
841 3161 1214 3216 laborantibus
1237 3162 1290 3216 in
1312 3176 1502 3218 errore
1522 3162 1868 3228 idololatriae,
1889 3176 2110 3218 cessare

2211 1956 2327 1993 eum
2351 1940 2548 1994 venient
2568 1981 2583 2006 ,
2610 1949 2661 1996 et
2689 1942 3071 2011 confundentur
3098 1957 3270 1995 omnes
3295 1941 3385 2010 qui
3425 1952 3715 2012 repugnant
3745 1944 3809 2002 ei.

2213 2027 2280 2084 In
2313 2031 2536 2086 Domino
2573 2033 2978 2100 iustiﬁcabitur,
3013 2042 3058 2088 et
3100 2032 3403 2088 laudabitur
3448 2050 3601 2088 omne
3644 2048 3810 2090 semen

2213 2121 2380 2177 Israel
2421 2139 2440 2176 :
2477 2122 2622 2179 LXX
2652 2141 2664 2176 :
2701 2124 2792 2179 Sic
2827 2124 2954 2179 dicit
2997 2123 3245 2179 Dominus
3294 2126 3385 2196 qui
3423 2127 3542 2195 fecit
3580 2129 3761 2181 caelum
3793 2143 3811 2181 :

2210 2218 2303 2271 iste
2336 2217 2471 2271 Deus
2491 2219 2580 2288 qui
2607 2219 2830 2274 ostendit
2851 2229 3042 2273 terram
3060 2262 3074 2280 .
3103 2230 3150 2274 et
3179 2219 3301 2290 [erit
3330 2237 3462 2280 eam.
3485 2222 3593 2292 ipse
3619 2230 3643 2258 ε
3664 2237 3816 2290 para-

2211 2312 2280 2365 vit
2308 2327 2420 2365 eam
2448 2327 2467 2366 :
2499 2328 2602 2366 non
2627 2314 2678 2366 in
2709 2329 2924 2367 vacuum
2955 2314 3076 2384 fecit
3113 2330 3222 2368 eam
3241 2356 3255 2380 ,
3284 2315 3375 2368 sed
3410 2323 3466 2368 ut
3495 2313 3812 2369 habitaretur

2213 2407 2485 2477 plasmauit
2516 2423 2648 2462 eam.
2691 2406 2807 2481 Ego
2850 2425 2964 2462 sum
2995 2407 3275 2474 Dominus,
3308 2421 3356 2462 et
3399 2426 3499 2463 non
3541 2421 3618 2465 est
3656 2415 3808 2466 ultra.

2215 2499 2338 2556 Non
2379 2501 2435 2555 in
2474 2503 2779 2556 abscondito
2820 2503 3025 2557 locutus
3064 2519 3200 2568 sum,
3233 2518 3395 2575 neque
3432 2504 3487 2557 in
3526 2502 3641 2558 loco
3668 2514 3813 2558 terre

2211 2593 2495 2648 tenebroso.
2549 2591 2672 2648 Non
2714 2595 2824 2648 dixi
2861 2595 3045 2650 semini
3082 2591 3280 2660 Iacob,
3326 2612 3516 2650 vanum
3563 2595 3811 2665 quaerite:

2212 2702 2308 2760 ego
2336 2703 2448 2740 sum
2475 2683 2732 2740 Dominus
2759 2687 2849 2758 qui
2886 2689 3067 2756 loquor
3090 2687 3372 2761 justitiam,
3401 2691 3654 2761 annuntio
3681 2688 3811 2742 reri-

2213 2793 2387 2838 tatent.
2428 2780 2823 2855 Congregamini
2849 2792 2895 2835 et
2923 2781 3105 2850 venite,
3139 2778 3164 2817 ἀ
3193 2793 3240 2836 et
3265 2781 3518 2836 consuli'e
3548 2779 3701 2835 simul
3727 2783 3813 2851 qui

2213 2876 2486 2930 salvamini
2515 2877 2579 2928 de
2604 2874 2840 2947 gentibus
2869 2891 2889 2942 ;
2918 2892 3018 2928 non
3043 2883 3390 2948 cognoverunt
3414 2875 3504 2946 qui
3528 2887 3733 2946 portant
3751 2872 3814 2927 li-

2212 2989 2368 3045 gnum
2390 2973 2670 3044 sculpturte
2695 2987 2803 3025 sua:
2834 2987 2852 3025 :
2879 2982 3027 3024 orant
3055 2971 3176 3024 deos
3203 2986 3306 3024 non
3326 2967 3605 3025 saltantes.
3639 2969 3699 3024 Si
3723 2986 3812 3023 au-

2213 3069 2478 3132 nuntiant,
2519 3065 2681 3139 552
2724 3051 3139 3138 appropinquant
3185 3074 3242 3118 ut
3287 3064 3450 3118 sciant
3488 3063 3665 3130 simul,
3705 3065 3814 3137 quis

2211 3162 2392 3215 audita
2417 3165 2535 3232 fecit
2558 3165 2666 3214 hrec
2704 3158 2768 3213 ab
2807 3159 2979 3220 initio.
3010 3167 3129 3212 tunc
3161 3158 3525 3212 annuntiatum
3555 3167 3629 3213 est
3656 3158 3814 3212 vobis.

505 3250 662 3307 labor
692 3249 911 3324 )Egypti
955 3253 1291 3310 nominatur.
1321 3251 1477 3309 Nulla
1506 3253 1653 3309 enim
1681 3269 1816 3325 gens
1837 3255 1910 3311 ita
1938 3256 2107 3311 idolo-
2139 3234 2184 3298 Ο
2217 3253 2408 3310 Nonne
2435 3272 2526 3327 ego
2553 3252 2810 3307 Dominus
2839 3249 2999 3319 Deus,
3028 3266 3073 3306 et
3098 3269 3199 3306 non
3217 3263 3290 3306 est
3318 3251 3455 3305 alius
3482 3251 3672 3324 absque
3700 3268 3778 3306 me
3797 3270 3815 3306 :

507 3345 683 3402 latrize
721 3345 902 3401 dedita
945 3345 1045 3400 l‘nit
1073 3387 1088 3412 ,
1143 3355 1200 3402 et
1251 3356 1360 3402 tam
1406 3349 1822 3404 innumerabilia
1864 3361 2112 3420 portenta

510 3448 770 3495 venerata
800 3448 904 3504 est.
934 3455 1095 3512 quam
1126 3439 1420 3511 Ianptus,
1449 3440 1518 3497 de
1544 3457 1646 3510 qua
1679 3456 1839 3512 supra
1884 3445 2029 3513 (xix,
2061 3443 2115 3516 l)

510 3531 744 3604 legimus
776 3551 789 3587 :
823 3531 957 3588 Ecce
990 3531 1246 3588 Dominus
1273 3532 1517 3588 ascendet
1543 3551 1701 3602 super
1721 3534 1905 3588 nubem
1931 3537 2109 3605 levem,

510 3636 559 3681 et
585 3627 907 3698 ingredietur
937 3625 1251 3700 ngyptum,
1276 3638 1322 3682 et
1353 3627 1690 3684 movebuntur
1715 3631 1991 3684 simulacra
2016 3631 2118 3685 .If-

510 3719 655 3790 gypti
675 3736 705 3770 a
729 3719 863 3788 facie
883 3718 1022 3787 ejus,
1047 3730 1094 3773 et
1117 3735 1207 3774 cor
1235 3717 1456 3792 [Ερνριὶ
1478 3722 1693 3775 tabescet
1720 3721 1771 3776 in
1795 3722 1963 3776 medio
1983 3723 2114 3791 ejus.

513 3811 687 3868 Porro
731 3814 874 3884 quod
922 3815 974 3867 in
1013 3811 1366 3883 Septuaginta
1410 3814 1656 3870 additum
1702 3828 1784 3872 est
1830 3833 1842 3870 :
1894 3813 2117 3870 Iunona-

512 3907 642 3962 ntini
653 3908 722 3963 ad
743 3925 839 3968 me.
857 3910 1073 3977 insulae,
1091 3910 1170 3964 sic
1183 3925 1463 3980 exponere
1478 3926 1788 3981 possumus,
1805 3911 2120 3966 uttlicamns

514 4001 674 4076 541
710 4004 977 4060 Ecclesias
1013 4005 1083 4061 de
1109 4007 1364 4075 gentibus
1386 4018 1740 4078 coiigregatas
1784 4009 2031 4063 innovari
2065 4009 2118 4064 iu

512 4095 756 4162 Christo,
780 4098 1043 4168 appellari
1067 4100 1293 4162 insulas,
1317 4101 1460 4170 quod
1485 4111 1893 4168 perseeutormn
1912 4103 2120 4158 rabiem

517 4194 895 4266 procellasque
931 4197 1269 4260 sustineant,
1302 4207 1358 4251 et
1399 4197 1637 4252 fundata:
1678 4211 1839 4266 supra
1888 4209 2119 4267 petram,

519 4288 662 4343 nulla
691 4287 968 4344 turbinum
1003 4289 1148 4344 mole
1184 4289 1520 4358 quatiantur.
1555 4291 1762 4346 llebrzei
1793 4295 1955 4348 stulta
1986 4308 2121 4350 con-

516 4380 761 4436 tentione
784 4381 1034 4437 nituntur
1055 4396 1326 4449 asserere,
1363 4399 1532 4454 usque
1567 4383 1634 4438 ad
1670 4399 1792 4440 eum
1825 4385 2002 4442 locum
2035 4388 2124 4443 ubi

519 4472 718 4545 legitur
749 4493 761 4529 :
787 4473 1014 4529 Tantum
1041 4477 1096 4530 in
1125 4487 1176 4530 te
1200 4486 1306 4542 est,
1336 4475 1508 4544 Deus,
1529 4489 1579 4532 et
1607 4495 1708 4533 non
1733 4491 1808 4535 est
1837 4482 2026 4551 absque
2054 4493 2124 4546 te,

521 4566 683 4630 Deus.
713 4568 797 4624 vel
821 4570 886 4625 ad
913 4569 1216 4626 Jerusalem
1239 4612 1255 4634 .
1282 4571 1368 4626 vel
1403 4571 1468 4627 ad
1501 4574 1698 4644 Cyrum
1727 4573 1856 4629 dici.
1890 4575 2002 4631 lloc
2029 4591 2126 4630 au-

2207 3351 2387 3422 justus
2417 3359 2464 3404 et
2493 3348 2698 3404 salvans
2733 3364 2838 3402 non
2877 3356 2952 3402 est
2988 3357 3176 3419 printer
3208 3362 3307 3402 me.
3343 3343 3718 3400 Convertimini
3751 3347 3817 3400 ad

2218 3463 2316 3509 me,
2347 3455 2392 3500 et
2417 3442 2543 3498 salvi
2564 3446 2705 3498 eritis
2734 3444 2796 3497 ab
2825 3444 3067 3498 extremis
3090 3451 3260 3496 terrm.
3299 3439 3410 3510 Ego
3429 3457 3544 3494 sum
3577 3438 3743 3505 Deus,
3771 3449 3818 3494 et

2219 3557 2323 3594 non
2355 3549 2428 3593 est
2467 3537 2625 3593 alius.
2673 3537 2773 3592 Per
2803 3537 3154 3603 memetipsum
3185 3539 3340 3605 iure:
3388 3535 3491 3589 nisi
3535 3535 3820 3606 egredietur

2219 3636 2282 3687 de
2308 3650 2394 3688 ore
2419 3649 2531 3687 meo
2545 3633 2750 3704 justitia
2778 3650 2796 3686 :
2826 3647 3084 3686 sermones
3105 3630 3206 3685 mei
3235 3648 3337 3684 non
3359 3638 3678 3690 armentur,
3703 3631 3820 3700 quia

2222 3727 2344 3782 mihi
2375 3728 2662 3782 incuruubit
2701 3742 2849 3780 omne
2888 3742 3054 3797 genu,
3093 3736 3139 3779 et
3172 3724 3373 3798 jurabit
3411 3733 3460 3778 et
3497 3724 3824 3794 conﬁtebitur

2222 3825 2389 3880 ontnis
2425 3823 2606 3896 lingua
2648 3821 2756 3876 Deo
2787 3823 2962 3875 dicens
2996 3838 3014 3875 :
3043 3819 3289 3885 Iustitia,
3321 3828 3370 3873 et
3404 3820 3574 3892 gloria
3610 3821 3679 3872 ad
3711 3836 3820 3873 eum

2223 3919 2408 3983 veniet,
2429 3927 2475 3969 et
2498 3919 2887 3987 ronfundentur
2901 3932 3074 3970 omnes
3088 3915 3176 3984 qui
3192 3923 3435 3986 separant
3447 3930 3501 3967 se
3517 3931 3548 3966 a
3569 3913 3790 3967 Domino
3807 3929 3824 3967 :

2175 4026 2178 4028 ‘
2215 4011 2595 4085 justi/imbitur
2623 4020 2671 4065 et
2699 4012 2749 4064 in
2781 4008 2890 4062 Deo
2918 4008 3295 4082 gloriﬁcabitur
3316 4024 3467 4062 omne
3492 4024 3666 4063 semen
3693 4007 3827 4076 [ilio-

2224 4121 2340 4159 rum
2385 4101 2574 4158 Israel.
2621 4101 2840 4157 Vocatis
2881 4100 3151 4173 Egypto,
3191 4112 3247 4156 et
3286 4098 3601 4166 EtltiOpia,
3635 4109 3692 4153 et
3729 4100 3827 4155 Su-

2225 4199 2370 4254 baim
2412 4197 2547 4251 viris
2575 4197 2843 4259 excelsis,
2876 4210 2972 4266 per
2995 4211 3116 4266 quae
3154 4203 3495 4249 monstratur
3523 4195 3678 4249 salus
3711 4195 3828 4250 uni-

2225 4306 2510 4346 versarum
2547 4291 2790 4359 gentium
2818 4290 3198 4351 barbararum.
3231 4299 3287 4343 et
3327 4291 3497 4343 totius
3535 4290 3724 4344 mundi
3759 4289 3825 4344 ad

2231 4383 2396 4438 Deum
2419 4382 2727 4447 conversio,
2753 4383 2992 4437 oswndit
3015 4383 3154 4436 Deus
3172 4382 3437 4451 justitiam
3460 4397 3618 4438 suam
3645 4400 3660 4447 ;
3685 4382 3827 4453 quod

2227 4493 2333 4534 non
2363 4479 2540 4532 solum
2570 4475 2882 4532 Iudaeorum
2919 4478 2990 4529 sit
3021 4478 3308 4540 llomiuus,
3339 4475 3434 4529 sed
3464 4484 3520 4530 et
3546 4477 3815 4546 gentium.

2232 4573 2350 4640 Ipse
2386 4574 2530 4627 enim
2571 4571 2695 4626 cmli
2744 4567 2915 4624 factor
2953 4578 3010 4624 et
3051 4577 3213 4623 terrm
3254 4568 3542 4640 :equaliter
3585 4570 3826 4624 omnium

523 4675 633 4721 tem
687 4665 830 4736 quod
878 4666 1126 4733 sequitur
1167 4685 1176 4720 :
1223 4666 1352 4722 Vere
1396 4677 1454 4723 tu
1497 4685 1550 4723 es
1595 4667 1734 4724 Deus
1773 4668 2121 4735 absconditus,
2151 4635 2205 4696 Β
2230 4669 2373 4724 Deus
2403 4677 2528 4734 est,
2559 4675 2614 4722 et
2645 4681 2754 4721 non
2783 4664 2854 4720 ob
2885 4663 3044 4720 aliam
3083 4678 3301 4718 causam
3334 4667 3543 4719 creavit
3585 4674 3782 4720 terram
3807 4703 3824 4730 ,

525 4755 664 4812 Deus
695 4754 865 4812 Israel
893 4758 1118 4813 salvator
1138 4801 1152 4823 ,
1193 4759 1376 4815 subito
1401 4760 1467 4816 ad
1497 4763 1924 4832 omnipotentem
1959 4763 2126 4820 Deum

522 4852 908 4923 apostropham
945 4851 1087 4920 ﬁeri,
1119 4869 1240 4910 cum
1268 4855 1429 4910 etiam
1459 4856 1638 4912 stultis
1666 4859 2004 4930 perspicuum
2035 4864 2126 4926 sit,

523 4959 689 5002 unum
730 4955 1045 5001 centexlum
1089 4959 1213 5002 esse
1253 4950 1558 5016 sermonis,
1592 4966 1691 5005 nec
1721 4967 1881 5021 posse
1909 4967 2129 5008 sensum

524 5038 690 5095 dividi
720 5041 812 5112 qui
851 5041 902 5095 in
935 5040 1055 5111 ipso
1089 5041 1418 5098 narrationis
1444 5043 1635 5099 ordine
1670 5055 1724 5101 et
1754 5048 1966 5102 ratione
1992 5060 2126 5101 con-

521 5133 745 5204 junctus
771 5143 878 5189 est.

599 5226 762 5298 (vers
817 5228 888 5283 18
938 5228 1118 5300 seqq.)
1159 5229 1294 5296 Quia
1325 5231 1434 5286 htec
1460 5232 1586 5287 dicit
1633 5232 1906 5300 Dominus,
1951 5252 2132 5290 creans

523 5321 710 5388 calas,
743 5323 854 5392 ipse
886 5320 1023 5378 Deus
1053 5325 1284 5394 formans
1308 5335 1521 5388 terram,
1551 5336 1599 5380 ct
1641 5330 1832 5396 faciens
1852 5346 1993 5390 eam,
2023 5331 2132 5400 ipse

523 5415 712 5486 plastes
743 5418 854 5490 ejus
882 5432 900 5471 :
932 5433 1034 5470 non
1061 5417 1117 5472 in
1153 5433 1340 5472 vanum
1374 5420 1559 5474 creavit
1599 5436 1741 5487 eam,
1783 5431 1837 5474 ut
1875 5421 2130 5478 habitetur

599 5585 640 5651 ξ
651 5575 815 5632 Addit
835 5576 979 5633 Vict.
1012 5593 1082 5634 ex
1107 5577 1430 5650 quibusdam
1465 5593 1598 5635 mss.
1617 5623 1630 5645 ,
1665 5578 1732 5634 Et
1755 5596 1847 5651 ego
1868 5582 1920 5635 in
1949 5579 2130 5651 Patre,

527 5659 575 5704 et
599 5645 758 5703 Pater
777 5651 829 5702 in
853 5665 931 5704 me
949 5660 1045 5705 est.
1126 5645 1139 5650 ⁷
1574 5653 1580 5660 ’

594 5718 622 5758 δ
654 5721 885 5792 Legerat
909 5721 1158 5777 Martian.
1187 5725 1238 5778 in
1267 5735 1440 5791 recto,
1464 5734 1516 5779 et
1541 5724 1643 5778 sub
1666 5723 1971 5780 afﬁrmandi
1992 5741 2133 5793 quo-

527 5804 635 5862 que
665 5805 788 5868 n_ota
828 5794 1049 5868 pradixi
1081 5793 1256 5868 illud,
1297 5797 1416 5866 ipso
1454 5810 1619 5868 sacro
1655 5806 1806 5852 texto
1845 5808 2134 5855 renuente.

611 5871 633 5898 ε
679 5862 755 5918 Ex
808 5864 1046 5935 quodam
1102 5862 1346 5922 Mediceo
1390 5879 1495 5922 ms.
1569 5863 1776 5924 Victor.
1838 5871 2133 5937 separauit,

2230 4767 2332 4821 nisi
2360 4775 2416 4819 ut
2444 4764 2722 4820 hominum
2758 4772 2902 4818 esset
2932 4760 3301 4816 habitaculum
3323 4803 3338 4826 ,
3359 4761 3465 4831 qui
3503 4777 3661 4816 suum
3702 4759 3830 4815 ado-

2231 4870 2417 4917 rarent
2441 4873 2490 4916 et
2527 4859 2895 4929 intelligere-nt
2927 4857 3275 4924 Creatorem,
3309 4867 3364 4911 et
3398 4837 3546 4911 idola.
3581 4857 3828 4911 universa

2230 4961 2666 5011 contemnerent.
2686 4951 2818 5007 Nam
2843 4962 2898 5006 et
2919 4953 2970 5005 in
2997 4963 3181 5007 monte
3201 4950 3358 5017 Sina,
3381 4951 3450 5005 de
3472 4953 3696 5006 excelso
3715 4948 3834 5020 ejus

2233 5052 2437 5106 vertice
2478 5049 2594 5102 haec
2634 5047 2980 5103 audientibus
3028 5047 3240 5117 populis
3279 5057 3366 5102 est
3412 5046 3668 5102 loeutus:
3712 5043 3832 5098 Non

2235 5154 2384 5198 ertint
2412 5142 2501 5197 tibi
2531 5143 2604 5196 dii
2638 5141 2796 5197 alieni
2827 5143 3018 5212 absque
3050 5156 3159 5204 me,
3191 5155 3283 5193 nec
3313 5141 3472 5210 facies
3502 5139 3597 5192 tibi
3635 5137 3832 5192 idolum

2236 5235 2437 5309 (Exod.
2481 5252 2576 5299 xx,
2624 5237 2676 5303 5,
2727 5235 2808 5304 4).
2861 5235 2969 5291 Sed
3019 5233 3236 5300 melius,
3285 5243 3346 5289 ut
3385 5236 3486 5288 hoc
3516 5233 3724 5287 dictum
3770 5235 3835 5286 de

2240 5329 2560 5402 Evangelica
2591 5330 2973 5400 pranlicatione
2998 5329 3289 5383 credamus
3321 5347 3334 5382 :
3365 5327 3581 5399 Moyses
3603 5327 3749 5381 enim
3782 5326 3835 5380 in

2235 5424 2552 5480 abscondita
2583 5421 2876 5479 solitudine
2902 5422 2994 5478 uni
3023 5433 3229 5477 tantum
3259 5423 3467 5477 locutus
3497 5429 3586 5476 est
3617 5419 3835 5492 pepulo.

2239 5580 2728 5658 qttam_leetionem
2760 5581 2984 5658 Grgrcus
3013 5597 3228 5658 quoque
3256 5582 3491 5658 διώρισεν
3515 5583 3730 5651 probat.

2312 5653 2339 5693 ά
2386 5653 2555 5710 Verba
2582 5663 2630 5708 et
2648 5651 2901 5707 consulite
2925 5655 2977 5708 in
3012 5651 3360 5710 Amln-osmnl
3392 5656 3514 5710 cod.
3553 5673 3656 5708 non
3688 5662 3839 5709 sunt.

2242 5729 2309 5784 Et.
2336 5726 2697 5799 Symmachus
2719 5725 2942 5798 quidem
2963 5737 3022 5786 et
3046 5727 3200 5798 Vulg.
3230 5727 3456 5782 accedite
3478 5729 3842 5799 interpretan-

2243 5808 2353 5856 ιιιι.
