4096 6330
269 332 374 391 M9

753 303 760 310 ἢ
802 332 1446 393 COMMENTARIORUM
1489 334 1556 392 IN
1598 333 1830 393 ISAIAM
1874 333 2304 394 PROPIIE'I‘AM
2347 334 2478 392 LIB.
2521 333 2659 394 XIII.
2701 333 2862 392 CAP.
2903 334 3089 394 XLVI.

3481 332 3589 392 450

271 451 674 518 Apostolorum
726 464 906 510 autem
961 471 1126 510 sonus
1154 497 1170 523 ,
1221 456 1275 512 in
1327 457 1640 512 universnm
1693 456 1881 512 orbem
1912 460 1958 519 Α
1989 456 2188 512 dentur
2221 457 2311 526 qui
2351 456 2498 526 prius
2540 456 2686 510 illius
2720 455 3018 526 Evangelio
3054 452 3433 526 repugnabant
3467 469 3482 517 ;
3533 460 3590 507 et

270 545 399 600 exiit
422 586 436 607 ,
471 558 528 600 et
561 547 727 602 verba
757 564 943 603 eorum
983 563 1152 620 usque
1180 548 1246 602 ad
1282 561 1440 604 terrae
1469 550 1731 604 terminos
1764 565 1886 619 per-

270 642 739 711 veni-runtU’snl.
767 645 944 710 XVIII).
974 642 1096 697 Non
1118 643 1464 714 dixi,iuquit,
1493 645 1676 698 semini
1696 643 1880 710 Iacob,

268 735 466 802 [rustra
482 734 709 803 qnterite
730 751 823 790 me.
850 734 1122 790 C(BIOrum
1149 737 1293 791 enim
1321 736 1429 790 illis
1453 752 1613 808 regna
1635 731 1880 806 promisi,

272 833 323 878 et
347 823 592 892 primum
633 826 700 878 ad
723 841 818 880 eos
843 827 1052 882 locutus
1075 843 1191 881 sum
1229 845 1240 881 :
1276 826 1395 882 Non
1418 828 1531 881 veni
1551 827 1652 880 nisi
1675 827 1746 884 ad
1766 842 1881 881 oves

272 917 502 988 perditas
520 922 708 974 domus
722 918 890 975 Israel
911 920 1128 988 (Matth.
1147 921 1401 990 sufﬁt).
1427 921 1488 977 Et
1515 921 1883 977 idcircolocu-

271 1019 354 1065 tus
378 1027 502 1066 sum
521 1013 792 1081 justitiam
817 1024 871 1069 et
891 1017 1210 1070 annuntiavi
1234 1026 1402 1079 recta,
1429 1016 1544 1071 sive
1567 1016 1879 1082 veritatem,

271 1111 324 1156 ut
356 1101 695 1172 imaginibus
724 1106 882 1176 Legis
901 1116 955 1162 et
985 1107 1332 1163 caeremoniis
1348 1108 1661 1174 derelictis,
1690 1124 1882 1179 seque-

271 1205 460 1249 rentur
486 1196 765 1269 Evangelii
795 1198 1105 1255 venitstem.
1136 1199 1244 1256 Svd
1273 1201 1394 1272 quia
1426 1201 1502 1255 illi
1531 1201 1758 1257 credere
1785 1216 1882 1256 no-

270 1286 512 1356 luerunt,
545 1303 600 1346 et
627 1290 879 1361 indignos
905 1309 966 1349 se
990 1293 1378 1364 judicaverunt
1398 1295 1601 1361 salute;
1632 1305 1882 1366 propter-

271 1395 331 1436 ea
373 1381 500 1437 dico
558 1386 851 1454 gentibus:
895 1382 1312 1458 Cougregamini
1357 1388 1422 1443 de
1459 1398 1571 1443 toto
1609 1389 1788 1455 orbe;
1827 1397 1882 1445 et

272 1478 452 1532 venite
493 1485 552 1533 et
582 1479 829 1536 accedite
867 1479 934 1534 ad
967 1496 1055 1535 me
1092 1482 1253 1536 simul
1293 1483 1383 1553 qui
1419 1483 1613 1537 salvati
1651 1484 1783 1538 estis
1811 1497 1880 1538 ex

273 1571 554 1641 gentibus.
589 1570 698 1626 Per
719 1571 861 1642 quod
884 1573 1146 1639 ostendit,
1172 1590 1278 1628 non
1311 1574 1495 1629 statim
1528 1590 1720 1629 omnes
1748 1590 1881 1645 geu-

279 1672 358 1717 tes
384 1679 510 1719 esse
537 1665 868 1734 credituras,
903 1667 997 1722 sed
1029 1668 1290 1735 paulatim
1317 1677 1372 1722 et
1407 1684 1505 1737 per
1529 1681 1733 1738 partes.
1773 1671 1875 1724 lte-

276 1755 441 1827 nique
473 1759 712 1828 corripit
741 1774 834 1814 eos
867 1761 956 1831 qui
988 1759 1039 1814 in
1079 1776 1268 1816 errore
1304 1760 1536 1831 pristino
1564 1777 1879 1832 permanse-

1984 549 2368 618 justilicabitur
2409 561 2572 617 atque
2609 547 2913 602 laudabitur
2943 562 3104 600 omne
3145 561 3332 602 semen
3375 543 3584 610 Israel,

1986 657 2215 712 quorum
2267 640 2580 710 praedicatio
2619 649 2674 695 et
2703 639 2968 696 sementis
3005 637 3340 692 fertilissima
3384 636 3437 690 in
3471 644 3586 691 toto

1985 735 2118 789 orbe
2162 733 2470 789 uberrimos
2509 733 2686 789 attulit
2727 735 2955 788 fruetus.
3003 732 3131 788 Sive
3167 733 3317 802 juxta
3354 728 3584 800 Septua-

1983 827 2129 897 ginta
2162 826 2340 880 omnis
2381 826 2556 898 lingua
2582 826 2771 893 jurans
2804 836 2860 882 et
2887 825 3158 880 conﬁtens
3198 824 3369 879 Deum
3391 865 3404 888 ,
3437 822 3584 879 dicet

1983 920 2124 992 quod
2150 920 2358 989 justitia
2383 931 2437 984 et
2463 920 2634 990 gloria
2663 920 2828 975 totius
2853 918 3004 973 orbis
3029 918 3096 974 ad
3121 933 3242 974 eum
3277 919 3459 974 veniat
3482 959 3496 974 .
3529 923 3587 972 et

1984 1013 2385 1069 confundantur
2414 1011 2621 1080 .lutlaai,
2664 1013 2755 1084 qui
2796 1028 2856 1066 se
2885 1012 2954 1067 ab
2991 1028 3056 1068 eo
3103 1023 3380 1082 separant.
3422 1007 3586 1086 5“

1984 1108 2046 1162 Ili
2071 1118 2250 1166 autem
2282 1107 2370 1175 qui
2400 1107 2468 1160 de
2505 1106 2676 1176 stirpe
2711 1105 2946 1162 ﬁliorum
2987 1105 3153 1161 Israel
3201 1106 3304 1160 orti
3340 1116 3497 1164 sunt.
3527 1111 3586 1160 et

1981 1201 2074 1272 qui
2103 1201 2173 1256 de
2204 1200 2592 1271 Apostolorum
2618 1200 2828 1256 semine
2862 1199 3283 1270 pullulaveruut.
3317 1208 3368 1256 et
3401 1197 3585 1255 credi-

1981 1295 2180 1351 derunt
2210 1295 2262 1350 in
2285 1294 2526 1362 Christo,
2554 1293 2788 1350 habeant
2808 1293 3072 1365 justitiam
3101 1303 3154 1350 et
3177 1291 3404 1366 gloriam
3434 1305 3584 1348 sem-

1984 1390 2281 1464 piternam.

2058 1482 2211 1556 (Cap.
2269 1480 2735 1538 XLVI.—V’ers.
2787 1482 2839 1547 I,
2884 1479 2970 1552 Ξ.)
3002 1479 3312 1542 Confractas
3357 1487 3431 1534 est
3473 1475 3590 1545 Bel,

1982 1578 2229 1632 contritus
2255 1587 2332 1630 est
2357 1575 2506 1631 Naba
2531 1593 2550 1630 :
2580 1579 2720 1646 facta
2748 1583 2864 1630 sunt
2896 1574 3179 1628 simulacra
3205 1587 3383 1628 eorum
3410 1569 3590 1626 bestiis

1983 1682 2030 1726 et
2049 1671 2323 1744 jumentis,
2361 1687 2521 1725 onera
2543 1679 2711 1724 vestra
2735 1669 2880 1741 gravi
2907 1667 3137 1741 pondere
3160 1683 3317 1738 usque
3339 1668 3406 1718 ad
3437 1663 3593 1720 lassi-

1983 1764 2235 1817 tudinem.
2279 1762 2692 1828 Contabuerunt,
2743 1773 2792 1818 et
2829 1764 3055 1817 contrita
3082 1771 3202 1815 sunt
3232 1760 3438 1814 simul:
3484 1774 3589 1813 non

275 1864 431 1917 runt,
465 1853 664 1908 dicens
700 1871 712 1906 :
747 1853 1059 1910 Nescierunt
1097 1857 1184 1926 qui
1226 1858 1397 1911 levant
1425 1857 1624 1928 lignum
1653 1856 1763 1930 [AL
1805 1859 1878 1912 si-
1908 1868 1958 1930 Β
1984 1869 2258 1929 potuerunt
2295 1859 2501 1913 salvare
2532 1867 2843 1927 portantem,
2878 1865 2925 1910 et
2953 1855 3130 1910 anima
3159 1871 3334 1910 eorum
3378 1854 3430 1907 in
3463 1868 3588 1923 cap-

275 1943 452 2017 gnnin]
483 1946 770 2018 sculptura:
793 1963 927 2011 suae,
961 1958 1009 2002 et
1030 1958 1218 2020 rogant
1252 1947 1416 2005 Deum
1446 1967 1547 2004 non
1572 1953 1876 2005 salvuntcm.

280 2033 346 2090 Et
371 2051 454 2091 eat
489 2053 691 2093 sensus
726 2057 740 2092 :
770 2039 886 2095 Non
930 2041 1319 2098 intellexerunt
1357 2058 1643 2098 sermones
1686 2059 1837 2098 meos
1862 2084 1878 2112 ,

275 2131 694 2186 simulacrorum
749 2131 909 2206 543
957 2148 1178 2188 suorum
1229 2150 1399 2192 onere
1440 2136 1782 2207 praegravati,
1824 2144 1880 2193 et

274 2236 562 2294 sperantes
605 2228 660 2280 in
696 2228 801 2292 eis,
851 2231 901 2281 in
946 2229 1144 2296 quibus
1181 2229 1326 2283 nulla
1368 2237 1451 2285 est
1501 2229 1672 2284 salus.
1725 2227 1879 2285 Unde

278 2318 559 2389 Apostolis
599 2321 933 2390 praccipitur,
966 2333 1023 2376 ut
1061 2333 1388 2392 opportune,
1431 2323 1744 2394 importune
1783 2339 1881 2379 an-

278 2411 530 2468 nuntient
557 2412 845 2468 veritatem
877 2415 894 2482 (
930 2413 973 2469 II
997 2413 1135 2471 Tim.
1161 2417 1262 2486 Iv),
1295 2423 1351 2470 et
1378 2415 1564 2472 ineant
1590 2417 1878 2472 consilium

277 2505 467 2561 salutis
499 2507 768 2577 gentium.
805 2507 916 2562 Hoc
940 2517 1146 2575 autem,
1180 2510 1230 2562 id
1259 2520 1366 2574 est,
1395 2520 1453 2564 ut
1481 2525 1882 2581 congregaren-

281 2609 368 2654 tur
391 2611 447 2655 et
470 2599 725 2655 venirent
757 2615 822 2656 ex
849 2601 1104 2672 gentibus
1134 2601 1354 2671 plurimi
1395 2603 1484 2674 qui
1511 2604 1879 2668 Salvarenlttr,

281 2698 348 2748 ab
378 2694 538 2749 initio
582 2694 797 2750 locutus
824 2709 904 2749 est
933 2695 1108 2762 Deus,
1143 2709 1198 2750 et
1226 2707 1548 2752 cunctorum
1583 2696 1881 2766 Propheta-

276 2804 392 2844 rum
427 2805 526 2844 ora
553 2790 902 2857 cecinerunt,
935 2791 1026 2862 qui
1059 2807 1316 2848 sermone
1348 2791 1556 2847 Domini
1585 2793 1881 2864 loqneban-

279 2891 385 2948 tur,
418 2893 622 2954 praeter
658 2899 819 2955 quem
859 2885 1039 2939 nullus
1067 2896 1151 2940 est
1186 2885 1347 2940 altus.
1383 2883 1554 2940 Filius
1583 2887 1728 2941 enim
1773 2901 1880 2940 non

278 2979 484 3044 absque
514 2991 582 3031 eo
608 3016 624 3043 ,
656 2977 751 3031 sed
785 2978 836 3030 iu
866 2991 933 3032 eo
979 2977 1120 3032 Deus
1150 2987 1254 3032 est.
1286 2976 1629 3047 Pulchreque
1663 2977 1878 3048 jungit:

279 3067 418 3124 Deus
444 3072 655 3143 justus.
689 3085 1026 3141 nequaquam
1058 3070 1220 3124 unius
1247 3071 1457 3140 gentis,
1496 3070 1590 3124 sed
1634 3069 1880 3125 universi

278 3166 483 3229 Inuudi,
511 3167 596 3221 cui
619 3167 858 3237 loquitur
879 3183 892 3219 :
915 3163 1367 3222 Convertiminiad
1386 3181 1486 3231 me,
1501 3175 1551 3220 et
1571 3165 1700 3220 salvi
1717 3166 1876 3234 eritis,

1983 1953 2230 2006 tivitatem
2259 1950 2370 2005 ibit.
2403 1950 2546 2006 LXX
2575 1969 2588 2004 :
2621 1948 2816 2005 Cecidit
2838 1947 2953 2014 Bel,
2985 1947 3233 2003 contritus
3265 1955 3338 1999 est
3361 1942 3546 2020 Dagon
3568 1959 3589 1999 :

1982 2047 2122 2116 facta
2150 2056 2269 2100 sunt
2291 2045 2559 2105 scnlptilia
2591 2060 2770 2099 eorum
2799 2042 2853 2096 in
2890 2042 3076 2097 bestius
3103 2049 3150 2095 et
3172 2043 3439 2114 jumenta,
3467 2051 3590 2104 por-

1983 2137 2103 2191 tatis
2129 2153 2189 2191 ea
2230 2136 2479 2210 colligata
2517 2138 2668 2208 quasi
2708 2151 2838 2190 onus
2880 2133 3179 2199 laboranti,
3228 2140 3275 2187 et
3301 2129 3588 2196 deﬁcienti,

1983 2241 2030 2287 et
2058 2232 2334 2296 esurienti,
2385 2247 2479 2286 nec
2513 2229 2814 2300 prtet'alenti
2843 2228 3000 2284 simul
3025 2270 3040 2292 ,
3076 2227 3164 2299 qui
3204 2242 3307 2280 non
3348 2230 3589 2295 poterunt

1982 2324 2185 2381 sulcare
2213 2325 2278 2379 de
2308 2324 2440 2379 bello
2473 2341 2491 2377 :
2520 2325 2623 2394 ipsi
2651 2332 2822 2378 autem
2851 2321 3038 2394 captivi
3062 2319 3205 2374 ducti
3227 2326 3368 2374 sunt.
3400 2314 3429 2356 ι’
3459 2315 3592 2373 Post

1985 2426 2328 2475 vocationem
2366 2420 2646 2490 gentium,
2689 2425 2746 2472 et
2773 2416 3098 2472 eleCtionent
3137 2413 3480 2469 credentium
3521 2424 3589 2465 ex

1984 2512 2174 2581 Israel,
2203 2515 2346 2569 idola
2375 2515 2651 2570 corruisse
2681 2523 2934 2568 testatur.
2958 2509 3192 2576 Cecidit,
3224 2507 3440 2568 cecidit.
3474 2505 3592 2560 sive

1983 2605 2298 2662 confractus
2324 2616 2411 2661 est
2451 2605 2545 2661 Bel
2576 2622 2592 2663 ;
2623 2620 2786 2675 quem
2825 2604 2999 2661 Graeci
3033 2603 3242 2667 Belum,
3277 2600 3454 2656 Latini
3484 2596 3586 2654 Sa-

1985 2711 2205 2756 turnum
2235 2707 2455 2756 vocant.
2483 2697 2652 2769 Cujus
2689 2706 2840 2753 tanta
2883 2696 2989 2752 l'uit
3027 2693 3167 2766 apud
3197 2707 3415 2750 veteres
3452 2690 3585 2748 reli-

1984 2796 2099 2867 gio,
2134 2805 2191 2850 ut
2223 2795 2275 2851 ei
2310 2811 2416 2851 non
2453 2796 2630 2849 solum
2674 2793 2943 2849 humanas
2985 2791 3193 2847 bestias
3232 2789 3581 2860 captivorum

1985 2889 2416 2959 ignobiliumqne
2445 2890 2785 2953 mortalium,
2813 2887 2909 2943 sed
2939 2899 2995 2942 et
3023 2900 3153 2940 suos
3187 2895 3209 2923 °
3242 2885 3451 2939 liberos
3483 2881 3588 2936 im-

1985 2987 2280 3038 molarent.
2326 2981 2480 3036 Nabo
2510 2990 2694 3036 autem
2735 2991 2790 3037 et
2830 2981 3013 3052 ipsum
3055 2977 3261 3034 idolum
3295 2984 3402 3041 est,
3443 2971 3590 3046 quod

1985 3077 2387 3147 interpretatur
2439 3077 2714 3149 prophetia
2767 3088 2822 3131 et
2882 3073 3182 3139 divinatio,
3229 3087 3394 3145 quam
3464 3078 3592 3142 post

1985 3170 2270 3242 Evangelii
2310 3170 2596 3227 veritatem
2638 3171 2690 3225 in
2724 3176 2841 3224 toto
2867 3168 3004 3223 orbe
3035 3167 3372 3223 centieuisse
3411 3163 3586 3237 signi-

279 3275 450 3315 omnes
476 3259 608 3329 ﬁnes
627 3270 803 3327 teme;
827 3260 1055 3330 impleto
1080 3259 1176 3314 illo
1198 3259 1341 3330 quod
1359 3260 1518 3314 Pater
1541 3258 1677 3314 Filio
1693 3274 1882 3327 repro-
1910 3274 1956 3339 ί]
1989 3268 2136 3324 litat.
2180 3268 2332 3334 Sive,
2372 3267 2524 3336 juxta
2565 3264 2732 3325 LXX.
2789 3264 2992 3336 Dagon,
3035 3262 3127 3335 qui
3178 3271 3358 3316 tamen
3390 3260 3442 3313 in
3481 3257 3588 3315 He-

279 3355 425 3411 misit
458 3373 472 3408 :
507 3353 731 3409 Postnta
757 3373 788 3410 a
811 3370 913 3420 me,
946 3365 992 3408 et
1024 3354 1157 3408 (laba
1189 3354 1282 3408 tibi
1326 3362 1498 3426 gentes
1523 3351 1879 3407 hrereditatem

280 3459 414 3505 tuam
433 3493 447 3515 ,
487 3461 534 3504 et
567 3451 939 3522 possessionem
969 3461 1110 3503 luant
1138 3449 1386 3503 terminos
1436 3457 1588 3502 terra:
1616 3445 1790 3520 (Psal.
1819 3463 1878 3512 II,

281 3541 357 3614 8).
387 3543 654 3612 Juratque
688 3557 784 3612 per
809 3545 1202 3614 semetipsum,
1259 3543 1518 3613 quoniam
1543 3549 1570 3578 ιι
1610 3545 1880 3597 sententia

284 3638 392 3690 oris
415 3635 520 3694 sui.
555 3645 612 3691 et
637 3636 861 3690 verbum
889 3636 1032 3704 quod
1062 3634 1286 3705 protulit
1313 3634 1483 3690 semel
1516 3648 1680 3702 super
1705 3633 1883 3688 salute

281 3733 543 3802 gentium,
592 3746 934 3800 nequaquam
968 3731 1181 3786 irritum
1227 3729 1356 3790 liat;
1389 3728 1482 3784 sed
1526 3727 1882 3796 repromissio

283 3825 402 3896 ejus
423 3840 592 3894 onere
623 3825 982 3894 compleatur,
1010 3823 1244 3879 dicenlis
1274 3836 1436 3892 supra
1464 3840 1476 3876 :
1515 3819 1883 3876 Convertimini

285 3920 350 3973 ad
378 3938 478 3987 me,
509 3931 556 3974 et
578 3920 711 3974 solvi
751 3919 915 3986 eritis,
955 3934 1136 3974 omnes
1163 3917 1293 3989 ﬁnes
1319 3926 1489 3972 teme.
1519 3915 1670 3971 Jurat
1699 3929 1880 3968 autem

286 4015 583 4070 secundum
612 4013 932 4082 Apostolum
961 4010 1151 4084 (Hebr.
1177 4017 1278 4080 vI),
1309 4021 1364 4065 ut
1389 4025 1487 4080 per
1511 4009 1644 4063 duas
1669 4024 1756 4064 res
1779 4008 1881 4063 im-

285 4107 511 4164 mobiles
534 4149 551 4175 ,
588 4109 643 4162 in
676 4107 872 4177 quibus
908 4104 1248 4175 impossibile
1301 4118 1382 4159 εει
1415 4101 1637 4158 mentiri
1677 4102 1880 4167 Deum,

286 4199 496 4256 ﬁrmam
529 4201 962 4257 consolationem
1001 4198 1338 4264 habeamus;
1372 4196 1468 4252 sed
1498 4207 1553 4251 et
1583 4194 1687 4250 hoc
1710 4197 1882 4262 jurat,

284 4297 424 4367 quod
463 4295 627 4351 idolis
660 4294 972 4361 derelictis,
1010 4309 1174 4351 omne
1211 4307 1352 4364 genu
1391 4291 1440 4347 ei
1465 4291 1746 4354 ﬂectatur,
1773 4303 1882 4346 cte-

286 4388 526 4458 lestium,
567 4389 949 4452 terrestrium,
982 4395 1038 4445 et
1077 4386 1415 4442 infernarum
1441 4426 1456 4450 ,
1489 4397 1542 4441 et
1581 4383 1760 4440 omnis
1791 4398 1885 4452 per

287 4484 434 4540 illum
475 4487 629 4554 juret
677 4485 860 4556 lingua
913 4482 1221 4539 mortalium
1261 4480 1524 4554 (Philipp.
1566 4479 1650 4551 II).
1688 4480 1744 4534 III
1776 4494 1884 4551 quo

286 4581 577 4651 perspicue
598 4582 940 4650 signiﬁcatur
963 4577 1195 4650 populus
1220 4576 1581 4632 christianus.
1611 4574 1776 4630 Moris
1802 4582 1886 4628 est

1985 3361 2171 3418 braico
2201 3379 2306 3416 non
2332 3361 2585 3416 habetur.
2619 3358 2686 3414 Et
2713 3366 2798 3414 est
2825 3359 3025 3412 idolum
3055 3354 3372 3420 Ascalonis,
3399 3351 3586 3419 Gaza),

1985 3469 2039 3515 et
2098 3457 2429 3528 reliquarum
2484 3455 2706 3510 urbium
2740 3450 3094 3508 Pbtlisthiim.
3156 3450 3221 3504 Et
3270 3464 3301 3503 a
3348 3443 3578 3516 speciali

1983 3553 2184 3606 transit
2237 3550 2303 3603 ad
2344 3549 2605 3621 generale
2639 3565 2652 3601 :
2694 3545 2868 3600 Facta
2911 3557 3031 3600 sunt
3075 3543 3361 3598 simulacra
3408 3554 3586 3595 eorum

1985 3644 2161 3698 bestiis
2192 3654 2239 3697 et
2263 3642 2538 3716 jumentis.
2588 3639 2705 3694 Non
2736 3655 2844 3707 quo
2874 3637 3165 3692 simulaCra
3197 3631 3484 3704 gentilium
3528 3629 3584 3687 in

1984 3736 2224 3807 praedam
2277 3735 2576 3789 bestiarum
2621 3741 2674 3787 et
2712 3730 3092 3802 jumentorum
3135 3725 3386 3794 esposita
3428 3723 3582 3778 sint:

1982 3832 2079 3892 sed
2108 3846 2216 3902 quo
2248 3829 2446 3900 religio
2469 3826 2776 3890 nationum,
2804 3824 3096 3880 simulacra
3127 3820 3238 3876 sint
3261 3820 3581 3886 bestiarum,

1984 3933 2040 3980 et
2071 3925 2351 3978 brutorum
2395 3917 2779 3983 animantium,
2816 3932 2936 3988 quae
2974 3913 3209 3969 maxime
3252 3911 3306 3966 in
3344 3907 3587 3981 Egypto

1983 4016 2171 4074 divino
2209 4014 2380 4070 cultui
2427 4020 2744 4068 consecrata
2783 4020 2930 4066 sunt.
2972 4007 3051 4065 De
3085 4005 3284 4080 quibus
3324 4001 3586 4076 Virgilius

1986 4109 2228 4184 (zEneid.
2266 4125 2379 4176 vnt,
2419 4107 2548 4179 698)
2581 4123 2595 4161 :
2643 4118 2657 4129 '

2048 4247 2480 4350 Omnigenumque
2504 4243 2655 4294 deum
2679 4250 2918 4306 monstra,
2944 4248 2994 4294 et
3019 4241 3226 4293 latrator
3249 4239 3461 4292 Anubis.

2062 4375 2195 4432 Nam
2227 4384 2282 4430 et
2315 4373 2576 4444 pleraque
2601 4371 2800 4445 Oppida
2836 4387 3029 4428 eorum
3067 4385 3137 4427 es
3175 4370 3373 4427 bestiis
3413 4376 3472 4425 et
3502 4367 3594 4440 ju-

1987 4469 2186 4526 mentis
2221 4467 2422 4523 habent
2455 4467 2674 4521 nomina
2703 4508 2718 4530 .
2750 4474 2912 4523 κυνῶν
2941 4484 2968 4519 a
3000 4482 3159 4530 cane,
3184 4467 3306 4521 λέων
3344 4479 3373 4519 a
3399 4463 3546 4520 leone
3572 4478 3592 4518 .·

1985 4566 2165 4636 θμοῦῖς
2192 4562 2375 4634 lingua
2396 4559 2649 4636 (Egyptia
2680 4559 2750 4616 ab
2780 4559 2953 4626 hirco,
2985 4561 3148 4615 λύκων
3179 4575 3210 4613 a
3238 4557 3398 4628 lupo,
3427 4567 3486 4612 ut
3516 4567 3596 4612 ta-
3632 4574 3637 4579 ’

291 4635 434 4728 Iani";
476 4635 839 4730 ecclesiastici
870 4635 1089 4727 Chrislo
1127 4685 1269 4740 genu
1311 4669 1569 4727 ﬂectere:
1608 4667 1752 4740 quod
1793 4666 1888 4721 .lu-
1913 4679 1968 4741 D
1991 4635 2143 4714 Ceam
2173 4656 2242 4712 de
2288 4635 2644 4710 formiduloso
2669 4660 2727 4709 et
2763 4651 3014 4708 horribili
3039 4668 3205 4724 cepe,
3244 4663 3302 4709 et
3324 4649 3352 4690 δ
3381 4653 3595 4722 crepitu

287 4765 412 4832 dati,
441 4766 642 4822 mentis
673 4764 986 4836 superbiam
1029 4765 1503 4829 demonswames,
1527 4759 1749 4817 omnino
1780 4775 1884 4814 non

291 4859 518 4918 faciunt.
567 4858 678 4915 Sed
719 4869 773 4915 et
819 4857 999 4914 omnis
1042 4857 1224 4925 lingua
1281 4863 1598 4912 cunctarum
1645 4851 1887 4924 gentium

288 4950 661 5014 barbararum,
698 4967 803 5008 uou
838 4952 890 5006 iu
922 4949 1230 5024 synagogis,
1261 4949 1353 5005 sed
1381 4948 1434 5003 in
1461 4946 1664 5003 Christi
1699 4947 1887 5004 Eccle-

289 5045 382 5101 siis
406 5048 702 5104 conlitetur
734 5047 926 5102 Deum.
956 5045 1148 5100 Omnis
1176 5054 1360 5098 autem
1394 5041 1574 5111 lingua
1603 5038 1880 5095 Christum

292 5141 552 5195 conlitens
573 5181 589 5208 ,
625 5139 676 5194 itt
715 5138 945 5194 Domino
974 5138 1258 5208 loquetur,
1297 5142 1354 5189 et
1379 5132 1523 5189 dicet
1551 5151 1563 5186 :
1602 5131 1739 5188 Mea:
1773 5141 1894 5186 sunt

283 5232 540 5302 justitiaz,
589 5240 647 5289 et
692 5247 871 5288 meum
913 5239 999 5287 est
1045 5227 1360 5300 imperium,
1403 5242 1510 5282 non
1553 5227 1739 5296 populi
1787 5227 1885 5282 Ju-

291 5324 554 5382 dteorum.
584 5324 668 5382 Ad
694 5340 818 5382 eum
843 5333 1052 5382 cuncta:
1079 5331 1270 5395 gentes
1299 5321 1545 5387 venient,
1573 5326 1631 5376 et
1659 5317 1888 5375 confun-

366 5495 390 5523 ο
430 5486 584 5543 Unus
626 5485 977 5542 Ambrosian.
1014 5502 1027 5539 :

296 5558 433 5631 quod
463 5560 624 5631 semel
667 5558 882 5631 protuli,
915 5569 1024 5631 etc.

369 5630 393 5668 δ
436 5631 551 5687 Duo
582 5625 957 5692 Au'ibrosiani,
999 5629 1382 5698 Consequenter
1423 5635 1536 5698 post
1582 5625 1898 5680 vocationem

294 5709 520 5774 gentium
548 5720 566 5758 :
602 5714 658 5758 et
685 5717 810 5774 mox
830 5743 846 5774 ,
876 5701 1020 5756 idola
1052 5699 1372 5774 destruaisse
1403 5709 1640 5774 testatur.

371 5785 393 5812 ο
433 5775 637 5830 Confer
661 5773 1088 5841 Tertullianum,
1111 5773 1402 5842 Apuloget.
1428 5787 1479 5827 c.
1505 5771 1539 5826 9
1567 5787 1585 5836 ;
1609 5769 1900 5824 Minucium

297 5860 514 5917 quoque
543 5845 809 5917 Felicem,
837 5854 897 5898 ut
931 5845 1094 5917 alios
1120 5857 1466 5917 praetegeam.

369 5915 394 5956 δ
425 5909 555 5974 Ἠυα
575 5909 869 5974 referenda
899 5924 1028 5972 sunt
1048 5909 1268 5973 Minucii
1297 5913 1498 5974 Felicis
1521 5911 1688 5971 verba
1716 5910 1774 5970 in
1797 5909 1900 5969 Oc-

1068 5483 1322 5540 sententia
1367 5481 1470 5537 oris
1498 5482 1598 5537 mei
1635 5481 1699 5536 de
1723 5480 1896 5546 verba,

1990 4750 2197 4807 ventris
2225 4745 2414 4811 inﬂati,
2453 4762 2576 4818 qua:
2610 4745 2890 4803 Pelusiaca
2931 4745 3128 4818 religio
3166 4757 3271 4802 est.
3321 4747 3480 4812 lltec,
3511 4747 3596 4802 in-

1990 4849 2140 4919 quit,
2170 4845 2462 4901 siuiulacra
2497 4857 2620 4915 qua:
2648 4857 2754 4898 non
2785 4851 3009 4913 possunt
3031 4841 3251 4898 salvare
3283 4851 3594 4912 portantes,

1990 4940 2130 4997 nihil
2156 4949 2287 4994 sunt
2317 4939 2463 4994 aliud
2496 4936 2605 4994 nisi
2624 4951 2790 4994 onera
2823 4936 3195 5002 sacerdotum,
3216 4934 3379 5009 545
3406 4931 3597 5004 depri-

1995 5036 2198 5092 tnentia
2229 5048 2328 5090 eos
2357 5048 2532 5105 usque
2560 5032 2626 5088 ad
2660 5031 3068 5088 lassitudinem.
3105 5030 3238 5102 Quae
3266 5046 3390 5084 cum
3425 5028 3598 5099 captio

1995 5131 2137 5186 vitas
2163 5128 2396 5194 venerit,
2421 5143 2520 5196 pro
2547 5127 2726 5198 pretio
2748 5123 3116 5190 metallorum,
3140 5123 3209 5179 de
3232 5123 3432 5194 quibus
3453 5117 3599 5174 facta

1991 5234 2140 5290 sunt,
2169 5221 2446 5276 ducuntur
2478 5219 2652 5292 prima
2676 5217 2918 5291 captiva,
2949 5228 3005 5273 et
3029 5217 3267 5271 animam
3295 5228 3449 5268 suam
3481 5213 3600 5270 sive

1989 5314 2349 5390 portantium,
2382 5314 2620 5370 liberare
2651 5327 2760 5368 non
2789 5317 3039 5382 possunt.
3071 5306 3188 5364 Non
3219 5320 3328 5377 quo
3349 5317 3497 5361 muta
3521 5304 3600 5362 si-

2005 5479 2173 5544 tavio,
2211 5494 2260 5535 c.
2291 5478 2362 5533 28
2392 5492 2412 5531 :
2446 5473 2614 5530 Iidem
2640 5473 2884 5546 Egyptii
2908 5489 3025 5528 cum
3051 5472 3319 5546 plerisque
3346 5473 3606 5530 vobiscum

2007 5552 2071 5620 (1³.
2104 5540 2327 5606 vestrum
2370 5551 2420 5602 itl
2451 5561 2533 5604 est
2563 5540 2849 5614 Romanis)
2875 5540 3173 5620 natum-agnis
3203 5540 3420 5620 Isidem,
3449 5562 3608 5617 quam

2008 5613 2247 5696 ceparum
2297 5620 2613 5696 acrimonias
2653 5613 2904 5696 metuunt.
2951 5614 3063 5694 Net:
3096 5613 3415 5680 Serapidem
3441 5613 3608 5693 magis

2004 5685 2157 5767 quam
2187 5695 2432 5767 strepitus
2461 5707 2550 5767 per
2575 5687 2820 5767 pudenda
2847 5685 3078 5767 corporis
3106 5701 3373 5767 expressos
3402 5685 3608 5746 tremis-

2005 5755 2149 5822 cunt.
2177 5755 2548 5834 Tne'tqiliil.'ad
2567 5755 2872 5815 Autolicum
2891 5755 2987 5815 Ιώ.
3023 5771 3039 5811 l
3066 5771 3079 5810 :
3114 5755 3286 5828 ἤχους
3313 5760 3603 5834 αἰσχύνης,

2007 5855 2160 5894 sonos
2190 5829 2552 5907 turpitudinis,
2592 5837 2767 5886 vocat.
