4096 6330
515 296 617 368 ut

1761 295 1820 354 Β.
1861 287 2140 356 EUSEBII
2179 289 2560 360 HIERONYMI

3711 295 3815 363 tsi

513 417 758 475 mulacra
789 414 1026 472 habeant
1062 411 1302 469 animam
1330 417 1388 468 et
1419 410 1656 483 aliquem
1703 423 1926 467 sensum
1958 410 2113 466 dolo-
2139 433 2190 496 Α
2218 415 2374 486 ponit
2402 415 2639 470 animam
2679 424 2833 469 suam
2860 423 2959 483 pro
2988 409 3182 468 ovibus
3209 409 3321 470 suis
3360 411 3558 486 (Jo‘an.
3588 427 3624 469 ι
3644 412 3687 486 ).
3717 415 3815 484 Qui

512 513 611 579 ris,
639 526 762 585 quae
811 507 1156 565 insensibilia
1202 515 1333 563 sunt
1359 523 1374 574 ;
1404 505 1500 562 sed
1531 520 1642 578 quo
1671 513 2116 583 καταχρηστικῶς

512 614 742 662 vocetur
768 603 974 668 anima,
1012 611 1068 656 et
1098 599 1344 658 membra
1385 615 1575 656 earum
1611 615 1795 657 rerum
1830 614 1952 670 quas
1989 599 2118 653 abs-

510 717 617 772 que
659 713 827 755 sensu
867 705 924 756 et
954 696 1218 754 membris
1252 703 1402 750 sunt.
1433 693 1696 765 Alioquin
1719 700 1776 749 et
1806 689 1861 748 in
1885 691 2116 748 Prover-

510 793 614 850 biis
651 791 855 864 legitur
887 808 900 845 :
935 787 1003 844 In
1026 805 1186 844 manu
1208 787 1403 862 lingua:
1424 828 1438 854 ,
1467 802 1606 842 mors
1635 796 1682 839 et
1722 783 1847 841 vita.
1884 781 1979 840 Vel
2013 781 2117 839 hoc

510 885 843 953 dicendum,
887 884 1033 957 quod
1084 884 1468 955 gravissimum
1513 895 1652 937 onus
1710 879 1762 935 in
1811 877 2069 950 gentibus
2098 917 2114 944 ,

508 996 666 1042 error
686 979 851 1038 fuerit
878 978 1225 1046 idololatriae,
1257 991 1378 1048 qua:
1409 975 1656 1032 cultores
1685 989 1813 1030 suos
1835 971 2114 1043 deprime-

509 1067 602 1132 bat
641 1073 707 1130 ad
747 1081 972 1140 terram,
1008 1080 1063 1127 et
1107 1071 1323 1128 salvare
1365 1085 1475 1125 non
1513 1076 1756 1141 poterat,
1794 1067 2116 1136 animasque

508 1183 699 1226 eorum
721 1167 960 1224 faciebat
989 1165 1208 1222 diabolo
1237 1174 1292 1220 et
1311 1163 1658 1220 daemonibus
1685 1177 1808 1219 esse
1843 1160 2109 1232 captivas.

589 1262 896 1335 (Vers.l,3
929 1259 1114 1333 seqq.)
1143 1260 1335 1316 Audite
1348 1275 1449 1327 me,
1471 1257 1654 1314 damus
1678 1253 1870 1322 Jacob,
1899 1263 1943 1310 et
1968 1268 2118 1308 omne

509 1357 778 1412 residuum
819 1356 1000 1410 domus
1048 1352 1239 1421 Israel,
1285 1353 1373 1424 qui
1417 1351 1695 1422 portamini
1731 1366 1762 1403 a
1804 1365 1915 1403 meo
1948 1360 2110 1414 utero,

507 1450 598 1521 qui
628 1449 898 1520 gestamini
941 1464 973 1502 α
1011 1463 1126 1503 mea
1170 1447 1342 1502 vulva.
1399 1443 1574 1517 Usque
1621 1444 1690 1497 ad
1731 1450 1991 1498 senectam
2021 1453 2114 1513 ego

509 1545 642 1618 ipse,
674 1552 723 1598 et
767 1558 929 1613 usque
969 1541 1036 1596 ad
1066 1556 1223 1596 canos
1253 1555 1347 1613 ego
1374 1537 1631 1610 portabo:
1662 1552 1754 1608 ego
1793 1533 1917 1608 feci,
1949 1543 1996 1589 et
2023 1551 2115 1606 ego

509 1640 719 1710 ferant:
749 1654 841 1712 ego
871 1634 1112 1710 portabo,
1157 1644 1205 1688 et
1248 1632 1476 1688 salvabo.
1512 1628 1609 1686 Cui
1654 1628 1982 1684 assimilastis
2012 1644 2112 1693 me,

511 1741 562 1789 et
591 1730 904 1803 adwquastis
933 1738 980 1784 et
1011 1728 1348 1800 comparastis
1393 1742 1492 1791 me,
1538 1733 1584 1779 et
1617 1723 1812 1796 fecistis
1851 1717 2116 1777 similem?

2223 518 2406 563 autem
2457 506 2833 562 mercenarius
2859 511 2963 576 est,
2996 503 3151 576 cujus
3192 521 3298 562 non
3333 515 3460 562 sunt
3500 522 3655 576 oves,
3695 524 3814 564 cum

2218 603 2641 675 videritlupum,
2663 600 2820 674 fugit.
2851 602 2986 670 Quia
3007 599 3172 673 igitur
3202 602 3301 658 feci
3325 611 3381 658 et
3399 603 3566 674 genui
3591 603 3813 672 liberos,

2217 712 2321 768 ego
2356 698 2523 754 feram
2570 707 2626 753 ct
2667 697 2784 768 ipse
2817 696 3061 766 portabo.
3111 696 3269 752 Juxta
3319 696 3678 770 Septuaginta
3727 699 3816 770 qui

2217 789 2520 848 dixerunt:
2557 789 2660 860 Qui
2701 789 2984 862 portamini
3015 806 3079 846 ea:
3124 800 3292 860 utero,
3342 800 3389 847 et
3433 789 3712 846 erudimini
3755 791 3816 847 ab

2218 887 2445 958 infantia
2491 902 2650 957 usque
2689 885 2757 940 ad
2804 895 3135 951 senectutem,
3183 885 3286 942 hoc
3337 885 3632 958 signiﬁcat,
3673 886 3814 960 quod

2219 978 2419 1034 frustra
2458 978 2633 1050 legem
2663 978 2756 1034 Dei
2787 977 2875 1034 die
2905 993 2968 1034 ac
2990 987 3149 1036 nocte
3184 977 3540 1045 meditentur,
3577 995 3686 1035 non
3726 979 3818 1035 ba-

2219 1071 2414 1128 bentes
2462 1072 2711 1127 notitiam
2759 1072 2887 1142 Dei,
2935 1073 3029 1128 sed
3081 1071 3366 1128 hominum
3409 1087 3475 1128 ac
3518 1072 3815 1130 beStiarum

2218 1169 2515 1226 simulacra
2545 1178 2870 1224 venerantes
2898 1186 2910 1222 :
2936 1167 3209 1224 intantum
3256 1177 3314 1222 ut
3352 1169 3709 1238 correptione
3736 1169 3818 1224 in-

2217 1261 2441 1332 digeant
2470 1260 2803 1332 prophetali,
2835 1275 2934 1331 per
2961 1275 3124 1331 quam
3153 1259 3392 1332 loquitur
3419 1259 3487 1315 ad
3518 1275 3616 1315 eos
3642 1261 3812 1316 Deus:

2219 1355 2316 1411 Cui
2359 1355 2687 1410 assimilastis
2719 1371 2818 1418 me,
2857 1362 2905 1409 et
2933 1354 3288 1424 adwquastis?
3315 1361 3372 1410 et
3391 1353 3600 1424 reliqua
3629 1372 3642 1408 :
3676 1354 3816 1426 quod

2215 1465 2408 1504 aurum
2449 1458 2844 1520 argentumque
2877 1446 3234 1513 contulerint,
3280 1455 3336 1503 et
3381 1445 3659 1504 conducto
3698 1457 3809 1504 sta-

2220 1545 2400 1598 tuario
2431 1542 2662 1598 fecerint
2684 1542 2850 1610 idola,
2885 1551 2939 1598 et
2981 1539 3333 1597 adoraverint
3367 1555 3536 1612 opera
3561 1557 3816 1600 manuum

2217 1652 2459 1705 suarum,
2500 1651 2622 1706 qum
2668 1643 2957 1706 portentur
3003 1633 3268 1702 humeris,
3303 1643 3359 1690 et
3402 1634 3622 1690 conlisa
3654 1643 3816 1706 atque

2217 1732 2456 1787 stabilita
2499 1746 2558 1786 se
2589 1746 2699 1786 non
2747 1731 2962 1786 valeant
2998 1743 3368 1796 commovere,
3420 1743 3520 1784 nec
3563 1728 3816 1799 prodesse

514 1826 618 1896 Qui
663 1825 910 1896 confertis
949 1839 1136 1878 aurum
1165 1820 1228 1876 de
1269 1819 1503 1885 sacculo,
1546 1827 1593 1871 et
1619 1824 1888 1890 argentum
1923 1823 2116 1868 statera

2221 1825 2305 1880 his
2336 1842 2363 1878 a
2392 1825 2591 1895 quibus
2620 1824 2900 1880 coluntur.
2944 1823 3225 1879 Manitesta
3278 1821 3729 1887 transcurrimus.
3759 1832 3816 1881 ut

511 1919 835 1996 ponderatis,
863 1917 1202 1974 conducentes
1229 1914 1524 1986 aurificem,
1554 1921 1610 1967 ut
1637 1913 1797 1983 faciat
1831 1909 2035 1964 Deum:
2069 1919 2116 1964 et

511 2013 789 2085 procidunt
831 2022 878 2067 et
919 2012 1166 2067 adorant.
1203 2009 1425 2066 Portant
1456 2009 1609 2064 illum
1649 2007 1704 2062 in
1750 2007 2001 2071 humeris,
2030 2022 2118 2080 ge-

511 2115 709 2162 stantes
737 2115 787 2162 et
832 2115 1075 2177 ponentes
1103 2105 1155 2158 in
1183 2103 1298 2158 loco
1326 2119 1443 2168 suo,
1494 2109 1544 2158 et
1583 2099 1756 2170 stabit,
1801 2117 1862 2155 ac
1897 2099 1964 2155 de
2003 2099 2118 2154 loco

507 2215 603 2254 suo
628 2215 729 2255 non
752 2194 1053 2253 movebitur.
1091 2195 1196 2253 Sed
1224 2211 1339 2250 cum
1363 2193 1697 2249 clamaverint
1744 2191 1814 2246 ad
1843 2208 1980 2258 eum,
2013 2208 2118 2246 non

508 2290 720 2346 audiet:
745 2291 808 2346 de
833 2289 1169 2347 tribulatione
1197 2305 1301 2344 non
1328 2286 1547 2342 salt'abit
1575 2303 1684 2341 eos.
1710 2281 1858 2342 LXX
1885 2302 1898 2339 :
1932 2285 2119 2339 Audite

512 2399 612 2451 me,
642 2382 831 2437 domus
859 2380 1047 2452 Jacob,
1081 2390 1127 2434 et
1149 2396 1325 2436 omnes
1347 2379 1580 2452 reliquiae
1613 2376 1782 2432 Israel
1823 2378 1912 2446 qui
1940 2387 2119 2448 porta-

516 2475 645 2530 mini
670 2475 734 2530 de
759 2486 924 2541 utero,
952 2484 999 2528 et
1022 2473 1298 2530 erudimini
1325 2490 1357 2527 a
1381 2473 1595 2544 parvulo
1622 2488 1780 2543 usque
1802 2470 1870 2527 ad
1886 2481 2118 2526 settectu-

509 2579 626 2626 tem.
677 2567 791 2644 Ego
832 2585 970 2636 sum,
995 2579 1042 2623 et
1072 2566 1237 2623 donec
1263 2569 1541 2623 senescatis
1567 2583 1662 2642 ego
1687 2578 1801 2620 sum
1840 2581 1858 2620 :
1882 2581 1976 2640 ego
2002 2582 2119 2621 sus-

509 2662 646 2718 tineo
685 2677 773 2716 vos
801 2677 818 2716 :
846 2676 941 2735 ego
970 2660 1090 2732 feci,
1120 2670 1168 2714 et
1211 2676 1306 2733 ego
1346 2654 1565 2731 portabo
1610 2674 1628 2713 :
1661 2674 1758 2733 ego
1807 2658 2114 2731 suscipiam,

512 2765 559 2811 et
581 2751 752 2810 salvos
781 2769 866 2806 vos
891 2752 1104 2822 faciam.
1135 2749 1233 2806 Cui
1261 2750 1593 2807 assimilastis
1620 2745 1748 2806 me?
1786 2745 1986 2818 Videte,
2022 2767 2115 2804 ex-

513 2850 732 2923 cogitate
759 2847 849 2919 qui
891 2848 1075 2901 erratis
1103 2856 1153 2904 et
1194 2847 1441 2919 confertis
1470 2864 1657 2901 aurum
1689 2843 1752 2900 de
1791 2846 2020 2910 sacculo,
2069 2856 2117 2899 et

509 2951 787 3016 argentum
804 2941 857 2994 in
874 2951 1067 2994 statera
1083 2941 1398 3012 appenditis,
1419 2949 1466 2994 et
1495 2939 1781 2994 conducitis
1805 2937 2075 3007 auriﬁcem
2099 2953 2118 2992 :

512 3033 748 3104 fecerunt
795 3050 950 3104 opera
1003 3049 1275 3099 manuum,
1327 3043 1374 3087 et
1421 3032 1678 3087 incurvati
1727 3032 2118 3086 adoraverunt:

512 3135 725 3200 portant
746 3127 946 3184 illudin
967 3125 1220 3195 humeris,
1241 3137 1286 3182 et
1315 3125 1530 3182 vadunt.
1558 3123 1620 3180 Si
1645 3137 1819 3181 au'em
1847 3124 2116 3198 posuerint

2219 1918 2423 1976 Christi
2452 1915 2829 1973 misericordia
2859 1915 3042 1972 clausa
3075 1930 3401 1972 reseremus.

2292 2011 2488 2084 (Vers.
2513 2010 2720 2080 8'seqq.
2745 2007 2762 2079 )
2798 2007 3110 2065 Mementote
3142 2008 3280 2064 istud
3299 2051 3314 2076 ,
3349 2017 3395 2063 et
3419 2007 3741 2080 fundamini,
3769 2018 3815 2062 et

2219 2106 2402 2173 redite,
2424 2104 2867 2176 prwvaricatores,
2890 2104 2958 2156 ad
2972 2117 3081 2157 cor.
3113 2100 3479 2157 Ilecordamini
3504 2101 3696 2171 prioris
3721 2117 3816 2156 sa-

2220 2199 2349 2267 culi,
2381 2197 2623 2270 quoniam
2666 2214 2760 2268 ego
2790 2213 2904 2250 sum
2938 2194 3098 2262 Deus,
3139 2204 3184 2249 et
3227 2212 3328 2248 non
3369 2203 3443 2249 est
3474 2194 3612 2250 ultra
3655 2193 3811 2264 Deus,

2218 2307 2312 2346 nec
2330 2299 2405 2345 est
2427 2291 2610 2344 similis
2643 2290 2760 2342 mei.
2797 2289 3123 2344 Annuntians
3166 2286 3230 2340 ab
3271 2286 3487 2342 exordio
3517 2288 3810 2359 nouissima,

2219 2383 2349 2440 etab
2373 2385 2520 2438 initio
2549 2400 2662 2451 quw
2691 2383 2910 2438 necdum
2953 2386 3093 2454 facta
3119 2393 3237 2437 sunt
3256 2428 3270 2452 ,
3299 2383 3473 2437 dicens
3498 2398 3516 2437 :
3545 2384 3814 2439 consilium

2220 2494 2390 2531 nteant
2417 2477 2591 2544 stabit,
2623 2486 2670 2530 et
2716 2477 2883 2530 omnis
2928 2476 3166 2531 voluntas
3203 2493 3313 2529 mea
3355 2477 3464 2544 lict.
3517 2475 3724 2532 Vocaus
3751 2476 3812 2531 ab

2224 2570 2438 2626 Oriente
2467 2587 2630 2640 avem,
2662 2579 2707 2624 et
2749 2571 2815 2623 de
2843 2580 2981 2624 terra
3019 2569 3300 2644 longinqua
3328 2571 3494 2624 virum
3541 2571 3814 2627 voluntatis

2221 2679 2379 2730 meat;
2407 2673 2453 2718 et
2481 2662 2688 2718 locutus
2717 2680 2853 2732 sum,
2885 2674 2932 2717 et
2963 2662 3221 2717 adducam
3249 2662 3406 2733 illud,
3436 2664 3606 2718 creari
3647 2673 3694 2718 ct
3737 2667 3814 2736 fa-

2220 2758 2351 2810 ciam
2379 2755 2534 2812 illud.
2568 2755 2747 2812 LXX:
2796 2755 3102 2812 Mementote
3130 2755 3338 2826 horum,
3380 2767 3426 2811 et
3457 2758 3813 2830 ingemiscite.‘

2220 2852 2358 2923 agite
2407 2850 2758 2920 penitentiam
2801 2850 2888 2920 qui
2929 2849 3137 2906 erratis.
3177 2845 3511 2905 Revertimini
3551 2850 3727 2920 corde,
3768 2859 3815 2906 et

2221 2953 2523 2999 mementote
2550 2944 2783 3015 priorum
2811 2960 2841 2995 a
2868 2944 3060 2998 swculo
3080 2960 3099 2999 :
3119 2943 3367 3014 quoniam
3395 2960 3487 3016 ego
3513 2959 3631 2998 sum
3653 2939 3811 3012 Deus,

2221 3049 2270 3092 et
2298 3056 2400 3092 non
2433 3051 2506 3091 est
2534 3035 2694 3110 54⁷
2728 3036 2867 3092 ultra
2892 3049 3080 3107 praeter
3104 3054 3203 3095 me.
3240 3037 3343 3104 Qui
3385 3039 3642 3094 annuntio
3673 3039 3815 3111 prius

2221 3130 2498 3185 nouissima
2525 3140 2794 3200 antequam
2824 3130 2952 3200 ﬁant
2983 3140 3030 3186 et
3061 3130 3439 3204 compleantur,
3473 3143 3522 3186 et
3543 3131 3677 3200 dixi,
3711 3146 3817 3186 om-

512 3223 648 3278 illud
677 3224 731 3277 in
762 3223 877 3277 loco
906 3239 1021 3290 suo,
1051 3231 1240 3290 manet,
1269 3231 1442 3278 etnon
1471 3221 1754 3276 movebitur
1778 3237 1796 3274 :
1820 3229 1866 3274 et
1893 3219 1982 3291 qui
2008 3219 2116 3273 cla-
2144 3238 2189 3304 ρ
2222 3226 2300 3281 nis
2324 3227 2557 3282 voluntas
2576 3242 2689 3280 mea
2717 3226 2893 3296 stabit,
2927 3235 2974 3282 et
3003 3239 3186 3282 cuncta
3216 3243 3329 3295 qua:
3351 3228 3575 3301 cogitari
3603 3228 3814 3299 facium.

515 3316 732 3374 maverit
762 3316 832 3370 ad
859 3314 1015 3383 illud,
1044 3332 1144 3370 non
1172 3315 1372 3385 audiet,
1402 3325 1449 3370 et
1474 3313 1538 3369 de
1567 3314 1715 3370 malis
1744 3331 1845 3368 non
1882 3312 2116 3370 liberabit

512 3427 646 3468 sum.
702 3410 1053 3484 Nequaquam
1097 3426 1221 3466 eum
1252 3408 1499 3480 appellat
1549 3409 1742 3485 .Iacob,
1777 3424 1876 3464 nec
1922 3407 2114 3474 Israel,

512 3503 657 3577 quod
685 3514 741 3560 et
771 3505 947 3577 ipsum
973 3505 1182 3576 absque
1211 3503 1598 3575 conjunctione
1626 3503 1772 3558 servi
1805 3513 1861 3558 et
1888 3503 2037 3574 pueri
2063 3512 2120 3558 et

516 3599 675 3658 electi
726 3597 779 3655 iu
821 3598 1226 3668 sugillationem
1262 3595 1452 3669 populi
1493 3595 1599 3653 dici
1649 3612 1813 3670 supra
1860 3593 2120 3668 exposui-

513 3711 674 3752 mus:
717 3693 817 3752 sed
864 3695 1040 3751 multo
1079 3694 1265 3762 vilius,
1306 3692 1503 3750 domus
1533 3691 1725 3761 Jacob,
1762 3703 1814 3748 et
1856 3691 2118 3765 reliquias

510 3793 700 3860 Israel,
750 3794 820 3850 ob
865 3792 1326 3866 propinquitatem
1377 3792 1558 3848 carnis
1607 3799 1664 3845 et
1713 3788 2016 3861 sanguinis,
2063 3795 2120 3844 et

511 3887 670 3961 quasi
702 3888 862 3944 faeces
897 3886 1248 3956 reliquiarum
1281 3883 1473 3942 Israel.
1509 3885 1788 3955 Docetque
1818 3898 1915 3938 eos
1948 3882 2118 3938 instar

513 3999 808 4058 puerorum
836 3992 999 4055 atque
1028 3981 1372 4052 lactentium,
1407 3983 1480 4037 ita
1509 3997 1537 4036 a
1573 3982 1703 4048 Deo,
1737 3979 1894 4052 quasi
1925 3979 2116 4035 matris

513 4085 690 4145 utero,
724 4085 782 4131 et
810 4075 966 4130 vulva
1016 4074 1366 4147 praegnantis,
1418 4091 1485 4130 ex
1529 4073 1768 4148 Egypto
1821 4089 1947 4130 esse
1987 4087 2115 4144 por-

515 4176 676 4224 tatos.
704 4167 818 4223 Non
847 4182 956 4238 quo
997 4167 1284 4222 ineffabilis
1313 4165 1477 4240 546
1516 4167 1613 4222 Dei
1643 4162 2115 4235 incomprehensi-

513 4262 750 4334 bilisque
774 4261 1060 4330 maiestas,
1091 4270 1184 4316 aut
1231 4270 1443 4317 uterum
1478 4260 1701 4325 habent,
1746 4265 1840 4314 aut
1870 4257 2112 4326 vulvam,

510 4354 812 4426 pedesque,
851 4362 908 4411 et
948 4368 1161 4424 manus,
1205 4363 1264 4410 et
1291 4364 1490 4412 caetera
1529 4351 1780 4425 corporis
1824 4351 2111 4417 membra;

513 4447 611 4506 sed
638 4463 746 4519 quo
765 4461 864 4503 nos
891 4446 1142 4504 affectum
1172 4446 1268 4506 Dei
1297 4461 1392 4517 per
1415 4457 1605 4504 nostra
1628 4445 1796 4502 verba
1816 4445 2113 4504 discamus.

513 4540 773 4612 Alioquin
813 4549 871 4598 et
917 4539 972 4596 iu
1014 4539 1317 4598 centesimo
1348 4554 1493 4598 nono
1525 4537 1738 4608 psalmo
1781 4552 1848 4596 ex
1881 4551 2113 4610 persons

2222 3317 2323 3385 Qui
2357 3334 2478 3372 coco
2523 3318 2585 3372 ab
2622 3317 2830 3373 Oriente
2859 3335 3024 3389 avem,
3059 3330 3106 3374 et
3152 3317 3218 3376 de
3252 3331 3388 3376 terra
3419 3322 3723 3396 longinqua,
3756 3321 3818 3379 de

2217 3414 2397 3481 quibus
2429 3413 2649 3484 cogitavi
2677 3429 2694 3466 :
2724 3411 2926 3468 locutus
2947 3431 3081 3483 sum,
3111 3423 3159 3469 et
3185 3413 3413 3470 adduxi:
3433 3415 3603 3471 creari
3624 3425 3671 3470 et
3691 3414 3814 3487 feci.

2218 3505 2354 3573 Quia
2387 3522 2483 3562 vos
2516 3507 2632 3577 ipse
2663 3506 2844 3578 genui,
2880 3507 2995 3577 ipse
3025 3507 3256 3578 pcrtavi,
3291 3517 3346 3564 et
3378 3509 3446 3563 ab
3479 3509 3706 3566 infantia
3731 3525 3816 3564 us-

2218 3615 2326 3672 que
2365 3600 2431 3656 ad
2481 3611 2842 3668 senectutem,
2893 3616 3001 3656 non
3055 3609 3236 3658 vestro
3287 3603 3506 3672 merito,
3552 3603 3647 3660 sed
3696 3615 3818 3660 mea

2219 3692 2425 3762 pietate
2451 3691 2736 3749 salvamini
2762 3709 2774 3748 τ
2809 3692 3053 3750 deserite
3085 3691 3227 3750 idola
3256 3710 3376 3766 qua:
3406 3695 3640 3765 fecistis,
3673 3704 3729 3752 et
3751 3695 3817 3754 ad

2220 3788 2381 3842 unius
2433 3786 2524 3844 Dei
2555 3787 2758 3843 cultum
2803 3787 3161 3844 revertimini.
3211 3787 3368 3860 Agite
3414 3789 3815 3861 paenitentiam,

2216 3880 2562 3952 ingemiscite
2594 3897 2693 3952 pro
2724 3897 2913 3940 errore
2951 3883 3042 3955 qui
3077 3898 3171 3938 vos
3213 3883 3426 3949 tenuit;
3473 3884 3640 3940 immo
3694 3885 3818 3942 fun-

2218 3972 2447 4040 damini,
2497 3990 2566 4030 ne
2617 3991 2834 4031 rursum
2871 3975 3083 4032 subitus
3131 3974 3455 4032 idololatria:
3508 3993 3604 4036 vos
3653 3979 3812 4036 turbo

2218 4066 2505 4123 subvertat
2532 4085 2545 4122 :
2578 4077 2632 4123 et
2662 4066 2836 4123 redite
2862 4067 2930 4124 ad
2958 4083 3073 4138 cor,
3103 4067 3155 4124 id
3187 4077 3291 4138 est,
3324 4069 3394 4128 ad
3424 4079 3666 4128 mentem
3700 4086 3818 4130 ves-

2221 4167 2384 4230 tram,
2410 4159 2500 4231 qui
2530 4158 2818 4214 simulacra
2851 4169 3172 4218 venerantes
3203 4161 3352 4220 velut
3377 4163 3569 4220 furiosi
3596 4165 3649 4220 in
3676 4164 3818 4234 ligna

2221 4250 2605 4325 impingebatis
2622 4262 2677 4308 et
2693 4251 2922 4324 lapides.
2945 4253 3028 4312 Ab
3059 4254 3214 4312 initio
3232 4240 3577 4316 considerate
3608 4259 3814 4330 mundi,

2219 4345 2361 4418 quod
2397 4357 2595 4417 praeter
2624 4360 2714 4402 me
2741 4347 2921 4402 nullus
2964 4348 3035 4402 sit
3060 4347 3225 4418 Deus,
3265 4365 3368 4408 nec
3397 4349 3540 4409 alius
3575 4352 3816 4422 potuerit

2217 4439 2362 4495 scire
2389 4450 2636 4512 ventura,
2663 4440 2766 4498 nisi
2791 4456 2894 4514 ego
2922 4442 3012 4512 qui
3044 4457 3141 4514 per
3163 4442 3467 4516 Pr0pbetas
3490 4447 3819 4517 nuntioqute

2217 4531 2460 4591 facturus
2491 4550 2611 4590 sum
2640 4554 2650 4589 :
2683 4544 2741 4592 ut
2769 4551 2892 4594 cum
2925 4537 3184 4608 praedicta
3207 4537 3580 4612 complevere,
3605 4540 3818 4599 divina-

515 4632 610 4691 Dei
641 4633 747 4690 hoc
787 4632 932 4690 idem
960 4633 1199 4692 canitur.
1245 4633 1304 4692 In
1337 4647 1404 4692 eo
1431 4632 1575 4690 enim
1611 4632 1732 4692 tua)
1768 4631 1854 4688 ubi
1888 4632 2118 4703 Septua-
2141 4635 2194 4698 ι)
2223 4627 2374 4684 tione
2429 4628 2655 4699 probem
2707 4629 3067 4688 divinitatem.
3122 4627 3238 4704 Ego
3295 4632 3440 4689 enim
3499 4636 3816 4706 mysterium

511 4727 664 4796 ginta
691 4727 1122 4796 transtulerunt,
1145 4742 1212 4784 ex
1242 4737 1388 4784 utero
1417 4735 1538 4784 ante
1563 4725 1840 4798 luciferum
1865 4726 2018 4797 genui
2045 4733 2114 4793 te,

519 4817 574 4876 in
611 4817 846 4875 Hebraeo
898 4817 1161 4891 scriptum
1219 4819 1416 4886 habet,
1472 4835 1732 4878 IEBEBEI
1775 4829 1942 4880 cmi:
1971 4817 2116 4890 quod

512 4913 934 4986 interpretatur,
973 4915 1036 4969 ds
1079 4915 1250 4972 vulva.
1287 4911 1346 4970 In
1387 4917 1802 4986 praesentiarum
1847 4929 1977 4970 vero
2007 4927 2116 4970 non

511 5010 691 5068 solum
721 5007 794 5068 de
825 5017 1007 5076 utero,
1044 5015 1102 5068 et
1139 5008 1206 5068 de
1241 5011 1398 5066 vulva
1427 5009 1692 5081 scriptum
1739 5017 1843 5079 est,
1875 5006 1980 5066 hoc
2007 5017 2114 5074 est,

513 5117 761 5164 asseres
811 5113 975 5193 tum
1027 5115 1082 5162 et
1133 5119 1393 5164 assensu
1441 5115 1620 5166 cmi:
1648 5103 1745 5160 sed
1797 5117 1961 5160 uenat
2017 5109 2118 5162 ut:

513 5212 639 5270 quas
668 5198 982 5269 praepositio
1008 5198 1282 5270 signiﬁcat
1310 5216 1376 5256 ea:
1405 5213 1516 5255 nico
1545 5207 1712 5265 utero,
1754 5197 1872 5254 sive
1901 5211 1966 5252 ea:
2005 5210 2120 5251 mea

517 5291 690 5346 uulua.
720 5291 788 5351 Et
823 5300 909 5350 est
933 5306 1166 5352 sensus;
1210 5292 1315 5362 Qui
1346 5307 1444 5350 vos
1471 5291 1636 5365 genui
1673 5291 1743 5348 ab
1773 5289 2022 5355 infantia,
2066 5296 2122 5346 et

512 5397 638 5440 meo
677 5393 834 5442 utero
862 5386 1131 5457 vulvaque
1155 5387 1388 5458 gestavi,
1421 5387 1538 5456 ipse
1566 5401 1735 5457 usque
1767 5383 1834 5440 ad
1870 5393 2123 5439 senectu-

514 5481 623 5530 tem
655 5487 958 5548 protegam,
987 5493 1096 5534 non
1123 5493 1326 5546 meam,
1367 5479 1466 5534 sed
1495 5487 1758 5543 vestram,
1787 5484 1849 5531 ut
1885 5490 1983 5530 eos
2023 5474 2121 5532 do-

507 5577 636 5624 ceat
682 5570 870 5628 divina
916 5573 1295 5650 misericordia
1345 5583 1470 5630 esse
1519 5571 1834 5628 salvandos.
1885 5570 2117 5630 Creator

515 5667 662 5740 enim
689 5659 932 5724 omnium
965 5666 1145 5738 parcit
1168 5673 1432 5726 creawrte
1462 5679 1599 5734 sum,
1644 5669 1700 5720 et
1728 5671 1915 5736 pastor
1942 5664 2120 5726 bonus

2218 4722 2364 4795 quod
2396 4733 2542 4780 retro
2564 4725 2777 4784 cunctis
2799 4725 3250 4795 generationibus
3276 4726 3456 4785 fuerat
3485 4731 3815 4804 ignoratum,

2218 4817 2387 4875 immo
2416 4819 2703 4878 consilium
2737 4834 2915 4875 meum
2949 4827 3217 4877 staturum
3251 4835 3373 4878 esse
3404 4836 3553 4880 nunc
3575 4823 3736 4888 dico;
3764 4829 3820 4878 ut

2217 4926 2340 4968 cum
2382 4909 2513 4968 illud
2551 4912 2802 4970 videritis
2832 4910 3112 4984 effectum,
3156 4912 3366 4968 nullum
3397 4913 3586 4972 sciatis
3619 4913 3816 4984 Deum,

2220 5006 2322 5062 nisi
2370 5022 2494 5062 eum
2541 5007 2632 5078 qui
2685 5006 2802 5064 inec
2835 5005 3010 5062 futura
3041 5008 3320 5078 cognovit,
3355 5007 3523 5066 immo
3551 5007 3818 5084 praecepit

2218 5098 2357 5155 fleri.
2394 5098 2506 5170 Ego
2523 5113 2641 5154 sum
2667 5100 2758 5172 qui
2787 5099 2855 5155 ab
2880 5098 3106 5156 Oriente
3129 5114 3262 5158 voco
3284 5116 3463 5172 avem,
3487 5109 3515 5138 α
3547 5111 3606 5159 ut
3633 5110 3822 5175 putant

2222 5190 2459 5260 Hebraei,
2482 5189 2683 5264 Cyrum
2709 5206 2895 5266 regem
2921 5191 3235 5260 Persarum,
3256 5192 3372 5252 sive
3395 5192 3617 5250 Darium
3641 5193 3822 5253 Medo-

2221 5302 2343 5344 rum
2375 5283 2712 5358 principem;
2746 5295 2804 5344 et
2833 5287 2900 5344 de
2926 5296 3068 5346 terra
3100 5287 3393 5362 longinqua
3420 5289 3600 5346 virum
3628 5290 3820 5348 volun-

2224 5379 2350 5435 tatis
2402 5396 2558 5450 mem,
2594 5381 2684 5451 qui
2734 5379 2954 5451 expleat
3002 5393 3218 5436 omnem
3262 5381 3599 5437 voluntatem
3647 5397 3820 5439 meam

2223 5483 2415 5531 contra
2445 5473 2778 5546 Babylonem
2821 5482 2984 5543 atque
3010 5471 3316 5530 Chaldaeos.
3350 5473 3478 5532 Sive
3519 5483 3577 5530 ut
3606 5487 3706 5532 nos
3731 5490 3823 5532 ve-

2225 5585 2344 5626 rum
2391 5584 2514 5625 esse
2544 5568 2952 5638 convincimus,
2996 5566 3285 5626 Dominum
3333 5568 3702 5640 Salvatorem,
3750 5569 3819 5626 de

2224 5677 2335 5734 quo
2376 5669 2433 5719 et
2459 5660 2680 5720 Balaam
2716 5659 3082 5722 vaticinatur:
3116 5659 3322 5718 Orietur
3347 5661 3498 5723 stella
3540 5678 3606 5720 es;
3631 5659 3816 5732 Iacob,

590 5861 617 5897 ι
643 5855 1021 5928 Ambrosiam,
1051 5875 1177 5917 uoco
1208 5876 1354 5915 avem
1383 5855 1594 5916 Hebrtsi
1621 5857 1814 5930 Cyrum
1835 5873 1942 5915 esse
1960 5871 2131 5930 regem
2159 5853 2464 5916 Persarum.
