4096 6330
244 244 361 335 tu?

731 241 1387 327 conuenrltntonuu
1431 259 1499 323 IN
1534 257 1770 325 tamn
1808 227 2229 327 succuum
2264 248 2401 327 tta.
2434 250 2576 325 Xlll.
2620 250 2780 326 CAP.
2826 252 3012 326 vax.

3457 252 3566 327 uti

251 388 300 436 et
324 378 484 435 homo
508 392 580 436 es:
604 377 773 436 Israel
797 377 999 452 (Nam.
1029 393 1187 449 xxtv,
1219 376 1354 449 Π),
1372 375 1531 449 stilus
1551 389 1750 432 nomen
1771 382 1856 431 est
1881 386 1929 449 Α
1957 374 2104 433 sistet
2128 374 2257 431 mihi
2285 376 2460 435 homo.
2488 374 2674 435 LXX:
2702 376 2992 449 Descende,
3024 378 3145 437 sedc
3168 393 3329 449 super
3351 387 3563 448 terram,

255 470 488 543 0riens(
505 471 675 529 lactt.
703 470 813 548 rt),
831 487 992 546 quem
1008 472 1381 530 adoraverunt
1396 470 1534 543 Magi
1553 469 1623 526 de
1643 467 1865 527 Oriente

253 566 571 623 venientes.
607 565 704 625 llic
741 564 889 623 enim
927 565 1164 638 loquitur
1210 564 1266 621 in
1296 563 1570 621 Psalmis:
1606 560 1772 632 Deus,
1806 570 1863 617 ut

256 660 451 734 {eam
494 658 819 717 uoluntatem
849 668 993 716 tuaut
1033 657 1175 717 uolui
1222 654 1409 730 (Psal.
1442 672 1638 726 xsxtx,
1671 654 1764 726 9),
1795 652 1867 710 de

255 766 361 825 quo
392 752 622 813 locutus
654 762 744 809 est
785 750 985 810 Pater:
1016 759 1076 809 et
1122 748 1480 823 sponsionem
1509 763 1664 806 suam
1698 761 1867 821 opere

255 845 663 918 comprobavit.
697 843 861 915 LXX,
885 860 989 919 pro
1012 860 1083 903 eo
1111 843 1257 918 quod
1287 859 1387 901 nos
1416 843 1484 901 de
1516 842 1745 900 ltebrzro
1773 859 1867 899 ex-

254 938 586 1012 pressimus,
617 937 786 993 cirum
809 935 1261 1010 voluntatisﬁteat,
1305 944 1626 1008 posuerunt,
1659 936 1724 993 de
1747 936 1863 1010 qui-

255 1032 348 1089 bus
374 1031 624 1104 cogitaui.
655 1031 804 1105 Ergo
824 1031 983 1103 juxta
1003 1045 1103 1088 eos
1127 1041 1352 1089 vocatas
1370 1029 1440 1086 de
1460 1028 1686 1087 Oriente
1715 1044 1866 1100 aves,

258 1124 602 1198 Angelorum
631 1140 923 1197 possumus
951 1124 1263 1198 intelligere
1289 1123 1616 1193 ministeria,
1652 1138 1775 1196 qua:
1799 1121 1869 1181 ad

259 1218 553 1289 imperium
587 1217 804 1275 Domini
836 1218 890 1275 in
923 1227 1038 1274 toto
1063 1219 1201 1276 orbe
1228 1217 1578 1284 discurrunt;
1621 1215 1717 1289 qui
1746 1222 1873 1273 sunt

258 1310 725 1368 administratorii
772 1310 1022 1385 spiritus,
1071 1317 1132 1367 et
1174 1309 1471 1367 mittuntur
1521 1307 1594 1365 ob
1637 1307 1872 1365 salutem

258 1402 633 1463 credentium.
670 1402 751 1461 De
788 1402 990 1477 quibus
1033 1401 1173 1459 etin
1212 1401 1427 1476 psalmo
1473 1400 1728 1459 canitur:
1769 1398 1872 1467 Qui

259 1494 387 1570 facis
424 1495 658 1569 Angelos
703 1503 817 1552 tuos
862 1495 1096 1571 spiritus,
1143 1504 1193 1551 et
1237 1495 1499 1552 ministros
1541 1502 1656 1550 tuos
1698 1493 1871 1566 ignem

260 1599 495 1649 urentem
517 1588 651 1663 (Ps.
679 1605 793 1655 cut,
816 1591 908 1662 4).

329 1683 501 1761 5&8
522 1682 731 1759 (Vera.
765 1683 856 1753 1‘2,
890 1682 1020 1758 15.)
1051 1684 1242 1743 Audite
1268 1700 1371 1754 me,
1403 1682 1539 1739 duro
1571 1680 1749 1751 corde,
1779 1682 1871 1755 qui

1966 467 2109 539 virgo
2142 466 2252 537 ﬁlia
2285 467 2574 542 Babylonis
2597 510 2613 537 ,
2641 470 2760 527 sede
2793 469 2850 527 in
2877 481 3087 527 terram.
3121 471 3247 529 Non
3273 483 3345 527 est
3382 472 3571 537 solium

1966 557 2093 630 ﬁlice
2119 559 2511 629 Chaldtcorum,
2535 563 2780 635 quoniam
2804 580 3129 637 nequaquam
3143 565 3281 621 ultra
3306 566 3569 621 vocaberis

1967 651 2144 708 mollis
2167 663 2215 710 et
2245 663 2439 711 tenera.
2468 654 2618 712 Tolle
2659 657 2875 725 molam,
2902 659 3037 715 ntole
3077 659 3326 732 farinam.
3371 658 3567 715 Rerela

1969 748 2347 819 operimentum
2380 758 2550 820 tuum,
2582 749 2794 807 denuda
2828 767 3010 820 cauos,
3056 751 3346 825 discooperi
3392 751 3566 821 tibias,

1970 842 2133 899 transi
2154 841 2377 915 ﬂumina
2401 858 2420 898 :
2450 842 2764 900 revelabitur
2783 844 3070 917 ignominia
3099 853 3212 913 tua,
3239 843 3567 919 apparebunt

1970 933 2250 1009 opprobria
2271 944 2382 993 tua.
2416 935 2570 1007 Quod
2586 939 2797 1011 justum
2822 946 2898 995 est
2925 937 2989 994 de
3014 948 3062 994 te
3089 939 3349 1009 auferam,
3373 954 3569 1011 nequa-

1969 1047 2127 1103 quam
2164 1029 2333 1105 559
2383 1030 2527 1088 ultra
2569 1030 2778 1087 tradam
2820 1032 3134 1089 hominibus.
3183 1032 3473 1103 Quomodo
3516 1032 3569 1088 in

1972 1116 2264 1183 Ezechiele
2283 1127 2385 1181 sub
2406 1124 2576 1197 ﬁgura
2598 1125 2753 1182 navis
2774 1133 2832 1183 et
2857 1124 3035 1183 omnis
3058 1126 3406 1185 instrumenti
3432 1125 3574 1198 ejus,

1971 1217 2103 1290 'Iyri
2131 1225 2360 1273 ornatus
2390 1217 2706 1289 exponitur,
2744 1233 2867 1288 qua:
2898 1218 3361 1289 negotiationibus
3393 1217 3575 1275 dedita

1970 1317 2060 1367 est
2086 1307 2302 1387 (Emit.
2335 1325 2462 1366 χιιι
2485 1308 2530 1382 ),
2559 1317 2616 1367 et
2644 1319 2868 1381 propter
2895 1325 3155 1382 aquarum
3183 1309 3575 1367 abundantiam

1974 1417 2070 1461 rex
2114 1400 2335 1477 Egypti
2367 1403 2536 1461 draco
2564 1403 2903 1477 appellatur,
2934 1412 2989 1461 et
3011 1417 3254 1475 squama:
3283 1403 3434 1461 illius
3454 1404 3578 1473 jun-

1971 1509 2177 1569 cnsque
2203 1510 2267 1553 ac
2294 1510 2535 1570 papyrus
2564 1504 2623 1555 et
2648 1494 2900 1569 pisciculi
2946 1494 3357 1563 describuntur,
3396 1502 3455 1552 et
3479 1495 3574 1552 Je-

1973 1591 2211 1649 rusalem
2241 1606 2361 1648 cum
2402 1592 2561 1647 idolis
2592 1586 3015 1651 lornieationem
3060 1603 3373 1649 scortorum
3404 1604 3470 1647 ac
3502 1590 3583 1645 lu-

1971 1684 2192 1759 panaris
2213 1685 2515 1743 similitudo
2540 1695 2778 1743 testatur
2807 1703 2822 1741 :
2847 1688 2929 1741 sic
2950 1685 3007 1741 in
3036 1683 3296 1755 prazsenti
3330 1684 3452 1741 loco
3479 1682 3580 1741 sub

261 1777 412 1853 longe
441 1778 571 1835 estis
596 1794 633 1833 a
645 1775 880 1852 justitia.
912 1775 1090 1851 Prope
1115 1777 1217 1849 feci
1232 1775 1499 1851 justitiam
1525 1791 1692 1830 meum
1715 1790 1735 1830 :
1766 1791 1868 1830 non
1900 1794 1947 1856 Β
1974 1792 2207 1850 persona
2240 1779 2473 1850 captiva:
2501 1777 2770 1844 mulieris.
2797 1793 2921 1851 quae
2946 1778 3222 1850 quondam
3256 1777 3441 1851 regina
3470 1776 3586 1833 fne-

263 1871 618 1942 elongabitur,
654 1879 706 1929 et
732 1874 876 1928 salus
904 1886 1018 1927 mea
1042 1886 1145 1925 non
1170 1868 1459 1924 morabitur
1498 1868 1607 1942 [AL
1641 1868 1873 1923 minora—

263 1963 456 2039 bitur]:
506 1964 649 2020 dabo
694 1965 749 2020 in
781 1963 911 2020 Sion
953 1961 1199 2031 salutem,
1250 1973 1296 2019 et
1336 1963 1393 2018 in
1435 1960 1607 2019 Israel
1647 1960 1873 2035 gloriam

265 2074 449 2115 meam.
480 2054 634 2115 LXX
662 2076 674 2112 :
704 2055 895 2113 Audite
920 2073 999 2113 me
1026 2056 1115 2131 qui
1136 2052 1437 2129 perdidistis
1463 2073 1574 2125 cor,
1605 2054 1693 2128 qui
1721 2046 1877 2129 longe

265 2155 385 2211 estis
428 2172 459 2209 ο
478 2158 579 2229 jus
604 2153 721 2210 itia.
766 2152 979 2209 Adduxi
1014 2150 1281 2225 justitiam
1321 2168 1509 2221 meam,
1558 2159 1607 2207 et
1654 2148 1877 2207 salutem

264 2264 381 2320 quae
407 2265 443 2302 a
468 2263 554 2303 me
582 2255 680 2313 est,
715 2246 925 2303 tardare
951 2261 1055 2302 non
1076 2242 1293 2319 faciam.
1325 2240 1465 2300 Dedi
1493 2243 1547 2299 in
1574 2238 1705 2300 Sion
1726 2242 1871 2298 salu-

270 2350 365 2397 tem
391 2352 440 2399 et
461 2336 662 2399 Israeli
689 2338 933 2419 gloriam.
964 2336 1173 2409 Quibus
1201 2352 1369 2411 supra
1400 2338 1651 2397 dixerat:
1687 2334 1877 2391 Audite

271 2454 367 2502 me.
399 2438 594 2495 domus
623 2433 811 2503 Iacob,
833 2444 885 2495 et
914 2451 1063 2490 omne
1080 2433 1347 2491 residuum
1370 2430 1559 2488 domus
1595 2426 1780 2487 Israel.
1814 2424 1881 2489 Et

269 2527 504 2588 iterum:
537 2520 750 2597 Redite,
778 2528 1226 2600 prevaricatorem
1266 2524 1335 2581 ad
1378 2541 1493 2593 cor,
1522 2522 1687 2580 etiam
1734 2530 1879 2578 nunc

264 2618 411 2694 juxta
445 2618 776 2681 Hebraicum
807 2630 1028 2693 propter
1058 2614 1499 2689 incredulitatem
1520 2612 1762 2691 appellat
1781 2630 1878 2672 eos

267 2712 402 2773 duro
431 2714 630 2785 corde,
662 2723 718 2772 et
738 2716 894 2783 juxta
917 2714 1296 2787 Septuaginta,
1326 2710 1419 2787 qui
1450 2727 1547 2768 cor
1594 2718 1870 2767 mentem-

268 2824 372 2882 que
414 2800 800 2880 perdiderunt.
852 2806 1009 2878 Quod
1056 2816 1280 2867 secutus
1329 2800 1415 2863 vir
1443 2802 1877 2873 eruditissimus,

270 2909 327 2959 et
351 2893 553 2976 dignus
585 2900 808 2958 nomine
838 2912 940 2958 suo
968 2896 1285 2975 Stephanus
1324 2907 1535 2973 martyr
1575 2896 1633 2954 in
1659 2892 1879 2955 ludteo-

285 3008 403 3050 rum
437 2992 688 3068 loquitur
728 2988 990 3050 concione
1015 3011 1028 3047 :
1060 2986 1214 3047 Dura
1244 2992 1437 3047 ceruice
1461 3000 1508 3046 et
1537 2988 1884 3046 incircumcisi

273 3087 510 3145 cordibus
540 3084 882 3160 auribusque,
913 3103 1003 3143 vos
1027 3103 1228 3161 semper
1255 3082 1483 3161 Spiritui
1518 3094 1696 3143 sancto
1736 3086 1884 3140 resti-

1977 1870 2071 1937 rit,
2103 1870 2404 1945 Babylonis
2446 1871 2689 1927 servitus
2734 1870 3045 1927 indicatur:
3080 1870 3385 1945 diciturqui:
3431 1870 3480 1927 ei
3528 1876 3588 1925 ut

1975 1964 2274 2024 descendat
2305 1965 2374 2025 de
2401 1967 2553 2038 regni
2584 1965 2865 2036 superbia,
2897 1977 2949 2022 et
2980 1966 3035 2022 in
3085 1966 3311 2039 pulvere
3364 1963 3580 2022 sedeat.
3652 1946 3661 1953 ’

1979 2059 2145 2131 Virgo
2198 2069 2385 2119 autem
2442 2061 2833 2133 appellaturet
2880 2056 3030 2119 lilia:
3082 2061 3170 2117 vel
3221 2060 3347 2135 quia
3391 2075 3586 2119 omnes

1980 2154 2230 2213 homines
2257 2158 2504 2213 creatura
2566 2156 2660 2211 Dei
2716 2169 2942 2223 sumus;
2994 2170 3098 2213 nec
3147 2164 3232 2213 est
3284 2154 3585 2229 Babylonis

1974 2248 2133 2322 juxta
2166 2249 2457 2307 haereticos
2485 2257 2677 2307 natura
2706 2248 3033 2309 damnabilis
3063 2269 3074 2305 :
3100 2251 3183 2307 vel
3207 2250 3279 2307 ob
3306 2249 3580 2309 luxuriam

1980 2351 2036 2401 et
2086 2351 2343 2399 ornatum
2384 2342 2536 2401 urbis
2566 2342 2842 2417 quondam
2874 2342 3289 2412 potentissimm,
3320 2358 3443 2415 qua:
3462 2356 3586 2401 cum

1981 2436 2274 2501 senuisset,
2309 2442 2367 2491 et
2416 2434 2591 2491 vicina
2636 2442 2784 2492 esset
2824 2434 3067 2501 occasui,
3100 2433 3495 2507 virgunculam,
3535 2440 3593 2489 et

1981 2530 2216 2603 puellam
2248 2545 2308 2585 se
2327 2544 2452 2589 esse
2469 2527 2734 2601 iactabat.
2761 2529 2907 2587 Licet
2932 2544 3000 2587 ex
3017 2543 3084 2584 eo
3103 2527 3247 2603 quod
3262 2527 3416 2599 juxta
3442 2520 3587 2585 LXX

1982 2621 2251 2694 scriptum
2281 2630 2396 2687 est,
2430 2621 2542 2692 ﬁlia
2566 2619 2871 2693 Babylonis,
2904 2635 3011 2679 non
3045 2620 3216 2695 ipsam
3254 2619 3588 2693 Babylonem

1983 2718 2228 2789 quidam,
2275 2712 2371 2773 sed
2414 2715 2714 2773 Romanam
2749 2714 2936 2775 urbem
2989 2715 3439 2786 interpretentur,
3467 2730 3589 2787 quae

1984 2808 2040 2867 in
2090 2809 2415 2885 Apocalypsi
2458 2807 2686 2867 Joannis
2714 2805 2973 2882 (Apocal.
3007 2823 3097 2867 xxv
3124 2805 3144 2879 )
3172 2816 3228 2866 et
3253 2807 3306 2863 iu
3340 2801 3587 2881 Epistula

1985 2904 2132 2965 Petri
2165 2902 2186 2979 (
2217 2904 2256 2961 ll
2291 2892 2438 2961 Petr.
2470 2922 2500 2961 v
2530 2903 2581 2979 ),
2610 2902 2852 2975 Babylon
2899 2902 3213 2977 specialiter
3260 2902 3588 2975 appellatur,

1984 2996 2269 3059 et'cnncta
2311 3014 2433 3073 quae
2467 3014 2610 3057 nunc
2656 2997 2725 3057 ad
2753 2998 3086 3072 Babylonem
3122 2997 3405 3079 dicuntur,
3441 2997 3594 3055 illius

1986 3092 2161 3153 ruinae
2187 3093 2488 3151 convenire
2512 3100 2805 3160 testentur,
2837 3101 3027 3150 contra
3055 3108 3217 3163 quem
3244 3091 3492 3151 vocanda
3520 3094 3592 3150 sit

275 3182 423 3255 tistis,
471 3184 613 3241 sicut
663 3191 839 3257 patres
890 3184 1044 3239 uestri
1089 3180 1240 3255 (Act.
1283 3197 1380 3247 vn.
1427 3174 1556 3253 lii).
1609 3172 1674 3236 lli
1718 3176 1883 3253 igitur
1909 3188 1956 3253 ρ
1987 3185 2126 3253 avis,
2158 3182 2364 3261 Deique
2386 3182 2642 3258 justitia:
2673 3196 2727 3243 ut
2755 3192 3042 3256 postquam
3076 3185 3232 3252 Sion,
3266 3186 3318 3243 id
3357 3194 3462 3253 est,
3489 3186 3584 3244 Ec-

272 3272 429 3348 longe
460 3284 599 3332 sunt
626 3290 657 3331 a
694 3274 906 3348 justitia
946 3272 1063 3345 Dei,
1107 3274 1234 3349 quia
1275 3290 1386 3331 non
1431 3272 1791 3333 crediderunt
1826 3274 1880 3333 in

271 3385 411 3443 eam,
441 3389 613 3451 quam
640 3388 741 3447 pro
772 3389 870 3430 sua
898 3366 1192 3430 clementia
1238 3372 1383 3430 Deus
1427 3366 1557 3429 fecit
1583 3387 1709 3429 esse
1750 3368 1881 3428 vici-

275 3480 419 3539 nam,
453 3478 509 3524 et
538 3471 737 3524 venire
782 3465 850 3525 ad
897 3473 1091 3537 terras,
1140 3480 1488 3539 nequaquam
1520 3466 1634 3523 vult
1667 3464 1884 3523 tardare

277 3576 376 3619 nec
403 3560 607 3633 procul
637 3556 775 3617 ﬁeri.
812 3556 971 3620 Dedit
996 3559 1141 3617 enim
1172 3552 1305 3618 Sion
1345 3558 1586 3616 salutare
1616 3570 1799 3631 suum,
1831 3569 1885 3617 et

272 3648 455 3711 Israeli
488 3651 730 3727 gloriam
781 3668 958 3709 suam.
1003 3646 1118 3709 Iloc
1153 3646 1225 3708 de
1259 3646 1515 3708 vaticinia
1557 3648 1764 3708 dictum
1810 3648 1884 3706 sit

272 3742 613 3816 futurorum,
640 3756 699 3803 et
728 3740 797 3802 de
825 3738 1069 3803 adventu
1108 3738 1325 3802 Domini
1352 3736 1674 3802 Salvatoris.
1709 3738 1886 3801 Gnate--

274 3854 394 3896 rum
412 3840 572 3913 juxta
604 3836 888 3895 historiam
917 3832 1083 3897 datur
1108 3830 1241 3895 Sion
1273 3832 1444 3907 salus,
1487 3847 1544 3895 et
1571 3832 1739 3897 Israel
1768 3836 1886 3911 glo-

275 3931 353 3990 ria
378 3951 393 4003 ;
422 3932 688 4008 quoniam
716 3926 859 3991 Deus
884 3942 1054 4005 prope
1085 3924 1211 3989 fecit
1252 3945 1409 3987 suam
1440 3943 1563 3986 esse
1585 3926 1883 4003 justitiam,

278 4036 338 4084 ut
378 4037 613 4086 vocaret
644 4020 714 4082 ab
754 4020 982 4082 Oriente
1011 4040 1190 4095 avem,
1222 4035 1277 4082 et
1305 4020 1375 4081 de
1411 4032 1560 4081 terra
1591 4022 1886 4097 longinqua

278 4118 449 4177 virum
476 4118 785 4176 voluntatis
804 4133 944 4189 suae,
974 4114 1065 4193 qui
1102 4112 1324 4174 lsraelis
1350 4125 1405 4172 et
1433 4112 1710 4173 subversa:
1731 4114 1885 4172 Jeru-

277 4211 445 4269 salem
470 4210 835 4269 ulcisceretur
856 4208 1106 4282 injurias,
1133 4217 1191 4266 et
1209 4200 1386 4267 Medis
1402 4206 1700 4281 Persisque
1726 4223 1890 4281 supe-

164 4387 171 4395 ‘
281 4307 555 4395 tantibus,
584 4300 917 4395 Babylonem
946 4302 1347 4381 Cbaldaeosque
1363 4298 1598 4376 deleret,
1633 4302 1775 4361 sicut
1803 4318 1890 4362 se-

280 4401 502 4475 quentia
530 4394 825 4471 PrOpbetae
854 4399 1021 4457 verba
1053 4408 1348 4457 testantur.

1981 3276 2151 3337 clesia
2176 3276 2385 3337 salvata
2414 3274 2599 3344 fuerit.
2632 3279 2723 3337 illa
2754 3287 2943 3352 pereat
2973 3279 3029 3337 in
3052 3274 3343 3341 talentum.
3372 3280 3588 3341 Dicitur

1981 3385 2113 3445 ergo
2144 3364 2409 3447 Babyloni
2442 3366 2646 3444 reginae
2676 3381 2732 3429 et
2758 3370 2885 3429 tiliae
2915 3364 3295 3431 Cbaldanrum
3329 3372 3403 3447 (a
3424 3370 3592 3431 Chal-

1983 3462 2119 3525 daais
2148 3467 2293 3522 enim
2326 3464 2548 3525 condita
2572 3464 2697 3540 est)
2725 3466 2871 3539 quod
2928 3483 3267 3540 nequaquam
3311 3470 3454 3527 ultra
3500 3484 3594 3527 vo-

1984 3568 2138 3617 cetur
2168 3556 2351 3616 mollis
2370 3571 2423 3616 et
2453 3571 2643 3616 tenera
2670 3569 2727 3617 et
2753 3559 2969 3618 deliciis
2999 3560 3255 3627 afﬂuens.
3280 3577 3403 3635 qua:
3427 3578 3595 3621 cunc-

1985 3659 2161 3708 tarum
2193 3652 2435 3725 gentium
2469 3653 2720 3709 manibus
2766 3653 3124 3725 portabatur;
3185 3655 3260 3711 ita
3317 3664 3376 3711 ut
3425 3665 3591 3712 terrae

1986 3740 2203 3818 plantas
2223 3742 2310 3803 vix
2335 3744 2720 3819 imprimeret:
2768 3748 3194 3819 prmeipiturque
3248 3748 3296 3805 ei
3342 3757 3399 3805 ttt
3441 3748 3597 3809 tollat

1988 3838 2209 3909 molam,
2236 3846 2291 3896 et
2312 3839 2480 3897 molat
2506 3838 2763 3908 farinam,
2787 3840 2935 3915 quod
2959 3850 3044 3900 est
3066 3841 3217 3901 durte
3240 3843 3595 3916 captivitatis,

1987 3941 2044 3988 et
2093 3941 2362 3989 extrema:
2404 3932 2689 3989 servitutis
2718 3932 3014 3998 indicium:
3049 3946 3105 3991 ut
3149 3951 3271 4011 qua:
3324 3937 3597 4011 quondam

1989 4024 2177 4099 regina
2203 4021 2403 4094 luerat,
2440 4035 2629 4099 postea
2672 4026 2942 4083 molendo:
2973 4030 3159 4085 larium
3190 4029 3344 4102 aperi
3366 4032 3595 4091 serviat.

1988 4112 2095 4177 Sed
2116 4117 2245 4192 quia
2270 4114 2550 4193 sequitur:
2582 4119 2802 4179 Deuuda
2833 4121 3211 4193 turpitudinem
3238 4131 3404 4189 tuam,
3432 4124 3599 4185 etiam

1988 4212 2134 4272 mola
2166 4210 2235 4271 ab
2253 4210 2500 4273 Hebraeis
2524 4215 2821 4289 ﬁguraliter
2844 4216 3194 4291 intelligitur,
3217 4220 3361 4293 quod
3387 4220 3603 4283 scilicet

1991 4307 2045 4366 in
2078 4323 2286 4366 morem
2319 4308 2509 4377 scorti,
2538 4307 2801 4365 victorum
2833 4309 3044 4369 libidini
3094 4321 3296 4387 pateat.
3343 4311 3594 4387 illudque

1990 4400 2135 4476 quod
2174 4400 2229 4461 in
2256 4400 2506 4461 iudicum
2532 4401 2678 4461 libro
2704 4401 2771 4461 de
2799 4401 3032 4463 Samson
3063 4406 3326 4467 scribitur
3359 4405 3598 4483 (Judic.

349 4495 517 4569 (Cap.
554 4488 771 4553 XLVII.
800 4523 872 4535 -—
899 4488 1062 4551 Vere.
1104 4490 1129 4550 ἱ
1162 4490 1346 4569 aeqq.)
1370 4488 1658 4564 Descende,
1680 4492 1800 4550 sede
1834 4488 1892 4550 in
1992 4512 2083 4553 xt't
2105 4490 2159 4570 ),
2190 4492 2256 4553 ad
2291 4496 2635 4555 molam'eum
2672 4513 2702 4557 a
2733 4496 3061 4555 Pbilistbiim
3089 4514 3214 4561 esse
3252 4499 3598 4573 damnatum,

284 4586 515 4657 pulvere,
546 4587 692 4659 uirgo
720 4586 837 4660 filia
878 4580 1167 4659 Babylonis
1200 4601 1219 4641 :
1250 4586 1370 4645 sede
1411 4586 1468 4642 in
1495 4597 1652 4655 terra,
1696 4604 1799 4642 non
1820 4596 1893 4643 est
1922 4582 1974 4646 D
1999 4584 2164 4667 550
2186 4586 2292 4649 hoc
2339 4584 2647 4663 signiﬁcare
2677 4590 2884 4658 volunt,
2913 4592 3059 4667 quod
3109 4608 3207 4667 pro
3235 4593 3428 4657 sobole
3458 4604 3484 4634 ο
3514 4601 3604 4655 rb-

284 4682 473 4738 solium
491 4680 623 4753 ﬁlia:
641 4678 1031 4755 Chaldteoruut,
1050 4680 1173 4754 quia
1194 4679 1337 4736 ultra
1356 4696 1457 4735 non
1477 4678 1741 4737 vocaberis
1759 4678 1890 4737 ntel-

285 4774 348 4831 lis
390 4786 438 4833 et
484 4787 684 4833 tenera.
718 4770 867 4831 Tolle
889 4774 1104 4845 molam,
1138 4783 1185 4830 et
1214 4774 1348 4830 mole
1376 4766 1605 4845 farinam
1632 4792 1651 4830 :
1681 4774 1892 4831 denuda

284 4869 668 4942 turpitudinem
705 4878 875 4940 tuam,
900 4867 1193 4936 ἄκουσμα-ἆ
1216 4866 1512 4936 humerum,
1551 4866 1723 4923 mela
1765 4884 1890 4923 crst-

284 4977 367 5035 ra,
400 4960 568 5019 transi
589 4958 833 5037 ﬂamina.
861 4960 1194 5019 Revelabitur
1214 4958 1502 5035 ignominia
1530 4968 1641 5025 tua,
1672 4971 1722 5017 et
1745 4961 1890 5019 vide-

286 5053 424 5113 bitur
450 5054 794 5130 opprobrium
830 5064 977 5111 tuttm
1005 5072 1018 5110 :
1052 5052 1303 5113 ultionem
1332 5054 1561 5125 capiam,
1594 5064 1647 5111 et
1676 5071 1780 5112 non
1809 5072 1890 5111 τοι

359 5230 387 5259 ι
409 5219 784 5281 Amm“
802 5217 1299 5276 robusti-simorum.
1318 5217 1462 5274 Sunt
1483 5232 1616 5273 vero
1638 5215 1734 5287 qui
1760 5215 1893 5272 Hie-

561 5293 694 5348 hine
726 5291 908 5348 dicata
958 5291 1289 5361 impingunt,
1328 5287 1479 5360 quod
1508 5290 1710 5345 frustra
1743 5287 1894 5372 leuia

287 5379 356 5423 ve
474 5382 534 5420 Ill
558 5365 887 5422 Chaunum
908 5378 1135 5421 sensum
1166 5362 1725 5434 interpretatur,“
1746 5370 1894 5416 inter

288 5406 887 5500 ὲέἰηῒτίἴωιῖᾝῖιὶιῖ
910 5406 1301 5503 ῖῗῖἑίἰοῗοῖῖ
1314 5406 1897 5503 νιὶίὶιῖῐᾶἑιῧᾜυόὲιῖο

291 5506 488 5579 fuisse,
537 5508 961 5579 nemoneseiat,
993 5516 1048 5564 et
1076 5523 1185 5562 non
1232 5505 1300 5562 ad
1330 5505 1607 5579 prostituti
1632 5504 1899 5579 corporis

293 5575 604 5648 infamiam,
630 5578 731 5637 sed
758 5579 1111 5637 contumeliae
1138 5594 1302 5639 causa
1331 5575 1556 5650 captivi,
1592 5575 1902 5635 vilissimae-

291 5673 400 5732 que
427 5656 773 5721 conditionis
791 5660 936 5719 servi
964 5659 1405 5721 detruderentur.
1428 5660 1503 5718 At
1531 5658 1651 5715 haec
1674 5650 1899 5715 Hieron.

291 5755 399 5800 non
428 5758 535 5803 suo
566 5753 740 5801 mall
778 5739 1047 5813 loquitur,
1074 5741 1179 5804 and
1207 5740 1563 5801 ﬂebunt-Il
1616 5735 1901 5808 ﬁgmlem

296 5823 696 5895 expositionem
744 5833 868 5876 esse
912 5822 1008 5877 ait.
1059 5820 1171 5879 Nec
1200 5835 1263 5879 es
1319 5818 1543 5891 quidem
1594 5817 1900 5884 abnormis,

1992 4678 2345 4741 bustissimus
2391 4683 2660 4753 virorum,
2712 4681 2820 4743 hoc
2874 4684 2927 4741 in
2975 4685 3280 4760 allopltylas
3339 4690 3603 4751 mulieres

1995 4772 2176 4832 facere
2219 4778 2290 4831 sit
2341 4772 2676 4846 compulsus.
2724 4772 2779 4830 In
2838 4791 2907 4832 eo
2957 4777 3050 4835 ubi
3101 4795 3204 4837 nos
3261 4782 3603 4855 interpretati

1995 4883 2208 4933 sumus,
2255 4868 2466 4926 denuda
2516 4869 2894 4940 turpitudinem
2938 4880 3101 4944 tuam,
3152 4886 3255 4949 pro
3293 4890 3402 4948 quo
3454 4875 3599 4932 LXX

1997 4962 2422 5032 haustulerunt,
2452 4963 2623 5021 revela
2650 4964 3062 5036 operimentum;
3086 4962 3396 5027 TlteodOIio
3424 4968 3605 5045 ipsum

1996 5052 2226 5117 verbum
2267 5056 2596 5117 llebraicum
2642 5059 2850 5135 posuit,
2897 5058 2926 5100 ι’
2980 5075 3266 5123 sum“
3297 5066 3510 5146 (ππ-ιω
3545 5062 3601 5139 );

2000 5219 2447 5293 quandoquidem
2502 5229 2693 5281 notum
2738 5219 3027 5282 illudilob
3088 5240 3236 5290 xm.
3290 5226 3406 5286 ts:
3458 5228 3611 5286 Uxor

2000 5290 2116 5349 mea
2161 5290 2326 5349 molat
2354 5290 2507 5351 alteri
2532 5309 2552 5349 :
2580 5308 2683 5360 pro
2733 5305 2961 5353 scortum
2988 5297 3143 5353 altari
3184 5298 3272 5353 sit.
3318 5299 3387 5354 Et
3414 5300 3603 5360 Horat.

2132 5381 2171 5437 ι,
2184 5362 2446 5447 fatim},
2478 5381 2529 5420 v.
2554 5362 2657 5447 ξιξ,
2682 5364 2890 5447 alienas
2903 5369 3209 5447 permolere
3226 5385 3414 5447 uxores
3442 5375 3604 5447 dixit.

2001 5435 2509 5507 Vide'Festelium,
2543 5437 2842 5499 Adversar.
2874 5435 2976 5496 lib.
3028 5455 3087 5507 tt,
3132 5440 3401 5499 Buxtmlii
3445 5443 3610 5504 Gate»-

2000 5508 2165 5569 lecta.
2198 5524 2317 5569 cap.
2357 5508 2482 5569 l38.

2023 5518 2165 5579 ecta,
2198 5524 2317 5579 cap.
2357 5518 2482 5569 sets.

2073 5554 2569 5649 ἱ’κέ(ἧι-ἶἸῖιειΪΙῖίνριιιι
2607 5581 2935 5639 auctoritate
2965 5589 3181 5639 veteres
3216 5582 3494 5647 editiones
3518 5590 3610 5650 hic

2004 5672 3607 5827 summaesummmsm

2004 5827 2067 5877 at
2094 5817 2387 5875 conﬁctam
2412 5828 2609 5873 vocem
2636 5828 2750 5872 non
2772 5826 2937 5886 posse
2960 5824 3114 5875 stare
3132 5828 3263 5878 cum
3282 5817 3609 5905 nummi
