2002 3646
274 162 329 192 ιδις

274 221 373 256 Aquila
399 228 601 254 senns'rnucn;
617 220 799 258 Symmachus
822 222 850 250 τὸ
866 223 992 252 σιωπηλόν
1006 233 1055 250 σου
1067 230 1073 249 :
1087 221 1115 251 Δ

274 267 347 302 quod
363 276 412 294 nos
429 268 586 302 exprimere
607 275 755 303 possumus
779 269 979 295 taciturnitatem
994 273 1075 301 tuam,

272 314 345 350 quod
361 314 445 342 taceri
458 315 555 342 debeat
573 323 629 350 prae
642 315 820 343 verecmtdia.
833 315 909 349 Quod
925 315 1033 350 quidem
1051 319 1078 342 et

273 361 300 389 iu
326 360 439 389 Catttico
454 360 630 389 Canticorum
655 361 783 397 legimus,
809 361 855 388 ubi
883 368 991 396 sponsa:
1019 360 1078 395 pul-

272 408 401 436 chritudo
416 407 600 436 deserihitur:
627 407 660 435 ad
675 412 829 436 extremum
846 407 930 435 infert
952 417 959 435 :
976 407 1077 442 Absque

272 455 447 483 taciturnitate
463 460 508 482 tua
519 455 609 489 (Cant.
622 456 670 491 tv)
685 465 692 482 :
710 456 865 484 nolentibus
881 456 925 489 qui
941 455 1077 490 interpre-

274 502 320 529 tati
341 507 403 530 sunt
420 502 573 530 transferre
599 511 711 537 nomen,
734 502 807 538 quod
824 503 849 530 itt
866 507 960 530 sancta
984 502 1076 537 Scrip-

271 554 333 577 tura
345 554 456 578 sonaret
479 550 687 581 turpitudinem.
716 551 855 585 Recteque
879 555 973 578 contra
989 549 1076 585 Baby-

272 596 363 624 louetn
382 596 575 624 inverecundis
600 598 688 625 utitur
708 597 867 624 nominibus
893 596 979 633 (licet
1001 595 1075 624 nulla

272 643 308 671 sit
335 643 483 679 tttrpitudo,
511 643 622 671 humani
646 645 772 678 corporis
796 644 949 671 membrum
976 651 1076 672 voeare

272 690 381 718 nomine
397 691 481 726 suo),
504 691 547 719 cui
564 691 721 726 praecipitur
737 695 766 719 ut
789 691 873 719 nudet
896 695 1019 726 pectora,
1049 695 1076 719 et

271 745 349 764 cntra
364 745 396 765 ac
422 737 522 766 femina
547 738 665 773 aperiat,
680 744 707 767 et
722 738 801 766 vadat
825 739 852 766 in
874 739 1073 774 captivitatem,

270 783 447 819 videaturque
459 785 607 820 ignominia
616 784 689 819 ejus.
701 790 727 812 et
736 785 887 820 opprobrio
900 789 990 820 pateat
1003 792 1076 813 scm-

272 830 392 865 piterno.
420 831 451 857 lit
476 830 528 858 hoc
555 830 686 858 Dominus
711 831 809 859 fecisse
833 838 863 859 se
885 831 962 865 dicit,
980 836 1008 858 ut
1035 830 1075 858 ul-

270 877 373 906 ti0nem
388 882 498 914 caperet
512 878 546 906 de
556 886 598 911 ea,
613 886 673 912 qum
690 879 827 914 oppressit
842 878 970 914 populum
981 886 1071 913 suum,

268 929 297 952 et
321 925 423 952 nulluut
449 932 498 960 pro
519 933 550 953 ea
571 925 663 953 audiat
674 929 857 961 precatorem,
872 926 917 961 qui
933 925 1000 952 iram
1017 925 1071 953 Do-

223 996 226 1000 .
268 972 334 1000 mini
348 972 500 1001 snoleuire
522 979 636 1001 conetur
656 981 784 1001 occursu.
807 973 952 1010 Significat
978 978 1070 1000 autetn

269 1019 403 1056 Angelum
418 1021 508 1055 gentis
522 1020 679 1056 Babyloniae.
695 1020 851 1055 praasidetu,
866 1020 914 1055 qui
935 1028 996 1048 cttnt
1019 1028 1072 1048 cae-

267 1070 333 1094 teris
346 1067 459 1102 Angelis
474 1067 595 1101 loquitur
608 1076 613 1094 :
631 1066 785 1095 Curavimus
797 1067 966 1103 Babylonem,
980 1072 1004 1095 et
1019 1076 1072 1095 non

266 1117 303 1140 est
323 1118 424 1140 curata.
441 1113 519 1147 Quod
546 1120 637 1141 autem
651 1114 828 1150 Septuaginta
852 1115 1068 1149 transtulerunt,

267 1160 338 1196 quod
342 1161 446 1196 justum
456 1161 532 1188 estde
543 1166 566 1188 te
577 1164 706 1197 auferam,
719 1170 880 1198 nequaquam
892 1161 960 1189 ultra
968 1162 1071 1189 tradam

266 1205 423 1241 hominibus,
450 1207 612 1236 subauditur
635 1207 823 1244 Babylonem:
846 1209 888 1237 vel
916 1213 990 1237 certe
1022 1211 1072 1237 hoc

265 1254 338 1288 quod
350 1254 455 1289 justum
471 1260 524 1290 est,
539 1260 565 1283 et
581 1256 700 1283 ablatum
717 1256 752 1284 de
764 1256 913 1293 Babylone.
925 1257 1073 1291 Disputant

264 1302 361 1337 Stoici,
378 1304 461 1330 multa
485 1311 515 1331 re
531 1304 629 1340 turpia,
649 1311 730 1337 prava
752 1304 895 1331 hominum
921 1311 1072 1332 cei-suetu-

265 1349 341 1385 diue,
356 1350 448 1379 verbis
464 1351 581 1379 honesta
606 1358 686 1384 esse;
710 1356 739 1378 ut
756 1351 941 1386 parricidium,
967 1352 1072 1380 adulte-

265 1397 347 1431 rium,
366 1397 556 1432 homicidium,
574 1398 720 1431 iucesmm,
737 1402 764 1426 et
778 1404 877 1427 cauere
894 1400 935 1427 his
957 1399 1069 1427 similia.

265 1443 440 1480 Rursumque
455 1453 485 1472 re
498 1444 624 1479 honesta,
642 1445 802 1473 nominibus
816 1446 903 1474 videri
919 1447 1026 1482 turpia;
1044 1450 1072 1474 ut

262 1490 367 1519 liberos
388 1499 545 1526 procreare,
559 1491 731 1520 inﬂationem
747 1492 851 1520 ventris
863 1493 969 1528 crepitu
991 1493 1070 1529 dige-

266 1545 338 1572 rere,
352 1538 440 1565 alvum
449 1538 569 1566 relevare
577 1544 711 1573 stercore,
720 1539 837 1567 vesicam
848 1540 932 1567 urime
938 1539 1071 1567 effusione

267 1582 517 1619 laxarezdenique
540 1594 594 1613 non
612 1594 692 1620 posse
717 1594 777 1620 nos,
795 1592 823 1613 ut
838 1586 965 1622 dicimus,
979 1595 993 1614 a
1009 1593 1070 1615 ruta

263 1632 394 1665 rutulam,
405 1631 445 1659 sit:
457 1632 654 1671 ὐποκροιστικόν
665 1637 762 1660 menta:
771 1637 784 1651 ι
792 1633 894 1661 facere.
907 1633 988 1671 551
1001 1634 1070 1670 Ergo
1084 1617 1107 1650 (ἶ

267 1685 431 1707 seum-raso
448 1680 569 1722 (171733),
586 1679 657 1715 quod
671 1680 768 1715 Aquila
780 1682 884 1715 pastlil,
898 1686 926 1708 ut
939 1682 1068 1714 thImIIS,

265 1726 385 1754 verenda
415 1727 537 1755 mulieris
570 1727 754 1762 appellantur.
784 1728 867 1762 Cujus
902 1728 1068 1764 etymologia

265 1774 336 1810 apud
361 1781 410 1802 eos
426 1780 516 1808 sonat,
541 1775 630 1802 sitiens
644 1780 726 1807 tuus;
743 1779 771 1802 ut
791 1775 957 1811 inexpletam
982 1775 1070 1811 Baby-

266 1821 337 1849 lonis
361 1821 460 1849 indicet
481 1821 662 1856 voluptatem.

298 1868 397 1903 (Vers.
412 1868 429 1895 4
444 1868 543 1904 seqq.)
563 1869 722 1904 Redemptor
743 1874 831 1897 noster
845 1869 974 1897 Domimts
993 1878 1067 1898 exer-

265 1916 375 1948 cituum,
390 1923 482 1943 nomen
493 1915 580 1947 illius.
594 1916 708 1944 Sanctus
722 1915 816 1943 Israel.
834 1915 902 1944 Sede
928 1922 1024 1949 tacens,
1046 1921 1069 1944 et

262 1963 331 1990 intra
345 1963 372 1990 in
388 1964 516 1997 tenebras,
533 1962 591 1998 ﬁlia
606 1962 813 1996 Cltalda’orttm;
834 1964 896 1999 quia
920 1972 971 1991 non
994 1971 1068 1990 voea-

265 2009 332 2038 berie
349 2011 419 2038 ultra
435 2010 542 2037 domina
558 2019 709 2048 regnarunt,
728 2010 813 2038 iratus
836 2019 895 2038 sum
916 2019 996 2045 super
1020 2019 1068 2046 po-

261 2056 354 2093 pulum
369 2066 466 2091 meum,
485 2058 660 2085 contaminavi
671 2057 851 2085 hereditatem
864 2066 958 2091 meum,
972 2063 996 2085 et
1007 2058 1068 2085 dedi

266 2112 310 2131 eos
324 2104 350 2131 in
367 2111 447 2131 manu
457 2108 501 2131 tua
513 2112 522 2131 .'
535 2112 587 2130 non
596 2103 706 2140 posuisti
717 2105 753 2131 eis
767 2104 968 2131 misericordias.
983 2104 1068 2140 Super

265 2158 350 2178 senem
367 2151 518 2186 aggravasti
540 2150 634 2185 jugum
660 2155 734 2177 tuam
757 2150 842 2183 valde,
867 2155 891 2178 et
912 2151 1017 2186 dixisti,
1041 2145 1067 2178 in

264 2197 450 2233 sempiternum
464 2205 509 2224 ero
532 2197 638 2223 domina
653 2204 662 2224 :
675 2205 727 2224 non
741 2197 851 2232 posuisti
865 2197 921 2225 [tam
932 2206 1011 2231 super
1022 2206 1066 2224 cor

264 2248 349 2278 tuum,
365 2251 445 2277 neque
465 2244 602 2270 recordata
621 2234 651 2270 es
660 2243 793 2270 nouissimi
815 2243 865 2270 tui.
881 2243 974 2271 LXX:
992 2243 1066 2272 Dixit

264 2291 310 2325 qui
323 2290 390 2318 eruit
405 2295 429 2318 te
451 2289 579 2318 Dominus
606 2290 725 2324 sabaoth,
752 2298 844 2318 nomen
860 2291 928 2326 ejus,
952 2291 1065 2319 Sanctus

266 2336 363 2364 Israel.
387 2336 456 2366 Sede
471 2342 636 2372 compuncta,
656 2337 791 2372 ingredere
814 2338 840 2364 in
856 2340 983 2373 tenebras,
1008 2339 1065 2372 ﬁlia

264 2383 446 2412 Chaldteorum
461 2393 470 2411 :
496 2392 658 2420 nequaquam
680 2384 752 2411 ultra
784 2384 914 2412 vocaberis
935 2386 1064 2421 fortitudo

261 2458 403 2487 contextu,
417 2453 462 2491 qui
486 2452 626 2491 conceptis
640 2452 733 2491 verbis
752 2460 812 2491 nos
828 2453 911 2491 docet
931 2453 1059 2491 Theodo-
1072 2461 1099 2491 Ῑ)

261 2492 364 2518 tinuum
388 2490 512 2518 nos-tisse
535 2489 622 2524 ipsum
654 2489 766 2516 verbum
793 2488 957 2517 llehraicum
982 2490 1059 2518 Isaia:

358 2524 508 2556 Samtheclt,
520 2529 561 2552 vel
576 2524 769 2556 Semmatltech,
787 2529 815 2552 ut
830 2526 928 2559 Aquila
944 2526 1060 2561 legebat.

264 2572 358 2600 Cra-ra
373 2571 499 2598 similiter
515 2570 674 2606 Symmachi
690 2571 831 2598 tuulantiu
847 2571 918 2600 hunc
937 2572 1059 2605 modum,

262 2611 308 2639 τὴν
321 2609 450 2638 σιώπησϋ
460 2617 508 2635 σου
521 2627 529 2639 ,
542 2606 622 2642 quod.
634 2613 688 2642 etc.
710 2607 846 2634 MAltTtAN.

298 2659 334 2665 —-
347 2643 418 2671 ltlelll
436 2644 634 2670 AmIn-osmnns
660 2641 834 2671 Satn'heawc:
858 2643 963 2679 Aquila,
990 2644 1059 2671 Sim-

263 2680 375 2707 mathec.
386 2680 463 2713 Quod
482 2686 565 2712 porro
578 2686 627 2712 pro
638 2679 667 2707 τὸ
681 2679 807 2708 σιωπηλόν
818 2689 865 2707 σου
879 2680 924 2714 (in
940 2680 1058 2707 Ambro-

260 2717 338 2743 siano
356 2721 397 2743 το
411 2720 639 2743 clntlEoncor:
657 2716 683 2741 in
706 2715 849 2749 Stllgertll.
871 2715 942 2751 apud
971 2715 1060 2743 Mont-

262 2751 335 2779 l'auc.
350 2753 506 2780 carruotius
517 2772 524 2783 ,
545 2751 574 2779 τὸ
584 2751 743 2779 σιωπωὶινόν
755 2751 818 2786 σου)
840 2757 946 2778 veteres
960 2751 1061 2786 vulgati

263 2787 379 2817 Ιιιπίτήν
389 2788 517 2817 σιώπησὶν
527 2798 575 2815 σου
588 2788 779 2821 praeferebant,
789 2794 821 2814 ex
836 2787 889 2814 alta
902 2786 1059 2823 Symmachi

262 2824 382 2851 editione
398 2823 521 2850 fortaSsis
536 2823 710 2857 desutnptutu
728 2828 779 2849 est.

298 2864 312 2878 ⁸
335 2859 475 2887 Ιιὲηιιιιιιιη
500 2863 611 2885 mentum
632 2866 649 2885 a
669 2864 765 2888 menta.
789 2859 861 2894 quod
886 2858 1061 2887 Martianzrus

259 2895 314 2924 loci
330 2895 409 2930 hujus
425 2903 536 2922 scusnm
559 2893 672 2922 minime
699 2893 855 2928 assecutus,
876 2894 941 2922 dttm
967 2894 1061 2923 eme‘n-

260 2930 327 2960 dare
338 2930 495 2964 contendit,
506 2930 542 2959 de
555 2930 671 2959 ridiculo
684 2938 781 2959 errore
793 2931 937 2966 depravat,
960 2931 1061 2960 substi-

902 161 933 189 S.
955 157 1092 189 EUSEBII
1113 157 1307 188 lllERONYMl

1839 164 1877 194 ιω

1128 222 1218 257 regni:
1231 222 1313 248 iratus
1326 228 1384 247 sum
1399 223 1491 247 contra
1503 219 1629 256 populum
1641 226 1727 251 meum,
1741 225 1879 249 contaminati

1128 268 1307 296 nereditatem
1323 276 1416 295 meam.
1429 266 1487 303 Ego
1502 266 1562 293 dedi
1587 274 1629 293 eos
1643 265 1668 293 in
1681 274 1773 293 ntanum
1784 270 1849 301 tuam,
1862 274 1881 294 tu

1127 323 1186 342 vero
1201 323 1252 341 non
1268 314 1363 341 dedisti
1375 314 1422 341 ‘eis
1444 312 1668 340 misericordiam:
1682 313 1732 339 seni
1750 312 1806 349 [AL
1819 313 1883 350 senis}

1128 363 1275 398 aggravasti
1285 364 1380 399 jngum
1408 360 1495 395 valde,
1512 365 1535 387 et
1564 360 1662 394 dixisti,
1686 360 1711 387 in
1730 365 1835 387 teternunt
1853 369 1884 388 ero

1127 410 1233 437 domina
1250 417 1260 436 :
1275 417 1326 436 non
1342 407 1494 436 intellexisti
1508 408 1562 436 Itan:
1578 407 1605 434 in
1627 407 1700 434 corde
1714 412 1763 441 tuo,
1778 416 1844 443 neque
1854 417 1885 435 re-

1128 456 1234 483 cordata
1255 464 1280 483 es
1297 456 1504 482 ttovissimorunt.
1532 454 1639 482 Primus
1658 462 1746 482 versus
1758 454 1823 490 juxta
1834 455 1886 490 Sep-

1128 502 1246 538 tuaginta
1272 510 1333 529 cum
1350 501 1538 538 superioribus
1552 501 1704 536 copulatur,
1714 505 1742 528 ut
1754 502 1783 528 sit
1797 508 1887 528 settsus:

1126 551 1161 579 Et
1181 551 1239 578 ha-c
1256 550 1337 578 faciet
1351 550 1396 585 qui
1412 550 1482 577 eruit.
1500 554 1526 576 te
1543 548 1673 576 Dominus
1687 547 1801 582 sabaoth,
1814 555 1889 577 nonam

1126 598 1185 634 cjns
1198 598 1316 626 Sanctus
1327 598 1420 625 lsrael.
1439 597 1525 625 Porro
1537 597 1614 632 juxta
1635 596 1800 630 llebraicum,
1810 604 1838 623 ex
1846 604 1890 631 pcr-

1127 652 1194 672 Soua
1220 644 1312 679 populi
1340 643 1478 679 Propheta
1502 643 1629 679 loquitur,
1651 642 1721 678 quod
1747 642 1800 670 haec
1820 642 1892 670 fecerit

1126 697 1222 719 eontra
1245 691 1410 727 Babylonem
1437 691 1569 717 Dominus
1587 691 1764 724 exercituum,
1781 689 1847 724 cujus
1858 697 1894 716 no-

1127 746 1188 766 tneu
1206 739 1242 765 sit
1254 738 1372 765 Sanctus
1384 737 1477 765 Israel.
1495 736 1670 772 Rursumque
1688 736 1720 764 ad
1736 736 1813 770 ipsam
1827 735 1894 770 Baby.

1126 785 1220 813 louem
1235 792 1326 813 sermo
1337 784 1473 820 dirigitur.
1492 783 1560 812 Sede
1575 788 1672 817 tacens,
1689 783 1744 810 sive
1757 788 1894 817 cotnpuncta,

1126 837 1154 860 et
1170 840 1278 859 tuorum
1295 832 1441 860 criminum
1457 830 1613 859 recordare.
1637 830 1651 857 1
1656 831 1777 867 ngredere
1790 831 1896 857 tenebras:

1125 881 1188 916 quia
1207 887 1262 915 prae
1284 879 1446 907 confusione
1466 884 1494 906 et
1508 878 1657 914 ignominia
1675 878 1760 905 lttcem
1779 877 1842 904 ferte
1856 885 1897 904 non

1124 928 1262 955 sustines:
1278 934 1451 962 nequaquam
1478 926 1631 959 vocaberis,
1659 933 1712 953 non
1734 924 1809 952 unius
1831 924 1897 959 regni,

1124 975 1171 1003 sed
1191 983 1240 1003 nec
1264 976 1387 1002 omttittnt
1414 982 1561 1010 regnorum
1578 972 1900 1007 dotnina.Simnlquequia

1123 1023 1230 1050 oeculta
1243 1022 1358 1057 qutestio
1373 1022 1546 1050 nascebatur:
1559 1029 1608 1049 cur
1621 1022 1784 1049 irasceretur
1795 1020 1856 1047 Deus
1867 1019 1902 1046 ad-

1124 1078 1221 1097 versus
1245 1070 1400 1104 Chaldaeos,
1418 1077 1487 1106 quos
1503 1070 1561 1104 ipse
1576 1069 1652 1096 misit
1666 1069 1699 1097 ad
1713 1067 1862 1103 capiendum
1873 1065 1903 1094 ls-

1124 1117 1180 1145 rael
1197 1126 1202 1144 :
1221 1116 1374 1151 respondit,
1397 1117 1496 1144 iratutu
1519 1124 1549 1144 se
1564 1120 1659 1144 contra
1684 1116 1810 1152 populum
1833 1120 1903 1147 suum,

1123 1164 1262 1199 corripere
1278 1171 1327 1191 eos
1342 1163 1472 1197 voluisse,
1488 1171 1541 1190 non
1555 1163 1674 1198 perdere
1687 1184 1695 1196 ,
1706 1162 1854 1195 verberare,
1864 1168 1905 1188 non

1123 1210 1260 1238 cecidere.
1278 1209 1344 1237 Illos
1359 1215 1449 1237 antem
1464 1209 1565 1237 abuSos
1579 1217 1642 1238 esse
1655 1208 1817 1237 crudelitate
1829 1215 1878 1237 sua.
1888 1211 1908 1233 et

1122 1257 1184 1292 plus
1198 1257 1363 1292 imposuisse
1378 1257 1516 1293 plagarum
1530 1264 1613 1292 quam
1626 1256 1676 1284 Dei
1693 1256 1761 1283 ultio
1774 1254 1907 1290 ﬂagiutbat:

1124 1313 1305 1341 magnumque
1322 1305 1477 1341 Babylonia:
1492 1304 1668 1332 crudelitatis
1684 1304 1812 1332 indicium
1826 1306 1870 1334 est.
1881 1308 1906 1328 ue

1122 1352 1234 1380 senibus
1248 1351 1360 1387 quidem
1372 1351 1544 1387 pepercisse,
1556 1359 1676 1386 quorum
1694 1357 1762 1378 tetas
1772 1349 1847 1378 etiam
1857 1348 1911 1375 inter

1123 1398 1218 1427 hostes
1233 1399 1398 1427 venerabilis
1412 1404 1464 1427 est.
1480 1398 1534 1427 Sed
1547 1403 1575 1426 ct
1587 1399 1641 1427 hoc
1654 1399 1766 1434 signum
1783 1396 1910 1432 superbia,

1123 1446 1194 1481 quod
1213 1446 1340 1481 praesenti
1363 1446 1491 1473 felicitate
1506 1445 1636 1481 decepta,
1651 1445 1806 1473 futurorum
1819 1449 1913 1471 nonco-

1122 1493 1217 1529 gitarit
1230 1493 1366 1527 ambigua.
1382 1493 1463 1530 552
1477 1492 1549 1529 Ergo
1564 1501 1679 1528 semper
1696 1492 1723 1520 iu
1739 1490 1871 1528 prosperis
1881 1489 1915 1517 de-

1122 1539 1219 1567 bemus
1229 1547 1327 1567 cavere
1338 1544 1468 1567 ventura:
1482 1547 1531 1567 nec
1539 1538 1661 1567 traditos
1676 1539 1760 1566 nobis
1768 1538 1916 1574 Opprimete,

1126 1589 1169 1622 qui
1186 1587 1219 1615 ad
1233 1587 1284 1614 hoc
1299 1587 1472 1620 erudiuntur,
1484 1592 1514 1614 ut
1534 1587 1666 1615 meliores
1683 1586 1763 1613 fiant.

1159 1636 1256 1671 (Vers.
1272 1637 1299 1669 8,
1315 1637 1419 1672 seqq.)
1446 1636 1480 1663 Et
1503 1644 1570 1663 nunc
1594 1635 1664 1663 audi
1693 1635 1763 1669 haec,
1779 1631 1920 1662 delicata‘et

1121 1682 1242 1710 habitans
1259 1683 1430 1717 conﬁdenter,
1455 1690 1514 1718 qua:
1541 1681 1608 1708 dicis
1630 1682 1660 1710 in
1686 1682 1771 1710 corde
1796 1687 1839 1708 tuo
1854 1688 1863 1707 :
1877 1679 1921 1713 Ego

1120 1738 1188 1761 sum,
1200 1734 1223 1756 et
1239 1737 1290 1756 non
1305 1735 1343 1756 est
1355 1733 1449 1765 prater
1464 1737 1505 1756 me
1517 1728 1635 1761 amplius
1645 1736 1657 1756 :
1670 1737 1727 1756 non
1742 1727 1834 1756 sedebo
1848 1726 1923 1755 vidua.

1120 1781 1144 1804 et
1157 1776 1281 1813 ignorabo
1295 1776 1470 1803 sterilitatem.
1483 1774 1518 1802 Et
1536 1775 1641 1803 venient
1656 1776 1708 1803 tibi
1721 1777 1775 1803 duo
1788 1775 1843 1802 hct:
1853 1772 1924 1800 subito

1119 1821 1146 1848 in
1160 1822 1201 1849 die
1215 1831 1276 1856 una,
1301 1821 1425 1849 sterilitas
1447 1826 1471 1848 et
1496 1822 1609 1849 viduitas
1628 1830 1639 1849 .'
1664 1822 1794 1849 uniuersa
1817 1824 1924 1848 verterunt

1118 1877 1196 1904 super
1210 1874 1243 1901 te,
1260 1874 1364 1905 propter
1377 1869 1571 1896 multitudinem
1596 1868 1805 1904 maleficiorum
1826 1874 1926 1897 tuorum,

1119 1920 1143 1942 et
1173 1921 1278 1951 propter
1300 1915 1426 1942 duritiam
1463 1916 1664 1943 incantatorum
1712 1922 1824 1943 tuorum
1864 1912 1927 1940 relie-

1118 1962 1238 1998 mentcr[
1254 1962 1332 1997 Vulg.
1349 1961 1521 1989 vehementem
1533 1961 1554 1998 ].
1571 1961 1606 1989 Et
1636 1962 1776 1997 ﬁduciam
1792 1960 1900 1989 habuisti
1909 1960 1930 1986 in

1120 2010 1220 2036 malitia
1234 2014 1289 2039 tua.
1302 2014 1326 2036 et
1342 2008 1433 2036 dixisti
1446 2017 1456 2036 ε
1469 2008 1529 2036 Non
1545 2013 1583 2036 est
1595 2009 1646 2044 qui
1662 2009 1755 2036 videat
1766 2017 1808 2037 me
1821 2017 1829 2036 :
1844 2007 1932 2044 δωρίτη-

1118 2056 1153 2083 ιὶα
1168 2062 1212 2084 tua
1224 2060 1248 2083 et
1263 2056 1371 2084 scientia
1387 2061 1431 2082 tua
1450 2055 1505 2083 hate
1519 2056 1689 2089 dcteperunt
1711 2062 1751 2089 te,
1775 2062 1801 2083 et
1814 2055 1900 2083 dixiin
1913 2053 1933 2079 in

1118 2104 1195 2132 corde
1206 2109 1249 2131 tuo
1262 2112 1271 2131 :
1283 2112 1330 2140 ego
1344 2112 1412 2135 smn,
1428 2107 1452 2130 et
1468 2107 1562 2136 praeter
1575 2111 1616 2131 me
1634 2112 1693 2131 non
1711 2109 1754 2131 est
1780 2103 1875 2131 altera.
1892 2099 1936 2126 Vt-

1119 2151 1170 2177 niet
1185 2158 1262 2187 super
1272 2154 1296 2176 te
1306 2148 1415 2181 malum,
1437 2154 1461 2176 et
1488 2149 1586 2176 nescies
1616 2155 1717 2177 ortum
1733 2151 1809 2186 ejus,
1834 2153 1857 2176 et
1870 2148 1937 2174 irruit

1118 2206 1195 2232 super
1209 2203 1233 2225 te
1248 2197 1394 2230 calamitas,
1420 2204 1499 2232 quam
1513 2204 1564 2223 non
1587 2197 1698 2231 poteris
1725 2197 1852 2232 expiare,
1867 2193 1938 2222 venit!

1117 2252 1195 2279 super
1210 2249 1234 2271 te
1246 2248 1349 2280 repente
1362 2243 1476 2277 miseria,
1491 2250 1569 2278 quam
1584 2245 1707 2271 nescies.
1726 2244 1792 2271 Duo
1808 2242 1890 2270 simul
1903 2247 1938 2267 vc-

1119 2290 1195 2318 nient
1222 2290 1368 2326 Babyloni,
1391 2289 1524 2317 sterilitas
1548 2293 1575 2316 et
1594 2289 1748 2325 viduitas,
1767 2294 1800 2318 ut
1815 2296 1868 2317 nec
1882 2286 1937 2315 lilio!

1118 2338 1229 2372 habeat,
1258 2337 1284 2365 id
1305 2341 1358 2371 est,
1375 2336 1515 2372 subjectos
1529 2336 1582 2363 sibi
1600 2337 1739 2372 populos
1754 2346 1763 2370 ς
1783 2345 1839 2365 nec
1852 2338 1932 2363 virum

1118 2393 1199 2422 quem
1225 2392 1318 2419 regem
1340 2391 1485 2419 possumus
1511 2383 1678 2419 intelligere
1696 2393 1704 2412 :
1724 2393 1795 2422 qua
1812 2383 1878 2413 dum
1898 2388 1937 2410 not

1112 2459 1191 2481 tuens
1204 2456 1296 2485 mente,
1320 2457 1350 2479 ut
1365 2452 1401 2479 sit
1425 2459 1522 2479 sensus
1540 2460 1595 2480 non
1624 2452 1728 2482 licere
1748 2454 1853 2482 mentis
1871 2451 1931 2479 dimi

1116 2490 1238 2517 nutivum
1255 2488 1355 2516 facere.
1373 2488 1427 2516 Res
1441 2496 1506 2516 vero
1520 2487 1635 2522 clamat,
1657 2491 1700 2518 de
1716 2496 1786 2519 ruta
1809 2496 1840 2519 et
1864 2494 1937 2517 tueut:

1117 2525 1209 2553 herbis
1224 2532 1380 2552 sermonem
1407 2523 1451 2551 ltic
1475 2531 1548 2557 esse,
1572 2525 1741 2559 sciunt-lue
1769 2532 1937 2557 omnes.nn1

1115 2561 1198 2588 licere
1225 2561 1295 2587 sicut
1309 2568 1323 2587 a
1341 2565 1400 2587 rut't
1415 2560 1542 2594 rutulam,
1558 2561 1593 2587 ita
1609 2568 1626 2587 a
1659 2567 1768 2590 menta
1802 2561 1937 2590 mentulam

1114 2598 1317 2636 ύποκοριᾳτικῶς
1334 2597 1436 2636 ([ἰοθξα.
1457 2595 1618 2636 Cicertplib:
1639 2605 1671 2626 lx
1691 2598 1782 2636 Eant.
1807 2600 1894 2631 θινὶ-ι.
1910 2595 1937 2623 ΞΞ

1113 2631 1203 2668 quem'
1226 2634 1315 2660 locum
1339 2632 1368 2660 S.
1393 2631 1504 2659 Doctor.
1532 2632 1664 2660 alludit:
1688 2634 1771 2662 Buta
1801 2638 1829 2662 et
1852 2639 1934 2660 menta

1113 2669 1210 2707 inquit,
1226 2673 1295 2707 recte
1310 2673 1446 2707 utrumque
1459 2669 1556 2695 dicitur
1570 2669 1664 2707 :‘uolo
1680 2678 1815 2699 mentum
1830 2668 1936 2707 pus-illm

1112 2704 1149 2731 ita
1173 2705 1307 2740 appellare
1321 2708 1348 2731 ut
1362 2703 1563 2742 rutulumpnou
1579 2703 1661 2732 licet.
1695 2708 1766 2736 Alia
1785 2703 1893 2742 "culpo
1907 2715 1932 2731 e-

1112 2747 1200 2782 e:tq_ue
1213 2742 1342 2768 obscena
1357 2739 1418 2775 ejus
1434 2741 1552 2768 nominis
1577 2741 1604 2768 itt
1624 2742 1826 2772 ditniuutivo
1852 2739 1936 2778 sigmi

1115 2782 1197 2805 cauo.

1147 2839 1183 2845 —-
1206 2824 1292 2852 Mente
1313 2824 1479 2865 [acere._Hic
1491 2832 1688 2865 qnpque_pro
1718 2835 1829 2865 mente,
1853 2836 1936 2865 pontu

1110 2865 1236 2892 mentum,
1257 2869 1272 2887 a
1294 2865 1381 2887 ntenta
1404 2862 1500 2896 facere.
1518 2860 1584 2894 Quae
1606 2860 1712 2891 léctio
1730 2860 1861 2896 εμηςιίιιί
1876 2865 1936 2893 "lini

1115 2904 1147 2924 ac
1163 2896 1260 2923 falsum
1277 2896 1448 2930 obtrudit.ut
1459 2897 1558 2932 legenti
1570 2898 1780 2931 manifestum
1797 2911 1867 2933 esse
1882 2907 1936 2937 ρυυ

1112 2932 1158 2961 rit.
1173 2932 1312 2961 Mantus.
