4096 6330
289 279 400 360 tsr

290 497 424 552 trari
469 500 622 570 quod
672 501 876 566 Persa},
925 501 1126 556 nullius
1176 511 1304 558 ante
1359 502 1714 573 fortitudinis,
1747 519 1891 569 eam,

285 585 433 662 Cyro
474 602 766 662 regnante,
814 604 1163 664 superarent,
1213 606 1268 650 et
1299 611 1413 652 suae
1441 597 1776 666 subjiccreut
1803 612 1897 667 po-

288 683 492 739 testali.
549 685 685 754 Quae
710 704 951 760 perpessa
975 704 1050 754 es,
1085 689 1282 760 inquit,
1315 707 1420 744 non
1463 690 1635 746 solum
1687 701 1898 764 propter

285 776 586 847 superbiam
609 788 656 833 et
685 780 1055 836 abundantiam
1081 795 1382 838 cunctarum
1400 801 1555 853 opum
1581 795 1736 856 atque
1766 784 1898 840 deli-

285 870 415 940 cias,
439 871 536 928 sed
563 882 612 928 et
641 885 849 947 prapter
865 875 1251 932 multitudinem
1272 878 1651 948 maleficiorum
1668 889 1893 948 tuorum,

285 975 332 1020 et
363 965 756 1022 incantatorum
802 977 1030 1039 tuorum,
1061 971 1115 1025 in
1152 971 1337 1042 quibus
1366 972 1597 1029 habuisti
1624 973 1894 1044 ﬁduciam.

283 1058 352 1116 Et
370 1063 704 1137 uenietsuper
726 1074 774 1119 te
803 1065 1000 1121 malum
1028 1067 1169 1139 quod
1194 1076 1348 1122 antea
1366 1069 1646 1138 nesciebas,
1673 1080 1720 1125 et
1748 1071 1898 1142 cujus

280 1155 559 1228 ignorabas
586 1168 779 1214 ortum.
810 1160 939 1216 Sive
969 1169 1032 1216 ut
1060 1161 1419 1234 Septuaginta
1454 1164 1858 1220 transtulerunt
1883 1183 1893 1217 :

288 1251 469 1310 Veniet
515 1272 674 1325 super
694 1267 742 1310 te
772 1255 1016 1328 perditio,
1051 1265 1102 1311 et
1134 1258 1328 1314 nescies
1356 1274 1374 1312 :
1401 1261 1570 1332 fovea,
1601 1269 1651 1314 et
1703 1259 1899 1314 incides

281 1348 335 1402 in
359 1365 478 1404 eam
503 1365 523 1404 :
557 1360 615 1404 ut
663 1366 786 1423 qua:
812 1353 1028 1408 cunctis
1059 1353 1332 1423 gentibus
1354 1354 1589 1425 parabas
1614 1354 1898 1425 captivita-

283 1439 351 1495 tis
399 1443 632 1512 malum,
665 1443 784 1514 ipsa
815 1442 1029 1502 incidas
1084 1448 1137 1500 in
1193 1445 1406 1502 foveam
1457 1463 1621 1520 quam
1671 1449 1894 1518 parasti.

278 1533 411 1603 Qua:
436 1539 733 1608 perSpicua
764 1549 932 1610 sunt,
965 1541 1078 1596 cito
1124 1556 1390 1598 sermone
1434 1545 1891 1601 transcurrimus.

348 1637 368 1708 (
397 1636 556 1692 Vers.
593 1636 662 1692 12
687 1637 888 1711 seqq.)
923 1637 1021 1694 Sta
1065 1656 1182 1694 cum
1235 1641 1650 1697 incantatoribus
1693 1643 1817 1712 tuis,
1849 1651 1896 1696 et

275 1747 394 1786 cum
426 1730 764 1790 multitudine
793 1733 1172 1805 maleficiorum
1198 1745 1425 1805 tuorum,
1457 1738 1512 1792 in
1537 1738 1722 1808 quibus
1752 1737 1897 1793 labo-

757 281 1408 346 COMMENTARIORUM
1450 285 1516 345 IN
1560 285 1795 346 ISAIAM
1834 287 2257 352 PROPHETAM
2299 281 2425 355 LIB.
2472 299 2611 362 XIII.
2654 300 2809 362 CAP.
2850 303 3090 364 XLVIII.

287 411 496 472 sperat,
528 414 761 477 repente
790 407 1065 462 sustinuit.
1100 405 1289 480 Neque
1329 409 1472 464 enim
1503 419 1716 480 poterat
1745 411 1898 464 arbi-
1927 422 1974 480 Α
2005 431 2253 489 omnibus

3491 317 3519 371 ri
3529 313 3599 372 58

2261 474 2276 499 ,
2307 437 2435 504 quid
2487 449 2777 498 venturum
2809 445 2912 513 sit,
2959 444 3229 518 Propheta
3277 452 3599 522 respondit:

2005 523 2146 580 Ecce
2173 529 2299 598 facti
2325 542 2445 585 sunt
2472 537 2626 604 quasi
2646 537 2868 608 stipula,
2898 539 3034 612 ignis
3080 541 3340 597 devoravit
3391 561 3480 601 eos
3503 563 3520 611 ;
3549 557 3603 602 ut

1999 621 2091 690 qui
2124 624 2358 678 salutem
2389 625 2514 682 aliis
2542 631 2956 701 promittebant,
2999 649 3095 689 sua
3130 637 3442 707 ignorarent
3474 656 3604 710 sup-

2001 711 2159 782 plicia
2190 729 2204 768 :
2240 731 2340 770 nec
2369 715 2592 775 dubium
2629 722 2784 793 quin,
2819 725 3046 782 ardente
3079 728 3234 796 urbe,
3268 729 3602 789 habitatores

1997 804 2118 875 ejus
2143 821 2309 862 vorax
2333 807 2551 866 ﬂamma
2573 819 3000 886 consumpserit.
3027 819 3292 892 Quodque
3317 826 3563 894 sequitur
3588 847 3600 881 :

2001 897 2124 952 Non
2150 909 2269 955 sunt
2291 918 2476 971 prunas
2500 905 2683 976 quibus
2709 907 2973 978 cale/iant,
3007 928 3102 966 nec
3129 916 3276 985 focus
3298 927 3355 972 ut
3384 917 3602 974 sedeant

1998 992 2070 1045 ad
2095 1007 2230 1060 eum,
2263 994 2344 1050 sic
2391 995 2600 1052 Hebraei
2641 999 2971 1058 edisserunt.
3025 1004 3238 1062 Nullam
3269 1007 3471 1066 habent
3506 1026 3598 1067 ca-

2000 1084 2135 1141 loris
2150 1088 2456 1158 scientiam,
2477 1105 2576 1146 uec
2600 1091 2998 1153 illuminantem
3024 1113 3272 1170 sensum,
3296 1107 3386 1174 qui
3407 1119 3600 1162 eorum

2003 1178 2252 1234 tenebras
2282 1183 2453 1252 possit
2475 1183 2776 1256 discutere,
2805 1198 2860 1244 et
2878 1188 3048 1262 frigus
3071 1196 3274 1250 erroris
3289 1199 3596 1268 expellere.

2001 1269 2106 1326 Pro
2142 1288 2250 1344 quo
2277 1277 2466 1332 nescio
2490 1278 2620 1348 quid
2647 1281 2917 1348 ,volentes
2961 1283 3313 1359 Septuaginta
3359 1300 3600 1348 transtu-

2001 1361 2211 1420 lerunt:
2238 1365 2413 1422 Habes
2434 1369 2680 1425 carbones
2707 1373 2862 1442 ignis,
2893 1375 3090 1430 sedebis
3115 1396 3268 1450 super
3293 1399 3378 1438 eos
3399 1401 3414 1437 :
3435 1384 3599 1458 554
3639 1387 3642 1392 ’

2001 1455 2054 1508 Ιιὶ
2078 1468 2227 1512 erunt
2253 1459 2343 1512 tibi
2385 1460 2438 1514 in
2464 1463 2828 1532 adjutorium;
2859 1469 2959 1523 nisi
2994 1469 3130 1527 forte
3162 1455 3471 1542 possumus
3497 1455 3598 1534 hoc

1999 1549 2207 1620 dicere,
2235 1555 2376 1624 quod
2438 1557 2610 1612 multo
2642 1559 2829 1616 utilior
2881 1565 2954 1618 sit
2998 1563 3136 1635 ignis
3185 1577 3239 1623 et
3289 1570 3600 1630 incendium

2002 1644 2288 1719 Babyloni,
2321 1665 2482 1720 quam
2517 1651 2738 1708 fuerunt
2764 1656 2906 1726 magi
2937 1667 2993 1712 et
3019 1657 3307 1732 Gazareni,
3341 1665 3607 1739 astrologi

1999 1746 2056 1794 et
2077 1739 2465 1798 incantatores.
2500 1743 2599 1800 Hic
2627 1747 2770 1802 enim
2803 1763 2898 1804 eos
2927 1765 3026 1820 per
3052 1767 3244 1823 poenas
3283 1764 3444 1828 atque
3471 1773 3601 1831 sup-

278 1826 405 1882 rasti
430 1827 498 1881 ab
521 1825 875 1883 adolescentia
905 1837 1016 1893 tua,
1049 1831 1095 1884 si
1143 1834 1276 1902 forte
1299 1832 1426 1903 quid
1455 1833 1620 1905 prosit
1665 1833 1776 1900 tibi,
1802 1843 1891 1888 aut
1923 1821 1972 1882 B
1999 1833 2159 1904 plicia
2211 1835 2276 1890 ad
2326 1837 2698 1908 pinnitentiam
2733 1851 3030 1912 provocat;
3053 1821 3148 1902 illi
3206 1864 3303 1918 per
3352 1821 3596 1910 errorem

277 1918 324 1973 si
350 1921 519 1989 possis
545 1921 664 1987 ﬁeri
695 1924 903 1993 fortior.
952 1923 1204 1997 Defecisti
1250 1927 1304 1979 in
1347 1925 1680 1981 multitudine
1717 1928 1890 1981 consi-

279 2013 470 2069 liorum
499 2024 710 2072 tuorum
739 2033 758 2072 :
786 2027 920 2072 stent
970 2027 1019 2072 et
1054 2016 1253 2074 saluent
1297 2028 1346 2073 te
1389 2036 1612 2085 augures
1640 2019 1777 2088 caeli,
1808 2019 1898 2086 qui

279 2107 766 2182 contemplabantur
793 2110 990 2178 sidera,
1025 2120 1070 2166 et
1097 2111 1455 2185 supputabunt
1499 2129 1718 2182 menses,
1751 2122 1898 2167 utea:

281 2203 349 2258 eis
393 2205 764 2259 aununtiarent
794 2214 1013 2261 ventura
1059 2206 1172 2262 tibi.
1230 2205 1362 2262 Ecce
1409 2208 1540 2278 facti
1595 2215 1717 2263 sunt
1747 2209 1896 2280 quasi

281 2297 494 2370 stipula,
549 2299 686 2370 ignis
729 2300 1008 2355 combussit
1041 2313 1169 2354 eos:
1201 2316 1307 2355 non
1355 2299 1644 2358 liberabunt
1695 2303 1896 2357 animas

281 2408 400 2448 suas
428 2391 493 2446 de
539 2409 699 2447 manu
727 2393 952 2464 [tantone
977 2409 996 2447 :
1028 2410 1130 2448 non
1160 2403 1281 2449 sunt
1308 2410 1494 2464 pruna:
1521 2396 1704 2466 quibus
1750 2395 1895 2450 cale-

287 2486 430 2556 fiant,
464 2503 556 2542 nec
584 2489 733 2560 focus
765 2496 819 2542 ut
846 2488 1063 2544 sedeant
1091 2489 1159 2543 ad
1182 2506 1297 2544 eum
1338 2506 1357 2546 :
1387 2491 1462 2545 sic
1483 2495 1625 2564 facta
1649 2501 1771 2546 sunt
1801 2490 1898 2547 tibi

284 2580 338 2635 in
363 2583 769 2656 quibuscumque
811 2581 973 2656 553
1023 2581 1396 2640 laboraueras:
1443 2586 1788 2656 negotiatores
1817 2589 1898 2638 tui

289 2675 348 2730 ab
375 2675 731 2732 adolescentia
756 2685 848 2731 tua
876 2678 1227 2747 unusquisque
1255 2679 1310 2732 in
1337 2679 1419 2733 via
1439 2695 1536 2733 sua
1561 2689 1898 2736 erraverunt:

287 2790 389 2830 non
434 2785 509 2831 est
551 2774 641 2846 qui
671 2773 833 2830 salvet
866 2783 932 2830 te.
966 2772 1113 2830 LXX
1140 2792 1153 2830 :
1180 2775 1276 2830 Sta
1320 2791 1456 2830 nunc
1483 2775 1537 2829 in
1582 2775 1898 2830 incantatio-

287 2870 433 2926 nibus
463 2873 568 2926 tuis
594 2879 643 2926 et
668 2871 723 2926 in
753 2870 928 2925 multis
954 2869 1231 2941 maleficiis
1259 2871 1381 2937 tuis,
1415 2885 1532 2940 quae
1553 2870 1788 2925 discebas
1830 2869 1895 2924 ab

287 2962 636 3019 adolescentia
654 2969 765 3030 tua,
793 2970 817 2999 ⁸
837 2962 883 3017 si
903 2961 1150 3035 prodesse
1174 2961 1267 3016 tibi
1293 2970 1509 3032 possunt
1535 2970 1620 3017 :et
1648 2960 1900 3016 luborasti

287 3057 339 3112 in
370 3058 601 3114 consiliis
632 3057 734 3113 tuis
760 3073 780 3113 :
811 3066 942 3112 stent
986 3067 1034 3112 et
1079 3059 1276 3112 salvam
1327 3067 1378 3112 te
1406 3058 1598 3128 faciant
1645 3058 1898 3129 astrologi

287 3149 419 3219 coeli,
445 3151 538 3221 qui
588 3149 1007 3222 contemplantur
1058 3149 1236 3206 stellas
1260 3167 1280 3207 :
1315 3152 1621 3206 annuntient
1650 3151 1744 3205 tibi
1770 3152 1896 3222 quid

1999 1927 2205 1985 ducttnt
2234 1929 2301 1986 ad
2330 1933 2667 2004 superbiam.
2697 1934 2889 1991 Omnis
2918 1937 3075 1994 labor
3117 1940 3234 2011 ejus
3263 1952 3320 1998 et
3349 1946 3598 2015 negotia-

2001 2034 2147 2081 tores
2176 2026 2340 2096 illius,
2373 2045 2512 2100 quos
2543 2047 2731 2102 magos
2773 2033 3155 2107 intelligimus,
3198 2038 3302 2096 hoc
3349 2043 3596 2112 proiecit,

1999 2129 2059 2176 ut
2089 2125 2460 2195 unusquisque
2506 2141 2602 2182 sua
2647 2140 2860 2186 erraret
2905 2132 3028 2199 via;
3076 2146 3130 2191 et
3183 2136 3302 2208 ipse
3351 2139 3601 2209 perditus

1997 2215 2231 2273 salutem
2261 2217 2419 2274 alteri
2449 2235 2556 2277 non
2600 2223 2893 2294 praeberet.
2943 2226 3352 2302 Interrogemus
3381 2248 3476 2289 eos
3506 2235 3603 2304 qui

1999 2307 2247 2365 diversas
2267 2323 2663 2371 asseruntesse
2693 2326 2941 2388 naturas,
2968 2331 3150 2377 utrum
3182 2323 3419 2397 Babylon
3447 2329 3603 2383 malm

2001 2410 2210 2458 natura:
2236 2404 2327 2472 sit,
2382 2420 2452 2460 an
2499 2407 2695 2464 bonaz?
2736 2411 2791 2467 Si
2825 2413 2983 2468 mala:
3013 2415 3272 2485 dixerint,
3326 2421 3469 2490 quod
3507 2438 3603 2478 eos

2000 2509 2366 2566 responsuros
2423 2515 2545 2556 esse
2598 2518 2705 2558 non
2757 2504 2982 2561 dubium
3015 2518 3118 2576 est,
3169 2513 3446 2580 quomodo
3476 2529 3605 2582 pro-

1998 2600 2223 2645 vocatur
2250 2591 2318 2646 ad
2365 2595 2770 2665 pmnitentiam,
2809 2608 2865 2653 et
2893 2601 3097 2656 dicitur
3133 2602 3226 2657 ei:
3279 2603 3417 2660 Sede
3453 2623 3596 2662 com-

2001 2695 2211 2753 puncta,
2242 2686 2381 2740 intra
2411 2687 2464 2742 in
2493 2688 2746 2753 tenebras,
2777 2690 2892 2760 ﬁlia
2915 2691 3303 2751 Cltaldworum.
3338 2700 3417 2754 Ac
3442 2699 3598 2756 dein-

1999 2790 2132 2844 ceps
2172 2788 2290 2845 post
2316 2783 2784 2839 enumerationem
2819 2795 3169 2856 peccatorum
3193 2799 3248 2847 et
3277 2791 3596 2854 criminum.

2000 2871 2178 2928 Habes
2206 2874 2456 2931 carbones
2484 2877 2644 2951 ignis,
2677 2879 2876 2934 sedebis
2899 2897 3056 2953 super
3082 2900 3168 2939 eos
3195 2901 3212 2940 :
3243 2887 3299 2940 hi
3328 2897 3478 2943 erunt
3509 2889 3606 2943 tibi

1998 2965 2054 3019 in
2073 2967 2398 3038 adiutorium
2426 2971 2450 3025 ?
2476 2970 2540 3024 Et
2562 2972 2690 3042 quid
2721 2972 2824 3028 sibi
2847 2973 2980 3029 velit
3016 2976 3161 3047 quod
3194 2978 3426 3034 infertur
3446 2981 3599 3052 juxta

1999 3059 2224 3115 eosdem
2253 3061 2607 3132 Septuaginta
2635 3083 2646 3118 :
2677 3063 2952 3123 Laborasti
2999 3069 3054 3124 in
3101 3074 3502 3130 commutatione
3540 3077 3602 3130 ab

2002 3152 2388 3210 adolescentia?
2415 3157 2544 3224 Qua:
2577 3168 2659 3214 est
2708 3159 2811 3215 ista
2868 3166 3261 3238 commutatio?
3291 3166 3488 3239 Utique
3535 3172 3606 3227 de

289 3251 558 3299 uenturum
585 3245 652 3299 sit
682 3260 838 3317 super
869 3253 934 3300 te.
971 3242 1108 3299 Ecce
1144 3259 1321 3299 omnes
1367 3245 1517 3316 quasi
1547 3242 1819 3317 phrygaim
1839 3245 1893 3298 in
1923 3228 1968 3292 C
2002 3246 2145 3303 bono
2195 3249 2252 3305 in
2300 3251 2531 3308 malum.
2573 3252 2653 3308 Ex
2705 3269 2813 3325 quo
2857 3235 3204 3328 perspicuum
3251 3271 3356 3329 est,
3401 3228 3601 3322 natura

289 3335 404 3406 igne
430 3336 844 3392 comburentur:
870 3347 917 3391 et
960 3353 1064 3391 non
1122 3347 1297 3392 eruent
1347 3338 1578 3393 animam
1629 3353 1778 3392 suam
1833 3337 1897 3392 de

289 3429 532 3498 flamma;
558 3429 682 3501 quia
708 3427 866 3485 habes
903 3429 1150 3485 carbones
1176 3431 1338 3504 ignis,
1371 3430 1572 3486 sedebis
1602 3446 1756 3503 super
1781 3446 1892 3485 eos.

291 3520 365 3575 Ili
385 3532 538 3577 erunt
582 3522 674 3577 tibi
724 3522 779 3577 in
830 3522 1176 3596 adjutorium.
1210 3521 1488 3579 Laborasti
1516 3525 1572 3579 in
1611 3533 1895 3579 commuta-

290 3615 425 3671 tione
455 3624 546 3671 tua
565 3616 631 3671 ab
661 3615 1018 3672 adolescentia
1040 3634 1059 3673 :
1089 3619 1240 3673 homo
1268 3619 1322 3674 in
1352 3620 1628 3690 semetipso
1657 3621 1849 3675 erravit
1874 3635 1894 3675 :

293 3711 382 3767 tibi
418 3722 597 3768 autem
624 3729 728 3768 non
757 3714 854 3769 erit
903 3714 1070 3770 salus.
1106 3714 1374 3772 llabuisse
1415 3714 1750 3788 Babylonem
1779 3731 1894 3770 om-

293 3821 526 3879 nemque
545 3806 878 3877 Chaldaicam,
899 3807 1306 3864 iueantatorum
1334 3817 1392 3864 et
1408 3824 1697 3880 augurum,
1727 3817 1782 3864 et
1799 3807 1896 3863 ha-

294 3899 558 3958 riolorum
597 3910 653 3956 et
683 3900 1088 3958 Gazarenorum
1137 3901 1410 3971 studium,
1438 3917 1577 3974 quos
1629 3917 1729 3958 nos
1769 3917 1896 3957 aru-

295 3994 472 4064 spiccs
500 3993 863 4066 appellamus,
898 3995 1142 4052 Danielis
1168 3995 1462 4066 Pr0pbettn
1484 3997 1651 4053 lectio
1677 3995 1892 4063 probat,

294 4087 382 4158 qui
425 4087 492 4144 ad
539 4103 732 4144 eorum
763 4089 1078 4156 consilium,
1131 4097 1329 4146 cuncta
1377 4105 1534 4160 reges
1566 4088 1893 4161 Babylonios

296 4181 492 4240 iecisse
513 4193 935 4240 commemorat.
969 4185 1074 4240 Pro
1100 4199 1168 4240 eo
1197 4199 1416 4256 quoque
1442 4185 1586 4256 quod
1613 4200 1711 4240 nos
1732 4184 1892 4255 juxta

296 4274 682 4347 Symmachum
709 4286 765 4332 et
792 4275 1231 4333 Theodotionem
1290 4279 1633 4350 interpretati
1663 4293 1850 4334 sumus
1876 4295 1891 4333 :

298 4369 444 4426 Stent
475 4378 522 4426 et
548 4371 750 4426 solvent
779 4381 828 4427 te
851 4389 1078 4446 augures
1097 4373 1234 4442 caeli,
1253 4371 1613 4447 Septuaginta
1639 4374 1895 4431 manifes-

300 4461 404 4520 tius
455 4464 873 4534 transtulerunt,
909 4465 1059 4521 Stent
1089 4475 1137 4522 et
1180 4467 1378 4522 saluam
1405 4477 1455 4523 te
1497 4469 1694 4541 faciant
1719 4479 1892 4524 astro-

300 4556 401 4632 logi
429 4559 589 4626 caeli;
629 4559 724 4630 qui
755 4560 918 4632 vulgo
942 4561 1285 4633 appellantur
1313 4562 1703 4633 mathematici,
1723 4572 1780 4621 et
1821 4578 1891 4620 ex

1999 3343 2193 3412 bonos,
2246 3345 2526 3404 voluntate
2578 3349 2754 3405 malos
2797 3350 2950 3406 'lieri.
3012 3353 3258 3426 Denique
3333 3357 3600 3415 infertur:

1998 3438 2172 3496 Homo
2217 3440 2271 3495 in
2315 3443 2588 3514 semetipso
2616 3446 2826 3513 errauit,
2875 3461 2982 3502 non
3017 3457 3232 3519 natura,
3264 3451 3357 3508 sed
3404 3456 3603 3510 mentis

1997 3533 2249 3591 arbitrio.
3410 3541 3418 3546 ’

2069 3624 2239 3698 (Cap.
2271 3626 2740 3687 XLVlll.—Vers.
2774 3632 2799 3686 1
2835 3633 3022 3706 seqq.)
3046 3634 3236 3690 Audite
3264 3637 3398 3706 Ita'c,
3418 3641 3604 3698 domus

1995 3719 2180 3786 Iacob,
2204 3724 2294 3794 qui
2335 3725 2590 3779 vocamiui
2618 3726 2826 3781 nomine
2862 3728 3048 3796 Israel,
3085 3740 3132 3786 et
3169 3731 3232 3786 de
3284 3736 3430 3804 aquis
3459 3735 3602 3791 .Iuda

1997 3815 2175 3871 existis
2192 3832 2211 3870 :
2237 3817 2324 3888 qui
2338 3819 2561 3891 jurastis
2584 3817 2779 3891 [ναις.
2798 3821 3104 3896 juratis]in
3135 3827 3342 3882 nomine
3363 3825 3603 3896 Domini,

1997 3917 2044 3961 et
2091 3905 2190 3962 Dei
2221 3907 2393 3963 Israel
2435 3909 2806 3976 recerdamini,
2855 3929 2956 3968 non
3009 3915 3062 3968 in
3090 3917 3302 3972 inritato
3341 3936 3502 3991 neque
3551 3923 3604 3978 in

1987 4001 2218 4075 justitia.
2261 4001 2342 4058 De
2383 4004 2589 4059 civitate
2611 4006 2748 4059 enim
2779 4017 2960 4063 sancta
2989 4013 3153 4066 vocati
3185 4024 3346 4069 sunt:
3371 4024 3419 4069 et
3446 4033 3602 4088 super

1997 4091 2282 4151 Dominum
2306 4095 2326 4170 [
2346 4096 2508 4169 Vulg.
2541 4097 2714 4173 Deus]
2749 4099 2919 4156 Israel
2955 4107 3273 4161 constabiliti
3317 4120 3476 4165 sunt:
3497 4110 3602 4166 Do-

1996 4189 2168 4244 minus
2193 4191 2512 4245 exercituum
2543 4208 2728 4248 nomen
2759 4197 2893 4268 ejus.
2941 4195 3070 4253 ﬂare
3099 4197 3376 4256 Chaldaeis
3417 4212 3473 4260 et
3502 4205 3602 4261 Ba-

1994 4281 2234 4354 byloniis
2279 4294 2510 4340 ventura
2543 4285 2792 4356 praedixi,
2845 4299 2904 4344 et
2935 4305 3166 4348 necesse
3203 4304 3289 4348 est
3327 4298 3473 4368 quod
3505 4314 3602 4370 per

1995 4375 2298 4450 Prophetas
2324 4391 2478 4435 meos
2505 4379 2720 4436 locutus
2749 4395 2894 4450 sum,
2929 4384 3096 4442 rebus
3125 4389 3361 4458 espleri.
3393 4391 3472 4447 'I‘u
3501 4407 3601 4448 au-

1997 4481 2128 4536 tem,
2161 4472 2358 4530 domus
2384 4474 2576 4542 Iacob,
2620 4485 2675 4531 et
2703 4477 2796 4548 qui
2825 4479 3094 4536 voeamini
3126 4485 3350 4541 nomine
3402 4485 3596 4552 Israel.

1995 4574 2052 4622 et
2076 4565 2167 4637 qui
2195 4565 2266 4623 de
2285 4581 2424 4638 aqua
2447 4566 2588 4624 Iuda
2620 4569 2845 4641 existis,
2876 4579 2932 4627 et
2961 4583 3159 4628 caetera
3189 4591 3311 4644 quae
3360 4593 3600 4651 sequun-

296 4659 568 4710 astrornm
587 4668 750 4710 cursu
778 4654 1043 4727 lapsuque
1072 4655 1335 4726 siderum,
1371 4672 1460 4715 res
1487 4659 1755 4715 humanas
1775 4658 1892 4730 regi
1923 4636 1971 4697 Ῑ)
1999 4636 2108 4728 tur,
2137 4659 2265 4716 audi
2293 4636 2561 4717 attentius
2581 4675 2706 4734 qua:
2749 4636 2999 4719 dicturus
3023 4679 3168 4720 sum.
3198 4636 3270 4724 Iit
3295 4636 3596 4728 notandum

191 4817 198 4823 .
297 4749 654 4804 arbitrantur.
688 4747 843 4806 Unde
869 4759 924 4804 et
955 4751 1091 4822 Magi
1115 4750 1184 4808 de
1214 4750 1437 4810 Oriente
1462 4763 1754 4822 venerunt,
1788 4755 1896 4811 Do-

298 4841 427 4898 mini
472 4841 691 4898 stellam
724 4857 784 4898 se
811 4843 1011 4898 vidisse
1052 4843 1318 4916 dicentes,
1344 4848 1428 4903 vel
1457 4864 1527 4905 ex
1557 4849 1692 4904 artis
1719 4850 1897 4906 scicn.

299 4935 392 5004 tia,
421 4933 449 4974 δ
480 4935 568 4992 vel
597 4950 663 4990 ex
697 4935 958 4991 vaticinio
1009 4935 1224 4994 Balaam
1257 4938 1549 5010 Propheta:
1577 4942 1686 5010 sui,
1709 4943 1802 5012 qui
1844 4942 1896 4997 in

299 5029 549 5088 Numeris
590 5030 803 5086 dixerat
855 5047 868 5085 :
921 5031 1133 5086 Orietur
1162 5033 1314 5088 stella
1343 5050 1407 5089 ea;
1430 5034 1618 5104 Iacob,
1659 5045 1709 5090 et
1745 5036 1898 5091 homo

300 5125 362 5180 de
393 5125 563 5182 Israel
593 5125 611 5196 (
639 5123 800 5180 Num.
835 5141 984 5192 xxiv,
1017 5125 1145 5196 i7).
1170 5124 1265 5181 Isti
1294 5127 1458 5198 igitur
1487 5129 1576 5199 qui
1602 5137 1900 5198 supputaut

299 5234 539 5288 menses,
564 5233 847 5289 annosque
862 5205 1230 5288 dinumerant,
1262 5230 1316 5276 et
1339 5220 1595 5277 horarum
1625 5232 1898 5278 momenta

302 5313 582 5381 librantes,
627 5313 932 5367 futurorum
981 5312 1271 5368 scientiam
1327 5313 1670 5384 pollicentur,
1715 5314 1900 5371 dicant

303 5405 394 5461 tibi
423 5404 552 5477 quid
582 5419 750 5475 super
789 5412 842 5459 te
889 5403 1151 5460 Dominus
1195 5403 1542 5476 cogitaverit,
1575 5405 1788 5477 illisque
1823 5417 1903 5461 ta-

374 5531 398 5558 ει
429 5522 521 5576 Sic.
553 5519 755 5596 habent
791 5533 922 5574 mss.
953 5518 1020 5575 ad
1058 5518 1309 5576 Grtccum
1338 5519 1680 5596 exemplare?
1705 5517 1898 5596 δυνήσῃ

305 5594 634 5668 ὠφεληθῆνᾳι.
651 5590 828 5645 Antea
845 5600 984 5659 erat,
998 5607 1114 5662 qucc
1135 5609 1235 5668 non
1261 5590 1515 5668 prodesse
1537 5591 1630 5646 tibi
1657 5590 1896 5662 possunt.

376 5665 401 5704 δ
438 5663 637 5719 Itecole
663 5678 785 5730 quae
802 5679 962 5730 supra
979 5663 1357 5719 annotavimus
1391 5667 1442 5718 in
1465 5680 1515 5718 c.
1541 5679 1654 5732 xix,
1684 5678 1828 5718 vers.
1861 5677 1900 5718 ι.

405 5746 429 5776 ο
459 5735 663 5814 Eodem
695 5749 858 5790 sensu
891 5736 943 5814 in
985 5738 1308 5814 Atubtzttsiatl
1339 5743 1729 5814 σεμνοπρσπῶς,
1760 5735 1906 5805 quod

306 5816 408 5879 est,
441 5808 622 5882 digne,
656 5809 956 5871 verecunde,
989 5809 1104 5863 sive
1134 5806 1368 5882 honeste.

373 5912 446 5926 -—
463 5881 784 5954 σὲμνοτερῶς
809 5896 990 5949 aquas,
1015 5889 1122 5936 etc.
1150 5881 1262 5937 Hoc
1285 5882 1448 5937 modo
1466 5881 1569 5954 legi
1595 5887 1810 5952 oportet
1837 5895 1907 5937 ex

747 5973 1022 6035 PATROL.
1072 5973 1312 6036 XXIV.

1996 4754 2141 4826 quod
2183 4769 2523 4824 nequaquam
2573 4769 2671 4810 eos
2695 4755 2935 4827 appellet
2984 4757 3178 4826 Iacob,
3220 4762 3315 4818 sed
3369 4763 3591 4822 domum

1995 4848 2202 4913 Jacob;
2228 4862 2330 4905 nec
2359 4848 2548 4916 Israel,
2572 4847 2664 4919 qui
2689 4849 2790 4906 hoc
2816 4849 2954 4906 falso
2976 4853 3325 4924 appellantur
3347 4859 3590 4929 nomine,

1996 4956 2120 4997 cum
2155 4956 2291 5010 opus
2324 4955 2434 4996 non
2464 4940 2699 4996 habeant
2735 4942 2993 4998 nominis.
3021 4943 3089 4999 Et
3115 4946 3180 5001 de
3199 4947 3368 5019 aquis,
3395 4950 3592 5019 inquit,

1999 5033 2145 5088 Juda
2185 5032 2384 5102 existis,
2407 5043 2429 5071 ο
2457 5041 2772 5113 σεμνοτερῶς
2801 5051 2963 5105 aquas
3007 5051 3211 5093 vocans
3243 5054 3340 5108 pro
3382 5042 3596 5108 sentina,

2000 5135 2061 5181 ut
2092 5139 2431 5196 nequaquam
2460 5141 2558 5181 eos
2590 5129 2851 5182 virtutum
2875 5127 3315 5186 Patriarcharum
3343 5132 3488 5189 ﬁlios
3515 5151 3599 5192 os-

2003 5220 2260 5277 tenderet
2287 5236 2434 5292 esse,
2459 5223 2554 5278 sed
2579 5223 2850 5282 carnium.
2886 5227 2952 5282 Et
2981 5240 3130 5284 recte
3153 5240 3319 5300 aquas
3343 5229 3482 5288 Juda
3505 5249 3601 5304 ap-

2003 5315 2256 5386 pellavit,
2289 5321 2415 5384 quia
2445 5316 2563 5373 Sola
2596 5328 2726 5374 tunc
2755 5320 2812 5375 in
2849 5332 2988 5375 terra
3028 5320 3217 5376 Juda-a
3261 5322 3438 5380 adhuc
3479 5342 3604 5394 per-

2005 5407 2261 5463 manebat
2283 5407 2458 5464 tribus
2480 5425 2495 5475 ;
2521 5417 2578 5465 et
2619 5426 2809 5467 semen
2839 5411 3004 5466 David
3041 5412 3136 5468 illo
3160 5423 3407 5485 tempore
3439 5418 3602 5494 555

2002 5521 2861 5610 manuscriptisﬁexem‘plaribus;
2888 5542 2994 5582 non
3023 5533 3452 5610 cmya’rtxwfspou
3476 5555 3602 5598 cum

2002 5593 2164 5679 editis
2195 5595 2366 5648 libris.
2397 5595 2686 5678 Signiﬁcat
2730 5593 3253 5679 autem_semnoteibs
3273 5643 3288 5664 ,
3321 5593 3444 5661 ciant
3465 5593 3604 5679 qua:

2007 5666 2130 5742 dant
2193 5670 2499 5722 reverentia
2558 5679 2612 5722 ct
2656 5669 3009 5742 verecundo,
3054 5675 3170 5730 sive
3226 5666 3612 5742 vetterabu'ntle

2007 5737 2182 5828 dictas
2203 5753 2328 5828 ejse
2379 5740 2904 5828 aqu-asnpronsen‘tiue.
2929 5739 3161 5803 Codices
3191 5761 3326 5802 mss.
3354 5737 3613 5828 corrupti:

2012 5809 2202 5882 legunt
2222 5817 2726 5867 CEMNOTIPETIQZ.
2767 5809 3037 5868 Maurus.

3063 5981 3139 6046 15
