4096 6330
262 349 365 412 Mi

786 355 1441 417 COMMENTARIORbM
1480 353 1545 410 IN
1582 344 1821 412 ISA’IA'M
1860 345 1895 408 P

1998 348 2287 412 ῬΙΙΕΤἈΜ
2328 354 2457 416 LIB.
2501 354 2638 415 XIII.
2678 356 2833 417 CAP.
2877 356 3109 421 XLVIII.

3479 362 3587 422 ιιι.

257 474 392 530 duxi
420 486 567 543 eum,
604 488 655 531 et
693 476 887 534 directa
928 489 1004 535 est
1044 480 1126 534 via
1153 482 1287 553 ejus.
1328 477 1570 534 Accedite
1596 476 1664 531 ad
1691 491 1791 542 me,
1822 483 1870 530 et
1896 466 1952 532 Ἀ
1974 472 2266 530 credentes
2297 492 2311 530 :
2336 472 2526 531 Venite
2553 477 2624 532 ad
2650 494 2730 534 me
2757 494 2932 535 omnes
2966 479 3059 549 qui
3102 478 3355 537 laboratis
3381 491 3429 536 et
3458 498 3581 537 one.

260 569 447 627 audite
475 570 590 626 haec
618 571 799 646 (Vulg.
832 572 950 646 hoc]
979 592 991 628 :
1018 591 1121 629 non
1147 591 1180 629 a
1207 572 1465 647 principio
1490 572 1545 626 in
1572 570 1875 625 abscondito

262 661 474 719 locutus
497 680 614 719 sum
637 681 659 720 :
677 682 744 721 ex
771 675 1002 739 tempore
1027 677 1302 738 antequam
1326 667 1496 738 ﬁeret,
1527 666 1594 719 ibi
1617 681 1779 721 erant.
1805 663 1877 719 Et

262 772 400 812 nunc
422 756 690 814 ‘Dominus
716 748 859 815 Deus
886 761 1026 816 misit
1052 777 1131 815 me
1148 803 1161 825 ,
1196 770 1243 815 et
1272 760 1485 830 spiritus
1512 760 1648 830 ejus.
1694 756 1873 814 LXX:

259 850 403 906 Audi
434 869 553 920 me,
584 850 751 909 Iacob
788 865 834 910 et
869 853 1077 924 Israel,
1109 872 1259 929 quem
1300 871 1394 929 ego
1440 871 1591 911 uoco.
1619 851 1735 927 Ego
1763 870 1879 909 sum

256 944 491 1015 primus,
521 955 572 1000 et
599 962 694 1021 ego
714 947 772 1002 in
810 949 1176 1021 sempiternam
1202 964 1221 1003 :
1243 957 1294 1003 et
1323 964 1509 1003 manus
1536 962 1652 1002 mea
1683 945 1878 1016 funda-

260 1038 331 1094 uit
358 1048 581 1108 terram,
615 1050 662 1094 et
684 1042 896 1097 dextera
917 1056 1029 1095 mea
1049 1040 1277 1111 ﬁrmauit
1297 1039 1500 1096 caelum.
1542 1037 1745 1094 Vocubo
1767 1054 1874 1106 eos,

261 1139 310 1187 et
331 1131 548 1188 stabunt
562 1132 724 1188 simul
747 1150 766 1188 :
787 1144 834 1188 et
857 1132 1306 1207 congregabantur
1335 1149 1528 1195 omnes.
1560 1142 1609 1187 ct
1628 1133 1839 1188 audient
1859 1148 1878 1186 :

264 1224 398 1292 Quis
429 1225 513 1282 eis
550 1226 813 1283 nuntiauit
855 1228 1000 1284 lues?
1031 1226 1269 1303 Diligens
1308 1240 1387 1294 te,
1420 1229 1521 1298 feci
1569 1228 1882 1282 roluntatcm

259 1325 411 1373 tuam
434 1334 598 1388 super
620 1316 942 1397 Babylonem
967 1339 986 1378 :
1010 1331 1065 1377 ut
1094 1323 1354 1394 auferrem
1397 1337 1567 1378 semen
1606 1318 1881 1377 Citaldtco-

256 1424 402 1468 rum.
434 1408 556 1486 Ego
587 1415 791 1471 locutus
817 1428 933 1472 sum
960 1424 1010 1470 et
1050 1430 1147 1490 ego
1193 1417 1389 1472 vocavi.
1424 1416 1633 1472 Adduxi
1678 1431 1795 1470 eum
1834 1423 1881 1468 et

262 1518 581 1579 prosperam
609 1508 710 1580 feci
728 1511 870 1564 uiam
896 1512 1030 1584 ejus.
1080 1509 1336 1567 Adducite
1363 1511 1433 1566 ad
1477 1524 1559 1566 me
1584 1552 1598 1573 .
1626 1518 1674 1564 et
1703 1506 1882 1562 audite

260 1597 374 1656 inec
407 1617 429 1656 :
463 1599 591 1656 Non
636 1618 669 1655 ιι
716 1603 974 1673 principio
1019 1604 1075 1659 ir.
1122 1605 1427 1660 abscondito
1476 1605 1678 1660 locutus
1718 1618 1880 1657 sum:

263 1694 485 1764 quanio
508 1692 691 1764 ﬁebat,
718 1695 791 1750 ibi
815 1710 979 1751 eram.
1013 1690 1082 1752 Et
1108 1712 1244 1752 nunc
1294 1692 1547 1753 Dominus
1576 1695 1715 1751 Deus
1745 1694 1882 1749 ntisit

262 1798 368 1851 ηε.
398 1799 449 1842 et
475 1788 696 1858 spiritus
727 1793 859 1862 ejus.
880 1791 1093 1860 Quibus
1112 1802 1241 1846 ante
1262 1791 1375 1862 jam
1406 1790 1623 1847 dixerat
1649 1808 1663 1844 :
1693 1788 1882 1845 Audite

1975 568 2077 622 rati
2107 570 2228 624 estis
2250 569 2468 640 (Matth.
2494 588 2571 635 χι,
2592 572 2707 642 28).
2746 574 2808 628 Et
2829 575 3014 631 audite
3046 576 3162 631 haec
3178 593 3299 648 quae
3331 592 3360 630 a
3386 577 3592 647 princi-

1977 662 2066 733 pio
2088 663 2146 718 in
2169 664 2491 721 abscondito
2516 682 2635 722 sum
2658 664 2823 743 559
2841 670 3076 737 locutus,
3104 668 3209 725 hoc
3228 682 3311 726 εει
3332 685 3432 741 per
3454 672 3589 725 aani-

1976 764 2158 828 gmata
2189 766 2242 813 et
2274 760 2531 831 mysteria
2564 749 2976 833 PrOpbetarum,
3009 763 3151 834 quod
3184 765 3403 819 cunctis
3439 771 3587 819 retro

1976 852 2424 922 generationibus
2484 852 2663 909 fuerat
2710 854 3035 927 ignoratum.
3093 858 3322 928 Quando
3384 858 3590 915 ﬁebant

1977 946 2162 1000 omnia
2193 962 2221 999 a
2253 945 2434 1015 Patre,
2466 948 2583 1019 ipse
2618 960 2738 1006 erat
2765 967 2887 1006 cum
2934 967 3003 1007 eo
3027 992 3043 1018 ,
3073 953 3165 1024 qni
3193 953 3540 1025 adgaudebat
3565 999 3580 1021 ,

1979 1038 2071 1108 qui
2127 1039 2292 1095 etiam
2350 1056 2493 1097 nunc
2536 1041 2714 1099 dicit:
2751 1042 2862 1116 Ego
2893 1044 2986 1116 qui
3017 1061 3239 1115 semper
3278 1062 3428 1103 erant
3464 1063 3586 1104 cum

1979 1126 2162 1199 Patre,
2195 1142 2249 1188 et
2278 1130 2333 1187 in
2372 1130 2541 1189 Patre
2566 1179 2580 1202 ,
2611 1143 2669 1190 et
2695 1136 2818 1191 sine
2854 1135 3012 1191 Patre
3044 1153 3338 1208 numquam
3390 1154 3539 1193 eram
3570 1183 3584 1207 ,

1981 1224 2142 1280 etiam
2177 1241 2320 1280 nunc
2342 1225 2396 1279 lo
2419 1240 2542 1293 ιιιοι·
2563 1224 2745 1297 (Joan.
2778 1226 2888 1300 xw)
2926 1244 2939 1281 :
2973 1237 3027 1285 et
3054 1228 3209 1298 juxta
3239 1229 3588 1303 fragilitatem

1982 1316 2162 1372 carnis
2192 1318 2490 1390 assumpta:
2535 1318 2657 1375 dico
2683 1364 2696 1385 ,
2731 1319 2875 1391 quod
2911 1319 3172 1377 Dotninus
3206 1323 3348 1378 Deus
3379 1323 3595 1381 miserit

1986 1427 2094 1478 nte,
2125 1420 2181 1466 et
2224 1411 2452 1483 spiritus
2480 1412 2600 1483 ejus
2628 1431 2639 1466 :
2670 1412 2932 1485 brevique
2962 1415 3236 1472 versiculo
3262 1461 3276 1487 ,
3306 1416 3592 1473 Trinitatis

1985 1505 2141 1562 nobis
2172 1508 2483 1564 ostenditur
2512 1518 2941 1566 sacramentum.

2060 1599 2243 1672 (Vers.
2274 1598 2360 1671 I7,
2385 1601 2450 1657 I8
2474 1601 2658 1674 seqq.)
2690 1602 2822 1659 Hcec
2851 1603 2979 1659 dicit
3001 1602 3273 1665 Dominus.
3298 1606 3597 1677 redemptor

1987 1700 2106 1747 tuus
2133 1703 2343 1748 sanctus
2369 1690 2540 1750 Israel
2563 1711 2582 1750 :
2608 1694 2721 1771 Ego
2743 1690 2997 1751 Dominus
3013 1693 3157 1752 Deus
3179 1706 3299 1753 tuus
3331 1697 3524 1753 docens
3551 1708 3598 1752 te

1986 1787 2161 1853 utilia,
2188 1787 2482 1861 gubernans
2507 1798 2558 1843 te
2582 1789 2637 1843 in
2664 1790 2747 1843 ria
2768 1807 2875 1862 qua
2895 1787 3154 1845 ambulas.
3186 1788 3399 1846 Utinam
3429 1800 3598 1846 atten-

258 1879 398 1950 ἦιξα,
432 1880 628 1937 domus
655 1860 844 1952 Iacob,
876 1884 967 1955 qui
988 1885 1246 1939 vocamini
1266 1860 1474 1939 nomine
1507 1883 1706 1949 Israel,
1739 1894 1787 1940 et
1817 1887 1885 1961 de
1904 1860 1954 1928 Ἦ
1985 1879 2150 1936 disses
2173 1880 2421 1937 mandata
2446 1898 2580 1948 utea,
2606 1882 2749 1953 facta
2769 1860 2950 1955 fuisset
2975 1884 3111 1937 sicut
3138 1883 3331 1949 ﬂumen
3362 1893 3597 1956 paxtua.

268 1981 420 2049 aquis
442 1977 593 2035 Juda
616 1982 818 2044 eaistis.
852 1991 876 2017 η
901 1992 1047 2037 nunc
1071 1981 1136 2037 ad
1170 1980 1391 2038 eosdem
1422 1978 1588 2056 558
1614 1981 1878 2051 loquitur,

268 2072 410 2128 Audi
436 2089 542 2139 me,
573 2072 739 2129 incolt
766 2085 816 2129 et
846 2072 1033 2139 Israel,
1063 2091 1216 2147 quem
1241 2091 1333 2147 ego
1379 2091 1521 2129 voco.
1561 2072 1720 2129 Multi
1749 2075 1882 2129 enim

248 2165 467 2235 pacati,
500 2175 551 2221 et
577 2167 734 2233 pauci
762 2165 913 2222 electi
945 2166 1171 2241 (illattb.
1204 2168 1374 2237 uti).
1423 2165 1579 2223 Unde
1624 2182 1733 2221 non
1766 2167 1881 2223 cle-

264 2260 411 2327 c’tqs,
442 2260 576 2331 quia
612 2261 844 2317 necdum
880 2270 1207 2331 receperant
1240 2260 1616 2327 Salvatorcm;
1649 2261 1743 2316 sed
1784 2275 1880 2316 νο.

268 2364 428 2411 catos
456 2365 766 2426 nuncupat.
814 2354 928 2431 Ego
971 2368 1120 2425 sum,
1146 2357 1324 2429 inquit
1346 2381 1379 2415 α
1405 2367 1454 2412 et
1482 2381 1522 2412 ω
1547 2396 1563 2423 ,
1594 2358 1793 2431 primus
1838 2366 1885 2411 et

275 2452 610 2520 novissimus,
643 2452 739 2525 qui
770 2457 925 2519 vivo,
961 2462 1018 2509 et
1051 2454 1127 2509 fui
1171 2465 1421 2510 mortuus
1450 2454 1655 2528 (Apoc.
1686 2451 1841 2526 xxn)
1868 2470 1883 2519 ;

274 2553 335 2601 ut
380 2544 553 2602 vitam
599 2547 666 2601 ad
712 2548 1044 2619 principium
1099 2545 1351 2614 referas,
1409 2547 1771 2603 novissimum
1821 2544 1889 2600 ad

275 2652 422 2704 eum.
453 2642 546 2712 qui
579 2648 829 2698 mortuus
848 2649 953 2698 est.
984 2640 1086 2711 Qui
1117 2659 1170 2696 se
1187 2641 1472 2697 cxinanivit
1509 2642 1734 2713 formam
1756 2640 1889 2694 servi

276 2735 564 2809 accipiens,
592 2748 642 2789 et
666 2735 841 2805 factus
872 2744 951 2790 est
992 2734 1237 2790 obediens
1264 2731 1452 2799 Patri;
1480 2730 1775 2786 Itumiliaoit
1806 2748 1891 2786 se-

268 2828 450 2902 ipsum
480 2844 646 2895 usque
672 2829 744 2884 ad
766 2838 1003 2895 mortem,
1035 2840 1084 2884 et
1108 2839 1323 2884 mortem
1350 2828 1516 2882 crucis
1539 2824 1769 2901 (Philip.
1802 2826 1884 2896 ιι).

279 2918 474 2980 Manus
502 2934 626 2978 mea
657 2922 895 2993 fundavit
939 2932 1152 2979 terram.
1191 2921 1352 2979 Unde
1380 2933 1434 2978 et
1472 2922 1524 2976 in
1568 2918 1891 2974 Proverbiis

268 3012 523 3090 'IOqu‘ttur
551 3035 564 3074 :
594 3012 735 3072 Deus
760 3018 1015 3089 sapientia
1043 3034 1137 3073 sua
1164 3015 1403 3088 fundavit
1439 3024 1656 3079 terram,
1687 3022 1735 3068 et
1760 3012 1888 3067 dea:-

278 3108 564 3167 tenaill'ius
593 3122 770 3166 mensa
795 3120 870 3167 est
900 3102 1087 3183 (Prov.
1120 3125 1200 3180 ιιι,
1234 3108 1324 3183 l9)
1342 3152 1357 3173 .
1386 3108 1502 3165 sive
1528 3107 1756 3180 ﬁrmavit
1795 3121 1893 3162 cae-

1985 1983 2033 2027 et
2052 1974 2266 2047 justitia
2313 1984 2403 2029 tua
2448 1974 2582 2029 sicut
2610 1976 2841 2049 gurgites
2881 1976 3062 2031 maris.
3113 1973 3184 2030 Et
3232 1976 3418 2045 fuisset
3467 1981 3600 2030 sicut

1986 2086 2145 2125 arena
2173 2086 2350 2126 semen
2378 2079 2543 2137 tuum,
2574 2083 2621 2127 et
2654 2071 2814 2144 stirps
2855 2072 2988 2125 uteri
3015 2072 3092 2125 tui
3136 2079 3191 2126 ut
3230 2069 3406 2143 lapilli
3450 2075 3604 2147 ejus:

1995 2180 2100 2219 non
2127 2164 2446 2232 interissent,
2476 2175 2525 2220 et
2570 2181 2672 2220 non
2701 2166 2883 2236 fuisset
2925 2168 3159 2220 attritum
3206 2182 3389 2221 nomen
3422 2169 3536 2240 ejus
3577 2184 3610 2219 a

1984 2255 2124 2327 facie
2153 2272 2285 2311 mea.
2315 2255 2450 2324 Quia
2492 2256 2682 2313 Israeli
2731 2258 2907 2313 futura
2938 2259 3227 2329 promisit,
3263 2257 3445 2314 reddit
3474 2275 3605 2314 cau—

1988 2368 2078 2408 sas
2106 2369 2277 2425 quare
2304 2370 2399 2409 eos
2433 2354 2584 2423 prius
2611 2350 2868 2410 amiserit
2896 2371 2909 2409 :
2937 2371 3075 2427 quas
3101 2356 3145 2409 si
3180 2356 3466 2419 vitaverit,
3500 2371 3594 2412 ne-

1987 2461 2257 2517 quaquam
2304 2445 2502 2501 similia
2559 2447 2810 2515 patiatur.
2871 2446 2963 2512 Si,
3019 2446 3236 2516 inquit,
3294 2446 3602 2503 allettdisses

1989 2538 2238 2592 mandata
2261 2553 2413 2592 mea:
2434 2548 2491 2592 ut
2516 2536 2873 2609 Septuaginta
2900 2540 3291 2594 transtulerunt
3314 2540 3428 2593 :vcl
3452 2552 3602 2595 certe

1988 2631 2227 2700 Optantis
2260 2630 2455 2686 affectu
2481 2671 2496 2695 ,
2544 2632 2743 2686 utinam
2788 2632 3099 2688 attendisses
3140 2634 3390 2687 mandata
3444 2650 3600 2688 mea:

1989 2738 2112 2792 qua:
2138 2724 2183 2777 si
2212 2722 2474 2789 fecisses;
2510 2722 2702 2780 fuisset
2728 2722 2870 2779 sicut
2904 2724 3126 2779 ﬂumina
3159 2741 3257 2797 pax
3289 2735 3400 2793 tua,
3432 2737 3488 2781 et
3512 2727 3601 2797 ju-

1990 2814 2141 2872 stitia
2166 2825 2252 2871 ttta
2272 2816 2412 2871 sicut
2435 2817 2677 2886 gurgites
2699 2817 2866 2872 maris
2891 2834 2906 2871 :
2927 2818 3320 2873 abundantiam
3351 2820 3595 2874 omnium

1991 2924 2174 2965 rerum
2217 2908 2541 2979 copiamque
2571 2908 2906 2980 significans.
2938 2908 3203 2982 Quodque
3242 2912 3489 2983 sequitur
3516 2922 3604 2968 :et

1992 3004 2176 3075 fuisset
2214 3002 2366 3075 quasi
2395 3019 2555 3057 arena
2584 3018 2755 3058 stmen
2788 3013 2937 3059 tuum
2962 3047 2978 3071 ,
3009 3015 3056 3059 et
3083 3006 3244 3078 stirps
3280 3006 3417 3061 uteri
3445 3007 3521 3061 tui
3549 3017 3604 3059 ut

1993 3097 2166 3171 lapilli
2190 3098 2306 3171 ejus
2329 3113 2348 3151 :
2371 3096 2587 3153 videtur
2610 3098 2827 3169 quidem
2856 3110 3178 3168 permanere
3209 3099 3260 3154 in
3292 3100 3494 3170 populo
3516 3097 3605 3154 Ju-

282 3202 362 3262 I‘os
393 3207 481 3263 vel
509 3206 714 3275 celum,
747 3214 808 3261 u't
850 3200 999 3263 LXX
1038 3206 1454 3262 transtulerunt.
1492 3200 1666 3260 Vocat
1706 3212 1888 3259 autem

1998 3190 2259 3259 du'orutn,
2296 3190 2388 3263 qui
2420 3206 2589 3263 usque
2615 3192 2669 3247 in
2698 3201 3030 3265 praesentem
3068 3191 3248 3257 diem,
3284 3193 3459 3248 instar
3487 3209 3607 3248 ver-

286 3252 361 3262 ---
402 3252 481 3263 --,
509 3252 714 3275 -.,.....-,
854 3252 999 3263 ._-_-_
1039 3252 1454 3262 .._..--_..._..__
1512 3252 1666 3260 ﬂ---
1707 3252 1887 3259 πη---

272 3300 478 3363 tostos.
498 3310 571 3355 ἰιι
595 3302 714 3369 ejus
739 3309 965 3371 pareant
988 3301 1251 3370 jus~ioni,
1281 3308 1339 3355 et
1367 3310 1628 3355 enarrem
1656 3295 1889 3368 gloriam

1998 3252 2327 3344 miculoruni
2352 3252 2794 3356 pttllttiattl-ﬂiios
2821 3297 2876 3342 et
2903 3295 3130 3355 nepotes
3153 3302 3169 3351 ;
3203 3286 3299 3342 sed
3326 3285 3605 3358 quomodo

274 3390 452 3452 ﬂius.
480 3393 544 3452 Si
574 3403 758 3450 autem
800 3394 925 3452 caeli
957 3395 1223 3452 obetliunt
1260 3394 1529 3448 voluntati
1558 3390 1805 3458 Domini,
1837 3400 1895 3446 et

278 3503 389 3546 'suo
420 3494 666 3547 'currttln
705 3489 902 3547 ordine
932 3509 947 3547 :
975 3491 1107 3564 quid
1156 3491 1427 3563 gloriatur
1470 3498 1622 3546 terra
1663 3497 1718 3544 et
1756 3487 1895 3544 cinis

278 3582 484 3658 '(Ect‘li.
520 3582 616 3656 ι),
656 3593 708 3640 et
743 3584 955 3655 ignorat
984 3582 1331 3657 fragilitatem
1371 3581 1562 3639 suam?
1594 3580 1892 3653 Congrega-

280 3675 420 3731 'mini
455 3688 634 3730 ontnes
674 3690 764 3732 vos
788 3719 804 3745 ,
851 3688 901 3734 et
945 3678 1122 3733 audite
1147 3719 1163 3743 ,
1209 3675 1295 3733 vel
1323 3674 1472 3739 steli,
1505 3675 1591 3731 vel
1641 3676 1894 3730 universa

288 3778 568 3835 erettt‘ura,
592 3768 690 3825 'veI
716 3772 897 3825 omnis
928 3768 1221 3826 multitudo
1236 3767 1432 3825 ‘lsrael.
1450 3764 1594 3837 Quae
1620 3777 1748 3823 sunt
1776 3782 1896 3837 quae

282 3859 554 3934 iubentur
575 3861 805 3918 audire?
827 3861 982 3933 Quod
1006 3860 1273 3917 Dominus
1301 3859 1560 3916 dilexerit
1579 3874 1727 3925 eum,
1756 3856 1898 3913 haud

280 3950 522 4011 ’du‘bium
554 3954 912 4029 quin’Cyrutn
942 3956 1276 4025 Duriumque
1301 3951 1603 4027 significet,
1628 3951 1724 4024 qui
1769 3949 1899 4006 fecit

290 4046 879 4107 Voltmtatem’Domini
922 4060 1110 4108 contra
1142 4050 1503 4122 Babylonem,
1532 4058 1586 4103 et
1616 4046 1899 4102 brat-Itium

294 4154 455 4200 Suum
505 4144 757 4200 exercuit
776 4144 842 4200 “riu
873 4142 1168 4201 (ﬁnaldtnis.
1210 4141 1287 4199 Et
1314 4142 1433 4213 ipse
1471 4142 1687 4198 loeutus
1733 4149 1902 4197 estet

1992 3376 2103 3437 hoc
2144 3381 2201 3435 in
2239 3378 2674 3451 repromissione
2701 3380 3079 3450 accipiendum
3112 3389 3226 3448 est,
3261 3394 3385 3435 cum
3417 3396 3605 3451 pacem

1990 3472 2370 3544 justitiamque
2401 3489 2508 3527 non
2543 3472 2822 3527 habeant?
2851 3473 2960 3527 Aut
2989 3473 3135 3527 enim
3164 3473 3334 3527 iratus
3365 3482 3450 3531 cst
3477 3474 3557 3528 eis
3577 3514 3593 3533 .

1994 3577 2093 3622 aut
2124 3566 2389 3636 placatus.
2422 3564 2479 3622 Si
2508 3565 2711 3631 iratus,
2740 3565 3021 3635 quomodo
3059 3572 3245 3619 semen
3278 3563 3400 3633 ejus
3427 3564 3610 3633 quoti-

1998 3657 2088 3714 die
2120 3657 2544 3728 multiplicatur?
2572 3656 2629 3713 SI
2656 3657 2923 3727 placatus,
2954 3655 3228 3727 quomodo
3256 3666 3523 3724 sentiunt,
3553 3668 3609 3712 et

1996 3767 2190 3824 pacein
2216 3751 2595 3823 justitilmque
2640 3766 2749 3805 non
2794 3749 3122 3820 possident?
3152 3748 3232 3805 Ex
3262 3764 3369 3819 quo
3402 3752 3612 3819 μαιερὶ-

1999 3860 2162 3902 cuum
2191 3855 2279 3901 est
2309 3845 2379 3901 de
2408 3845 2724 3916 Apostolico
2750 3842 2860 3898 dici
2888 3859 3032 3899 nunc
3058 3841 3291 3907 srmiue,
3324 3842 3392 3897 de
3423 3857 3533 3912 quo
3554 3854 3611 3899 et

2003 3952 2167 4011 supra
2195 3939 2302 4012 (Ad
2329 3956 2446 4010 cap.
2478 3942 2516 4010 ι)
2545 3940 2777 4013 legimus
2801 3955 2817 3994 :
2842 3938 2963 3993 Nisi
2994 3936 3246 3993 Dominus
3276 3936 3496 3993 sabaotlt
3526 3954 3611 3993 τεο

2001 4033 2237 4104 liquisset
2264 4034 2411 4088 nobis
2439 4046 2633 4101 semen,
2666 4033 2812 4104 quasi
2839 4030 3073 4088 Sodoma
3113 4031 3411 4103 fuissemus.
3443 4031 3601 4100 Quod

2004 4129 2131 4201 quia
2160 4126 2259 4182 illo
2299 4139 2544 4198 tempore
2586 4138 2921 4197 nequaquam
2953 4124 3168 4179 videtur
3209 4124 3523 4205 expletum,
3554 4124 3608 4180 in

294 4238 515 4296 vocavit
544 4250 670 4294 cum
704 4237 923 4295 nomine
951 4253 1074 4309 suo,
1096 4247 1154 4293 et
1182 4235 1407 4293 adduxit
1431 4250 1581 4305 eum,
1612 4243 1666 4290 et
1692 4234 1895 4290 directa

1998 4218 2206 4278 Christi
2236 4219 2544 4290 completur
2574 4219 2809 4274 adventu
2837 4236 2850 4273 :
2875 4226 2930 4275 et
2957 4225 3087 4275 ante
3106 4216 3304 4274 faciem
3334 4216 3493 4274 illius
3523 4232 3613 4275 se-

302 4338 387 4391 eSt
412 4332 500 4390 tia
522 4331 667 4404 ejus,
692 4333 952 4389 ut‘nullus
981 4332 1192 4388 viribus
1212 4332 1334 4402 ejus
1361 4329 1591 4386 audet-et
1621 4329 1899 4385 resistere.

294 4424 460 4485 Unde
491 4432 760 4497 pruvticat
796 4440 898 4483 eos
928 4434 986 4482 ut
1014 4424 1279 4483 accedant
1307 4432 1363 4481 et
1405 4423 1631 4480 audiant
1655 4468 1669 4493 ,
1712 4432 1766 4479 et
1800 4420 1907 4479 flo-

296 4519 452 4576 m‘ino
476 4517 823 4590 mdicente
869 4526 1205 4589 cognoscant
1226 4527 1525 4574 venturum
1564 4528 1691 4573 eSSe
1722 4528 1905 4586 regem

300 4610 596 4672 Peranna
627 4620 793 4681 atque
812 4610 1097 4668 Heilm-nm
1124 4655 1139 4680 ,
1169 4615 1260 4684 qni
1291 4611 1518 4667 stntruat
1550 4608 1902 4683 Babylonem,

296 4704 600 4777 artemque
614 4702 937 4762 Clisldzros.
960 4704 1038 4761 Et
1077 4716 1134 4761 nt
1179 4707 1295 4761 huic
1325 4704 1611 4760 annumict
1639 4749 1653 4774 ,
1684 4703 1815 4759 dicit
1847 4717 1907 4760 se

300 4796 584 4870 Tropheta
605 4799 832 4855 missum
858 4816 885 4852 a
908 4799 1140 4856 Domino
1159 4808 1214 4855 et
1228 4799 1427 4870 spiritu
1449 4799 1590 4870 ejus.
1616 4798 1729 4854 lloa
1752 4799 1908 4868 juxta

300 4891 664 4950 illabi-tensa
694 4904 884 4948 eorum
911 4892 1249 4961 Opinionem.
1280 4892 1550 4949 Cancrum
1575 4892 1727 4964 juxta
1752 4894 1911 4964 Sym—

300 4987 564 5044 machum
584 5032 599 5058 ,
631 4988 724 5059 qui
766 4987 1164 5058 interpretatus
1195 4997 1318 5044 est:
1347 4989 1476 5056 Quis
1504 4989 1548 5042 ei
1586 4989 1912 5043 annuntiaoit

306 5080 467 5138 haec?
490 5094 648 5153 quem
686 5078 947 5137 Dominus
976 5081 1180 5151 dilexit,
1203 5082 1291 5152 qui
1313 5083 1436 5153 facit
1467 5082 1782 5137 voluntatem
1803 5083 1917 5154 ejus

302 5177 367 5234 in
394 5174 667 5251 Babylone
691 5194 709 5232 :
729 5188 783 5233 et
819 5178 971 5246 juxta
994 5176 1354 5250 Septuaginta
1384 5222 1397 5249 ,
1430 5189 1482 5231 nt
1516 5181 1721 5248 auferat
1744 5192 1918 5232 semen

302 5268 714 5340 ﬁnitimorum,
736 5271 805 5327 ad
828 5271 1040 5328 Domini
1067 5286 1353 5343 personam
1378 5271 1653 5327 refertur:
1677 5270 1767 5341 qui
1791 5285 1923 5327 vere

314 5365 553 5424 dilectus
583 5384 612 5422 ιι
646 5369 828 5438 Patre,
852 5380 908 5425 et
937 5369 1027 5436 qui
1057 5367 1186 5424 fecit
1208 5383 1428 5422 omnem
1460 5367 1795 5421 voluntatem
1822 5366 1925 5422 Pa-

306 5464 443 5535 trls,
478 5475 536 5518 et
572 5466 664 5535 qui
694 5462 963 5519 subvertit
989 5463 1042 5518 in
1064 5460 1385 5536 Babylone,
1416 5461 1523 5517 hoc
1549 5470 1635 5516 est
1655 5505 1668 5528 ,
1700 5460 1754 5515 in
1787 5475 1923 5517 con-

318 5556 545 5615 fusione
572 5557 741 5628 hujus
787 5550 970 5613 mundi
1018 5572 1234 5615 omnem
1277 5571 1463 5613 semen
1501 5552 1886 5611 Cltaldmorum
1910 5601 1924 5628 ,

322 5656 413 5727 qui
434 5653 463 5694 ι’
495 5653 777 5710 daemones
829 5652 1278 5723 interpretantur.
1328 5651 1446 5723 Ipse
1474 5650 1692 5707 locutus
1720 5659 1841 5716 est,
1874 5661 1932 5707 et

316 5750 539 5807 audiuit
558 5744 771 5805 Filium
792 5788 809 5815 ,
841 5758 890 5804 et
920 5748 1161 5805 addnllt
1204 5748 1355 5804 illum
1380 5746 1521 5819 ,ηιιᾶ
1552 5745 1812 5816 quuitur
1848 5746 1926 5804 od

390 5861 647 5996 Lintea
682 5871 798 5918 erat
823 5863 927 5922 sub
957 5865 1194 5937 interrog
1214 5862 1397 5921 dionis
1419 5872 1576 5927 nota,
1599 5861 1850 5930 numquid
1868 5862 1935 5916 ad

459 5952 560 5996 em.
606 5947 714 5991 etc.

331 5947 560 6007 eodem,
606 5947 714 5991 etc.

2007 4334 2133 4375 men
2165 4325 2449 4390 permanet
2475 4315 2718 4373 Israelis.

2082 4410 2263 4485 (ναις.
2291 4408 2386 4478 20,
2415 4409 2507 4479 2i,
2540 4408 2660 4482 22.)
2692 4406 3013 4484 Egredimini
3040 4408 3102 4462 de
3126 4404 3418 4481 Babylone,
3449 4410 3614 4482 fugite

2008 4520 2040 4561 ιι
2070 4502 2330 4562 Cltaldteis
2354 4520 2373 4559 :
2395 4507 2446 4558 in
2479 4519 2597 4559 voce
2622 4504 2985 4559 exsultationis
3005 4506 3314 4556 annuntiute
3334 4544 3347 4568 ,
3375 4502 3616 4556 auditum

2011 4601 2168 4673 facite
2192 4599 2312 4664 hoc,
2344 4600 2528 4671 aﬂerte
2556 4597 2689 4653 illud
2719 4612 2877 4667 usque
2920 4598 2990 4649 ad
3028 4606 3317 4650 extremum
3345 4606 3530 4661 terra,
3564 4607 3613 4649 et

2012 4696 2207 4751 dicite:
2244 4693 2483 4751 Redemit
2508 4691 2763 4747 Dominus
2793 4688 2957 4764 ξω
2983 4704 3191 4744 servum
3237 4704 3390 4743 suum
3424 4688 3611 4743 Iacob.

2017 4788 2143 4846 Non
2169 4790 2409 4843 sitierunt
2438 4786 2492 4841 in
2518 4789 2720 4840 deserto
2755 4798 2873 4838 cum
2901 4784 3139 4837 educeret
3165 4796 3286 4847 eos;
3320 4796 3508 4852 aquam
3553 4782 3618 4835 de

2019 4896 2165 4957 petra
2214 4882 2463 4956 produxit
2520 4881 2627 4946 eis,
2672 4889 2719 4933 et
2771 4878 2921 4932 scidit
2962 4890 3209 4950 petram,
3251 4884 3298 4931 et
3351 4874 3619 4944 [iunxerunt

2019 4993 2188 5052 aqute.
2220 4974 2271 5031 Ν
2283 4992 2353 5030 on
2380 4986 2455 5030 est
2480 4990 2586 5045 pas:
2615 4972 2810 5042 impiis,
2841 4970 2968 5026 dicit
3018 4971 3289 5025 Donum.
3316 4967 3427 5035 Qui
3456 4982 3622 5038 supra

2010 5072 2074 5131 'in
2108 5089 2174 5131 eo
2207 5074 2324 5129 loco
2346 5114 2363 5141 ,
2397 5072 2487 5129 ubi
2525 5070 2788 5141 scriptun
2829 5078 2915 5123 est
2939 5084 2952 5121 :
2976 5064 3094 5139 Ego
3124 5083 3220 5139 ego
3246 5066 3446 5118 locutus
3472 5078 3620 5129 sum,

2020 5180 2068 5224 et
2097 5167 2273 5224 uocari
2317 5181 2434 5220 eam
2460 5181 2479 5220 :
2506 5165 2706 5219 adduxi
2732 5176 2882 5228 eum,
2912 5170 2960 5213 et
2990 5161 3187 5215 directa
3229 5165 3303 5211 est
3342 5156 3427 5208 uia
3471 5158 3583 5228 ejus
3609 5194 3624 5222 ,

2018 5277 2190 5333 Super
2213 5257 2358 5333 Cyro
2387 5257 2659 5329 Dirioque
2686 5256 3019 5324 intelligunt,
3048 5250 3214 5306 etiam
3232 5247 3360 5302 hare
3386 5245 3452 5300 ad
3481 5246 3628 5303 titius

2022 5355 2274 5413 referunt
2317 5362 2598 5420 tempora;
2630 5347 2847 5419 quando
2879 5357 3135 5415 egressus
3175 5348 3257 5393 est
3301 5339 3533 5407 pupulas
3558 5338 3631 5394 de

2025 5451 2326 5525 Babylone,
2356 5458 2409 5503 et
2438 5445 2574 5518 fugit
2602 5445 2670 5499 de
2694 5437 3012 5503 Chaldaeis;
3044 5446 3099 5490 et
3146 5432 3459 5499 redenqttus
3488 5443 3576 5487 est
3601 5448 3633 5487 a

2032 5546 2264 5604 Domino
2294 5542 2407 5600 Deo
2435 5556 2554 5597 suo.
2582 5539 2702 5595 ﬂnc
2727 5550 2943 5606 quoque
2967 5528 3109 5599 quod
3138 5528 3337 5580 dicitur
3367 5542 3380 5577 :
3413 5525 3536 5581 Non
3565 5529 3638 5583 si.

2035 5645 2222 5703 tierunt
2238 5642 2293 5697 in
2314 5640 2514 5696 deserto
2529 5649 2646 5688 cum
2666 5632 2899 5686 educeret
2927 5639 3033 5686 eos,
3057 5637 3090 5673 a
3107 5633 3250 5683 luam
3262 5622 3323 5671 de
3341 5630 3489 5691 petra
3506 5638 3604 5692 pro
3617 5653 3634 5664 .

2039 5738 2188 5796 duxit
2204 5737 2316 5801 eis;
2347 5740 2391 5786 et
2421 5726 2573 5785 scidit
2601 5733 2822 5796 petram,
2849 5730 2893 5771 ct
2912 5715 3378 5786 ﬂwruntaqta:
3402 5713 3531 5769 licet
3557 5730 3646 5774 se-

2122 5854 2147 5894 ι,
2182 5851 2462 5917 “an.ij
2498 5837 2756 5909 an;ch
2800 5838 3135 5885 annotautur
3164 5833 3217 5880 in
3261 5841 3311 5879 c.
3345 5840 3511 5897 ιιιιιι,
3539 5833 3650 5890 col.
