4096 6330
471 320 584 377 ιδδ

1730 302 1790 363 S.
1832 296 2104 362 EUSEB“
2135 296 2527 357 HIERONYMI

3690 291 3787 348 ισι

467 427 1008 492 cundumblstoriam
1024 422 1628 497 expletum’docerenon
1643 419 2078 491 valeant;neque
2108 415 2160 478 Α
2184 417 2364 472 omnia
2397 433 2461 474 ex
2507 427 2742 486 persona
2769 409 2978 469 Christi
3015 411 3218 468 debere
3263 409 3460 480 accipi.
3504 407 3615 468 Sed
3649 410 3790 465 nolul

471 532 622 586 enim
655 527 756 583 sub
786 524 1085 581 Zorobabel
1119 521 1325 577 ethra
1351 528 1621 574 venerunt
1653 531 1750 585 per
1771 515 2074 579 desertum,

468 635 525 682 et
559 626 730 681 scissa
765 631 916 691 petra
949 616 1176 688 prasbuit
1208 617 1288 671 eis
1316 628 1520 684 aquas,
1555 611 1699 684 quod
1742 610 1810 664 de
1837 608 2079 681 {Egypto

463 715 794 774 exeuutibus
820 712 1089 769 accidisse
1112 717 1364 764 narratur
1391 725 1402 760 :
1429 715 1610 762 tamen
1639 703 1993 777 hyperbolice
2025 704 2076 756 in

456 807 878 866 similitudinem
924 803 1126 875 prioris
1158 799 1436 857 felicitatis
1483 799 1704 868 impleta
1765 803 2066 859 testantur,

459 903 683 976 quando
697 916 796 973 per
813 899 1092 957 desertum
1119 895 1399 951 nationum
1424 899 1695 948 venerunt
1717 892 1769 944 iu
1795 887 2038 944 Judzram
2061 926 2078 952 ,

466 1006 524 1054 et
553 996 622 1052 de
652 993 969 1063 captivitate
1001 1001 1129 1047 sunt
1175 987 1414 1044 liberati.
1461 986 1531 1042 Et
1575 993 1633 1039 ut
1676 983 1945 1046 sciamus,
1993 980 2082 1034 in-

467 1090 686 1162 quiunt,
723 1101 831 1141 non
872 1100 996 1141 esse
1027 1083 1097 1138 de
1128 1081 1371 1146 Christo,
1399 1078 1497 1134 sed
1526 1077 1596 1132 de
1621 1076 1761 1148 Cyro
1789 1072 2085 1144 propheta-

466 1193 608 1249 tum,
634 1180 881 1252 jungitur
906 1197 920 1234 :
949 1177 1074 1233 Non
1104 1186 1177 1231 est
1201 1191 1308 1248 pax
1334 1173 1531 1243 impiis,
1563 1171 1691 1224 dicit
1716 1168 1973 1223 Dominus
1992 1181 2012 1220 :
2033 1175 2086 1219 et

472 1291 596 1333 esse
632 1288 898 1341 sensum,
943 1270 1195 1326 Perfecta
1245 1268 1477 1323 felicitas
1523 1280 1633 1319 non
1684 1262 1789 1317 erit
1835 1259 1940 1315 nisi
1983 1257 2086 1314 sub

465 1371 709 1437 Christo,
742 1367 886 1440 quod
938 1367 991 1423 in
1025 1367 1222 1421 ultimo
1254 1373 1505 1432 tempore
1549 1367 1882 1415 reservatur.
1913 1354 2087 1409 Porro

470 1466 561 1539 qui
595 1473 654 1522 et
681 1465 864 1520 verius
901 1470 957 1518 et
986 1461 1192 1516 rectius
1241 1458 1357 1512 haec
1390 1455 1636 1511 referunt
1679 1451 1744 1505 ad
1778 1446 2088 1507 Salvatoris

468 1563 765 1620 adventum
794 1556 930 1632 (Inf.
959 1556 1031 1610 ad
1056 1571 1174 1624 cap.
1209 1568 1322 1612 ut.
1347 1552 1438 1618 i),
1471 1549 1540 1604 de
1571 1562 1681 1616 quo
1712 1545 1916 1600 dicitur
1942 1543 2092 1599 :An-

462 1657 710 1713 nuntiare
738 1651 1060 1725 pauperibus
1100 1648 1243 1702 misit
1282 1661 1363 1698 me
1385 1689 1399 1710 ,
1442 1641 1731 1712 prtcdicare
1759 1636 1980 1709 captiuis
2007 1651 2090 1690 re-

464 1750 767 1806 missionem
798 1747 817 1817 (
850 1743 976 1799 Luc.
1009 1759 1064 1797 tv
1085 1785 1098 1802 .
1135 1741 1204 1796 18
1230 1782 1242 1804 ,
1276 1738 1343 1794 l9
1368 1735 1388 1807 )
1414 1782 1427 1805 ,
1477 1731 1918 1790 cohortationem
1961 1743 2087 1783 esse

2181 511 2340 564 simul
2371 509 2553 563 omnia
2583 505 2942 579 proponendo
2967 547 2982 572 ,
3017 504 3238 561 lectoris
3264 519 3500 559 onerare
3531 517 3750 557 sensum
3777 519 3790 567 ;

2182 601 2405 674 etquod
2437 617 2532 672 per
2557 611 2742 672 partes
2764 599 2978 655 facilius
3030 597 3138 653 dici
3186 607 3390 669 potest,
3418 596 3794 668 magnitudine

2181 697 2263 751 sui
2287 695 2653 751 confundere.
2680 693 2838 751 Unde
2870 701 2925 748 et
2946 701 3236 763 utramque
3265 690 3568 748 editionem
3602 691 3758 762 posui
3783 708 3793 744 :

2184 799 2243 843 ut
2271 787 2416 859 quod
2442 788 2492 843 iu
2516 788 2689 843 altera
2712 786 2934 842 videtur
2951 786 3247 842 obscurum
3268 827 3284 852 ,
3313 784 3544 839 alterius
3571 783 3800 840 lectione

2185 893 2482 939 reseretur.
2508 881 2638 936 Post
2665 881 3008 936 vocationem
3029 893 3161 950 ergo
3196 877 3553 948 reliquiarum
3596 875 3798 944 Israel,

2185 984 2241 1030 et
2269 975 2632 1044 abjectioncm
2671 975 2724 1030 in
2757 973 3141 1030 incredulitate
3171 972 3356 1044 populi
3390 972 3762 1040 permanentis
3785 1014 3800 1036 ,

2186 1074 2255 1130 de
2281 1074 2484 1146 quibus
2519 1075 2733 1130 dixerat
2763 1095 2776 1131 :
2811 1074 2936 1130 Non
2965 1085 3037 1130 est
3080 1092 3186 1146 paa:
3219 1074 3393 1144 impiis
3418 1115 3434 1140 ,
3467 1072 3598 1127 dicit
3626 1069 3803 1124 Domi.

2186 1185 2284 1224 nus
2309 1167 2476 1239 (Isai.
2511 1186 2695 1234 XLVIII,
2728 1170 2854 1243 22),
2876 1169 3156 1226 transitad
3177 1166 3805 1236 Ecelesiasdegentibus

2188 1270 2552 1333 congregatas
2580 1303 2595 1328 ,
2627 1272 2684 1317 et
2704 1261 2783 1316 cis
2811 1264 2914 1317 sub
2945 1261 3250 1317 insularum
3283 1261 3508 1316 nomine
3539 1257 3802 1328 loquitur.

2190 1355 2324 1420 Quae
2355 1353 2427 1408 ita
2454 1364 2867 1425 persecutorutn
2898 1354 3140 1422 insidiis,
3173 1353 3328 1427 quasi
3352 1353 3519 1409 maris
3550 1351 3806 1407 ﬂuctibus

2193 1456 2412 1518 patent,
2447 1459 2498 1503 et
2531 1463 2599 1503 ex
2634 1448 2782 1503 onmi
2825 1458 2980 1517 parte
3019 1448 3288 1504 saeviente
3316 1446 3604 1517 naufragio
3627 1485 3640 1508 ,
3685 1453 3804 1498 tun-

2193 1544 2396 1599 duntur
2428 1545 2610 1614 potius
2635 1559 2796 1616 quam
2820 1553 3132 1600 moventur.
3159 1545 3236 1598 Ac
3261 1558 3334 1598 ne
3357 1541 3481 1614 quis
3510 1548 3663 1611 putet
3688 1539 3800 1594 vio-

2193 1639 2395 1694 lentam
2429 1653 2557 1694 esse
2585 1636 2992 1708 expositionem
3028 1647 3272 1692 n05tram
3301 1677 3316 1702 ,
3348 1648 3404 1690 et
3442 1649 3552 1688 non
3581 1632 3648 1687 ad
3674 1647 3802 1704 gen-

2194 1741 2276 1789 tes
2301 1733 2573 1802 pertinere
2602 1733 2747 1804 quod
2778 1732 3004 1798 dicitur,
3040 1731 3136 1787 sed
3169 1731 3236 1786 ad
3263 1730 3590 1804 Synagogas
3620 1727 3802 1798 populi

463 1843 780 1913 intelligunt
809 1853 998 1894 eorum
1030 1836 1121 1906 qui
1156 1831 1512 1901 Evangelium
1544 1825 1874 1881 annuntiant
1906 1822 2082 1892 ipsius
2112 1819 2160 1880 B
2185 1824 2521 1891 Iudaeorum,
2555 1825 2804 1896 sequitur
2834 1841 2852 1880 :
2892 1823 2960 1878 Et
2991 1825 3241 1879 attendite
3267 1824 3479 1894 populi,
3503 1822 3617 1877 sive
3636 1829 3804 1894 gentes

467 1937 688 1994 Domini
729 1929 1030 1990 Salvatoris
1054 1972 1070 1994 ,
1102 1939 1158 1983 ttt
1197 1923 1544 1998 cgrediamur
1575 1919 1645 1976 de
1677 1917 1955 1989 Babylone
1980 1959 1994 1982 ,
2029 1914 2080 1970 id

467 2042 574 2094 est.
605 2029 930 2087 confusione
953 2025 1116 2081 istius
1141 2019 1363 2083 mundi;
1391 2017 1454 2073 et'
1469 2015 1742 2086 fugiamus
1769 2008 2082 2076 Chaldaeos,

472 2127 543 2183 de
573 2125 773 2198 quibus
803 2123 999 2178 crebro
1032 2119 1238 2173 dictum
1277 2125 1361 2169 est
1390 2132 1403 2168 :
1435 2107 1688 2167 Redemit
1719 2106 1864 2162 enim
1893 2103 2085 2159 Domi-

470 2237 578 2279 nus
608 2235 830 2276 servum
859 2230 1015 2272 suum
1041 2211 1210 2269 Jacob
1243 2206 1647 2280 pretiosissimo
1667 2201 1934 2272 sanguine
1956 2213 2081 2265 suo,

471 2328 530 2375 et
560 2312 790 2373 adduxit
818 2327 916 2383 per
945 2311 1223 2366 desertum
1252 2304 1440 2359 surculi
1462 2343 1478 2368 ,
1509 2308 1565 2355 et
1602 2311 1797 2366 aquam
1828 2291 1990 2348 scidit
2015 2290 2088 2347 de

465 2422 650 2484 petra.
672 2409 852 2480 Super
867 2420 972 2476 qua
1004 2412 1059 2459 et
1087 2399 1384 2471 Apostolus
1413 2393 1658 2464 loquitur
1682 2407 1693 2444 :
1726 2386 1885 2442 Petra
1910 2393 2085 2439 autem

469 2478 580 2563 erat
606 2478 843 2562 Christus
873 2500 917 2572 (1
943 2499 1063 2554 Cor.
1098 2513 1155 2559 Χ,
1175 2495 1258 2566 4).
1292 2489 1572 2549 Scinditur
1597 2495 1779 2540 autern
1801 2496 1983 2537 sermo
2003 2478 2087 2534 di-

471 2602 657 2665 vinus,
691 2606 747 2653 et
777 2595 830 2652 in
864 2593 1061 2649 multas
1103 2596 1288 2659 partes
1317 2581 1603 2643 dividitur.
1635 2589 1693 2634 ut
1717 2590 1878 2647 quem
1914 2585 2086 2628 t0tum

472 2693 755 2764 suscipere
789 2706 894 2745 non
929 2697 1218 2757 possumus
1245 2723 1257 2746 ,
1293 2690 1576 2733 sumamus
1610 2673 1663 2726 in
1707 2669 1976 2740 partibus.
2007 2664 2088 2720 Ac

473 2804 545 2845 ne
569 2759 856 2859 putaretur
879 2784 982 2836 ista
1009 2775 1324 2850 praedicatio
1352 2769 1460 2826 dici
1485 2767 1634 2824 omni
1663 2763 1861 2820 semini
1889 2759 2083 2826 Jacob,

470 2893 528 2940 et
561 2856 666 2936 non
701 2879 785 2934 bis
815 2885 1023 2931 tantum
1053 2872 1143 2940 qui
1177 2884 1274 2938 per
1315 2861 1609 2935 Apostolos
1638 2856 1906 2914 credituri
1937 2863 2083 2920 sunt,

470 2977 710 3036 infertur
736 2969 1059 3039 ctjnngitur
1086 2982 1097 3017 :
1131 2962 1250 3017 Non
1284 2967 1358 3013 est
1384 2973 1490 3028 pax
1518 2953 1716 3024 impiis,
1748 2951 1876 3006 dicit
1909 2946 2089 3003 Domi-

475 3091 576 3130 nus
603 3091 621 3128 :
644 3070 754 3127 illis
781 3066 1037 3122 videlicet
1062 3060 1156 3132 qui
1199 3061 1252 3114 in
1285 3070 1471 3113 ertore
1505 3052 1739 3123 pri~lino
1766 3061 2085 3121 permansec

474 3177 604 3224 runt
629 3181 644 3231 ;
678 3162 767 3235 qui
796 3177 902 3216 non
932 3161 1251 3213 meruerunt
1278 3151 1466 3205 bibere
1485 3146 1554 3202 de
1579 3155 1756 3214 petra.
1781 3151 1807 3180 ιι
1829 3140 1998 3211 Cujus
2029 3147 2088 3194 ut

2173 1922 2251 1975 'de
2282 1921 2438 1992 longe
2463 1961 2478 1983 ,
2510 1919 2615 1975 hoc
2644 1929 2728 1974 est
2752 1919 2822 1973 ab
2853 1917 3119 1973 extremis
3150 1916 3348 1972 ﬁnibus
3387 1927 3573 1970 terrte.
3623 1913 3721 1970 Vel
3753 1921 3809 1968 ut

2187 2014 2542 2085 Septuaginta
2583 2013 3010 2084 transtulerunt,
3054 2021 3168 2084 post
3205 2021 3406 2080 teMpus
3437 2008 3664 2063 multum
3705 2017 3808 2062 sta-

2188 2109 2297 2175 bit,
2332 2109 2441 2164 hoc
2476 2118 2594 2174 est,
2641 2123 2750 2164 non
2795 2107 2899 2163 hoc
2941 2115 3188 2175 tempore
3226 2119 3333 2176 quo
3372 2104 3672 2167 dicuntur;
3714 2100 3806 2156 sed

2191 2213 2314 2275 post
2356 2203 2524 2258 multa
2554 2204 2686 2259 lient
2724 2210 2996 2272 tempora.
3062 2199 3340 2265 Dominus,
3391 2197 3587 2268 inquit,
3649 2193 3806 2267 562

2189 2299 2252 2354 ab
2284 2309 2433 2354 utero
2460 2300 2658 2354 uocauit
2678 2307 2843 2364 me,et
2870 2299 2934 2352 de
2955 2306 3128 2352 ventre
3148 2295 3328 2350 matris
3351 2309 3480 2349 mea:
3503 2294 3809 2346 recordatus

2190 2403 2262 2448 est
2295 2394 2522 2448 nominis
2558 2395 2680 2447 mei.
2714 2391 2869 2462 Quod
2909 2407 3055 2446 nunc
3085 2387 3302 2445 interim
3346 2385 3700 2443 audientibus
3725 2383 3806 2439 vi-

2187 2486 2348 2543 detur
2377 2486 2669 2542 obscurum
2699 2527 2714 2552 ,
2742 2496 2931 2556 postea
2955 2495 3138 2540 autem
3166 2482 3386 2539 cunctis
3416 2479 3676 2550 gentibus
3706 2493 3806 2534 no-

2191 2587 2304 2632 tum
2357 2577 2480 2645 ﬁet,
2531 2577 2753 2648 quando
2794 2576 3014 2633 Gabriel
3053 2575 3255 2645 Josepb
3293 2574 3362 2629 de
3406 2582 3564 2644 partu
3611 2571 3807 2628 dixerit

2188 2673 2442 2742 virginali
2476 2690 2490 2728 :
2537 2670 2604 2726 Et
2634 2671 2842 2726 vocabis
2888 2687 3075 2726 nomen
3127 2671 3239 2740 ejus
3281 2666 3503 2724 Iesum:
3535 2655 3649 2738 ipse
3676 2667 3808 2721 enim

2191 2770 2393 2824 saluam
2436 2768 2590 2839 faciet
2631 2765 2886 2839 populum
2921 2781 3072 2820 suum
3109 2763 3338 2837 (Matth.
3376 2778 3416 2828 ι,
3449 2760 3552 2833 9.1)
3581 2779 3592 2815 :
3620 2758 3811 2816 Posuit

2192 2880 2406 2936 quoque
2454 2877 2517 2917 os
2566 2862 2686 2928 ejus
2726 2860 2884 2934 quasi
2920 2860 3160 2930 gladium
3199 2866 3418 2914 acutum
3446 2899 3459 2921 ,
3512 2865 3572 2910 ut
3615 2854 3807 2924 spiritu

2191 2958 2308 3012 oris
2339 2956 2422 3012 sui
2453 2954 2754 3010 interﬁciat
2787 2953 3036 3026 impium.
3076 2953 3153 3009 De
3177 2968 3285 3024 quo
3315 2950 3502 3023 gladio
3531 2957 3588 3005 et
3613 2950 3728 3019 ipse
3754 2947 3805 3003 in

2192 3052 2492 3122 Evangelio
2525 3051 2812 3118 loquitur:
2867 3047 2990 3103 Non
3037 3049 3157 3105 veni
3187 3063 3364 3119 pacem
3411 3045 3616 3100 mittere
3651 3058 3805 3116 super

2197 3158 2390 3202 terram
2413 3189 2428 3210 ,
2452 3147 2547 3201 sed
2572 3145 2845 3217 gladium,
2878 3145 3054 3201 malos
3087 3161 3118 3199 a
3149 3144 3308 3198 bonis
3333 3156 3603 3212 separans
3628 3158 3641 3194 :
3680 3139 3812 3195 Veni

478 3277 620 3318 nove
649 3259 864 3327 loquar,
892 3254 1033 3306 latus
1087 3249 1272 3302 lancea
1308 3243 1468 3316 561
1518 3239 1868 3294 vulneratum
1891 3275 1906 3296 ,
1936 3233 2091 3302 aquis

2200 3243 2336 3297 enim
2365 3240 2595 3295 diuidere
2621 3241 2880 3294 hominem
2905 3249 3086 3295 contra
3115 3248 3312 3309 patrem
3342 3255 3493 3292 suum
3524 3280 3538 3300 ,
3567 3246 3617 3292 et
3645 3234 3811 3306 ﬁliam

473 3355 631 3414 ﬂuxit
660 3365 716 3410 et
745 3351 1011 3420 sanguine
1043 3343 1242 3417 (Joau.
1295 3341 1393 3410 ι),
1445 3334 1778 3405 baptismum
1832 3327 1991 3384 nobis
2035 3334 2092 3380 et

479 3449 805 3522 martyrium
833 3443 1118 3498 dedicans.

551 3519 712 3614 (esp.
751 3536 1035 3596 xux.—
1065 3532 1227 3588 νοτε.
1273 3530 1294 3583 ι
1347 3523 1529 3596 seqq.)
1563 3521 1773 3588 Audite,
1819 3519 2024 3583 insultu,
2050 3526 2096 3572 et

478 3612 731 3696 attendite
771 3631 950 3706 papuli
992 3629 1056 3682 de
1094 3628 1283 3698 longe:
1323 3619 1582 3676 Dominus
1612 3617 1676 3670 ab
1713 3624 1864 3669 utero
1899 3612 2098 3667 vocavit

481 3751 564 3791 me
587 3777 603 3801 ,
629 3733 696 3787 de
724 3740 898 3785 ventre
925 3723 1108 3779 matris
1136 3735 1260 3775 mete
1288 3715 1592 3772 recordatus
1620 3719 1697 3765 est
1725 3709 1950 3763 nominis
1977 3708 2094 3761 mei.

483 3832 555 3887 Et
581 3826 754 3902 posuit
784 3841 841 3878 os
882 3835 1049 3876 meum
1095 3816 1246 3887 quasi
1274 3810 1514 3887 gladium
1551 3816 1802 3861 acutum:
1833 3804 1885 3857 in
1918 3801 2101 3856 umbra

487 3896 672 3978 manus
711 3931 818 3973 sua:
847 3911 1074 3989 protexit
1117 3923 1218 3962 me.
1259 3903 1327 3959 Et
1370 3901 1542 3974 posuit
1581 3913 1660 3952 me
1686 3897 1818 3951 sicut
1861 3896 2104 3967 sagittam

486 4018 703 4074 electam
722 4031 740 4068 :
768 4013 823 4065 in
848 3985 1097 4082 pharetra
1137 4018 1235 4056 sua
1262 3995 1530 4052 abscondit
1553 4009 1632 4046 me
1654 4007 1673 4058 ;
1700 3999 1748 4044 et
1775 3988 1908 4043 dixit
1937 3985 2061 4041 mihi
2085 4002 2104 4040 :

491 4115 686 4170 Servus
719 4079 862 4161 meus
890 4118 944 4157 es
983 4110 1070 4163 tu,
1101 4092 1272 4150 Israel
1292 4134 1306 4157 ,
1339 4091 1464 4161 quia
1501 4088 1556 4142 in
1591 4096 1637 4140 te
1675 4083 1940 4158 gloriabor
2017 4079 2104 4134 Al.

489 4197 889 4282 gloriﬁcabor].
929 4196 992 4250 Et
1020 4209 1113 4264 ego
1144 4189 1256 4243 dixi
1278 4203 1296 4241 :
1328 4183 1396 4239 In
1427 4196 1647 4238 vacuum
1675 4177 1906 4282 laboravi
1928 4215 1944 4241 ,
2000 4175 2108 4282 sine

493 4267 656 4357 bausa
680 4307 728 4350 et
749 4308 879 4349 uane
901 4285 1257 4360 fortitudinem
1277 4293 1443 4332 meam
1459 4271 1796 4341 consumpsi:
1817 4285 1938 4339 ergo
1952 4267 2109 4340 judi-

496 4400 634 4454 cium
657 4405 822 4447 meum
856 4401 972 4441 cum
1001 4379 1250 4436 Domino.
1283 4384 1328 4428 et
1353 4387 1484 4444 opus
1501 4385 1670 4424 meum
1702 4382 1817 4420 cum
1841 4363 1948 4418 Deo
1974 4379 2107 4416 utea.

499 4488 646 4548 LXX
679 4505 694 4542 :
731 4481 923 4539 Audite
963 4491 1073 4539 me,
1111 4469 1331 4533 insulte,
1376 4476 1421 4520 et
1463 4461 1711 4518 attendite
1742 4469 1940 4532 gentes.
1985 4454 2114 4510 Post

502 4583 726 4638 multum
753 4586 952 4645 tempus
979 4567 1160 4630 stabit,
1191 4563 1320 4617 dicit
1353 4556 1631 4612 Dominus.
1659 4550 1738 4608 De
1763 4562 1938 4606 ventre
1957 4565 2111 4604 voca-

2195 3345 2380 3391 contra
2415 3346 2634 3390 matrem
2676 3352 2869 3400 suam,
2920 3345 2968 3388 et
3003 3351 3191 3390 uarum
3226 3343 3407 3389 contra
3427 3349 3636 3388 socrum
3662 3347 3812 3388 suum

2198 3429 2416 3504 (Matth.
2475 3446 2539 3498 χ,
2590 3428 2701 3492 54.
2742 3427 2855 3500 35).
2903 3428 2975 3484 Et
3009 3431 3063 3484 in
3109 3430 3328 3492 untbra,
3379 3427 3594 3496 inquit,
3631 3442 3814 3481 manus

2197 3537 2307 3577 sate
2333 3521 2560 3588 protexit
2592 3537 2672 3575 me
2697 3563 2712 3581 .
2743 3532 2801 3575 ut
2831 3521 3017 3576 carnis
3043 3521 3224 3576 vilitas
3246 3562 3260 3586 ,
3289 3519 3591 3575 divinitatis
3623 3526 3816 3588 poten-

2199 3614 2273 3670 tia
2307 3623 2604 3681 tegeretur,
2637 3614 2853 3684 Angelo
2895 3613 2962 3668 ad
2993 3613 3270 3682 Virginem
3300 3611 3584 3666 nuntiante
3611 3608 3816 3682 :Spiri—

2201 3721 2283 3766 tus
2313 3710 2542 3765 Sanctus
2563 3709 2882 3781 superveniet
2907 3709 2962 3762 in.
2990 3718 3061 3773 te,
3083 3717 3130 3761 et
3160 3709 3323 3761 virtus
3345 3705 3606 3760 Altissimi
3636 3704 3819 3760 obum-

2200 3803 2368 3860 brabit
2409 3803 2500 3856 tibi
2537 3801 2712 3875 (Lac.
2756 3819 2799 3869 l,
2837 3800 2970 3870 55).
3003 3799 3210 3869 Posuit,
3282 3798 3498 3870 inquit,
3569 3815 3652 3852 me
3687 3799 3820 3854 sicut

2204 3899 2446 3970 sagittant
2465 3897 2698 3959 electam,
2718 3896 2773 3950 in
2793 3895 3038 3963 pharetra
3057 3910 3153 3948 sua
3173 3892 3443 3947 abscondit
3465 3907 3564 3946 me.
3588 3891 3819 3960 Quando

2205 3993 2370 4054 dicit,
2395 3991 2648 4061 sagittam
2675 3988 2928 4053 electam,
2963 3986 3200 4042 ostendit
3229 3985 3395 4040 Deum
3426 3984 3631 4041 habere
3657 3984 3824 4056 sagit-

2210 4098 2293 4144 tas
2344 4087 2642 4158 plurimas,
2689 4083 2785 4138 sed
2832 4099 2938 4139 non
2988 4083 3198 4139 electas
3233 4100 3245 4134 :
3286 4097 3408 4153 qua:
3441 4081 3658 4150 sagittae
3691 4079 3824 4136 Pro-

2213 4181 2391 4252 pbcttr
2414 4190 2540 4235 sunt
2569 4188 2622 4233 et
2653 4177 2901 4246 Apostoli
2921 4218 2935 4238 ,
2969 4177 3059 4246 qui
3090 4176 3145 4230 in
3173 4184 3286 4229 toto
3315 4174 3448 4228 orbe
3480 4173 3820 4230 discurrunt.

2214 4277 2288 4332 De
2316 4275 2512 4346 quibus
2532 4281 2586 4328 ct
2614 4273 2668 4328 in
2693 4273 2803 4325 alio
2828 4272 2948 4326 loco
2961 4270 3174 4326 canitur
3196 4287 3217 4324 :
3249 4269 3469 4338 Sagitta:
3492 4277 3595 4324 tua:
3623 4278 3820 4332 acutas,

2212 4365 2603 4443 potentissime;
2629 4367 2814 4439 populi
2859 4367 2956 4420 sub
2979 4375 3028 4419 te
3063 4364 3250 4419 cadent
3287 4361 3409 4435 (Ps.
3453 4378 3598 4427 xuv,
3631 4363 3699 4431 6)
3729 4377 3743 4427 ;
3771 4371 3827 4418 et

2216 4464 2416 4521 iterum
2441 4479 2457 4518 :
2493 4463 2716 4534 Sagitta:
2742 4463 2964 4533 potentis
2997 4471 3164 4515 acuta:
3191 4475 3307 4513 cum
3335 4458 3648 4513 carbonibus
3677 4457 3827 4513 deso-

2220 4557 2424 4612 latariis
2460 4557 2479 4626 (
2505 4554 2654 4610 Psal.
2687 4571 2833 4622 cstx,
2875 4554 3005 4625 41).
3047 4552 3298 4610 Christus
3326 4561 3505 4608 autem
3537 4551 3609 4608 de
3642 4551 3828 4606 multis

505 4619 951 4645 ψηνη-
980 4619 1021 4624 --
1050 4619 1081 4621 γρ
1148 4619 1160 4630 ,
2467 4619 2478 4626 ,
2821 4619 2828 4622 ,
2962 4619 2972 4625 ,

503 4678 574 4729 vit
600 4688 714 4736 me.
745 4679 796 4724 ει
823 4682 886 4722 εστ
912 4673 1058 4719 utero
1097 4659 1282 4713 νηαινῖε
1312 4669 1439 4710 ἠεαδ
1474 4648 1671 4705 υοσαυίι
1704 4663 1888 4701 nomen
1916 4660 2110 4699 meum.
2146 4619 2192 4680 υ
2219 4651 2439 4720 sagittis
2481 4661 2534 4705 et
2566 4649 2690 4704 ﬁliis
2723 4649 2972 4718 plurimis
2996 4689 3014 4714 ,
3049 4663 3154 4702 una
3185 4646 3382 4716 sagitta
3411 4647 3583 4702 electa
3608 4689 3624 4715 ,
3657 4655 3715 4702 et
3740 4645 3830 4701 Fi-

505 4770 575 4826 Et
599 4767 770 4841 posuit
800 4779 858 4817 os
886 4774 1054 4813 meum
1082 4753 1231 4826 quasi
1263 4750 1494 4823 gladium
1521 4754 1732 4800 acutunt
1754 4782 1770 4807 ,
1803 4749 1848 4795 et
1872 4739 1966 4794 sub
1995 4754 2118 4806 pro-

509 4833 729 4920 tectione
767 4869 956 4912 manus
974 4865 1086 4905 sua:
1114 4844 1381 4903 abscondit
1411 4858 1512 4897 me.
1545 4837 1728 4894 Posuit
1756 4851 1836 4890 me
1859 4833 2008 4907 quasi
2029 4849 2116 4887 sa-

511 4959 697 5030 gittam
729 4952 943 5008 eiectans
971 4987 987 5010 ,
1037 4954 1083 4998 et
1114 4943 1168 4996 in
1201 4939 1446 5012 pharetra
1475 4952 1570 4990 sua
1611 4930 1879 4986 abscondit
1909 4943 2010 4982 me.
2053 4925 2124 4980 Et

513 5017 645 5107 dixit
673 5043 798 5100 mihi
822 5058 842 5097 :
875 5039 1067 5094 Servus
1098 5049 1242 5087 meus
1271 5047 1322 5084 es
1354 5038 1433 5092 tu,
1459 5024 1660 5081 Israel:
1693 5032 1740 5078 et
1764 5023 1818 5076 in
1840 5032 1888 5074 te
1914 5019 1942 5058 δ
1964 5017 2131 5091 glori-

515 5141 730 5218 ﬁcabor.
755 5135 825 5190 Et
853 5148 946 5205 ego
968 5127 1081 5183 dixi
1111 5125 1221 5180 sine
1247 5137 1406 5176 causa
1433 5115 1663 5171 laboravi
1691 5156 1705 5177 ,
1734 5115 1788 5167 in
1820 5128 2006 5182 uanum
2027 5151 2043 5178 ,
2078 5120 2126 5164 et

514 5207 571 5296 in
597 5237 747 5293 nihili
779 5231 901 5288 dedi
944 5221 1303 5300 fortitudinem
1335 5229 1524 5271 meam.
1548 5211 1829 5280 Prapterea
1858 5207 2121 5280 judicium

519 5351 692 5392 meum
720 5328 864 5401 apud
895 5321 1172 5380 Dominunt
1191 5357 1207 5382 ,
1237 5323 1284 5368 et
1311 5311 1456 5368 labor
1480 5324 1625 5363 meus
1645 5321 1819 5360 coram
1847 5304 1957 5358 Deo
1985 5319 2122 5357 meo.

514 5429 644 5487 Scio
665 5437 721 5482 et
742 5396 860 5480 lucc
879 5429 937 5477 et
964 5413 1224 5473 inferiora
1247 5423 1368 5480 qua:
1385 5402 1584 5460 dicturi
1612 5413 1802 5454 sumus
1821 5438 1837 5461 ,
1868 5396 1936 5452 ad
1962 5398 2125 5451 unius

519 5521 742 5595 capituli
774 5511 1084 5588 scientiam
1132 5521 1230 5562 seu
1269 5495 1684 5568 intelligentiam
1733 5491 2044 5565 pertinere,
2078 5499 2135 5548 et

513 5691 652 5758 διε),
677 5697 794 5744 ιιοι,
837 5686 958 5741 Mox
1006 5693 1106 5758 pro
1131 5672 1330 5731 audiuit
1368 5665 1566 5723 Filium
1595 5664 1648 5719 in
1670 5659 1961 5733 antiquiss.
1988 5661 2115 5715 Am-

513 5752 754 5820 brosiam
786 5767 894 5823 est,
925 5752 1099 5809 vocavi
1128 5759 1196 5804 le.
1283 5819 1297 5823 _
1415 5815 1428 5823 _
1776 5814 1790 5823 Α
1825 5821 1858 5823 μ

591 5814 927 5889 {Clossatdr
945 5825 1153 5880 codicis
1180 5815 1550 5889 Ambrosian.,
1569 5824 1722 5889 quam
1741 5814 2116 5889 etusangut'uem

506 5878 685 5967 lateri:
697 5878 915 5959 Domini
928 5878 1261 5967 baptismum,
1283 5886 1497 5960 martyri
1504 5878 1690 5955 umque
1704 5878 1986 5948 iudicasse,
2001 5891 2111 5936 etc.

2218 4746 2326 4803 lius
2352 4743 2674 4815 Unigenitus
2699 4752 2778 4796 est
2803 4760 2816 4798 :
2841 4758 3007 4814 quam
3039 4741 3092 4796 in
3119 4740 3372 4812 pharetra
3396 4755 3493 4795 sua
3516 4740 3827 4806 abscondit,

2223 4837 2274 4893 id
2305 4848 2388 4894 est
2417 4878 2432 4904 ,
2461 4837 2513 4890 in
2549 4835 2790 4890 humano
2827 4849 3061 4906 corpore
3084 4875 3099 4901 ,
3142 4841 3205 4889 ut
3241 4833 3512 4888 habitaret
3544 4833 3598 4888 in
3625 4848 3694 4889 eo
3720 4833 3832 4902 plc-

2224 4931 2417 4989 nitudo
2443 4929 2750 4986 divinitatis
2779 4928 3162 4998 corporaliter.
3207 4927 3460 4999 Raraque
3484 4938 3567 4982 ρει
3597 4927 3830 4984 creden-

2229 5028 2362 5080 tium
2406 5023 2538 5079 lides
2584 5040 2596 5076 :
2643 5021 2728 5077 cui
2769 5030 2824 5075 et
2857 5036 3017 5091 supra
3050 5020 3227 5090 (Cap.
3256 5036 3385 5088 xiv,
3436 5019 3546 5086 15)
3593 5020 3830 5076 dicitur:

2225 5122 2306 5176 Tu
2333 5137 2388 5176 es
2427 5117 2569 5174 Deus
2595 5116 2934 5172 absconditus
2959 5158 2974 5182 ,
2998 5126 3050 5170 et
3081 5115 3453 5172 nesciebamus.
3495 5113 3611 5182 Qua
3643 5115 3831 5180 sagitta

2220 5225 2276 5270 et
2303 5227 2504 5284 sponsa
2535 5209 2732 5265 vulnus
2759 5207 3038 5277 accipiens
3069 5205 3311 5278 loquitur
3357 5205 3411 5260 in
3443 5203 3674 5262 Cantica
3695 5205 3836 5262 Can-

2221 5309 2454 5364 ticorum
2483 5323 2495 5358 :
2532 5302 2824 5358 Vulnerata
2847 5298 3096 5356 charitate
3119 5315 3214 5370 ego
3247 5315 3382 5352 sum.
3409 5296 3476 5351 Et
3507 5297 3644 5354 dixit
3671 5298 3796 5353 mihi
3815 5311 3836 5354 .'

2221 5403 2418 5458 Seruus
2464 5415 2609 5455 meus
2652 5414 2706 5452 es
2743 5407 2830 5464 tu,
2878 5393 3098 5449 Israel:
3134 5393 3259 5464 quia
3299 5394 3355 5448 in
3409 5404 3458 5448 te
3509 5393 3838 5465 gloriﬁcabor

2220 5494 2399 5568 (Cant.
2428 5513 2500 5562 tv,
2524 5493 2558 5550 9
2583 5493 2624 5564 ).
2649 5491 2855 5549 Servus
2875 5536 2890 5560 ,
2920 5489 3046 5562 quia
3086 5504 3210 5544 cum
3242 5489 3294 5545 in
3323 5488 3499 5544 forma
3523 5487 3627 5544 Dei
3649 5499 3795 5546 esset
3819 5534 3834 5560 ,

2329 5657 2358 5698 ι)
2384 5659 2553 5714 Antea
2577 5665 2721 5724 erat,
2754 5654 3033 5728 gloriabor.
3063 5651 3258 5708 Verum
3293 5668 3433 5728 mss.
3481 5653 3658 5728 juxta
3689 5653 3840 5710 Crte.

2219 5747 2345 5788 cum
2369 5725 2803 5804 ἐνδοξασθὴσομάι
2841 5725 3102 5804 ιιιιιιιιιίςερ,
3133 5739 3256 5804 cum
3292 5726 3344 5780 in
3393 5725 3664 5804 superiori
3706 5742 3842 5794 quo-

2216 5819 2322 5876 que
2345 5795 2596 5858 versione
2609 5795 2899 5871 praeterunt
2919 5795 3273 5925 ﬁcri/imber.
3303 5795 3761 5868 quemadmodum
3787 5807 3842 5854 et

2217 5891 2284 5925 ex
2301 5875 2550 5925 subnexa
2571 5869 2918 5925 expositione
2983 5870 3320 5925 ieronvmuut
3336 5869 3839 5925 leuissecolliuitur.

2217 5869 2284 5934 ex
2301 5875 2550 5933 subnexa
2571 5869 2918 5942 expositione
2930 5869 3320 5941 Hieronymum
3336 5870 3532 5942 legisse
3542 5869 3839 5941 colligitur.
