4096 6330
269 382 378 440 165

809 382 1463 444 COMMENTARIORUM
1503 385 1572 442 IN
1612 383 1853 442 ISAIAM
1893 383 2316 441 PRDPHETAM
2344 381 2473 440 LIB.
2515 381 2656 440 XIII.
2694 383 2852 440 CAP.
2895 381 3084 439 XLIX.

3500 379 3609 440 ‘66

264 499 508 557 formam
541 502 690 558 servi
729 514 810 559 est
841 503 1093 575 dignatus
1131 517 1417 559 assumere
1447 504 1465 572 (
1490 500 1727 575 Philipp.
1767 503 1846 572 ιι)
1873 548 1887 572 ,
1919 507 1968 565 Α
1997 517 2110 556 nem
2139 498 2310 556 Israel
2337 512 2624 557 convertas.
2662 501 2795 558 Ecce
2815 503 2965 573 posui
2984 503 3038 557 in
3066 512 3428 558 testamentum
3453 518 3612 576 gene-

265 604 323 649 et
356 592 556 666 Israel,
584 598 712 667 quia
738 605 896 651 natus
917 607 1000 652 est
1023 595 1094 652 de
1120 595 1330 652 semine
1345 594 1682 652 Judmornm.
1708 595 1894 664 Quod-

263 703 369 757 que
392 689 466 744 de
497 691 653 745 nullo
676 691 788 745 alio
810 706 1088 746 servorum
1124 690 1356 761 intelligi
1383 701 1581 760 potest,
1603 690 1888 762 jungitur:

268 785 409 853 Quia
432 786 490 840 in
519 795 569 840 te
593 785 862 859 gloriabor
903 785 922 859 [
954 787 1038 842 Al.
1071 785 1450 858 glori/icabor].
1494 786 1632 840 Dicit
1658 786 1802 840 enim
1837 794 1892 840 et

265 881 385 949 ipse
444 882 499 935 in
562 881 908 952 Evangelia,
967 879 1165 948 Pater,
1222 880 1458 952 gloriﬁca
1516 897 1697 934 nomen
1741 890 1889 932 tuum

266 971 474 1043 (Joan.
523 990 622 1043 xu,
665 974 783 1044 ‘28).
818 974 918 1041 Qui
949 974 1000 1029 iu
1034 974 1246 1044 psalmo
1276 975 1519 1044 loquitur
1548 973 1614 1027 ad
1649 973 1844 1028 Filium
1874 989 1887 1027 :

262 1064 488 1138 Exurge
511 1112 525 1134 ,
557 1066 737 1139 gloria
767 1085 879 1122 utea
903 1113 917 1138 ,
949 1078 994 1123 et
1016 1080 1210 1141 exurge
1234 1113 1248 1136 ,
1284 1069 1584 1137 psalterium
1610 1078 1657 1121 et
1688 1065 1890 1122 cithara

262 1157 406 1233 (Ps.
440 1177 553 1230 ιιι,
587 1161 681 1233 9),
729 1163 784 1217 id
812 1173 896 1218 est
921 1209 935 1234 ,
980 1164 1222 1219 omnium
1254 1161 1516 1217 VIt'IUIIIIII
1549 1162 1770 1216 chorus.
1801 1159 1892 1215 Di-

260 1264 424 1309 cente
457 1262 642 1309 autem
677 1254 810 1310 mibi
844 1255 1003 1312 Patre
1031 1256 1130 1310 ista
1155 1271 1274 1327 qua:
1304 1255 1498 1320 retuli,
1531 1269 1633 1324 ego
1661 1269 1890 1325 respon—

266 1346 320 1400 di
349 1347 401 1401 ei
434 1364 448 1401 :
497 1348 790 1416 Quomodo
819 1351 874 1404 in
907 1365 993 1404 me
1029 1349 1366 1418 gloriﬁealus
1397 1364 1458 1405 es
1482 1393 1496 1418 ,
1528 1348 1692 1404 Pater
1713 1393 1726 1417 ,
1761 1350 1886 1420 quia

261 1443 316 1496 in
352 1457 593 1498 vacuum
639 1443 882 1500 laboravi
913 1490 927 1515 ,
961 1454 1016 1500 et
1057 1459 1307 1515 magnam
1338 1455 1546 1514 partem
1581 1444 1762 1515 populi
1794 1443 1891 1500 Ju-

265 1535 519 1593 dmorum
551 1538 716 1613 563
743 1538 809 1594 ad
841 1548 894 1596 te
915 1554 1173 1596 revocare
1193 1555 1299 1594 non
1329 1539 1477 1610 potui
1501 1538 1524 1592 ?
1551 1538 1677 1593 llzec
1703 1547 1884 1593 autem

264 1634 532 1690 universa
564 1636 846 1704 dicuntur,
879 1644 939 1692 ut
965 1637 1199 1692 liberum
1231 1635 1469 1691 hominis
1501 1644 1527 1673 ⁸
1556 1644 1888 1690 monstraret

262 1727 580 1784 arbitrium.
611 1729 706 1784 Dei
729 1729 873 1785 enim
901 1744 1106 1786 vocare
1126 1738 1245 1800 est,
1277 1738 1598 1785 etuostrum
1623 1728 1881 1784 credere:

263 1835 366 1876 nec
396 1821 586 1876 statim
617 1821 663 1876 si
687 1837 786 1877 nos
812 1839 918 1877 non
949 1822 1224 1878 credimus
1249 1869 1264 1892 ,
1293 1822 1320 1861 ιι
1349 1821 1708 1892 impossibilis
1741 1823 1884 1876 Deus

1993 596 2097 664 ris,
2137 596 2191 650 in
2219 596 2384 650 lucem
2415 597 2682 670 gentium,
2718 612 2772 650 ut
2815 599 2886 651 sis
2941 597 3086 653 salus
3125 613 3287 668 usque
3323 597 3391 652 ad
3435 606 3607 652 extre-

1995 705 2136 744 mum
2177 700 2348 745 terrm.
2395 689 2620 746 Dicente
2653 706 2739 747 me
2765 731 2782 757 ,
2811 690 2880 746 In
2926 707 3143 746 uacuum
3169 691 3404 746 laboravi
3432 733 3448 757 ,
3493 692 3607 745 sine

1992 803 2152 840 causa
2201 797 2248 840 et
2294 801 2422 839 vane
2461 785 2820 856 fortitudinem
2869 803 3036 840 meam
3083 786 3428 854 consumpsi:
3477 785 3604 855 quia

1992 882 2169 938 Judu-i
2211 880 2439 936 credere
2470 882 2804 948 noluerunt,
2858 893 2913 937 et
2953 881 3224 950 judicium
3256 895 3438 936 meum
3476 895 3606 936 cum

1991 972 2154 1047 565
2234 973 2466 1029 Domino
2515 983 2636 1037 est;
2691 983 2747 1028 et
2795 988 2935 1040 opus
2982 988 3166 1028 meum
3196 1014 3212 1038 ,
3267 971 3456 1043 quod,
3506 971 3603 1026 illo

1988 1066 2016 1106 ά
2041 1069 2270 1141 juvante
2300 1109 2314 1134 ,
2353 1067 2578 1136 implevi
2608 1113 2622 1136 ,
2666 1082 2791 1122 cum
2836 1066 3071 1122 Domino
3101 1083 3113 1119 :
3149 1065 3432 1137 respondit
3465 1063 3602 1120 mihi

1993 1164 2294 1227 Dominus,
2341 1163 2434 1234 qui
2466 1177 2553 1218 me
2599 1160 2857 1217 formavit
2895 1176 2960 1216 ex
3004 1170 3162 1216 utero
3206 1176 3425 1216 servum
3471 1159 3602 1216 sibi.

1991 1254 2069 1310 Ex
2100 1270 2207 1325 quo
2231 1253 2473 1310 ostendit
2502 1267 2626 1308 eum
2656 1250 2923 1322 appellari
2964 1265 3183 1306 servum
3209 1294 3224 1319 ,
3257 1251 3352 1322 qui
3386 1251 3459 1306 sit
3488 1248 3604 1306 l‘or-

1988 1362 2168 1406 matus
2202 1365 2270 1405 es
2302 1361 2478 1404 utero.
2519 1347 2622 1416 Qui
2653 1357 2709 1403 et
2752 1348 2806 1402 in
2861 1346 3068 1416 psalmo
3102 1345 3277 1401 dicit:
3328 1344 3404 1401 De
3432 1354 3607 1401 ventre

1985 1444 2165 1500 matris
2192 1461 2317 1500 mea:
2350 1445 2487 1500 Deus
2515 1461 2658 1500 meus
2681 1460 2732 1499 es
2763 1454 2819 1499 tu
2847 1442 2978 1518 (Ps.
3013 1459 3098 1514 ιι,
3129 1442 3262 1515 10).
3294 1443 3434 1510 Quid
3466 1458 3600 1514 ergo

1988 1541 2248 1594 Dominus
2292 1539 2427 1595 dicit
2470 1539 2556 1594 ei?
2589 1538 2659 1596 Ut
2700 1539 2989 1594 reduceret
3020 1537 3191 1593 Iacob
3233 1536 3300 1591 ad
3333 1551 3460 1592 eum
3505 1538 3602 1607 qui

1983 1634 2356 1696 abcrravcrat,
2386 1633 2496 1703 qui,
2522 1633 2744 1688 deserto
2771 1632 3040 1687 Creatore
3061 1677 3076 1699 ,
3112 1630 3277 1686 idolis
3305 1630 3604 1686 serviebat.

1989 1724 2142 1782 Unde
2166 1735 2223 1781 et
2247 1728 2360 1796 ipse
2389 1725 2630 1794 loquitur
2650 1724 2716 1779 ad
2748 1725 3050 1795 discipulos
3076 1740 3094 1779 :
3118 1723 3186 1778 In
3212 1725 3348 1778 uiam
3369 1722 3602 1797 gentium

1984 1834 2046 1871 ne
2085 1818 2250 1872 ieritis
2276 1859 2291 1882 ,
2333 1829 2380 1872 et
2411 1818 2464 1871 in
2497 1817 2730 1872 civitates
2760 1816 3228 1870 Samaritanorum
3256 1832 3320 1871 ne
3358 1815 3606 1880 intretis;

261 1925 378 1978 est;
407 1913 504 1970 sed
531 1914 828 1986 potentiam
854 1933 1005 1970 suam
1026 1929 1216 1972 nostro
1237 1915 1460 1971 arbitrio
1481 1914 1879 1986 dereliuquitut
1910 1905 1957 1965 Β
1985 1913 2074 1967 sed
2098 1914 2168 1968 ite
2197 1913 2362 1985 magis
2395 1912 2465 1966 ad
2501 1927 2617 1967 oves
2654 1912 2891 1984 perditas
2920 1911 3108 1965 domus
3139 1908 3313 1964 Israel
3359 1908 3378 1981 (
3403 1907 3604 1963 Matth.

257 2008 389 2078 justi
420 2009 682 2064 voluntas
715 2011 996 2079 praemium
1025 2023 1410 2081 consequatur.
1445 2010 1584 2078 Quia
1614 2025 1745 2080 ergo
1777 2024 1876 2065 no-

260 2100 484 2156 luerunt
513 2117 612 2174 per
636 2117 721 2158 me
749 2101 803 2157 in
839 2112 889 2158 te
918 2103 1144 2159 credere
1171 2149 1185 2170 ,
1214 2102 1482 2173 judicium
1519 2118 1698 2158 meum
1727 2100 1871 2173 apud

261 2204 312 2251 te
342 2207 466 2262 est,
499 2196 646 2268 quod
684 2198 865 2252 omnia
902 2197 1124 2254 fecerim
1168 2215 1289 2269 qua:
1329 2199 1411 2254 eis
1443 2199 1621 2254 facere
1662 2197 1827 2252 debui
1857 2243 1872 2268 ,

259 2287 450 2345 dicens
481 2287 536 2344 in
572 2290 865 2361 Evangelia
891 2307 904 2344 :
942 2289 1056 2364 Ego
1081 2300 1129 2344 te
1157 2290 1443 2361 gloriﬁcavi
1471 2305 1629 2360 super
1658 2299 1870 2357 terram,

264 2397 421 2453 opere
464 2383 726 2453 completo
771 2384 910 2454 quod
941 2383 1129 2437 dedisti
1157 2380 1284 2436 mihi
1323 2391 1376 2436 ut
1404 2385 1622 2455 facerem
1671 2380 1874 2452 (Joan.

260 2489 390 2543 ml,
425 2475 458 2530 4
481 2479 524 2542 );
557 2486 610 2531 et
641 2476 836 2531 iterum
863 2494 876 2530 :
908 2474 1242 2544 Manifestari
1269 2491 1453 2529 nomen
1485 2486 1630 2528 tuum
1653 2474 1879 2528 homini-

262 2567 380 2621 bus.
417 2567 482 2622 Et.
524 2582 664 2636 opus
694 2583 874 2622 meum
913 2568 1026 2624 sive
1071 2568 1226 2624 labor
1266 2578 1320 2624 et
1350 2568 1508 2623 dolor
1541 2583 1695 2622 tuens
1731 2569 1877 2638 (hoc

261 2662 407 2716 enim
439 2662 713 2733 signiﬁcat
745 2663 936 2732 πόνος)
984 2663 1037 2718 in
1080 2674 1382 2734 conspectu
1429 2674 1520 2717 tuo
1553 2671 1654 2717 est.
1705 2661 1880 2718 Flevit

261 2756 408 2811 enim
442 2767 495 2811 et
548 2759 602 2812 in
651 2757 950 2829 Evangelia
999 2756 1303 2814 Jerusalem
1336 2756 1506 2829 (Luc.
1543 2772 1630 2812 χιιι
1661 2754 1701 2826 ),
1737 2765 1793 2810 et
1821 2757 1874 2811 in

260 2852 472 2922 pSaItno
489 2853 561 2907 ob
582 2853 990 2908 incredulorum
1015 2853 1440 2921 multitudinem,
1467 2851 1875 2923 quodammodo

260 2943 455 3000 frustra
477 2961 694 3017 passum
717 2963 776 3000 se
791 2961 913 3002 esse
927 2947 1093 3002 dicit:
1122 2947 1250 3014 Quae
1285 2948 1484 3002 utilitas
1525 2947 1577 3000 in
1617 2945 1870 3019 sanguine

263 3057 393 3112 meo,
409 3042 534 3096 dum
564 3042 824 3097 descendo
850 3043 902 3096 in
923 3043 1309 3112 corruptionem
1335 3040 1452 3114 (Ps.
1477 3056 1625 3109 xxrx,
1644 3039 1733 3111 10)
1751 3041 1773 3094 l
1807 3040 1877 3094 Et

255 3131 404 3202 juxta
427 3133 753 3189 llebraicum
782 3133 1021 3201 petuleus
1046 3135 1099 3187 in
1134 3148 1295 3188 cruce
1325 3133 1562 3204 loquitur
1591 3150 1605 3188 :
1645 3130 1822 3201 Longe
1844 3149 1877 3187 a

265 3231 427 3284 salute
451 3247 586 3300 mea,
609 3228 760 3283 verba
787 3240 808 3268 ο
829 3230 1252 3284 lamentationum
1272 3244 1497 3282 mearunt
1525 3225 1645 3299 (Ps.
1674 3222 1876 3297 xxt,l).

1975 2023 2037 2069 κ,
2065 2007 2184 2074 5);
2216 2015 2271 2061 et
2299 2007 2350 2061 iu
2379 2007 2488 2060 alio
2520 2006 2676 2060 loco:
2713 2003 2837 2060 Non
2892 2005 3006 2059 veni
3054 2003 3155 2058 nisi
3185 2003 3254 2057 ad
3284 2019 3400 2058 oves
3425 2001 3605 2072 perdi-

1974 2110 2051 2155 tas
2078 2103 2262 2156 domus
2291 2100 2464 2156 Israel
2491 2102 2510 2172 (
2535 2101 2727 2157 Matth.
2756 2117 2825 2156 xv
2846 2142 2861 2164 ,
2896 2099 3021 2172 24).
3059 2100 3186 2155 "rec
3213 2101 3378 2170 igitur
3407 2099 3607 2155 volun-

1973 2204 2054 2250 tas
2087 2195 2262 2250 Patris
2294 2194 2412 2264 fuit,
2451 2204 2509 2249 ut
2536 2195 2762 2265 pes-imi
2797 2195 3062 2249 vinitores
3091 2196 3322 2249 missum
3349 2193 3600 2266 sust-ipe-

1977 2299 2098 2344 rent
2131 2288 2327 2344 Filium
2355 2331 2370 2355 ,
2405 2299 2460 2343 et
2499 2286 2710 2344 fructus
2739 2289 2916 2343 vincte
2939 2287 3235 2342 redderent
3263 2332 3277 2357 ,
3303 2287 3396 2358 qui
3429 2287 3602 2343 inter-

1975 2382 2221 2437 fecerunt
2262 2398 2384 2437 eum
2433 2381 2704 2437 dicentes.
2747 2381 2958 2450 Venite,
2993 2381 3294 2436 occidamus
3339 2382 3523 2450 illum,
3553 2391 3606 2437 et

1977 2486 2157 2529 nostra
2199 2476 2298 2529 erit
2328 2475 2606 2531 hereditas
2655 2475 2893 2548 (Matth.
2931 2491 3050 2542 xxr,
3099 2475 3246 2545 58);
3295 2476 3483 2532 ethoc
3517 2486 3606 2531 est

1976 2569 2118 2639 quod
2149 2585 2291 2626 nunc
2321 2570 2455 2625 dicit
2483 2586 2496 2624 :
2534 2568 2598 2623 Et
2632 2567 2804 2624 Israel
2831 2587 2934 2624 non
2967 2570 3394 2641 congregabitur,
3432 2569 3484 2624 id
3515 2579 3605 2626 est

1978 2679 2083 2719 non
2131 2672 2436 2719 revertetur
2468 2662 2534 2717 ad
2576 2663 2887 2718 Dominum.
2933 2663 3192 2735 Satisque
3243 2662 3420 2718 miror
3463 2677 3604 2734 quo-

1976 2758 2138 2814 modo
2174 2758 2389 2830 vulgata
2418 2758 2591 2814 editio
2618 2800 2632 2824 ,
2664 2757 3029 2813 fortissimum
3060 2769 3253 2813 contra
3281 2756 3601 2813 .ludmorum

1977 2849 2266 2922 perﬁdiam
2301 2850 2676 2906 testimonium
2725 2851 2834 2905 alia
2873 2850 3329 2919 interpretatione
3359 2851 3596 2906 subver-

1978 2945 2104 3000 terit
2131 2991 2145 3013 ,
2177 2945 2367 3000 dicens
2394 2961 2408 3000 :
2440 2943 2807 3017 Congregabor
2828 2953 2876 2998 et
2897 2944 3234 3018 glorificabor
3263 2962 3440 3000 coram
3474 2943 3592 3001 Do-

1980 3039 2162 3092 mino:
2206 3054 2328 3093 eum
2388 3037 2691 3093 'l‘beodotio
2740 3045 2797 3093 et
2832 3036 3198 3109 Symmachus
3256 3046 3463 3094 nostra:
3517 3039 3600 3094 in-

1981 3131 2362 3201 terpretationi
2448 3141 2768 3203 congruant.
2856 3131 2932 3188 De
2999 3133 3193 3203 Aquila
3250 3142 3432 3189 autem
3487 3150 3599 3191 non

1981 3227 2189 3295 miror,
2273 3226 2418 3297 qttod
2505 3227 2668 3282 homo
2742 3226 3152 3283 eruditissimus
3211 3228 3410 3300 lingua:
3492 3229 3598 3286 lle-

337 3320 532 3392 (Vers.
576 3322 640 3391 5,
687 3322 720 3377 6
748 3323 928 3394 seqq.)
963 3319 1030 3376 Et
1070 3339 1206 3376 nunc
1250 3321 1377 3376 dicit
1424 3318 1720 3387 Dominus,
1763 3323 1879 3391 for-
1907 3302 1954 3366 ε
1989 3320 2187 3375 braica:
2213 3365 2227 3388 ,
2284 3327 2341 3375 et
2385 3319 2608 3375 verbum
2660 3319 2728 3376 de
2771 3322 2945 3376 verbo
2987 3321 3311 3390 exprimens
3337 3367 3351 3391 ,
3395 3322 3448 3377 in
3493 3321 3600 3380 ltoc

269 3435 410 3472 ntans
441 3433 523 3472 me
547 3434 610 3471 et:
630 3426 780 3472 utero
822 3433 1025 3472 servum
1054 3418 1151 3472 sibi
1177 3463 1191 3487 ,
1240 3432 1294 3472 ut
1326 3421 1573 3472 reducam
1602 3416 1768 3471 Jacob
1812 3417 1883 3469 ad

269 3531 381 3570 eum
407 3561 421 3586 ,
451 3526 497 3570 et
540 3515 712 3570 Israel
742 3531 844 3570 non
873 3515 1313 3586 congregabitur:
1345 3522 1394 3566 et
1419 3513 1744 3584 glori/iratus
1767 3528 1882 3566 sum

271 3614 321 3667 in
361 3613 522 3667 oculis
566 3611 818 3678 Domini,
868 3621 916 3666 et
953 3608 1096 3665 Deus
1133 3627 1273 3664 meus
1307 3610 1478 3680 factus
1518 3618 1595 3664 est
1629 3606 1880 3678 fortitudo

271 3724 398 3762 mea.
429 3705 494 3761 Et
521 3707 657 3761 dixit
684 3723 702 3760 :
735 3723 920 3775 parum
943 3717 1018 3761 est
1041 3747 1058 3772 ,
1089 3715 1146 3760 ut
1172 3706 1243 3760 sis
1275 3704 1401 3758 mihi
1428 3720 1602 3758 servus
1625 3704 1693 3756 ad
1716 3702 1880 3756 susci-

271 3803 453 3857 tandas
499 3803 664 3858 tribus
711 3801 912 3868 Iacob,
960 3810 1008 3858 et
1055 3802 1209 3872 ftrces
1261 3798 1431 3853 Israel
1478 3797 1874 3852 ctmvcrtendas.

280 3894 409 3951 Dedi
441 3896 459 3970 [
485 3897 644 3967 Vulg.
669 3894 804 3951 Ecce
833 3895 976 3968 dedi]
1025 3906 1073 3950 te
1107 3896 1160 3949 in
1192 3893 1360 3948 lucem
1390 3893 1620 3964 gentium
1646 3908 1664 3957 ,°
1699 3904 1754 3944 ut
1803 3891 1876 3943 sis

278 3992 414 4046 salus
445 4009 559 4047 utea
588 4007 750 4064 usque
786 3991 854 4046 ad
883 4001 1171 4047 extremum
1215 3999 1381 4044 terrae.
1417 3986 1592 4042 LXX:
1629 3985 1696 4039 Et
1742 4001 1879 4039 nunc

274 4088 345 4141 sic
383 4089 508 4141 dicit
556 4084 812 4140 Dominus
841 4087 930 4157 qui
973 4085 1213 4156 formavit
1259 4100 1340 4136 me
1382 4099 1446 4137 ex
1489 4092 1632 4135 utero
1673 4096 1879 4135 servum

274 4181 366 4234 sibi
392 4227 404 4248 ,
435 4193 490 4236 ut
513 4197 882 4253 congregarent
907 4177 1070 4233 Jucob
1101 4177 1170 4231 ad
1198 4193 1314 4231 eum
1350 4186 1396 4230 et
1425 4175 1596 4229 Israel
1619 4191 1636 4228 :
1666 4187 1885 4244 congre-

275 4273 430 4342 gabor
457 4286 502 4327 et
533 4273 868 4346 glorificabor
893 4287 1068 4325 caram
1103 4269 1326 4324 Domino
1358 4278 1402 4323 et
1429 4267 1570 4322 Deus
1609 4284 1756 4321 meus
1783 4265 1881 4318 erit

279 4368 525 4437 fortitudo
552 4383 688 4422 mea.
726 4367 788 4421 Et
815 4367 946 4420 dixit
971 4363 1097 4419 mihi
1123 4381 1141 4419 :
1177 4362 1423 4434 Magnum
1441 4361 1532 4416 tibi
1553 4371 1625 4415 est
1654 4370 1710 4414 ut
1740 4375 1886 4413 voce-

278 4464 346 4516 ris
372 4479 500 4533 puer
532 4479 675 4516 meus
701 4506 714 4529 ,
758 4469 805 4515 et
839 4460 1056 4515 suscites
1088 4459 1251 4512 tribus
1289 4455 1452 4511 Jacob
1481 4502 1494 4526 ,
1529 4467 1575 4510 et
1603 4454 1886 4527 dispersio-

1988 3415 2109 3470 loco
2154 3421 2248 3469 aut
2295 3414 2567 3469 simularit
2619 3414 2989 3484 imperitiam,
3037 3424 3131 3470 aut
3191 3415 3599 3473 Pbarismorum

1987 3524 2241 3579 perversa
2273 3506 2618 3574 expositione
2645 3507 2908 3576 deceptus
2953 3509 3060 3578 sit,
3117 3509 3206 3580 qui
3241 3508 3600 3580 interpretari

1983 3605 2172 3671 voluit,
2201 3616 2250 3660 et
2275 3603 2446 3659 Israel
2475 3606 2523 3658 ei
2553 3604 2974 3678 congregabitur,
3009 3604 3111 3658 hoc
3139 3615 3244 3674 est,
3287 3603 3424 3659 Deo.
3458 3605 3597 3662 Cum

1983 3699 2208 3754 verbum
2240 3698 2564 3752 llebraicum
2616 3713 2702 3766 ιο,
2740 3699 2792 3750 in
2825 3698 2928 3753 hoc
2979 3698 3102 3754 loco
3153 3713 3259 3753 non
3318 3699 3595 3756 scribatur

1984 3807 2080 3861 per
2111 3806 2290 3846 unco
2318 3801 2374 3846 et
2407 3805 2515 3846 vsv
2541 3775 2637 3862 (1'7)
2671 3805 2689 3843 :
2721 3791 2866 3859 quod
2901 3791 2945 3846 si
2978 3801 3160 3859 esset,
3209 3791 3547 3860 signiﬁcaret
3572 3838 3588 3862 ,

1979 3886 2027 3940 ei
2060 3886 2142 3939 vel
2189 3885 2269 3938 illi
2307 3901 2325 3939 :
2358 3884 2452 3939 sed
2495 3899 2591 3954 per
2640 3900 2820 3939 LMlt-ZD
2868 3893 2924 3938 et
2965 3899 3136 3938 Αιεριι
3184 3868 3338 3958 (n5)
3372 3894 3395 3922 °
3441 3886 3591 3956 quod

1979 3979 2195 4048 proprie
2222 4023 2235 4046 ,
2269 3994 2371 4032 non
2399 3987 2573 4033 sonat.
2607 3976 2741 4045 Quia
2773 3977 2937 4047 igitur
2964 3992 3070 4030 non
3096 3987 3180 4032 est
3209 3979 3468 4033 reductus
3494 3979 3592 4034 Ia-

1982 4072 2088 4127 cob
2125 4070 2190 4126 ad
2247 4074 2411 4125 Deum
2441 4115 2454 4138 ,
2513 4084 2614 4125 nec
2649 4067 2814 4124 Israel
2847 4082 3206 4141 congregatus
3235 4088 3248 4124 :
3303 4081 3592 4141 propterea

1983 4166 2153 4222 Filius
2179 4165 2422 4236 loquitur
2442 4163 2549 4219 illis
2579 4178 2685 4218 non
2705 4161 3064 4218 credentibus
3085 4178 3104 4218 :
3123 4162 3445 4236 glon'ficatus
3472 4181 3590 4220 sum

1985 4260 2040 4314 in
2067 4257 2231 4314 oculis
2265 4256 2492 4312 Domini.
2545 4257 2600 4312 In
2634 4273 2720 4312 me
2758 4257 2905 4312 enim
2938 4256 3116 4311 «mutis
3148 4255 3382 4312 mundus
3410 4256 3596 4312 credi-

1989 4351 2070 4408 dit
2094 4363 2172 4406 :et
2203 4350 2342 4405 Deus
2369 4367 2512 4406 meus
2543 4352 2711 4422 factus
2733 4362 2804 4404 est
2819 4349 2981 4423 565
3005 4348 3259 4418 fortitudo
3282 4348 3600 4420 mea,quiet

1992 4450 2308 4507 consolatus
2352 4456 2438 4504 est
2475 4463 2562 4503 me
2607 4447 2822 4503 tristem
2857 4461 3024 4518 super
3066 4444 3372 4516 abjcctione
3415 4443 3603 4517 populi

352 4589 376 4617 ⁸
425 4579 482 4635 In
531 4578 932 4644 Ambrosianis,
981 4585 1296 4632 monstretur
1331 4573 1601 4629 arbitrium
1627 4589 1646 4628 :
1674 4581 1888 4628 veteres
1917 4569 1970 4630 Ι)
1998 4567 2111 4623 bito
2139 4565 2206 4644 ad
2233 4581 2331 4644 eor
2357 4563 2621 4644 bominis,
2641 4563 2686 4618 si
2711 4564 2860 4619 velit.

284 4651 429 4710 editi.
464 4660 860 4706 monstraretur.

353 4722 379 4762 δ
410 4725 603 4779 Active
633 4721 977 4795 Impossibilis
1005 4722 1111 4795 hoc
1146 4720 1269 4775 loco
1291 4735 1398 4795 Apro
1429 4719 1684 4795 impotens
1713 4713 1888 4795 sumi-

287 4805 388 4862 tur,
425 4812 530 4850 nnn
579 4788 791 4859 passiva
825 4792 1243 4865 signiﬁcatione.
1277 4788 1560 4865 Quomodo
1584 4803 1711 4841 vero
1746 4788 1888 4842 l)eus

285 4879 336 4922 et
361 4871 532 4936 possit
559 4867 741 4921 facere
773 4863 952 4919 omni»
974 4910 987 4933 ,
1023 4877 1075 4919 et
1105 4875 1284 4918 tamen
1309 4863 1591 4936 potentiam
1606 4875 1761 4936 suam
1793 4875 1888 4911 no-

282 4933 388 4994 stra
438 4941 660 4994 arbitrio
714 4936 1088 5001 derelinquat,
1144 4933 1497 4990 Conse'utiens
1554 4933 1886 5000 Hieronymo

286 5013 624 5082 ᾼιιειιειίιιιιε
652 5012 888 5082 explicat
920 5009 1015 5082 lib.
1045 5008 1108 5060 de
1142 5007 1344 5082 Spiritu
1371 5017 1416 5058 et
1438 5003 1563 5082 _l.il.
1597 5019 1645 5082 ε..
1682 5003 1790 5082 35‘.
1826 5016 1882 5082 ιι.

284 5080 350 5137 58
370 5073 397 5148 ξ
415 5099 536 5138 cum
564 5073 752 5136 scribit
771 5079 900 5136 velle
927 5081 1088 5135 Deum
1113 5073 1286 5132 omnes
1309 5077 1542 5132 homines
1561 5073 1885 5148 salvos/ﬁeri,

286 5141 385 5208 non
418 5157 494 5210 sic
523 5166 694 5208 tamen
719 5165 772 5206 ut
796 5155 868 5207 eis
898 5153 1096 5207 adimat
1118 5149 1337 5203 liberum
1367 5149 1660 5201 arbitriunt.
1697 5142 1763 5198 Et
1788 5141 1884 5196 In-

286 5226 537 5295 ﬁdeles...
566 5236 747 5279 contra
775 5225 1087 5278 voluntatem
1120 5222 1213 5295 Dei
1241 5221 1410 5287 facere
1429 5234 1549 5295 cum
1565 5221 1680 5288 ejus
1709 5215 1886 5268 Evan-

287 5290 420 5366 gelia
447 5316 554 5353 non
583 5298 798 5350 credunt
829 5338 842 5359 ,
886 5295 1156 5368 erperturi
1187 5294 1243 5347 in
1278 5290 1556 5368 _s_rppliaiis
1583 5297 1886 5360 potestatem

287 5364 402 5444 ejus
428 5415 442 5437 ,
477 5369 652 5439 .cujus
695 5369 749 5421 in
791 5364 1394 5444 donis'iiiisei-irgrdiaiit
1445 5368 1886 5444 contempserunt.

291 5430 440 5497 llinc'
468 5430 671 5509 arguas
703 5441 1128 5508 omnipotentem
1174 5436 1376 5492 Gratize
1406 5435 1780 5509 operationem
1826 5430 1892 5509 il-

292 5513 396 5568 lam
452 5502 900 5582 ab'vﬂieronym'o
946 5526 1054 5565 non
1088 5506 1632 5582 probati-inﬁtialem
1689 5502 1892 5582 ultimis

292 5586 438 5641 hisce
482 5576 823 5652 temporibus
863 5581 1208 5650 QueSuellius
1235 5578 1336 5634 sibi
1377 5576 1568 5652 ﬁngit.
1594 5580 1896 5652 quiecogat

291 5644 636 5713 voluntatem
681 5653 748 5707 ad
778 5644 914 5722 opus
957 5655 1154 5708 bimum
1194 5653 1260 5705 ad
1291 5648 1435 5721 quod
1455 5644 1772 5722 faciendum
1809 5645 1900 5722 dat

295 5745 453 5798 [Insue
486 5747 498 5783 :
531 5737 588 5782 et
617 5742 740 5794 qua:
765 5716 1180 5798 ou'mipotentia,
1216 5734 1274 5777 ut
1309 5716 1423 5776 vult
1453 5719 1580 5798 ille,
1618 5717 1686 5770 ita
1719 5726 1803 5798 est
1829 5716 1898 5798 de

293 5787 498 5858 Gratim
551 5787 947 5871 cujuscumque
977 5797 1215 5871 essentia
1249 5837 1264 5861 ,
1303 5805 1358 5848 ut
1392 5791 1534 5871 nulla
1567 5787 1901 5871 essem-alia.

295 5873 470 5946 possit
492 5858 845 5942 quiu'eilicux
861 5858 954 5923 sit.
985 5869 1123 5946 Non.
1136 5858 1319 5946 itaque
1332 5859 1784 5946 onmipotentiatn
1807 5858 1905 5946 Dei

297 5931 668 6011 Ilieronjmus
693 5949 870 6008 negat.
900 5955 1074 6009 neque
1104 5931 1300 6000 ἁπλῶς,
1327 5931 1504 6005 neque
1530 5940 1781 6001 respectu
1808 5931 1905 5982 liu-

2073 4651 2094 4678 ο
2142 4637 2312 4693 Verba
2353 4636 2781 4691 lmnentutiouum
2810 4651 3063 4690 mearum.
3098 4634 3156 4688 In
3202 4635 3468 4690 Psalterio
3497 4650 3599 4690 suo

1993 4711 2282 4775 Ilebraico,
2317 4708 2431 4764 sive
2464 4724 2526 4762 ex
2574 4708 2836 4762 llelu-aica
2886 4707 3116 4761 veritate
3165 4721 3432 4761 entiverso
3467 4707 3602 4776 legit

1995 4782 2098 4838 Itoc
2129 4782 2312 4844 modo,
2345 4783 2496 4850 longe
2525 4797 2557 4832 a
2584 4779 2753 4831 salute
2773 4794 2887 4831 mea
2903 4779 3052 4850 verba
3083 4778 3286 4846 rugitus
3309 4779 3431 4832 mei.
3459 4778 3594 4847 Qua}

1989 4857 2151 4909 verba
2183 4848 2680 4906 eumdem—sensum
2704 4855 2963 4904 retinent.
3004 4848 3277 4906 Msn'run.

1992 4923 2493 4979 —l’sendobieron.
2529 4921 2580 4976 in
2607 4923 2748 4975 hunc
2778 4920 2976 4974 l’salmi
3009 4923 3184 4975 Ineunt
3216 4939 3234 4976 :
3262 4921 3436 4991 Longe
3457 4939 3489 4973 a
3512 4937 3601 4974 sa-

1990 4998 2096 5051 lute
2126 5011 2236 5048 mea
2257 4997 2408 5048 verba
2431 4991 2734 5064 delictorum
2762 5008 3012 5047 meorum.
3041 4993 3233 5064 Aquila
3255 4990 3393 5064 hunc
3419 4990 3593 5064 locum

1988 5069 2063 5122 sic
2091 5069 2460 5137 interpretatus
2495 5077 2568 5118 est
2591 5106 2608 5137 _,
2644 5062 2820 5137 Longe
2851 5082 2883 5137 τι
2909 5064 3079 5118 salute
3102 5062 3218 5117 inea
3248 5062 3401 5116 verba
3431 5063 3595 5130 gemi-

1989 5149 2073 5193 tus
2141 5135 2262 5192 mei.
2330 5135 2677 5207 Synnnachus
2705 5178 2720 5202 ,
2760 5135 2929 5190 rerba
2991 5137 3306 5207 gemituumr
3336 5149 3590 5207 meorum.

1991 5209 2184 5277 Quinta
2215 5221 2260 5263 et
2290 5205 2432 5263 sexta
2460 5206 2639 5262 Editio
2667 5223 2686 5262 :
2731 5207 2881 5262 verba
2927 5205 3169 5261 clamoris
3209 5206 3330 5277 mei.
3367 5205 3433 5257 Et
3453 5219 3596 5277 sane

1989 5276 2130 5335 baud
2163 5282 2403 5336 occurrit
2445 5282 2498 5335 in
2530 5279 2738 5335 Latinis
2777 5280 3057 5335 Codicdnts
3085 5321 3100 5346 ,
3144 5276 3235 5346 qui
3293 5276 3491 5344 legerit
3515 5277 3597 5332 la-

1991 5355 2348 5408 mentationes.

2063 5425 2090 5464 ά
2129 5425 2474 5481 Ambrosiani
2523 5422 2686 5477 codd.
2718 5468 2732 5490 ,
2785 5421 2924 5488 quod
2954 5422 3046 5475 illo
3092 5418 3300 5483 iubente
3343 5417 3598 5488 complevi

1994 5515 2108 5556 cum
2141 5495 2364 5550 Domino
2391 5512 2536 5561 meo;
2569 5504 2617 5549 et
2643 5495 2939 5565 respondit,
2982 5501 3088 5565 etc:

2073 5580 2096 5608 °
2140 5570 2361 5630 Et,\'ero
2393 5570 2445 5622 in
2479 5560 2760 5620 bodierui's
2788 5579 3004 5630 quoque
3045 5560 3291 5615 Hebra'is
3315 5562 3598 5630 exempla-

1997 5643 2148 5699 ribus
2271 5680 2282 5699 .
2310 5657 2412 5692 non
2457 5637 2716 5693 scribitur
2754 5623 2962 5686 eireill'o
2997 5631 3420 5700 Superimposito
3446 5623 3504 5688 ei
3529 5635 3598 5690 ad

1999 5728 2168 5792 marg.
2459 5710 2612 5792 ,“lcge
2640 5708 2707 5792 ei.
2727 5699 3599 5792 .SICQIIﬁ.PIIIII-Cltillqn‘llsl9:211...

2002 5773 2255 5856 plit'astes
2282 5773 2426 5850 legit'.
2461 5773 2643 5856 Νώρα
2671 5779 2808 5856 adeo
2853 5773 3122 5856 putandus
3151 5785 3236 5830 est
3261 5773 3467 5856 aquila
3491 5783 3598 5834 loco

2005 5845 2209 5914 lienem
2242 5845 2446 5911 temere
2489 5845 2999 5908 in‘Cbristianorum
3032 5845 3218 5902 odium
3260 5847 3604 5908 immutasse.
