4096 6330
276 291 392 348 ιθθ

833 302 1484 366 counsursntonttu
1524 306 1593 385 IN,
1625 305 1863 393 issisti
1903 306 2330 395 ξιιρριιιετιμι
2370 311 2500 370 Ltn.
2540 311 2681 371 xm.
2725 310 2878 374 car.
2916 312 3107 372 χιιι.

3514 308 3624 397 ιιι

276 420 455 519 allatas
486 417 803 481 refectionis
847 419 1083 493 educavit
1111 437 1193 495 nte
1221 420 1343 492 (Ps.
1396 438 1511 478 ml
1529 464 1545 491 ,
1574 423 1655 491 2).
1683 422 1787 491 Qui
1816 438 1913 476 au-
2017 435 2240 498 angusta
2269 439 2543 507 gruntpra:
2572 424 2981 517 (salutatoribus.l
3012 441 3063 486 et
3108 430 3264 519 longe
3299 428 3621 519 {uggbunlur

275 510 393 559 tem
425 505 487 561 in
525 510 695 567 istius
724 514 869 569 modi
904 515 1001 571 viis
1019 525 1182 585 atque
1208 517 1417 571 semitis
1448 525 1637 588 pastus
1670 516 1835 573 fuerit
1855 525 1912 573 et

273 603 1027 679 nutritusmecesurietptec
1042 611 1210 678 sitiet,
1232 627 1411 687 neque
1436 614 1679 677 calorem
1705 616 1911 672 sentiet

272 694 418 749 solis
452 715 467 752 :
501 712 553 755 et
583 704 910 777 implebitur
938 705 1007 762 de
1037 706 1130 762 illo
1164 706 1309 777 quod
1355 708 1617 777 scriptum
1651 717 1733 763 est
1762 725 1777 763 :
1807 688 1911 763 Per

274 782 427 846 diem
452 792 539 848 sol
568 812 677 850 non
712 809 825 852 uret
846 808 916 862 te,
954 812 1113 868 neque
1133 797 1260 852 luna
1282 813 1376 871 per
1402 808 1603 865 noctem
1629 797 1750 870 (Ps.
1779 814 1905 869 cxx,

274 885 360 960 6).
395 886 479 953 Ut
528 906 636 947 nec
667 892 899 949 adversa
950 907 1048 948 nec
1071 874 1333 964 prospera
1368 891 1528 964 hujus
1567 893 1753 949 saeculi
1782 908 1909 950 sen-

270 980 406 1041 tiat.
464 982 762 1054 Siquidem
815 985 1128 1041 misericors
1170 993 1227 1041 et
1270 985 1564 1041 tniserator
1604 985 1903 1053 Dominus,

274 1074 405 1146 ipse.
434 1078 836 1137 consolabitur
864 1089 917 1134 et
946 1089 1097 1150 reget
1124 1092 1242 1145 eos,
1262 1086 1319 1134 et
1352 1078 1585 1134 deducet
1615 1079 1681 1132 ad
1725 1078 1907 1135 fontes

278 1168 594 1237 aquarum.
625 1170 756 1237 Siye
778 1180 804 1209 ιι
834 1172 1044 1244 potabit
1080 1171 1211 1228 illos
1242 1172 1308 1227 ad
1341 1172 1541 1245 fontes,
1593 1173 1663 1228 de
1709 1173 1907 1245 quibus

270 1263 560 1334 scripturn
593 1275 681 1322 est
712 1286 725 1319 :
756 1266 1053 1322 Benedicile
1104 1266 1335 1322 Domino
1361 1269 1426 1323 de
1473 1267 1702 1338 fontibus
1734 1266 1906 1325 Israel

272 1355 404 1430 (Ps.
464 1376 637 1430 um,
668 1361 788 1435 27).
822 1361 884 1418 Et
922 1363 974 1416 in
1015 1362 1123 1417 alio
1154 1363 1316 1418 loco:
1350 1360 1575 1417 Haurite
1621 1379 1785 1435 aquas
1839 1362 1904 1418 de

270 1453 521 1523 fontibus
555 1455 849 1515 Salvatoris
876 1455 1006 1530 (lsa.
1044 1473 1142 1523 ιιι,
1171 1460 1250 1529 5).
1300 1457 1365 1515 Hi
1393 1438 1574 1514 fontes
1626 1458 1678 1513 in
1729 1457 1902 1514 veteri

268 1544 416 1605 Test
434 1559 672 1619 intento,
703 1561 759 1607 et
777 1567 919 1608 novo
941 1562 1089 1609 sunt.
1110 1552 1413 1622 Omniaque
1434 1551 1759 1608 ollendicula
1780 1568 1902 1625 quae

270 1643 640 1700 credentium
676 1655 933 1719 poterant
964 1645 1238 1719 impedire
1261 1660 1506 1717 gressus,
1539 1648 1796 1717 Dominus
1822 1628 1903 1703 eis

271 1747 469 1797 vertet
502 1740 557 1795 in
589 1741 841 1812 planum,
875 1752 929 1797 et
959 1743 1175 1799 excelsa
1207 1741 1539 1810 humiliabit,
1588 1753 1755 1813 atque
1794 1740 1898 1796 htt-

2011 522 2101 607 qui
2142 504 2480 577 absorbebant
2505 504 2585 576 te:
2605 504 2790 577 Adhuc
2816 504 2992 578 dicent
3026 524 3081 577 iu
3120 504 3334 607 auribus
3371 504 3495 593 luis,
3519 521 3622 607 ﬁlii

2013 606 2125 683 [AL
2169 610 2319 685 ﬁliis]
2360 615 2649 670 sterilitatis
2694 618 3118 691 tute:Anguslus
3161 602 3401 672 est'milti
3447 602 3616 684 locus,

2009 708 2096 777 fac
2115 708 2343 775 spatium
2375 709 2520 778 milii,
2549 720 2607 763 ut
2652 692 2903 766 habitent.
2933 708 3004 766 Et
3034 712 3176 767 dices
3213 711 3264 765 in
3288 710 3449 766 corde
3470 720 3560 764 tuo
3595 725 3616 764 :

2014 799 2146 868 Quis
2185 802 2366 874 genuit
2406 803 2534 857 mihi
2573 803 2746 859 istos?
2776 803 2889 875 Ego
2923 805 3117 860 sterilis
3144 814 3324 859 etnon
3373 804 3609 874 pariens,

2006 892 2377 963 transmigrala
2419 903 2467 949 et
2521 896 2725 966 captiva
2774 913 2792 950 :

2008 983 2124 1059 Ego
2170 986 2415 1042 destituta
2477 997 2525 1043 et
2600 989 2713 1044 sola
2763 1005 2781 1046 :
2826 1006 2876 1046 et
2947 990 3110 1067 569
3163 991 3252 1046 isti
3305 989 3391 1046 ubi
3439 1001 3462 1031 ε
3527 986 3613 1063 hic

2006 1079 2200 1133 erant?
2234 1079 2374 1136 LXX
2411 1098 2424 1134 :
2476 1080 2621 1137 Dixit
2645 1092 2815 1140 autem
2855 1076 2984 1141 Sion
3010 1102 3028 1139 :
3080 1084 3367 1159 Dereliquit
3394 1102 3473 1141 me
3500 1082 3612 1139 Do-

2006 1170 2195 1239 minus,
2229 1183 2277 1227 et
2320 1171 2459 1228 Deus
2495 1175 2682 1231 oblitus
2710 1185 2785 1232 est
2837 1178 2954 1231 tnei.
2991 1175 3043 1231 Ν
3049 1172 3614 1250 ιιιιιιιιιὶἀόιιιὲοίιτιιιιιν

2003 1263 2192 1319 mulier
2243 1266 2448 1337 paruuli
2504 1268 2619 1335 sui,
2662 1277 2718 1323 ut
2765 1284 2868 1324 non
2907 1270 3209 1324 misereatur
3254 1282 3434 1336 partus
3477 1269 3612 1325 uteri

2002 1356 2124 1411 sui.’
2194 1357 2292 1413 Sin
2342 1367 2514 1416 autem
2587 1370 2636 1416 et
2695 1362 2881 1416 Irarum
2934 1364 3095 1419 oblita
3150 1364 3307 1436 fuerit
3361 1361 3548 1418 mulier
3586 1379 3609 1418 :

2001 1450 2092 1504 sed
2151 1466 2245 1525 ego
2301 1468 2405 1507 non
2459 1452 2732 1510 obliviscar
2780 1456 2893 1521 tui,
2956 1456 3083 1511 dicit
3142 1454 3416 1511 Dominus.
3475 1453 3609 1510 Ecce

1999 1560 2159 1613 super
2186 1561 2370 1601 manus
2397 1562 2536 1619 meas
2581 1548 2795 1620 depinxi
2834 1565 3010 1605 muros
3038 1558 3155 1606 tuos
3174 1566 3193 1605 :
3239 1557 3287 1604 et
3317 1565 3496 1605 coram
3521 1565 3604 1629 me

2001 1655 2056 1693 es
2077 1655 2297 1709 semper.
2318 1636 2536 1713 Citoque
2559 1642 2923 1712 tediﬁcaberis,
2943 1659 2977 1697 a
2996 1643 3182 1716 quibus
3204 1645 3468 1698 destructa
3490 1642 3607 1713 [uec

2834 905 2881 952 el
2930 896 3058 951 istos
3123 896 3240 966 quis
3317 884 3615 950 enutrieil?

2000 1746 2089 1787 ras
2108 1748 2128 1788 :
2158 1743 2207 1787 et
2230 1735 2319 1805 qui
2335 1744 2384 1789 te
2406 1733 2807 1806 dissipaverunt,
2841 1737 3176 1809 egredientur
3200 1752 3265 1791 ea:
3285 1746 3353 1792 te.
3382 1733 3524 1791 Leoa
3546 1736 3602 1791 in

270 1831 436 1888 milia
469 1801 818 1905 sublimabil,
856 1844 914 1895 ut
940 1838 1044 1892 iter
1063 1837 1283 1907 planum
1307 1834 1543 1892 habeant
1570 1801 1732 1907 atque
1753 1851 1902 1891 cam-
1931 1801 1975 1861 Β
2004 1824 2223 1880 Cinna“
2261 1826 2442 1882 οευίοε
2471 1838 2619 1892 ωσι.
2653 1838 2703 1884 ιε
2728 1830 2845 1884 Vide
2869 1845 2889 1885 ἔ
2944 1846 3121 1886 omn“
3163 1830 3253 1886 ίδτί
3302 1832 3604 1903 σοηθηθαίδ

278 1937 503 1996 pestre.
554 1926 661 1998 Qui
718 1928 832 1985 sint
853 1939 1034 1986 autem
1061 1930 1150 1986 isti
1181 1930 1376 2000 quibus
1406 1941 1747 2002 praeparetur
1787 1931 1897 2002 via,

274 2019 438 2089 ponit
471 2018 823 2079 manifestius
859 2039 871 2073 τ
900 2020 1034 2077 Ecce
1060 2023 1149 2079 isti
1178 2023 1242 2077 de
1255 2023 1406 2096 longe
1427 2023 1669 2079 venient:
1701 2033 1751 2079 et
1785 2022 1902 2080 ecce'

266 2109 353 2165 illi
380 2110 449 2166 ab
472 2112 737 2185 Aquilone
758 2113 923 2197 568
949 2125 997 2170 et
1022 2116 1175 2180 mari,
1209 2126 1258 2171 et
1284 2116 1374 2187 isti
1389 2116 1453 2189 de
1475 2127 1616 2171 terra
1635 2117 1896 2199 Australi.

269 2200 530 2270 Quatuor
564 2208 754 2291 plagas
790 2208 941 2260 orbis
1001 2208 1322 2277 osmndens,
1377 2206 1657 2263 Orientem
1682 2219 1740 2265 et
1760 2209 1901 2281 Sep-

270 2294 646 2364 tentrionem,
677 2296 1030 2354 Occidentem
1073 2308 1130 2355 et
1159 2296 1464 2365 Meridiem,
1502 2316 1602 2371 pro
1646 2301 1890 2371 Oriente,

269 2386 431 2461 longe
463 2389 652 2455 posuit
686 2408 699 2443 :
735 2406 832 2465 pro
865 2393 1102 2447 Australi
1134 2392 1315 2467 plaga,
1345 2392 1398 2448 in
1432 2392 1666 2473 llrbrteo
1697 2395 1896 2468 legitur

269 2494 416 2536 ειιιιιι
449 2483 653 2557 (nam)
685 2485 829 2559 quod
865 2485 1005 2542 LXX
1032 2486 1316 2547 Persarum
1362 2488 1705 2556 interpretati
1742 2499 1894 2547 sunt.

271 2571 473 2629 Caeteri
508 2577 583 2630 ita
621 2584 683 2631 ut
705 2576 758 2635 iu
792 2578 1030 2647 letra‘o
1064 2580 1270 2651 legitur
1295 2568 1890 2655 expresserunttinim,

270 2664 421 2734 quod
449 2682 552 2747 nps
580 2666 923 2739 interpretati
950 2685 1140 2725 sumus
1162 2671 1232 2727 ab
1255 2671 1489 2727 Australi
1504 2669 1619 2746 [AL
1640 2670 1887 2746 Austro]:

273 2756 408 2813 illud
436 2759 788 2829 suspicantes
818 2762 962 2839 quod
1008 2778 1165 2819 tnons
1194 2762 1346 2821 Sinai
1377 2765 1429 2845 in
1461 2766 1700 2820 Australi
1732 2774 1891 2836 parte

270 2854 488 2921 positus
519 2854 616 2923 sit,
649 2854 804 2937 juxta
829 2856 1052 2912 Abacue
1078 2857 1410 2931 Pmpltetam
1444 2875 1458 2912 :
1488 2856 1628 2913 Deus
1654 2860 1719 2914 ab
1754 2859 1891 2915 Aus-

273 2951 356 2998 tro
382 2947 553 3002 veniet
577 2963 596 3002 :
624 2957 897 3004 etsanclus
920 2949 986 3003 de
1005 2960 1177 3017 monte
1194 2949 1407 3006 Pharon
1425 2951 1665 3007 umbroso
1689 2963 1739 3007 et
1764 2969 1888 3008 con-

273 3039 434 3094 denso
457 3040 648 3112 (Abac.
686 3043 792 3123 ιιι).
829 3044 883 3101 Si
931 3056 1116 3103 autem
1145 3047 1324 3115 sinim,
1359 3056 1418 3102 ut
1462 3046 1604 3102 LXX
1644 3055 1889 3107 transtu-

276 3133 480 3202 lerunt,
518 3136 715 3215 Persas
774 3139 1157 3215 intelligimus,
1206 3140 1298 3212 qui
1350 3141 1417 3196 ad
1464 3141 1740 3197 Orientem
1788 3142 1880 3198 siti

275 3239 424 3300 sunt,
461 3232 596 3286 illud
620 3233 769 3307 quod
800 3251 960 3305 supra
991 3235 1197 3290 dicitur"
1223 3253 1238 3292 :
1269 3235 1406 3292 Ecce
1429 3238 1515 3293 isti
1546 3237 1611 3293 de
1629 3239 1781 3312 longe
1800 3218 1882 3297 ve;

275 3324 435 3391 nient,
468 3324 538 3381 ad
570 3326 829 3405 Austrum
861 3328 1068 3387 referre
1096 3331 1420 3401 poterimus.
1456 3314 1882 3401 Praecipitu'rque

275 3417 431 3473 ctelis
458 3427 512 3501 et
546 3428 732 3486 teme,
767 3424 846 3478 vel
897 3422 984 3481 bis
1022 3424 1317 3495 virtutibus
1345 3442 1467 3499 ιιιιω
1505 3426 1556 3483 in
1593 3428 1736 3487 coelo
1765 3445 1883 3485 mo-

276 3523 466 3566 rantur
495 3528 547 3568 et
581 3525 749 3586 terra,
788 3518 869 3572 vel
926 3518 1146 3595 Angelis
1185 3529 1241 3575 et
1284 3519 1617 3595 horninibus,
1672 3533 1731 3579 ut
1780 3524 1878 3595 Dei

275 3605 571 3685 conciliant
593 3606 802 3663 laudes.
858 3608 930 3671 Et
957 3592 1045 3687 qui
1077 3612 1130 3669 in
1158 3592 1389 3669 excelso
1423 3592 1681 3675 virtutum
1717 3592 1875 3687 positi

276 3706 425 3764 sunt,
458 3700 659 3761 mentis
709 3702 952 3759 la~titiam
980 3704 1155 3777 jubilo
1185 3718 1234 3761 et
1276 3710 1640 3785 exsultatione
1673 3696 1880 3773 testen-

279 3800 383 3849 tur.
417 3795 555 3871 Quia
586 3799 885 3875 consolalus
908 3812 985 3857 est
1016 3801 1268 3858 Dominus
1306 3806 1558 3877 populum
1585 3823 1756 3879 suum,
1782 3821 1878 3867 eos

277 3888 366 3959 qui
397 3906 466 3945 ex
504 3889 715 3948 Judtris
743 3894 974 3951 credere
1003 3897 1311 3952 voluerunt.
1343 3897 1409 3953 Et
1438 3913 1737 3969 pauperum
1773 3900 1875 3955 ltu-

278 3980 596 4053 miliumque
624 4000 851 4063 suorum
884 3987 1142 4044 misertus
1168 3999 1253 4045 est
1284 4007 1297 4045 :
1327 3991 1442 4051 sire
1486 3994 1664 4047 (tinnis
1694 3994 1875 4073 populi

276 4074 381 4138 sui,
409 4075 505 4153 qui
527 4077 598 4139 de
624 4077 849 4137 Oriente
875 4093 925 4137 et
957 4080 1285 4148 Occidente,
1340 4082 1613 4163 Aquilone
1640 4096 1695 4142 et
1738 4090 1877 4161 ᾼιιδτ

277 4173 363 4223 tro
391 4170 457 4225 ad
489 4187 615 4229 eum
639 4186 862 4241 vocatus
882 4186 961 4239 est
983 4220 997 4243 ,
1027 4191 1134 4231 non
1160 4176 1365 4255 habens
1396 4181 1592 4257 Legem
1617 4196 1718 4239 nec
1746 4183 1877 4239 Pro-

279 4260 488 4345 phetas,
520 4280 622 4341 pec
653 4266 875 4341 divitias
922 4269 1239 4340 spirituales
1268 4288 1282 4327 :
1318 4273 1412 4329 sed
1442 4272 1714 4349 desertus,
1745 4291 1876 4347 pau-

279 4368 369 4422 per
396 4368 450 4411 et
478 4358 723 4429 humilis,
750 4366 963 4419 eunetis
990 4364 1331 4443 daemonibus
1353 4366 1685 4438 subjacebat.

345 4446 527 4529 (Vers.
563 4450 630 4513 H
662 4453 844 4535 seqq.)
878 4454 944 4525 Et
969 4457 1100 4512 dixit
1124 4456 1254 4514 Sion
1286 4475 1305 4515 :
1332 4457 1623 4534 Dereliquit
1659 4478 1738 4517 nte
1769 4461 1874 4519 Do-

2003 1924 2141 1983 sunl,
2174 1929 2421 1974 venerunt
2448 1920 2519 1974 ad
2544 1930 2613 1975 te.
2658 1920 2787 1977 Vitta
2812 1939 2906 1996 ego
2931 1964 2947 1989 ,
3004 1922 3133 1979 dicit
3165 1922 3450 1997 Dominus:
3477 1925 3601 1996 quia

2003 2011 2242 2066 omnibus
2268 2010 2351 2067 Itis
2379 2014 2530 2085 quasi
2558 2024 2863 2093 ornamento
2898 2016 3154 2081 restieris,
3178 2027 3228 2071 et
3255 2014 3601 2089 circumdabis

2000 2103 2095 2158 tibi
2120 2120 2207 2159 eos
2234 2104 2384 2177 quasi
2414 2107 2603 2161 monile
2630 2123 2869 2178 sponsis:
2889 2109 3137 2181 quoniam
3158 2106 3363 2163 deserta
3393 2120 3484 2164 tua
3503 2150 3519 2175 ,
3549 2117 3598 2164 et

1998 2213 2116 2268 quae
2134 2197 2412 2271 dissipata,
2442 2208 2489 2253 et
2536 2215 2652 2271 qtae
2677 2211 3001 2257 corruerunt.
3054 2199 3106 2256 Ν
3113 2218 3210 2257 unc
3237 2199 3598 2285 angustaberis

2001 2310 2110 2365 pra:
2139 2294 2547 2352 habitatoribus:
2571 2309 2623 2352 et
2646 2298 2800 2372 longe
2824 2298 2949 2369 ﬁent
2979 2315 3011 2352 a
3053 2307 3102 2369 te
3139 2295 3226 2371 qui
3263 2306 3312 2353 te
3350 2298 3598 2353 humilia-

1997 2396 2195 2442 oeranl.
2228 2385 2420 2443 Dicent
2441 2390 2578 2444 enim
2602 2390 2657 2445 in
2683 2392 2893 2469 auribus
2919 2391 3041 2455 luis,
3070 2390 3171 2462 ﬁlii
3190 2392 3288 2455 tui,
3320 2407 3446 2463 quos
3474 2407 3597 2464 per:

1997 2480 2215 2535 didisli:
2254 2481 2522 2551 Angustus
2551 2482 2678 2536 mihi
2717 2482 2862 2537 locus
2902 2492 2978 2538 est
3002 2498 3022 2537 :
3047 2487 3133 2555 [ac
3182 2483 3309 2537 mihi
3348 2483 3516 2538 locum
3539 2492 3596 2536 ut

1996 2573 2239 2627 habitem.
2262 2572 2330 2626 Et
2356 2573 2492 2629 dices
2514 2574 2567 2628 in
2586 2576 2741 2629 corde
2764 2584 2883 2628 tuo:
2926 2573 3054 2640 Quis
3079 2575 3257 2647 genuit
3277 2575 3405 2629 mihi
3428 2574 3594 2629 istos?

1996 2665 2110 2738 Ego
2140 2673 2319 2722 autem
2360 2666 2549 2739 absque
2577 2667 2751 2722 liberis
2777 2679 2828 2723 et
2862 2669 3041 2732 vidua,
3074 2679 3120 2723 et
3167 2668 3292 2724 istos
3315 2669 3431 2741 quis
3463 2685 3589 2724 enu-

1991 2758 2134 2812 trivit
2161 2759 2328 2814 milii?
2355 2758 2468 2831 Ego
2489 2758 2736 2815 derelicta
2780 2777 2898 2815 sum
2937 2761 3073 2825 sola,
3112 2769 3163 2816 et
3184 2761 3270 2816 isti
3291 2761 3377 2816 ubi
3402 2761 3588 2817 erant?

1989 2850 2291 2907 Jerusalem
2310 2862 2364 2907 et
2393 2851 2525 2909 Sion
2557 2860 2790 2923 quatuor
2808 2852 2987 2925 modis
3015 2857 3068 2908 in
3096 2851 3401 2922 Scripturis
3424 2868 3587 2909 sanc-

1989 2945 2062 3001 tis
2088 2946 2289 3002 debere
2320 2947 2565 3019 intelligi,
2608 2962 2755 3019 saape
2784 2947 3226 3003 memoravimus.
3254 2946 3397 3013 Uno,
3424 2948 3580 3019 just:

1987 3038 2231 3106 Judteos,
2260 3055 2421 3109 quam
2449 3038 2658 3111 plangit
2684 3039 2950 3095 Dominus
2976 3040 3028 3095 in
3063 3038 3388 3111 Evangelia,
3419 3032 3582 3095 Jeru-

1987 3134 2172 3209 salem,
2197 3133 2497 3189 Jerusalem
2518 3175 2535 3202 ,
2585 3150 2704 3208 qua:
2731 3135 2926 3191 occidis
2954 3132 3273 3207 Prophetas,
3301 3144 3352 3190 et
3376 3130 3586 3205 lapides

1986 3245 2073 3284 eos
2093 3229 2180 3300 qui
2206 3228 2276 3284 ad
2302 3239 2351 3284 te
2376 3230 2524 3285 missi
2559 3240 2680 3285 sunt
2712 3228 2932 3300 (Matth.
2964 3245 3118 3296 xsttt,
3148 3228 3263 3301 '57).
3292 3228 3358 3286 Et
3389 3228 3446 3285 in
3474 3231 3583 3286 alio

1985 3322 2107 3377 loco
2134 3345 2150 3386 ε
2180 3321 2309 3378 Cum
2333 3322 2563 3378 videritis
2585 3321 2900 3378 circumdari
2925 3321 2990 3378 ab
3017 3323 3248 3378 exercitu
3284 3319 3581 3381 Jerusalem

1984 3424 2105 3470 tunc
2130 3416 2311 3470 scitote
2336 3417 2462 3487 quia
2495 3416 2930 3489 appropinquavit
2961 3415 3215 3471 desolalio
3258 3417 3414 3489 ejus(
3447 3414 3580 3485 Luc,

1983 3528 2096 3578 ut,
2128 3510 2244 3585 20).
2290 3510 2573 3581 Secundo,
2621 3512 2947 3568 Sanctorum
2976 3519 3058 3568 est
3083 3510 3456 3581 congregatio,
3488 3492 3581 3582 qui

1981 3604 2035 3659 in
2062 3620 2192 3673 pace
2210 3602 2426 3659 Domini
2455 3613 2513 3660 et
2534 3604 2588 3659 in
2603 3604 2865 3659 virtutum
2882 3603 3103 3674 specula
3125 3602 3433 3662 constituti.
3458 3618 3580 3659 rec-

1980 3706 2035 3754 te
2084 3698 2426 3768 appellantnr
2467 3700 2596 3753 Sion
2622 3737 2638 3763 ,
2680 3697 2750 3753 de
2780 3713 2888 3769 qua
2937 3698 3170 3754 dicitur:
3204 3695 3575 3771 Fundamenta

1979 3798 2089 3867 ejus
2116 3798 2169 3851 in
2192 3796 2447 3850 ulantibus
2467 3796 2696 3850 sanctis:
2728 3794 2898 3871 diligit
2932 3793 3184 3849 Dominus
3206 3803 3385 3863 portas
3416 3792 3571 3861 Sion,

1975 3907 2130 3963 super
2154 3891 2328 3945 omnia
2356 3890 2690 3944 tabernacula
2733 3888 2897 3944 Iacob
2920 3888 3042 3967 (Ps.
3074 3904 3307 3956 LXXXVI,
3341 3888 3417 3961 l).
3469 3887 3576 3946 Ne-

1975 3998 2083 4054 que
2105 3984 2249 4038 enim
2284 3981 2634 4038 fundamenta
2660 3980 2903 4036 Iudaicae
2932 3980 3063 4041 Sion
3085 4024 3101 4049 ,
3139 3997 3304 4065 quam
3327 3980 3576 4067 videmus

1977 4093 2102 4135 esse
2132 4078 2465 4133 destructum
2486 4115 2504 4141 ,
2535 4090 2563 4129 a
2597 4076 2832 4130 Domino
2858 4083 2986 4130 sunt
3012 4073 3213 4131 dilecta
3237 4116 3255 4142 ,
3303 4084 3395 4130 ant
3426 4074 3571 4145 quod

1976 4185 2006 4225 a
2041 4170 2269 4225 Detnino
2289 4167 2550 4224 dilectum
2581 4176 2683 4235 est,
2708 4166 2917 4222 destrui
2953 4168 3146 4234 potuit.
3176 4165 3365 4222 'l‘ertio
3385 4154 3574 4237 ap'pel-

1977 4265 2119 4321 latur
2148 4262 2451 4320 Jerusalem
2495 4260 2784 4317 multitudo
2812 4259 3164 4331 Augelnrum.
3221 4248 3566 4314 Dntninatio-

1974 4373 2127 4423 num,
2158 4365 2213 4412 et
2244 4354 2600 4423 Potestatnm,
2643 4364 2697 4411 et
2727 4369 2892 4409 omne
2916 4352 3064 4425 quod
3096 4351 3151 4407 in
3185 4352 3275 4408 Dei
3311 4352 3563 4407 ministe-

1977 4451 2059 4507 rio
2091 4450 2445 4507 constitutum
2472 4456 2579 4505 est.
2613 4447 2692 4504 De
2720 4462 2824 4515 qua
2852 4444 3161 4503 Jerusalem
3188 4455 3243 4501 et
3274 4443 3572 4523 Apostolus

276 4542 465 4608 minus,
499 4553 548 4599 et
584 4545 840 4604 Dominus
865 4550 1059 4607 oblitus
1083 4564 1157 4608 est
1185 4556 1303 4609 mei.
1350 4554 1621 4629 Numquid
1641 4558 1873 4629 oblivisci

1989 4547 2336 4619 loquebatur:
2380 4543 2512 4611 Quae
2538 4551 2709 4598 autem
2733 4557 2944 4597 sursum
2974 4549 3050 4595 est
3067 4536 3383 4623 Jerusalem,
3408 4539 3573 4625 libcrq

275 4646 437 4706 potest
464 4637 655 4694 mulier
695 4642 947 4717 infantem
977 4662 1148 4717 suum,
1201 4658 1258 4717 ut
1285 4664 1386 4703 non
1416 4650 1729 4705 misereatur
1754 4651 1872 4725 ﬁlio
1900 4634 1949 4654 υ
1976 4654 2075 4711 est,
2096 4660 2212 4715 qua:
2239 4652 2314 4698 est
2338 4656 2500 4697 mater
2527 4642 2756 4695 omnium
2780 4649 3012 4694 nostrum
3040 4636 3240 4725 (Golqt.
3267 4652 3345 4701 tv.
3365 4636 3485 4709 26).
3510 4634 3578 4707 Et

276 4732 408 4785 uteri
435 4733 520 4807 sui
544 4736 572 4789 ?
599 4733 670 4790 Et
696 4737 746 4790 si
770 4736 867 4793 illa
895 4741 1056 4807 oblita
1085 4743 1265 4811 fuerit,
1292 4759 1385 4813 ego
1407 4743 1588 4817 [\‘ttlg.
1616 4744 1767 4821 addit
1794 4755 1876 4815 la-

279 4826 413 4903 men]
471 4846 576 4884 non
614 4831 889 4891 obliviscor
935 4838 1029 4893 tui.
1082 4835 1212 4891 Ecce
1255 4838 1311 4893 in
1340 4837 1579 4895 manibus
1605 4841 1730 4907 meis
1778 4840 1873 4897 de-

276 4919 455 4991 scripsi
483 4931 534 5001 le
554 4938 575 4978 :
596 4925 735 4979 muri
757 4927 833 4983 lui
873 4943 1053 4987 coram
1081 4930 1247 4983 oculis
1284 4930 1412 4982 meis
1456 4945 1680 5002 seraper.
1720 4931 1880 4991 Vene-

276 5023 393 5066 runt
413 5022 695 5091 structores
722 5019 800 5091 tui
822 5035 842 5073 :
885 5017 914 5058 δ
936 5031 985 5074 et
1010 5021 1099 5091 qui
1128 5031 1179 5074 te
1200 5021 1557 5093 destruxerant
1583 5034 1631 5076 et
1656 5024 1880 5099 dissipa:

277 5117 472 5174 verant,
502 5109 718 5165 exibunt
755 5128 788 5164 a
816 5124 882 5165 te.
932 5111 1071 5169 Lena
1114 5113 1169 5170 in
1199 5114 1418 5167 circuitu
1450 5115 1628 5189 oculos
1657 5126 1794 5185 tuos,
1829 5125 1878 5171 et

276 5198 405 5265 vide,
433 5217 611 5259 onmes
660 5204 749 5257 isti
783 5207 1082 5279 congregati
1125 5217 1266 5271 sunt,
1299 5217 1549 5263 venerunt
1594 5209 1708 5263 tibi.
1748 5210 1876 5265 Viro

273 5306 385 5367 ego,
419 5294 547 5375 dicit
577 5293 829 5352 Dominus
854 5315 873 5352 :
895 5300 1015 5369 quia
1078 5299 1313 5357 omnibus
1335 5300 1417 5355 Itis
1442 5300 1574 5356 velut
1601 5318 1877 5369 ornamen-

278 5394 326 5438 lo
366 5389 618 5463 resfieris,
643 5392 1057 5471 elcircpmdabis
1094 5394 1183 5448 tibi
1213 5410 1297 5447 eos
1321 5395 1470 5471 quasi
1501 5412 1712 5467 sponsa,
1751 5397 1876 5471 quia

276 5479 472 5539 deserta
502 5492 593 5566 lup
617 5494 666 5539 et
691 5464 999 5567 solitudines
1021 5496 1143 5558 lure,
1171 5495 1221 5542 et
1248 5464 1567 5544 terra'ruinte
1597 5497 1701 5544 tute
1737 5464 1873 5561 nunc

342 5649 371 5714 τι
402 5640 776 5714 Ambrosiam,
807 5643 912 5697 sive
941 5642 1165 5714 portabit
1185 5641 1329 5706 illos,
1356 5653 1462 5699 etc.

281 5710 373 5836 ινδ
416 5710 951 5791 Vulg.,destrttenles
1006 5725 1056 5769 te
1105 5724 1151 5795 et
1205 5715 1538 5793 dissiparim,
1596 5730 1629 5768 α
1669 5724 1717 5771 te
1761 5715 1877 5771 exi-

348 5792 423 5839 nt.

355 5823 565 5928 rVulg.
597 5853 685 5909 hic
732 5870 840 5912 non
873 5854 1057 5927 habet,
1090 5857 1184 5915 sed
1244 5857 1530 5917 Hebreum
1560 5860 1700 5921 nam
1726 5858 1871 5931 quod

1976 4741 2030 4795 in
2062 4740 2170 4793 alio
2195 4737 2352 4795 loco:
2380 4734 2485 4790 Sed
2500 4732 2787 4789 accessistis
2814 4732 2881 4813 ad
2907 4732 3035 4807 Sion
3050 4716 3306 4794 ‘moniem.
3324 4741 3372 4784 et
3392 4729 3575 4783 civita-

1972 4842 2071 4887 tem
2106 4831 2198 4885 Dei
2218 4829 2448 4889 viventis.
2492 4827 2783 4882 Jerusalem
2807 4827 3059 4881 coelestem
3092 4822 3281 4895 (llebr.
3306 4838 3417 4889 xu,
3448 4820 3570 4889 22).

1975 4925 2180 4994 Quarto
2226 4922 2531 4993 appellatur
2568 4919 2872 4977 Jerusalem
2923 4935 3082 4991 quant
3112 4917 3285 4973 ιωιωι
3315 4925 3371 4972 et
3399 4914 3574 4969 nostri

1976 5018 2326 5075 Judaizantcs
2343 5013 2675 5099 570jttxta
2703 5015 3085 5099 Apocalypsitn
3112 5010 3373 5077 Joannis,
3408 5023 3569 5079 quam

1979 5127 2086 5167 non
2115 5110 2445 5182 intelligunt,
2482 5115 2673 5178 putant
2701 5123 2920 5185 auream
2951 5118 3115 5178 atque
3143 5113 3468 5177 gemmatam
3498 5101 3568 5185 de

1977 5203 2290 5261 caelestibus
2321 5202 2624 5272 puniendam
2657 5182 2846 5271 (Apoc.
2879 5200 3014 5271 χχι).
3043 5198 3197 5269 cujus
3225 5194 3488 5250 terminos
3520 5182 3576 5271 et

1973 5297 2244 5354 infinitam
2298 5295 2635 5352 latitudinem
2685 5295 2848 5351 etiam
2902 5293 2958 5348 in
3017 5276 3321 5347 Ezechielis
3373 5287 3567 5359 ultima

1976 5402 2131 5466 parte
2157 5389 2185 5431 ἀ
2213 5391 2472 5448 describi.
2505 5390 2637 5461 Quae
2667 5405 2792 5446 cum
2822 5388 2896 5471 ita
2925 5401 2985 5442 se
3014 5384 3284 5447 habeant,
3319 5395 3464 5437 nunc
3494 5382 3577 5437 di-

1973 5485 2233 5563 ligentius
2285 5484 2609 5541 intuendum
2658 5489 2775 5553 est,
2825 5494 2947 5551 qua:
2987 5493 3054 5534 ex
3103 5483 3337 5555 quatuor
3376 5473 3583 5561 digerit

1967 5654 2053 5702 est
2095 5644 2204 5709 ubi,
2255 5642 2301 5698 si
2349 5651 2407 5698 nt
2434 5642 2544 5697 duo
2575 5639 2737 5697 verba
2768 5637 2919 5709 legas
2964 5641 3029 5691 ’κ
3074 5651 3103 5691 e
3134 5679 3149 5705 ,
3212 5634 3318 5708 plto
3372 5637 3473 5703 HD,
3516 5642 3576 5692 et

1979 5726 2268 5786 utrumque
2293 5714 2587 5786 signilit-at.

2048 5786 2077 5825 ⁸
2106 5778 2246 5842 Olim
2294 5778 2415 5842 er'at
2453 5782 2734 5849 descripsi:
2770 5780 3126 5850 quamobrem
3182 5778 3577 5836 Tillemontios

1976 5859 2158 5917 addita
2198 5857 2316 5914 haec
2348 5856 2416 5911 ab
2443 5854 2775 5925 Hieroiiyuto
2807 5851 3037 5925 putavit,
3070 5864 3197 5935 cum
3231 5856 3354 5926 post
3375 5860 3580 5941 annum
