4004 6846
490 398 591 455 471

1743 398 1799 454 ὅ.
1846 396 2120 455 EUSEBII
2162 395 2550 454 HIERONYMI

3636 403 3722 461 ιιι

490 514 623 570 Sion
647 555 662 580 ,
694 514 988 587 Deretiquit
1014 530 1094 569 me
1120 511 1395 581 Dominus,
1445 523 1493 568 ct
1520 512 1778 569 Dominus
1800 512 1989 570 oblitus
2017 521 2094 568 est
2120 513 2169 574 Α
2199 528 2413 571 mecum
2443 514 2625 585 capiat
2653 514 2903 572 latitudo.
2927 513 3007 570 Τιι
3029 522 3209 570 autem
3234 514 3425 572 lietitite
3449 519 3723 589 magnitudi-

494 607 616 663 mei.
650 605 760 663 Nec
785 605 1009 664 dubium
1036 615 1120 662 est
1159 606 1289 679 quin
1337 610 1689 679 congregatio
1737 605 2088 671 Sanctorum,

494 718 617 775 qua:
650 703 801 773 prior
829 702 1006 759 fuerat
1048 702 1101 758 in
1131 700 1365 771 Judacis,
1416 713 1471 759 et
1508 718 1538 756 a
1572 703 1802 758 Domino
1830 701 2092 759 derelicta

493 804 600 863 est,
637 796 740 851 ista
769 804 1201 863 commemoret,
1233 807 1286 852 et
1317 811 1452 853 voce
1482 794 1819 867 lacrymabili
1851 810 2095 867 conque-

489 902 642 946 ratur
664 905 725 947 se
749 905 872 946 esse
904 890 1175 946 desertam
1201 933 1215 956 ,
1271 899 1324 946 el
1355 890 1571 945 Domini
1621 891 1823 946 auxilio
1853 889 2087 946 destitu-

490 993 626 1038 tam.
669 982 767 1038 Cui
810 983 1094 1054 respondit
1132 984 1297 1051 Dens,
1352 983 1581 1039 naturali
1616 993 1776 1040 utens
1834 982 2091 1039 similitu-

494 1074 655 1130 dine:
688 1075 743 1130 Si
780 1084 959 1145 potest
985 1076 1124 1143 ﬁeri,
1151 1084 1209 1131 ιιι
1239 1083 1414 1132 mater
1440 1076 1521 1130 sui
1551 1074 2093 1131 obliviscaturinl‘an-

492 1169 587 1237 tis,
612 1179 669 1226 ct
694 1170 761 1226 ad
788 1179 997 1241 partum
1036 1172 1307 1226 viscerum
1331 1185 1554 1228 suorum
1584 1187 1691 1227 non
1709 1170 1958 1228 ﬂectatur
1986 1171 2090 1226 mi-

490 1265 878 1331 εριὶροιοᾶἱιι,θι
894 1282 997 1337 ego
1032 1264 1328 1323 obliviscar
1351 1266 1451 1321 tui.
1482 1266 1608 1322 Plus
1638 1265 1846 1337 aliquid
1865 1264 2043 1322 dicam
2074 1283 2088 1321 :

495 1359 598 1416 etsi
630 1358 724 1413 illa
776 1358 943 1414 oblita
996 1360 1181 1426 tuerit,
1238 1359 1463 1416 vincens
1515 1361 1714 1415 mentis
1743 1360 1941 1416 duritia
1969 1362 2093 1431 jura

492 1462 735 1518 naturae;
761 1468 861 1523 ego
896 1464 1074 1508 tamen
1106 1469 1211 1508 non
1230 1453 1523 1510 obliviscar
1553 1463 1860 1511 creaturam
1886 1470 2090 1523 meam,

465 1527 550 1601 oet
573 1545 897 1603 Sanctorum
926 1548 1139 1602 animas
1171 1563 1388 1618 semper
1411 1550 1463 1603 in
1481 1563 1604 1604 meo
1626 1547 1793 1604 corde
1825 1548 2091 1605 retinebo.

496 1639 648 1697 Scito
679 1638 824 1695 cnim
851 1649 931 1703 tu,
963 1656 1086 1712 quae
1112 1650 1164 1697 te
1188 1643 1407 1711 penitus
1430 1640 1717 1698 arbitraris
1746 1641 2091 1707 derelictam,

494 1735 548 1790 in
574 1733 708 1790 meis
733 1732 1063 1802 descriptam
1096 1749 1218 1789 esse
1244 1734 1495 1790 manibus
1516 1745 1679 1805 atque
1702 1733 1970 1804 depictam
1994 1751 2010 1802 ;
2038 1745 2095 1791 et

492 1844 683 1885 muros
722 1838 843 1884 tuos
874 1844 1059 1885 coram
1108 1829 1286 1885 oculis
1340 1829 1474 1885 meis
1516 1830 1721 1900 jngiter
1744 1845 2088 1902 permanere.

493 1923 573 1978 Ex
605 1939 712 1995 quo
733 1921 999 1980 discimus
1020 1964 1036 1991 ,
1062 1939 1404 1996 nequaquam
1429 1922 1737 1979 Jerusalem
1769 1924 1822 1980 in
1846 1923 2096 1980 Palaesti-

491 2030 575 2070 na:
607 2014 827 2086 regione
855 2016 1227 2085 qttaerendam,
1248 2032 1369 2087 qutc
1391 2016 1558 2071 totius
1586 2016 1882 2086 provinciae
1911 2016 2096 2074 deter-

490 2107 624 2164 rima
657 2116 764 2173 est,
794 2116 852 2162 et
874 2108 1085 2164 saxosis
1118 2106 1225 2180 [ΑΙ.
1249 2107 1455 2181 saxeis]
1478 2109 1753 2165 montibus
1783 2120 2093 2182 aspcratur,

486 2211 543 2256 et
576 2202 859 2269 penuriam
893 2204 1098 2271 patitur
1137 2200 1294 2267 sitis,
1347 2202 1419 2257 ita
1472 2214 1529 2257 ut
1560 2203 1880 2259 coelestibus
1914 2214 2098 2261 utatur

491 2291 723 2364 pluviis,
757 2301 812 2348 et
834 2294 1116 2349 raritatem
1171 2294 1399 2349 fontium
1450 2294 1813 2353 cisternarum
1850 2306 2099 2353 exstruc-

490 2388 643 2444 tione
672 2388 915 2453 soletur;
945 2387 1042 2443 sed
1064 2389 1120 2443 in
1152 2388 1250 2444 Dei
1272 2389 1545 2456 manibus,
1578 2390 1645 2446 ad
1672 2407 1832 2463 quam
1864 2391 2096 2449 dicitur:

494 2477 893 2536 Festinaverunt
934 2490 1214 2537 structores
1259 2484 1357 2537 tui.
1382 2482 1510 2538 Sive
1545 2484 1700 2553 juxta
1746 2484 1885 2541 LXX
1920 2505 1933 2541 :
1984 2483 2099 2541 Cito

485 2574 829 2645 aedificaberis
858 2592 890 2629 a
920 2574 1108 2646 quibus
1131 2574 1401 2631 destructa
1428 2580 1624 2650 fueras.
1658 2578 1704 2633 Α
1729 2579 1936 2635 Jndzeis
1953 2581 2098 2638 enim

489 2664 793 2732 deSIrncta,
842 2683 870 2722 a
909 2667 1121 2724 .Iuda-is
1151 2669 1418 2726 aediﬁcata
1463 2682 1567 2727 est.
1602 2673 1739 2742 Quae
1783 2673 1854 2729 ob
1884 2674 2098 2746 culpam

490 2759 809 2816 Scribarum
844 2760 1361 2834 Pltarisazotumqne
1393 2764 1636 2833 deserta,
1658 2766 1722 2822 ad
1754 2767 2102 2837 praedicatio-

490 2868 614 2911 nem
647 2855 1034 2923 Apostolorum
1072 2854 1274 2911 Christi
1304 2864 1639 2929 congregata
1670 2868 1752 2914 est
1778 2868 1886 2915 tam
1910 2860 1979 2916 de
2010 2861 2105 2918 Ju-

494 2945 670 3013 d:eis,
718 2962 882 3017 quam
925 2946 993 3003 de
1021 2947 1303 3018 gentibus.
1352 2949 1651 3021 Sequitur:
1712 2950 1776 3006 Et
1822 2954 1911 3023 qui
1937 2962 1985 3009 te
2012 2954 2105 3010 de-

494 3048 792 3094 struxerant
819 3050 868 3093 et
898 3041 1297 3111 dissipaverunt,
1323 3044 1651 3117 egrediantur
1696 3062 1759 3101 er-
1786 3056 1835 3100 te
1869 3065 1882 3100 :
1918 3047 2106 3103 docto-

498 3147 587 3188 res
620 3132 837 3202 pessimi
864 3150 879 3202 ;
911 3141 970 3188 ut
1009 3150 1352 3206 nequaquam
1405 3137 1661 3193 mandata
1694 3149 1750 3193 et
1783 3139 2105 3197 traditiones

496 3224 748 3297 sequaris
780 3225 1061 3283 hominum
1088 3226 1307 3298 (Matth.
1335 3228 1446 3299 xv),
1473 3229 1567 3285 sed
1598 3230 1771 3301 legem
1808 3232 1922 3288 Dei.
1959 3233 2102 3289 Dici-

494 3333 695 3391 torque
726 3321 793 3375 ad
826 3336 969 3390 eam,
1007 3331 1065 3377 ut
1088 3323 1268 3379 elevet
1298 3325 1490 3381 oculos
1522 3339 1651 3380 suos
1682 3328 1735 3381 in
1770 3327 2025 3398 circuitu,
2050 3340 2104 3386 et

495 3411 678 3468 videat
702 3410 846 3469 ﬁlios
875 3414 965 3485 qui
993 3413 1046 3470 ei
1091 3414 1307 3470 fuerant
1344 3418 1683 3488 congregati.
1724 3418 1799 3474 De
1824 3421 2021 3491 quibus
2048 3432 2106 3479 et

500 3504 762 3561 Dominus
789 3507 1151 3577 loquebatur:
1197 3507 1385 3563 Levate
1413 3510 1592 3564 oculos
1623 3520 1837 3576 vestros,
1870 3526 1916 3567 et
1939 3515 2106 3570 videte

494 3598 621 3671 quia
639 3603 759 3672 jam
807 3599 940 3654 alba:
968 3610 1087 3654 sunt
1142 3609 1337 3674 segetes
1363 3604 1433 3656 ad
1460 3604 1754 3658 metendum
1809 3603 1989 3677 (Joan.
2022 3621 2101 3676 tv,

496 3690 611 3764 55).
644 3693 711 3748 Et
732 3703 789 3748 ut
822 3708 1049 3750 securos
1082 3709 1182 3750 nos
1214 3695 1416 3751 faciat:
1483 3695 1609 3751 Vivo
1639 3714 1753 3771 ego,
1787 3699 1965 3770 inquit
1994 3700 2103 3755 Do-

497 3786 677 3842 minus
706 3787 873 3860 (quod
899 3788 1053 3858 juxta
1081 3787 1688 3859 vetusTestamentum,
1714 3790 2106 3865 57ljurandi

495 3878 696 3934 dicitur
725 3880 1172 3954 consuetudine),
1228 3882 1350 3951 quia
1377 3881 1616 3936 omnibus
1648 3884 1727 3937 his
1776 3886 1911 3939 velut
1943 3902 2104 3940 orna-

498 3986 670 4030 mento
696 3977 948 4047 vestieris,
983 3989 1031 4031 et
1062 3976 1404 4032 circumdabis
1435 3978 1525 4034 tibi
1556 3995 1644 4034 eos
1668 4025 1681 4049 ,
1741 3983 1892 4049 quasi
1916 3999 2105 4055 sponsa

492 4067 780 4122 circumdat
806 4070 999 4125 monile
1027 4069 1146 4124 sibi.
1176 4067 1335 4125 Felix
1366 4070 1459 4141 qui
1488 4071 1622 4127 tanti
1653 4072 1833 4129 meriti
1864 4085 1968 4143 est,
1990 4086 2108 4132 tan-

502 4172 679 4234 taeque
729 4164 974 4235 virtutis,
1027 4174 1088 4221 ut
1133 4176 1515 4222 ornamentum
1573 4168 1786 4225 dicatur
1820 4169 2102 4227 Ecclesiae.

499 4256 638 4312 Puto
668 4268 850 4315 autem
887 4260 985 4316 has
1017 4261 1265 4316 diversas
1293 4261 1592 4333 signiﬁcari
1612 4264 1817 4334 gratias
1848 4265 2106 4336 spiritua-

501 4348 583 4404 les
605 4393 620 4417 ,
647 4365 745 4420 per
765 4367 902 4422 quas
930 4367 1147 4423 sponszn
1175 4362 1404 4409 ornatur
1445 4356 1691 4412 ambitio.
1727 4357 1802 4412 De
1831 4374 1939 4429 qua
1967 4367 2024 4415 et
2051 4358 2105 4415 in

498 4443 917 4515 quadragesimo
948 4458 1147 4518 quarto
1186 4448 1397 4517 psalmo
1426 4451 1670 4506 canitur:
1717 4451 1895 4507 Astitit
1923 4455 2109 4526 regina

500 4554 534 4592 a
561 4540 758 4596 dextris
781 4542 881 4595 tuis
908 4543 963 4597 in
988 4526 1173 4597 uestitu
1200 4543 1477 4614 deaurato,
1507 4546 1831 4601 circumdata
1865 4549 2109 4604 rarietate

502 4630 621 4703 (Ps.
655 4648 805 4702 thv,
836 4632 964 4708 10).
994 4634 1128 4703 Quae
1183 4635 1329 4692 enim
1358 4636 1506 4707 prius
1534 4637 1751 4693 deserta
1783 4639 2020 4709 fuerant,
2051 4652 2105 4696 et

503 4723 712 4796 dilapsa
747 4726 799 4782 in
835 4726 1160 4784 solitudines
1191 4736 1248 4784 et
1294 4728 1504 4800 ruinas,
1554 4730 1879 4787 adveniente
1904 4731 2108 4789 Christi

504 4816 831 4889 Evangelia,
893 4818 1345 4876 instaurabuntur
1412 4830 1470 4878 et
1552 4831 1755 4879 tantam
1829 4824 2111 4882 habebunt

503 4910 872 4968 habitatorum
938 4914 1384 4984 multitudinem,
1457 4925 1517 4971 ut
1571 4931 1667 4972 eos
1731 4932 1927 4989 capere
1995 4934 2103 4975 non

504 5004 732 5075 possint.
791 5004 866 5060 Ita
915 5006 1237 5078 dumtaxat,
1311 5018 1370 5064 ut.
1420 5019 1799 5080 persecutores
1853 5013 2109 5082 fugentur

504 5098 717 5168 procul,
775 5099 856 5155 vel
891 5101 946 5156 hi
986 5100 1055 5157 de
1107 5102 1304 5173 quibus
1335 5120 1496 5174 supra
1541 5104 1809 5161 diximus:
1867 5107 1968 5176 Qui
2017 5108 2109 5165 de-

502 5193 767 5248 struebant
797 5204 867 5263 te,
898 5205 946 5249 et
966 5196 1307 5268 dissipabant,
1336 5198 1549 5253 exibunt
1575 5217 1607 5252 a
1628 5208 1695 5254 te.
1733 5199 1966 5272 Filiique
1996 5210 2107 5257 ste-

505 5285 728 5343 rilitatis
778 5297 882 5343 tua:
932 5304 1071 5359 quos
1101 5291 1332 5361 putabas
1366 5300 1417 5346 te
1449 5291 1663 5362 penitus
1697 5293 2019 5363 perdidisse.
2052 5306 2108 5350 et

504 5378 611 5433 illis
643 5376 750 5451 [ΑΙ.
783 5379 853 5433 ab
885 5379 1017 5451 illis]
1051 5392 1105 5437 te
1135 5398 1257 5438 esse
1286 5382 1584 5452 viduatam,
1614 5385 1784 5440 dicent
1808 5387 1860 5441 in
1892 5386 2107 5442 auribus

510 5473 610 5527 tuis
640 5487 659 5527 :
686 5472 951 5547 Angustus
979 5476 1109 5530 mihi
1147 5486 1224 5532 est
1262 5478 1407 5533 locus
1436 5480 1490 5534 in
1520 5481 1833 5552 synagogis,
1868 5485 1952 5550 [ac
1980 5482 2108 5538 mihi

506 5567 733 5639 spatium
754 5568 807 5622 in
836 5568 1118 5640 Ecclesiis,
1140 5569 1430 5625 uthabitem
1458 5572 1642 5638 latius,
1663 5585 1716 5628 ut
1737 5588 1845 5630 non
1865 5575 2108 5646 compri-

507 5676 627 5717 mar
675 5661 1034 5735 blasphemiis
1083 5663 1435 5735 Iudaeorum,
1491 5677 1550 5723 ut
1583 5676 1753 5724 totum
1793 5668 1982 5727 orbem
2013 5677 2105 5726 tua

501 5799 633 5866 415.
656 5800 875 5868 expleto
900 5802 1013 5873 jam
1033 5803 1086 5859 in
1114 5803 1457 5861 Ezechielem
1489 5802 1903 5871 Commentario
1930 5808 2103 5864 hocce

502 5886 643 5949 opus
669 5887 825 5949 suum
871 5875 1183 5949 relegeran
1208 5877 1361 5949 Quod
1400 5877 1447 5932 si
1490 5878 1672 5939 minus
1697 5879 2101 5949 probeturkre-

494 5941 867 6008 scribendum,
898 5941 1138 6001 Eze'chiet
1166 5948 1219 6000 in
1232 5941 1426 6003 'uttima
1457 5960 1603 6016 parte
1629 5941 1922 6023 descripsit.
1952 5941 2107 6007 Nunc

2196 621 2319 662 nem
2351 622 2459 663 non
2480 606 2668 663 valens
2696 624 2792 664 ore
2814 607 3088 679 proferre,
3122 607 3175 663 in
3201 616 3291 664 tuo
3319 609 3472 666 corde
3490 610 3628 668 tacita
3648 627 3721 671 co-

2190 700 2410 772 gitabis,
2456 710 2511 757 et
2539 701 2723 758 dices:
2760 701 2887 771 Quis
2919 702 3044 757 mihi
3072 702 3197 757 istos
3226 704 3436 773 genuit?
3485 705 3582 777 Ego
3604 722 3723 765 erant

2193 795 2393 853 sterilis
2413 804 2469 853 et
2490 797 2671 866 vidua,
2705 797 2920 853 deserta
2949 806 3111 868 atque
3142 797 3351 866 captiva
3380 798 3429 853 in
3460 799 3725 869 populoin-

2195 890 2456 956 dmornm,
2490 890 2633 946 lilios
2663 889 2867 946 habere
2890 890 3182 953 desieram,
3214 889 3376 945 multo
3399 899 3616 961 tempore
3641 908 3726 950 non

2195 998 2538 1055 pepererant.
2591 982 2719 1038 Post
2769 983 3028 1054 Aggumm
3082 991 3138 1038 et
3172 981 3477 1038 Zachariam
3519 994 3567 1040 et
3595 983 3728 1041 Mala-

2196 1078 2407 1146 chiam,
2461 1078 2642 1134 nullos
2673 1078 2812 1133 alios
2855 1076 3160 1149 Prophetas
3217 1092 3382 1148 usque
3417 1077 3480 1132 ad
3507 1076 3726 1136 Joannem

2198 1171 2496 1242 Baptistam
2525 1170 2803 1237 viderant;
2846 1180 2901 1226 et
2929 1170 3204 1242 quomodo
3250 1185 3369 1242 qua:
3402 1168 3589 1227 fueram
3616 1171 3725 1237 sola,

2196 1276 2250 1321 et
2283 1265 2382 1320 viri
2433 1266 2636 1321 auxilio
2666 1263 2955 1333 destituta,
3023 1271 3204 1319 tantos
3248 1263 3385 1319 filios
3407 1262 3592 1320 habere
3615 1280 3726 1321 nunc

2196 1359 2373 1430 cmpi?
2402 1358 2470 1415 Ut
2495 1368 2676 1415 autem
2704 1360 2943 1415 sciamus
2968 1374 3134 1428 super
3161 1366 3364 1429 petram
3391 1365 3443 1414 et
3461 1355 3731 1414 fundamen-

2198 1464 2310 1511 tum
2349 1454 2556 1510 Christi
2584 1469 2653 1511 ex
2702 1467 2935 1525 utroque
2967 1453 3165 1523 populo
3222 1450 3472 1508 aediﬁcari
3514 1451 3647 1518 Sion,
3677 1451 3728 1507 ad

2197 1546 2485 1603 credentes
2532 1545 2730 1601 Paulus
2763 1546 3038 1617 loquitur:
3095 1543 3368 1613 .Ediﬁcati
3402 1561 3545 1614 super
3572 1546 3727 1616 {unda-

2195 1650 2421 1695 mentum
2444 1640 2811 1709 Apostolorum
2850 1647 2898 1692 et
2929 1637 3307 1710 PrOphetarunt
3336 1637 3443 1710 ipso
3469 1654 3643 1693 summa
3664 1638 3729 1692 la-

2198 1735 2318 1807 pide
2337 1734 2602 1806 angulari,
2632 1736 2719 1808 qui
2749 1743 2824 1790 est
2852 1731 3007 1789 Iesus
3033 1731 3291 1787 Christus.
3337 1729 3541 1804 (Ephes.
3568 1732 3620 1795 it,
3640 1729 3732 1802 20.)

2201 1830 2279 1884 Ex
2327 1844 2436 1902 quo
2476 1828 2823 1900 perspicuum
2855 1835 2960 1896 est,
3010 1841 3175 1881 unum
3217 1839 3344 1881 esse
3380 1823 3733 1881 fundamentum

2127 1913 2174 1972 Β
2204 1926 2589 1997 Apostolorum
2638 1934 2690 1981 et
2728 1922 3149 1996 Prophetarum,
3207 1920 3488 1977 Dominum
3534 1928 3735 1977 nostrum

2199 2018 2386 2075 Jesum
2419 2017 2719 2075 Christum.

2271 2112 2454 2186 (Vers.
2505 2112 2598 2182 22,
2631 2111 2753 2179 23.)
2798 2109 2931 2167 Hice
2962 2111 3093 2166 dicit
3149 2107 3404 2164 Dominus
3436 2106 3593 2163 Deus:
3635 2104 3738 2161 Ecce

2198 2209 2307 2264 levo
2337 2206 2520 2281 [Vulg.
2557 2204 2754 2279 levabo]
2811 2205 2880 2261 ad
2911 2214 3088 2279 gentes
3138 2220 3350 2260 inanum
3403 2219 3585 2266 meam,
3628 2199 3739 2256 etad

2201 2302 2423 2373 populos
2450 2297 2693 2356 exaltabo
2720 2298 2926 2369 signant
2954 2312 3164 2352 meum:
3195 2306 3244 2351 et
3276 2295 3487 2364 a/Iei'ent
3512 2294 3633 2366 ﬁlios
3656 2303 3741 2348 tuos

2201 2395 2255 2449 in
2296 2394 2464 2461 ulnis,
2521 2402 2569 2447 et
2593 2391 2734 2462 [ilius
2780 2399 2899 2446 tuas
2946 2407 3101 2463 super
3127 2389 3371 2444 humeros
3402 2386 3664 2459 portabunt.
3690 2384 3740 2439 Et

2201 2496 2353 2541 erunt
2383 2501 2529 2565 reges
2561 2484 2772 2539 nutricii
2794 2484 2869 2539 tui
2889 2529 2903 2553 ,
2934 2492 2983 2538 et
3014 2483 3207 2555 regina:
3234 2482 3458 2538 nutrices
3484 2490 3595 2535 tute.
3626 2477 3746 2533 Vultu

2202 2582 2255 2636 in
2297 2593 2490 2637 terram
2537 2579 2758 2635 demisso
2784 2576 3079 2632 adorabunt
3126 2586 3194 2643 te,
3239 2584 3292 2630 et
3321 2574 3566 2648 pulverem
3599 2570 3745 2645 pedum

2205 2685 2414 2729 tuorum
2443 2664 2676 2746 litigent:
2701 2678 2748 2724 et
2772 2671 2899 2726 scies
2926 2670 3050 2740 quia
3073 2685 3164 2741 ego
3187 2666 3352 2741 572
3371 2665 3616 2721 Dominus.
3632 2677 3749 2735 super

2201 2782 2306 2837 quo
2330 2780 2433 2819 non
2464 2761 2854 2833 confundentur
2876 2762 2966 2834 qui
2997 2768 3304 2835 exspectant
3331 2776 3464 2814 eum.
3494 2755 3621 2814 LXX
3645 2778 3656 2811 :
3683 2754 3751 2811 Sic

2205 2856 2340 2912 dixit
2375 2855 2631 2912 Dominus
2684 2852 2827 2908 Deus
2853 2869 2871 2908 :
2904 2851 3042 2908 Ecce
3069 2853 3212 2908 ειευο
3238 2868 3399 2925 super
3413 2860 3573 2925 gentes
3593 2862 3752 2903 ιιιιιιιιιιιι

2205 2966 2393 3016 meam,
2426 2961 2473 3003 et
2502 2964 2659 3019 super
2677 2946 2883 3003 insulas
2906 2946 3088 3003 levabo
3114 2948 3329 3020 signum
3348 2963 3532 3013 meum,
3555 2954 3598 2998 et
3620 2941 3752 2997 adds—

2206 3052 2320 3099 cent
2349 3044 2488 3112 ﬁlios
2511 3053 2626 3098 tuos
2648 3044 2702 3096 in
2722 3042 2873 3105 sinu,
2904 3053 2954 3098 et
2985 3042 3126 3112 ﬁlias
3160 3051 3284 3096 tuus
3305 3042 3361 3096 in
3391 3041 3603 3095 humeris
3623 3046 3756 3111 porta-

2207 3138 2353 3191 bunt.
2389 3135 2452 3190 Et
2483 3145 2633 3191 erunt
2658 3150 2805 3205 reges
2835 3134 3049 3189 nutricii
3072 3133 3149 3188 tui
3172 3149 3191 3189 :
3236 3143 3292 3189 et
3322 3134 3568 3207 principes
3596 3131 3757 3204 femina

2210 3230 2441 3285 nutrices
2463 3238 2568 3284 tua:
2592 3245 2611 3282 :
2637 3244 2797 3298 super
2820 3228 3008 3300 [aciem
3033 3235 3185 3282 terrae
3209 3227 3508 3282 adorabunt
3528 3235 3590 3292 te,
3615 3232 3654 3279 et
3672 3221 3759 3293 pul-

2131 3300 2175 3364 (ί
2209 3340 2375 3379 verem
2399 3323 2593 3398 pedum
2622 3331 2827 3377 tuorum
2856 3320 3056 3394 lingent
3080 3338 3100 3388 ;
3129 3331 3179 3377 et
3208 3323 3347 3377 scies
3373 3322 3489 3395 quia
3514 3336 3596 3394 ego
3618 3316 3759 3375 Doni.

2207 3436 2328 3488 nus,
2376 3427 2421 3472 et
2455 3434 2557 3473 non
2608 3416 2994 3488 confundentnr
3020 3416 3107 3487 qui
3154 3425 3573 3488 cxspectantme.
3623 3410 3685 3467 Ad
3718 3409 3757 3466 id

2206 3511 2351 3583 quod
2382 3510 2625 3567 Ecclesia
2656 3510 2895 3565 dixerat:
2930 3507 3045 3582 Ego
3068 3509 3264 3565 sterilis
3293 3520 3445 3581 atque
3475 3507 3678 3581 captiva,
3706 3503 3757 3557 is-

2208 3616 2287 3660 tos
2315 3606 2431 3677 quis
2455 3605 2631 3677 genuit
2657 3602 2826 3659 mihi?
2850 3601 2962 3677 Ego
2990 3602 3241 3658 destituta
3271 3611 3322 3658 et
3346 3603 3489 3670 sola,
3519 3610 3563 3656 et
3595 3598 3667 3654 isti
3692 3594 3755 3651 ubi

2209 3700 2293 3753 hic
2323 3697 2511 3754 erant?
2542 3696 2828 3768 respondit
2857 3695 3150 3751 Dominus:
3184 3696 3406 3752 Miraris
3435 3710 3529 3751 cur
3558 3694 3647 3748 ista
3672 3689 3759 3746 sint

2209 3791 2387 3848 facta?
2412 3789 2762 3863 Nequaquam
2796 3789 3086 3845 miraberis
3116 3804 3242 3846 cum
3271 3788 3528 3855 audieris,
3557 3785 3663 3858 quia
3683 3794 3758 3852 ego

2207 3885 2274 3940 ad
2305 3894 2496 3956 gentes
2528 3884 2827 3940 levaverim
2856 3898 3076 3938 manum
3104 3899 3311 3939 meam.
3339 3883 3416 3939 De
3444 3897 3542 3954 qua
3564 3891 3611 3937 et
3631 3878 3761 3935 Sanc-

2210 3988 2297 4034 ttts
2342 3978 2620 4049 loquitur:
2664 3976 2741 4032 Tu
2773 3978 3017 4047 formasti
3064 3995 3164 4040 me.
3217 3988 3266 4032 et
3299 3977 3515 4048 posuisti
3555 3984 3761 4047 superine

2210 4089 2421 4126 manum
2464 4081 2605 4126 tuam
2661 4069 2778 4144 (Ps.
2810 4086 3070 4139 cxxxvm,
3102 4069 3182 4144 4).
3245 4071 3313 4127 Et
3373 4070 3488 4143 ipse
3528 4067 3759 4125 Salvator:

2210 4163 2382 4221 Nemo
2413 4175 2578 4237 potest
2605 4181 2787 4237 rapere
2817 4163 2882 4218 de
2936 4180 3095 4219 manu
3142 4163 3326 4221 Patris
3375 4164 3473 4219 mei
3518 4160 3675 4236 (Joan.
3708 4170 3759 4221 ι,

2208 4258 2345 4327 29).
2407 4257 2475 4313 Et
2534 4258 2832 4329 Apostolus
2871 4257 3100 4315 Petrus:
3165 4257 3538 4314 Hnmiliamini
3584 4256 3664 4310 sub
3697 4266 3765 4319 po-

2209 4354 2333 4407 tenti
2378 4368 2533 4406 manu
2568 4349 2686 4419 Dei,
2722 4358 2777 4405 ut
2809 4368 2899 4406 oos
2943 4351 3133 4406 exultet
3182 4351 3239 4406 in
3296 4363 3522 4420 tempore
3558 4341 3762 4403 uisitatioo

2211 4448 2291 4503 nis
2346 4446 2390 4514 (1
2421 4444 2567 4501 Petr.
2595 4461 2650 4513 v,
2694 4444 2790 4517 6).
2837 4444 2948 4502 Ista
3009 4459 3201 4501 manus
3255 4445 3324 4502 ad
3381 4457 3568 4516 gentes
3599 4442 3763 4501 levata,

2211 4543 2327 4613 ipsa
2383 4548 2471 4595 est
2509 4539 2578 4596 de
2619 4555 2727 4610 qua
2784 4538 2874 4595 hic
2956 4538 3099 4594 idem
3186 4537 3464 4609 Propheta
3530 4531 3763 4604 loquitur:

2219 4633 2331 4689 Erit
2354 4632 2512 4688 radix
2537 4630 2710 4696 Iesse,
2731 4632 2823 4703 qui
2843 4642 3105 4703 exsurget,
3124 4640 3181 4685 ut
3205 4633 3451 4701 princeps
3473 4630 3536 4684 sit
3553 4624 3769 4698 gentium:

2216 4730 2269 4783 in
2296 4728 2468 4797 ipsum
2511 4734 2686 4799 gentes
2728 4724 3009 4797 sperabunt
3055 4723 3191 4797 (lsa.
3223 4741 3301 4789 XI,
3356 4723 3469 4796 10).
3502 4721 3604 4778 Nec
3630 4717 3766 4774 solum

2218 4837 2435 4878 manum
2483 4833 2636 4875 suam
2691 4818 2893 4874 levabit
2939 4819 3007 4874 ad
3053 4826 3285 4889 gentes;
3351 4819 3449 4875 sed
3499 4825 3553 4873 et
3595 4813 3768 4883 signum

2208 4931 2365 4971 suum
2397 4911 2659 4968 exaltabit
2681 4912 2733 4966 in
2762 4911 3001 4982 populis.
3051 4911 3201 4968 Haud
3231 4911 3461 4968 dubium
3493 4909 3612 4979 quin
3630 4899 3766 4961 vexil-

2214 5011 2324 5065 lum
2352 5006 2533 5064 crucis
2557 5048 2571 5074 ,
2631 5015 2688 5059 ut
2718 5004 3009 5076 impleatur
3035 5004 3168 5060 illud
3207 5005 3359 5076 quod
3401 5005 3647 5075 scriptum
3673 5003 3769 5053 est:

2216 5101 2483 5160 Laudibus
2521 5102 2635 5174 ejus
2681 5099 2836 5172 plena
2864 5110 2938 5154 est
2969 5110 3127 5155 terra.
3191 5101 3258 5155 Et
3288 5102 3528 5157 iterum:
3568 5095 3631 5150 1η
3664 5085 3773 5147 omm'

2214 5209 2353 5255 terra
2375 5195 2690 5251 admirabile
2720 5211 2903 5250 nomen
2941 5199 3057 5269 ejus
3103 5196 3221 5268 (Ps.
3249 5212 3373 5264 vnt,
3401 5197 3476 5270 l).
3511 5194 3649 5249 Tunc
3672 5185 3773 5243 alie-

2215 5299 2339 5347 rent
2370 5291 2422 5345 in
2466 5288 2632 5353 ulnis,
2682 5288 2801 5343 sive
2832 5287 2885 5342 in
2916 5288 3039 5343 sinu
3071 5288 3207 5342 lilios
3233 5287 3397 5354 Sion,
3449 5295 3503 5343 et
3532 5284 3657 5339 tilias
3680 5276 3771 5347 eius

2215 5384 2510 5457 portabunt
2532 5383 2584 5437 in
2604 5382 2867 5436 humeris.
2884 5381 3076 5448 Qualis
3104 5381 3202 5436 luit
3221 5391 3279 5438 et
3311 5381 3568 5445 Lazarus,
3591 5383 3772 5432 omnes-

2212 5496 2318 5552 que
2348 5478 2522 5534 sancti
2548 5477 2639 5548 qui
2660 5477 3009 5548 requiescunt
3035 5477 3086 5532 in
3109 5476 3233 5532 sinu
3254 5474 3642 5545 Abrahchnw.
3661 5464 3767 5537 svi).

2208 5582 2266 5631 et
2313 5572 2513 5629 anima:
2566 5570 2940 5636 credentium,
2988 5570 3055 5625 ad
3085 5584 3223 5640 quas
3266 5570 3470 5626 Paulus
3522 5559 3771 5638 Apostolus

2213 5665 2573 5740 loquebatur:
2600 5663 2761 5721 Lacte
2788 5680 2877 5720 vos
2897 5664 3073 5728 potavi
3097 5663 3140 5737 (Ι
3169 5662 3297 5721 Cor.
3328 5680 3413 5734 ιιι,
3435 5662 3518 5735 2).
3558 5660 3619 5717 Et
3639 5650 3770 5712 alibi:

2212 5805 2517 5875 restitutam
2539 5818 2571 5859 a
2600 5801 2848 5859 Martian.
2902 5802 3193 5859 lectionem
3227 5816 3381 5875 mss.
3401 5811 3612 5875 quoque
3633 5782 3773 5850 nostri

2213 5874 2560 5944 confirmant,
2585 5885 2640 5934 et
2666 5890 2860 5933 sensus
2890 5875 3232 5934 rectissimus
3259 5873 3484 5947 probat.

3476 6248 3503 6277 ί

1579 6336 3900 6700 ”“--“
