4096 6330
271 375 403 436 178⁷

881 378 1531 441 COMMENTARIORUM
1568 381 1639 442 ΙΝ
1678 383 1884 444 lSAIAl

1990 384 2383 444 'ROPHE'I‘AM
2420 387 2554 446 LIB.
2594 388 2734 446 XIII.
2775 387 2939 448 CAP.
2973 390 3037 448 L.

3509 390 3619 450 474

275 492 479 551 Filioli
507 497 616 553 mei
646 515 781 571 quos
807 499 990 557 iterum
1035 500 1292 573 parturit),
1342 501 1506 557 donec
1533 499 1772 560 Christus
1795 504 1906 575 [οτι
1934 506 1984 569 Α
2011 520 2153 560 meos
2194 521 2392 575 eruam,
2436 516 2484 563 et
2521 509 2790 565 comedent
2813 510 2903 581 qui
2930 508 3302 567 tribulaverunt
3330 522 3401 579 te,
3429 526 3618 568 carnes

268 600 451 645 metur
480 591 543 647 in
578 593 724 649 vobis
752 592 955 667 (Colat.
1000 608 1073 664 tv,
1093 592 1209 666 i9).
1249 592 1320 650 Et
1343 594 1396 651 in
1427 595 1534 652 alio
1556 595 1716 653 loco:
1743 598 1907 665 Quasi

268 685 466 740 nutris:
494 689 678 758 foveat
704 688 848 760 ﬁlios
867 705 988 745 suos
1011 706 1029 744 :
1054 689 1130 744 sic
1149 687 1506 746 desiderantes
1526 708 1636 757 vos,
1668 694 1906 765 cupimus

269 777 565 848 impartire
579 780 724 835 vobis
738 797 842 835 non
853 781 1020 836 solum
1037 778 1381 854 Evangelium
1394 782 1608 852 Christi,
1623 782 1715 838 sed
1726 794 1773 838 et
1783 785 1901 838 ani-

268 885 385 923 ruas
398 880 625 929 nostras
653 872 700 942 (l
719 872 903 931 Thess.
928 890 988 940 tt,
1004 872 1081 946 8).
1100 874 1355 946 Alioquin
1379 874 1667 932 ridiculum
1688 884 1772 933 est
1793 891 1905 932 mo-

268 978 332 1019 re
356 961 615 1022 Iudaico
637 967 964 1039 grandaevos
980 966 1124 1040 illius
1151 976 1209 1025 et
1232 968 1373 1026 tilias
1399 970 1451 1025 in
1470 968 1612 1026 ulnis
1634 969 1903 1027 humeris-

266 1071 377 1129 que
412 1059 662 1129 portari.
686 1059 871 1132 Reges
893 1072 1072 1118 autem
1096 1062 1315 1119 nutricii
1336 1108 1351 1133 ,
1393 1073 1447 1119 et
1468 1062 1670 1134 reginae
1700 1062 1902 1134 princi-

268 1163 493 1222 pcsque
525 1152 797 1223 nutrices,
832 1152 1122 1211 manifeste
1145 1155 1443 1226 Apostolus
1466 1166 1522 1211 et
1551 1153 1901 1226 Apostolicos

265 1242 588 1300 ostendunt
618 1245 771 1302 viros
797 1263 811 1301 :
844 1246 1026 1318 qualis
1070 1246 1175 1304 luit
1202 1254 1259 1304 et
1284 1247 1586 1319 Abraham,
1639 1248 1707 1304 ad
1733 1263 1895 1321 quem

265 1337 521 1395 dicitur:
548 1336 666 1395 Rea:
696 1357 727 1396 a
756 1340 865 1395 Deo
892 1349 917 1378 ιι
947 1351 1002 1396 tu
1028 1341 1083 1396 in
1105 1340 1251 1396 nobis
1270 1358 1325 1397 es
1354 1338 1509 1413 (Gen.
1537 1357 1691 1413 χχιιι,
1722 1342 1812 1414 6);
1843 1354 1898 1399 et

264 1445 520 1503 quorum
549 1446 650 1488 cor
693 1434 746 1487 in
771 1448 933 1488 manu
965 1433 1056 1490 Dei
1081 1432 1371 1504 est(Prov.
1410 1431 1563 1507 xxi):
1588 1435 1677 1505 qui
1707 1432 1895 1490 dicunt

265 1526 645 1584 credentibus
675 1528 877 1597 :Quasi
897 1530 1050 1585 modo
1077 1532 1187 1587 nati
1207 1532 1436 1604 parvuli,
1465 1530 1826 1598 rationabiles,
1848 1542 1896 1586 et

267 1618 473 1692 absque
495 1619 626 1676 dolo
649 1623 734 1677 lac
749 1622 1037 1680 desiderate
1053 1624 1095 1697 (l
1121 1623 1267 1680 Petr.
1294 1641 1350 1697 ιι,
1369 1623 1453 1697 Ξ).
1477 1625 1741 1696 Princeps
1762 1641 1897 1698 quo-

264 1729 402 1787 que.
435 1715 495 1771 id
521 1727 631 1786 est,
652 1713 926 1797 ἄρχουσα,
949 1717 1098 1789 quod
1122 1718 1273 1775 Sara:
1298 1735 1497 1776 nomen
1518 1720 1680 1794 573
1695 1728 1888 1775 sonat:

266 1817 326 1865 et
378 1812 623 1883 regium,
676 1813 793 1869 sive
848 1812 1059 1886 regina,
1111 1814 1182 1871 de
1230 1831 1335 1886 qua
1366 1816 1421 1873 in
1461 1817 1889 1888 quadragesimo

2007 614 2151 661 suas.
2192 608 2242 654 et
2271 599 2441 655 bibent
2482 604 2633 674 quasi
2671 602 2848 659 vinum
2878 620 3065 659 novum
3088 605 3398 677 sanguinem
3424 620 3612 674 suum,

2007 701 2057 748 et
2080 693 2472 751 inebriabuntur
2509 713 2529 752 :
2567 707 2616 752 et
2648 698 2773 753 sciet
2804 702 2971 753 omnis
2999 714 3122 754 caro
3150 699 3275 768 quia
3302 715 3399 772 ego
3428 696 3616 754 Domi-

2007 805 2105 844 nus
2148 790 2239 862 qui
2279 790 2390 845 erui
2434 799 2504 858 te,
2547 788 2572 829 ἀ
2618 801 2665 847 et
2695 793 3019 867 adjutorium
3059 793 3383 866 fortitudinis
3420 790 3610 849 Iacob.

2007 879 2172 955 5ῚῆΙ
2213 882 2473 955 Dominus
2505 894 2697 940 noster
2724 892 2887 957 atque
2915 885 3188 955 Salvator,
3219 888 3310 958 qui
3345 886 3498 958 prius
3526 886 3610 943 lo-

2004 987 2164 1033 cutus
2211 975 2390 1034 luerat
2427 992 2525 1049 per
2548 978 2768 1043 Isaiam,
2798 978 2914 1046 ipse
2945 980 3001 1035 in
3032 979 3330 1052 Evangelia
3355 979 3610 1052 eumdem

1996 1083 2225 1126 sensum
2269 1072 2473 1142 repetit
2518 1088 2531 1127 :
2572 1072 2847 1145 quomodo
2876 1082 3055 1144 potest
3085 1074 3282 1147 aliquis
3313 1075 3522 1132 intrare
3553 1076 3609 1132 in

2004 1162 2224 1218 domum
2270 1164 2446 1230 l’ortis,
2488 1175 2544 1222 et
2587 1181 2713 1223 vasa
2756 1167 2879 1239 ejus
2917 1167 3178 1240 diripere,
3226 1169 3332 1226 nisi
3365 1169 3606 1240 primum

2004 1256 2251 1330 ligaverit
2275 1257 2494 1327 fortem,
2518 1272 2573 1315 et
2600 1268 2727 1316 tunc
2758 1260 2981 1317 domum
3008 1261 3131 1331 ejus
3151 1260 3372 1331 diripiat
3395 1259 3600 1333 (Marc.

2001 1349 2121 1421 tu)?
2152 1349 2332 1406 Fortis
2362 1360 2418 1408 et
2445 1352 2618 1424 gigas,
2652 1352 2904 1409 diabolus
2933 1361 3036 1422 est,
3068 1352 3161 1424 qui
3190 1367 3386 1409 omnes
3411 1363 3606 1424 gentes

2000 1458 2103 1499 suo
2142 1444 2451 1517 subjugarat
2502 1447 2768 1517 imperio.
2809 1446 3019 1505 audens
3061 1447 3246 1504 dicere
3282 1447 3554 1506 Salvatori
3587 1467 3602 1505 :

2000 1534 2131 1590 Haec
2168 1538 2341 1591 omnia
2381 1538 2507 1594 mihi
2533 1539 2729 1595 tradita
2754 1549 2897 1609 sunt,
2930 1550 2979 1597 et
3010 1541 3147 1597 dabo
3174 1541 3268 1598 tibi
3294 1556 3379 1612 ea,
3412 1542 3456 1596 si
3483 1558 3605 1612 pro-

1998 1628 2175 1684 cidens
2202 1630 2499 1687 adoraveris
2529 1648 2609 1687 me
2637 1631 2850 1703 (Matth.
2882 1649 2957 1702 tv,
2992 1632 3073 1706 9).
3104 1633 3333 1691 Mundus
3367 1634 3515 1690 enim
3546 1634 3604 1691 in

1998 1721 2234 1794 maligno
2256 1723 2562 1794 posituscst
2586 1725 2630 1799 (ι
2650 1723 2810 1784 Joan.
2837 1729 2915 1798 ν),
2942 1743 3103 1799 quem
3128 1727 3316 1785 nullus
3325 1727 3601 1799 justorum

1997 1812 2217 1870 vincere
2271 1816 2446 1886 potuit
2486 1834 2499 1870 :
2545 1833 2645 1874 nec
2685 1817 2841 1888 juxta
2896 1821 3097 1887 Amos,
3128 1820 3367 1891 prmdam
3401 1820 3474 1878 de
3501 1834 3600 1877 ore

267 1912 475 1973 quarto
505 1904 723 1977 psalmo
748 1907 965 1964 canitur
990 1926 1003 1964 :
1028 1909 1204 1963 Astitit
1227 1910 1409 1981 regina
1432 1927 1464 1966 a
1486 1909 1682 1966 dextris
1709 1911 1812 1965 tuis
1835 1911 1888 1966 iu
1920 1922 1968 1984 Β
1997 1906 2173 1963 leonis
2229 1908 2446 1966 auferre
2495 1907 2515 1980 (
2533 1912 2709 1966 Amos.
2756 1926 2815 1967 ut
2835 1909 2878 1984 ).
2920 1912 3211 1985 Proposita
3254 1913 3419 1984 igitur
3443 1928 3603 1987 quae-

265 1998 465 2053 restitu
499 1999 781 2068 deaurato,
808 2001 1055 2072 quotidie
1081 2001 1288 2059 Christi
1320 2003 1492 2059 nutrit
1524 2005 1801 2075 parvulos,
1832 2016 1886 2061 et

268 2088 338 2146 ad
372 2091 687 2160 perfectam
720 2094 874 2151 ducit
904 2103 1161 2153 mtatem:
1192 2097 1480 2169 omnisque
1508 2105 1664 2168 mtas,
1688 2113 1886 2167 sexus,

268 2193 326 2241 ct
351 2184 629 2259 dignitas,
666 2185 695 2226 δ
737 2188 1052 2245 adorabunt
1097 2189 1228 2246 Sion
1260 2201 1483 2262 propter
1509 2207 1633 2247 eum
1663 2193 1756 2264 qui
1789 2192 1888 2248 lia-

269 2278 408 2337 bitat
465 2282 522 2338 in
554 2298 645 2339 ea.
684 2281 743 2341 Si
772 2285 920 2340 enim
948 2294 1114 2357 caput
1168 2285 1432 2343 Ecclesia
1480 2284 1733 2343 Christus
1766 2296 1882 2357 est,

267 2384 438 2445 caput
454 2375 729 2434 aduratur
750 2378 808 2434 in
830 2393 1085 2451 corpore.
1111 2378 1180 2436 Et
1205 2381 1252 2436 si
1278 2379 1344 2435 ad
1363 2379 1627 2453 quosdam
1650 2379 1884 2438 dicitur:

270 2465 530 2527 Exultate
559 2470 842 2528 Dominum
882 2471 1051 2529 Deum
1073 2485 1329 2541 nostrum,
1373 2484 1421 2531 et
1444 2476 1662 2533 adorate
1683 2476 1883 2531 scabel—

271 2563 382 2620 lttm
406 2566 608 2639 pedum
638 2569 758 2636 eius
782 2566 915 2640 (non
946 2582 1057 2639 quo
1079 2567 1383 2625 scabellum
1412 2568 1748 2626 adorandum
1775 2571 1841 2625 sit
1865 2586 1880 2636 ;

270 2658 369 2716 sed
411 2675 528 2733 quo
578 2662 840 2731 maiestas
870 2661 1067 2733 pedum
1100 2662 1247 2717 illius
1281 2661 1596 2735 indicetm),
1631 2677 1733 2719 cur
1772 2677 1881 2719 non

271 2750 539 2810 adoretur
564 2753 813 2810 Ecclesia
843 2770 964 2827 qua:
991 2762 1162 2811 totum
1186 2753 1387 2811 Christi
1416 2770 1617 2826 corpus
1637 2755 1884 2826 amplec-

271 2845 430 2919 titur,
463 2857 520 2903 ut
546 2848 837 2919 impleatur
867 2849 994 2905 illud
1016 2848 1165 2921 quod
1197 2851 1455 2920 scriptum
1477 2859 1562 2906 est
1592 2850 1644 2906 in
1669 2848 1883 2920 Sopho-

274 2939 392 2996 nia:
425 2940 735 2997 Adorabunt
764 2957 881 2998 eum
915 2953 937 2983 ο
971 2943 1165 3015 singuli
1215 2943 1460 2999 deloco:
1491 2959 1669 2999 omnes
1695 2943 1882 2999 insula:

271 3038 509 3107 gentium
532 3037 798 3111 (Sophon.
830 3053 890 3106 ιι,
920 3038 1107 3107 ll),ut
1138 3053 1477 3111 nequaquam
1492 3037 1881 3095 moreludaico

274 3130 451 3187 tribus
483 3147 584 3202 per
608 3145 812 3187 annum
846 3131 1052 3188 vicibus
1079 3133 1303 3188 veniant
1323 3134 1377 3187 in
1403 3131 1745 3188 Jerusalem:
1782 3130 1877 3187 sed

274 3222 327 3280 in
361 3224 488 3280 loco
519 3240 624 3281 suo
650 3224 945 3280 adorantes
981 3212 1292 3288 Dominum,
1320 3222 1630 3294 possideant
1656 3221 1879 3279 Jerusa-

1991 2000 2194 2067 stiouc,
2239 2002 2382 2073 quod
2426 2002 2610 2059 nullus
2653 2006 2829 2075 possit
2855 2003 3053 2062 fortem
3083 2014 3136 2063 et
3167 2004 3442 2078 gigantem
3472 2008 3599 2063 vin-

1991 2109 2140 2161 cere.
2174 2110 2278 2153 nec
2306 2094 2521 2153 salvare
2546 2097 2693 2169 quod
2724 2098 2794 2154 ab
2814 2113 2882 2155 eo
2904 2108 3122 2170 raptum
3147 2110 3290 2170 erat,
3315 2100 3603 2173 respondit

1994 2187 2287 2255 Dominus,
2331 2204 2433 2245 suo
2472 2189 2709 2247 adventu
2754 2192 2939 2249 omnia
2982 2194 3349 2265 perpetranda
3397 2212 3413 2251 :
3453 2195 3599 2267 quod

1989 2281 2199 2339 scilicet
2236 2292 2410 2355 captae
2450 2283 2603 2357 prius
2641 2297 2833 2358 gentes
2873 2301 2903 2341 a
2943 2286 3164 2360 gigante
3207 2288 3490 2358 tollantur,
3539 2298 3598 2348 et

1987 2378 2169 2433 omnis
2214 2379 2359 2435 illius
2409 2380 2681 2451 supellex,
2725 2381 3094 2454 universaque
3134 2392 3158 2420 θ
3189 2383 3398 2440 familia
3448 2387 3599 2456 Apo-

1988 2472 2145 2527 stolis
2173 2471 2468 2528 dividatur.
2490 2474 2718 2546 lmpleto
2748 2474 2843 2531 illo
2870 2476 3014 2546 quod
3041 2476 3307 2547 scriptum
3333 2486 3418 2533 est
3444 2494 3459 2532 :
3482 2475 3598 2532 Rea:

1987 2567 2236 2621 virtutum
2269 2566 2466 2634 dilecti,
2497 2576 2545 2621 et
2575 2569 2767 2637 speciei
2794 2567 2978 2623 domus
3007 2568 3237 2624 dividere
3260 2567 3453 2638 spolia.
3486 2568 3595 2627 Iste

1988 2671 2071 2716 ε›ι
2102 2663 2252 2715 enim
2283 2661 2373 2732 qui
2406 2661 2688 2716 ascendens
2713 2663 2768 2716 in
2795 2662 2976 2728 altum,
3006 2663 3264 2736 captivam
3288 2663 3444 2719 duxit
3468 2680 3599 2734 cap-

1984 2754 2262 2820 tivitatem,
2289 2754 2430 2808 dedit
2458 2754 2597 2810 dona
2623 2755 2678 2810 in
2701 2753 2993 2811 hominibus
3020 2754 3142 2828 (Ps.
3173 2772 3341 2821 van,
3365 2758 3458 2826 l3,
3487 2758 3593 2824 i9;

1986 2845 2181 2917 Ephes.
2223 2847 2305 2919 tv)
2347 2864 2361 2901 :
2402 2862 2500 2905 eos
2541 2848 2796 2905 videlicet
2837 2849 2928 2920 qui
2972 2850 3121 2917 prius
3160 2850 3306 2921 capti
3337 2860 3498 2909 erant
3528 2851 3585 2907 in

1985 2953 2239 3009 mortem,
2283 2942 2490 3009 recepit
2531 2943 2584 2998 in
2630 2943 2818 3000 vitam.
2856 2942 3008 3000 Unde
3040 2944 3386 3000 manifestius
3415 2945 3590 3001 inter-

1986 3048 2227 3109 pretatus
2251 3047 2336 3095 est
2362 3037 2725 3113 Symmachus
2756 3057 2770 3093 :
2805 3037 2914 3095 Sed
2938 3048 2987 3095 et
3016 3040 3294 3110 captivitas
3321 3043 3475 3110 {ortis
3498 3057 3598 3096 au-

1983 3135 2194 3204 factur,
2245 3141 2293 3186 et
2334 3132 2538 3202 rapinae
2575 3130 2839 3188 horribilis
2862 3133 3007 3188 salva
3034 3133 3151 3188 erit.
3184 3132 3405 3190 Fortem
3436 3141 3601 3206 atque

1983 3223 2299 3280 horribilem
2350 3222 2630 3280 diabolum
2677 3224 2869 3282 volens
2913 3225 3185 3296 intelligi,
3232 3225 3325 3297 qui
3370 3226 3592 3283 Domini

274 3317 682 3390 lem.Quodque
705 3319 1049 3391 sequiturzet
1073 3318 1330 3389 pulverem
1347 3320 1535 3392 pedum
1556 3328 1759 3372 tuorum
1774 3315 1880 3372 lin-
1907 3316 1955 3380 C.
1990 3316 2195 3373 virtute
2231 3325 2520 3387 superatus
2559 3325 2665 3374 est.
2711 3316 2856 3387 Ergo
2902 3316 3165 3373 Dominus
3207 3318 3462 3386 judicans
3501 3334 3599 3376 eos

273 3414 525 3484 gent,hoc
542 3411 837 3484 signiﬁcat,
863 3411 1008 3484 quod
1034 3426 1187 3484 reges
1216 3421 1266 3468 et
1290 3411 1592 3482 principes,
1620 3408 1882 3482 quidquid

275 3506 329 3564 in
358 3507 594 3578 pedibus
620 3506 913 3578 Ecclesiae,
946 3507 1151 3563 terreni
1180 3506 1362 3577 operis
1414 3505 1729 3573 adbteserit,
1781 3518 1882 3559 suo

273 3614 532 3658 sermone
566 3606 784 3671 tergant
809 3608 973 3672 atque
1005 3598 1305 3671 delingant.
1333 3597 1487 3656 Unde
1516 3607 1575 3655 et
1602 3598 1883 3669 Apostolis

278 3694 620 3767 praecipitur,
671 3702 730 3751 ut
753 3694 1029 3751 excutiant
1079 3695 1360 3766 pulverem
1393 3691 1591 3765 pedum
1632 3705 1878 3747 suorum.

276 3787 345 3845 Et
373 3789 443 3845 ad
478 3789 702 3845 Petrum
729 3788 951 3856 dicitur,
978 3787 1120 3859 quod
1153 3788 1244 3860 qui
1271 3786 1440 3843 semel
1470 3786 1614 3841 lotus
1638 3784 1706 3840 sit
1727 3826 1742 3851 ,
1770 3800 1877 3841 non

276 3880 472 3940 habeat
508 3896 739 3939 necesse
769 3882 873 3939 nisi
921 3881 1086 3953 pedes
1129 3882 1330 3937 lavare.
1364 3878 1580 3950 (blatth.
1616 3895 1680 3947 x;
1713 3877 1876 3935 Joan.

276 3976 415 4050 xm).
446 3977 552 4034 Per
574 3992 698 4050 qua:
725 3976 906 4033 omnia
927 3975 1091 4033 discit
1127 3975 1400 4042 Ecclesia,
1429 3988 1537 4029 non
1567 3987 1690 4029 esse
1713 3974 1879 4028 alium

278 4067 566 4127 Dominum
621 4077 819 4141 praeter
863 4085 1009 4138 eum,
1058 4084 1216 4140 quem
1283 4068 1371 4140 qui
1421 4067 1875 4139 exspectaverunt,

274 4173 531 4220 teternam
556 4163 787 4236 gloriam
823 4162 1204 4233 possidebunt.

342 4256 528 4332 (Vers.
569 4256 642 4312 ‘24
678 4256 860 4330 seqq.)
894 4256 1165 4328 Numquid
1192 4256 1403 4313 tolletur
1432 4274 1463 4311 a
1494 4257 1620 4331 [orti
1651 4255 1831 4328 prteda
1854 4257 1882 4312 .9

274 4360 360 4407 aut
383 4351 527 4424 quod
554 4361 764 4422 captum
788 4351 944 4423 fuerit
969 4368 1002 4405 α
1028 4351 1259 4418 robusto,
1285 4349 1488 4406 salvum
1512 4366 1623 4406 esse
1649 4349 1878 4422 poterit?

275 4442 408 4510 Quia
454 4446 567 4499 lucc
611 4444 737 4499 dicit
781 4440 1037 4499 Dominus
1087 4460 1106 4499 :
1147 4442 1405 4512 Equidem
1440 4452 1488 4499 et
1528 4443 1805 4515 captivitas
1842 4459 1875 4497 a

275 4540 396 4608 [orti
434 4540 648 4595 tolletur
693 4555 712 4594 :
751 4546 800 4593 et
838 4539 976 4610 quod
1004 4539 1233 4595 ablatum
1264 4540 1422 4609 fuerit
1447 4555 1482 4593 a
1506 4539 1738 4604 robusto,
1767 4537 1876 4594 sal-

273 4632 492 4690 vabitur.
539 4631 644 4688 Eos
676 4648 795 4689 vero
834 4634 923 4705 qui
952 4633 1324 4708 judicaverunt
1355 4643 1425 4699 te,
1461 4650 1554 4706 ego
1570 4632 1825 4706 judicabo
1853 4648 1874 4687 :

1983 3411 2073 3482 qui
2117 3418 2504 3482 oppresserant
2545 3409 2700 3481 Sion,
2734 3410 2850 3466 sive
2873 3412 3128 3482 judicans
3154 3409 3422 3480 judicium
3451 3411 3594 3483 ejus,

1985 3507 2237 3564 liberabit
2281 3508 2424 3564 ﬁlios
2451 3507 2602 3564 illius
2634 3508 2725 3579 qui
2757 3508 2905 3578 capti
2938 3506 3151 3563 fuerant
3178 3523 3209 3562 a
3236 3509 3475 3579 gigante,
3509 3519 3595 3565 at-

1982 3616 2089 3673 que
2113 3601 2368 3669 salvabit,
2400 3610 2456 3657 et
2480 3600 2824 3657 adversarias
2851 3607 3150 3671 potestates
3175 3598 3383 3655 cibabit
3414 3601 3598 3657 carni-

1984 3697 2085 3755 bus
2124 3697 2260 3766 suis,
2308 3703 2364 3753 et
2405 3694 2697 3752 inebriabit
2739 3694 2893 3763 quasi
2923 3702 3125 3761 musto,
3159 3701 3219 3748 ut
3247 3707 3593 3764 nequaquam

1982 3791 2215 3847 aliorum
2246 3804 2402 3859 nece,
2432 3789 2529 3845 sed
2559 3804 2654 3845 sua
2684 3794 2862 3842 morte
2893 3796 3229 3842 saturentur.
3261 3784 3332 3840 Et
3350 3784 3445 3857 qui
3468 3799 3596 3841 car-

1984 3899 2081 3941 nes
2122 3893 2271 3953 sunt,
2314 3883 2441 3954 quia
2480 3883 2577 3938 Dei
2613 3880 2867 3946 spiritum
2903 3879 3285 3950 perdiderunt.
3317 3879 3435 3935 suis
3466 3894 3595 3935 ves-

1981 3985 2181 4034 cantur
2199 3975 2478 4032 carnibus.
2504 3973 2659 4043 Quod
2681 3971 2899 4042 quidem
2922 3980 2978 4027 et
3006 3971 3242 4027 Sanctus
3270 3970 3514 4041 loquitur
3536 3973 3591 4027 in

1985 4069 2215 4126 Psalmis
2243 4085 2256 4122 :
2280 4067 2411 4122 Cum
2428 4068 2905 4141 appropinquarent
2927 4064 3055 4120 mihi
3076 4066 3164 4135 qui
3189 4065 3514 4137 afﬂigebant,
3541 4075 3600 4121 ut

1981 4164 2303 4219 contederent
2334 4177 2514 4216 carnes
2542 4176 2682 4213 meas
2708 4157 2826 4229 (Ps.
2862 4174 3009 4225 xxvi,
3040 4158 3118 4229 Ξ).
3152 4157 3268 4213 Non
3296 4157 3446 4215 enim
3479 4159 3596 4230 spi-

1983 4259 2121 4314 ritus
2148 4258 2238 4328 qui
2268 4253 2624 4327 incorporalis
2652 4263 2759 4323 est,
2788 4252 2886 4310 sed
2918 4268 3050 4309 caro
3077 4251 3410 4323 comeditur,
3443 4252 3597 4310 leru-

1979 4351 2123 4407 cium
2152 4350 2446 4407 bestiarum
2470 4347 2742 4404 morsibus
2769 4355 2980 4413 patens.
3006 4345 3075 4401 Et
3098 4355 3230 4401 tunc
3251 4345 3395 4402 dicet
3422 4345 3555 4403 Sion
3579 4365 3594 4402 :

1982 4444 2149 4499 immo
2191 4440 2371 4497 omnis
2410 4456 2540 4496 caro
2560 4455 2682 4512 qua:
2732 4437 2938 4495 videbit
2977 4440 3217 4494 salutare
3268 4438 3399 4508 Dei,
3445 4437 3595 4511 quod

1984 4538 2318 4605 Redemptor
2360 4541 2522 4606 atque
2562 4532 2813 4590 Salvator
2843 4531 2967 4599 ejus
3000 4530 3095 4587 ille
3124 4532 3198 4586 sit
3227 4530 3320 4602 qui
3350 4530 3598 4588 luctatus

1980 4640 2065 4687 est
2109 4645 2232 4686 cum
2277 4626 2470 4693 Iacob,
2515 4625 2600 4682 vel
2643 4623 2946 4680 auxiliator
2988 4622 3092 4679 luit
3122 4624 3343 4681 virtutis
3373 4622 3545 4681 Iacob
3579 4643 3593 4681 :

273 4733 318 4777 et
350 4725 488 4794 ﬁlios
516 4734 633 4781 tuos
661 4741 753 4797 ego
775 4723 1011 4781 salvabo.
1042 4723 1113 4780 Et
1143 4724 1324 4780 cibabo
1352 4727 1524 4780 hostes
1549 4734 1666 4779 tuos
1701 4726 1870 4780 carni-
1900 4713 1955 4775 Β
1981 4732 2038 4781 ιιι
2083 4723 2137 4778 in
2185 4721 2439 4793 passione
2485 4715 2504 4755 ί
2547 4715 2984 4786 superelevatus,
3018 4716 3464 4789 cruciﬁgentibus
3496 4717 3597 4774 be-

274 4816 365 4873 bus
396 4819 527 4885 suis,
568 4829 619 4873 et
653 4818 802 4891 quasi
834 4827 1000 4874 musto
1029 4819 1283 4891 sanguine
1317 4834 1413 4872 suo
1437 4816 1829 4872 iuebriabuntur
1858 4833 1878 4872 :

274 4922 320 4966 et
357 4913 479 4967 sciet
524 4913 694 4968 omnis
730 4928 877 4979 caro,
925 4913 1053 4984 quia
1091 4927 1186 4983 ego
1212 4910 1467 4966 Dominus
1491 4910 1699 4965 salvans
1726 4918 1796 4977 te,
1828 4921 1879 4966 et

271 5005 565 5079 reticenptor
604 5014 723 5059 tuus
752 5005 903 5074 fortis
927 5002 1113 5059 Iacob.
1146 5002 1292 5059 LXX
1321 5022 1334 5058 :
1364 5002 1633 5076 Numquid
1659 5004 1878 5075 accipiet

272 5099 383 5168 quis
411 5117 443 5153 a
472 5100 686 5173 gigante
710 5099 925 5169 spolia?
956 5097 1019 5175 Et
1042 5098 1089 5152 si
1115 5098 1373 5169 captivum
1400 5096 1604 5151 duxerit
1628 5096 1745 5168 quis
1771 5097 1881 5149 ini-

271 5208 386 5262 que,
424 5192 732 5248 salvabitur.
765 5192 857 5249 Sic
883 5192 1013 5248 dicit
1044 5189 1299 5248 Dominus
1320 5206 1339 5245 :
1361 5189 1423 5246 Si
1441 5191 1558 5262 quis
1575 5191 1764 5261 ceperit
1786 5192 1871 5261 gi-

272 5298 498 5357 gantem.
526 5289 744 5359 accipiet
769 5289 962 5357 spolia,
990 5297 1038 5344 et
1063 5288 1324 5360 accipiens
1353 5304 1386 5341 a
1414 5288 1539 5359 [orti
1562 5285 1867 5344 salvabitur.

272 5382 386 5458 Ego
435 5392 612 5441 autem
644 5384 913 5460 judicium
957 5400 1129 5440 meum
1157 5383 1429 5460 judicabo.
1480 5381 1548 5436 Et
1591 5398 1684 5454 ego
1731 5383 1868 5454 ﬁlios

343 5557 369 5586 "
396 5550 573 5619 Antea
615 5556 875 5619 corrupte
922 5555 1072 5612 erat,
1120 5564 1155 5602 a
1181 5544 1294 5603 Deo
1322 5554 1413 5602 tuo
1443 5558 1542 5617 pro
1582 5552 1675 5599 tu:
1721 5542 1866 5615 quod

276 5635 404 5676 mss.
436 5618 733 5686 pra-lerunt
764 5618 819 5676 et
845 5619 1074 5676 Graecus
1103 5627 1304 5675 textus.

339 5692 370 5732 δ
401 5691 557 5751 Unus
581 5691 950 5759 AmbrOsian.,
981 5691 1247 5759 intrabunt
1276 5705 1373 5756 pro
1405 5688 1722 5743 adorabunt.

280 5802 297 5833 ,ί
343 5775 370 5817 ε
401 5763 553 5820 Idem
580 5765 828 5833 pressius
856 5754 1070 5829 Cresco,
1102 5754 1396 5819 adorabunt
1420 5777 1537 5817 eum
1564 5760 1639 5816 vir
1663 5760 1729 5817 de
1758 5760 1870 5817 loco

276 5832 393 5907 s'uo,
421 5832 620 5907 omnes,
650 5845 757 5907 etc.
844 5882 845 5885 η
913 5903 917 5907 _
1006 5900 1039 5907 μ
1139 5880 1177 5907 ,.

836 5882 960 5960 eum
999 5882 1220 5971 (ιι-τρὲὸ.
1262 5916 1309 5961 et
1337 5908 1550 5973 adiutor
1579 5916 1694 5960 sunt
1723 5882 1874 5976 {orli-

1981 4815 2259 4873 nediceret
2290 4830 2305 4866 :
2338 4810 2517 4875 Pater,
2550 4811 2759 4884 ignosce
2786 4809 2859 4864 eis
2891 4823 2910 4864 :
2937 4809 3076 4880 quod
3107 4810 3243 4865 enim
3275 4810 3477 4882 faciunt
3497 4826 3592 4864 nes

1980 4910 2152 4964 sciunt
2181 4907 2339 4980 (Luc.
2375 4919 2528 4971 χχιιι,
2562 4902 2681 4973 54).

2053 5003 2215 5078 575
2254 4999 2410 5075 (Cap.
2452 5000 2515 5055 L.
2545 5028 2613 5040 —
2639 4997 2801 5054 Vcrs.
2835 4999 2916 5064 l.)
2949 4997 3081 5055 Htec
3121 4999 3248 5053 dicit
3288 4997 3546 5053 Dominus
3573 5013 3593 5054 :

1983 5097 2112 5166 Quis
2154 5105 2228 5151 est
2273 5094 2357 5147 hic
2394 5092 2522 5148 liber
2560 5092 2761 5166 repudii
2802 5091 2984 5147 matris
3029 5101 3240 5158 vestrte,
3282 5105 3384 5160 quo
3414 5089 3596 5143 dimisi

1979 5191 2130 5246 eam?
2178 5191 2282 5243 Aut
2329 5188 2446 5260 quis
2497 5196 2571 5241 est
2620 5184 2842 5242 creditor
2882 5200 3046 5251 meus,
3094 5184 3178 5238 cui
3218 5180 3431 5236 vendidi
3466 5181 3594 5235 vos?

1984 5284 2118 5341 Ecce
2156 5286 2210 5340 in
2250 5283 2605 5355 iniquitatibus
2645 5282 2825 5336 vestris
2863 5278 3053 5334 renditi
3091 5276 3238 5341 estis,
3269 5285 3318 5328 et
3346 5274 3402 5328 in
3433 5275 3595 5329 scele-

1980 5382 2125 5438 ribus
2156 5380 2335 5437 vestris
2360 5378 2534 5434 dimisi
2561 5386 2776 5431 matrem
2805 5383 3046 5429 vestram.
3082 5368 3220 5437 Quia
3248 5368 3385 5435 veni,
3414 5375 3462 5423 et
3487 5382 3595 5422 non

1977 5542 2340 5680 tuiulll'epottit
2367 5608 2637 5668 Victorius
2658 5605 2829 5678 spolia
2859 5617 2956 5675 pro
2981 5599 3184 5671 familia
3210 5614 3277 5656 ex
3306 5615 3441 5659 mss.
3473 5603 3592 5663 suis

1977 5684 2404 5758 exemplaribus.
2508 5752 2556 5758 __
2929 5745 2942 5758 ,
3028 5741 3045 5758 ,
3099 5741 3136 5758 Α,

2055 5755 2075 5796 ί
2116 5741 2347 5822 Meliori,
2381 5764 2439 5809 ut
2471 5752 2706 5817 videtur,
2734 5760 2896 5803 sensu
2929 5745 2984 5801 in
3014 5741 3404 5816 Ambrosiauo,
3433 5763 3590 5822 supe-

1979 5837 2121 5884 ratus
2152 5844 2248 5902 pro
2275 5823 2678 5899 superelevatus.
