4004 6826
483 357 590 413 473

482 484 591 529 er.:t
636 475 710 529 vir
752 490 770 528 :

484 568 611 623 dicit
647 567 896 622 Dominus
931 589 942 623 :
979 568 1164 639 Qualis
1194 581 1267 626 est
1301 572 1432 625 liber
1450 573 1654 639 repudii
1678 573 1860 627 matris
1882 581 2085 641 vestrm,

464 650 584 731 .quo
618 661 793 715 dimisi
822 664 970 717 eam?
1000 667 1101 716 Aut
1128 665 1213 718 cui
1241 664 1484 719 creditori
1506 675 1551 718 et
1577 666 1805 720 exactori
1833 681 1941 719 meo
1964 681 2087 719 ren-

483 754 596 807 didi
617 755 745 808 vos?
770 753 906 809 Ecce
924 760 1151 827 peccatis
1173 758 1349 813 vestris
1381 762 1663 813 venundati
1682 761 1824 824 estis,
1851 770 1894 813 et
1916 760 1971 814 in
1990 760 2092 814 ini-

476 847 759 919 quitatibus
783 851 962 903 vestris
994 849 1171 904 dimisi
1204 864 1418 907 matrem
1460 861 1699 918 vestram,
1737 853 1858 921 quia
1886 854 2019 929 veni,
2043 862 2092 929 et

486 954 588 993 non
620 950 729 995 erat
755 939 908 995 homo
940 959 958 997 :
988 945 1184 1013 vocavi,
1218 953 1264 998 et
1296 962 1398 999 non
1430 955 1537 999 erat
1568 947 1657 1014 qui
1686 946 1932 1003 obcdiret.
1960 946 2093 1003 Post

480 1034 829 1091 vocatiunem
859 1038 1124 1108 gentium.
1158 1049 1213 1094 et
1236 1055 1391 1111 reges
1413 1056 1477 1095 ac
1501 1040 1803 1109 principes,
1830 1040 2093 1098 nutricius

484 1136 539 1182 et
583 1129 842 1197 nutrices,
887 1142 937 1184 et
982 1131 1353 1201 captivitatem
1402 1132 1560 1189 furtis
1609 1134 1759 1203 prius
1804 1143 1969 1203 atque
2000 1149 2089 1189 ro~

489 1219 661 1285 busti,
707 1226 864 1288 cujus
913 1224 1093 1292 praeda
1128 1224 1405 1293 Apostolis
1434 1224 1725 1281 distributa
1753 1236 1856 1295 est,
1890 1238 1943 1283 et
1977 1235 2099 1296 post

491 1312 803 1368 dmutanum
834 1316 1135 1385 vesaniam,
1165 1320 1257 1387 qui
1285 1318 1396 1373 suis
1422 1320 1649 1373 saturali
1681 1319 1955 1388 carnibus,
1979 1334 2099 1376 suo-

484 1424 593 1478 que
636 1410 888 1465 inebriali
934 1422 1059 1465 sunt
1098 1414 1364 1483 sanguine
1398 1432 1410 1467 τ
1445 1415 1661 1485 quando
1693 1416 1869 1470 omnis
1899 1430 2098 1486 cogno-

490 1499 569 1554 vit
616 1516 768 1571 caro,
812 1505 956 1573 quod
988 1503 1330 1573 Redemptor
1361 1516 1415 1562 et
1448 1509 1601 1563 tortis
1634 1510 1750 1579 ipse
1780 1518 1926 1565 esset
1957 1510 2101 1585 Dens

493 1590 686 1661 Jacob,
733 1594 972 1664 loquitur
1014 1596 1080 1651 ad
1117 1598 1370 1668 populum
1403 1599 1713 1656 Judteorum
1747 1617 1912 1672 super
1941 1602 2097 1671 Sim,

493 1699 617 1756 quin
661 1686 813 1755 prius
857 1687 1074 1745 dixerat
1114 1708 1127 1745 :
1170 1689 1459 1760 Dereliquit
1504 1711 1583 1747 me
1610 1691 1889 1761 Dominus,
1916 1704 1964 1749 et
1996 1695 2101 1750 Do-

494 1778 667 1833 minus
707 1780 896 1835 oblitus
936 1793 1012 1837 est
1051 1785 1170 1840 utei.
1203 1784 1423 1841 Putatis
1469 1804 1590 1843 mea
1638 1788 1833 1844 duritia
1872 1800 2099 1846 matrem

1739 360 1796 439 s.
1841 359 2112 445 eusser!
2149 361 2530 451 utseouvut

810 475 1013 544 vocavi,
1046 484 1095 529 et
1123 492 1223 530 non
1256 486 1362 530 erat
1390 477 1479 545 qui
1507 478 1731 532 audiret.
1765 478 1906 533 LXX
1940 495 1953 530 :
1990 477 2081 533 Sic
2108 489 2162 548 Α
2186 494 2422 563 sancmm
2461 483 2594 559 detis
2633 483 2848 537 canibus
2897 481 3112 554 (Matth.
3142 498 3246 563 vn,
3291 483 3377 555 ϐ).
3427 486 3485 541 Et
3533 488 3579 543 in
3607 505 3727 546 cum-

3638 374 3724 443 in;

2192 573 2340 627 muni
2371 560 2438 630 de
2465 577 2722 631 omnibus
2754 592 2767 629 :
2806 574 2955 657 Visio
2989 560 3378 653 quadrupedum
3420 596 3524 649 qua:
3548 592 3669 637 erant
3686 587 3726 640 in

2190 668 2394 722 deserto
2422 665 2559 740 (Isa.
2608 672 2739 741 xxx)
2795 669 2951 724 Venit
3011 670 3192 741 itaque
3244 670 3519 738 [)uuiinus,
3563 687 3610 730 et
3644 694 3727 734 non

2192 759 2400 816 invenit
2441 760 2740 816 hominem.
2791 760 2963 816 Homo
2991 762 3125 817 enim
3153 778 3267 815 cum
3320 764 3371 817 in
3399 765 3575 831 honore
3599 780 3728 838 esset,

2192 867 2296 904 non
2324 850 2579 907 intellexit
2612 870 2630 908 :
2661 864 2987 926 comparatus
3012 865 3087 908 est
3104 856 3353 928 jnmentis
3383 846 3729 931 insipientibus,

2194 954 2243 998 et
2272 946 2458 999 similis
2486 949 2655 1027 factus
2701 947 2886 1027 esteis
2924 944 3099 1018 (Psal.
3148 963 3340 1015 sum,
3385 951 3491 1023 15).
3534 952 3732 1019 vacavi,

2196 1037 2390 1107 inquit,
2427 1016 2521 1093 eos
2549 1016 2703 1109 quasi
2729 1018 2996 1094 rationale
3022 1038 3240 1102 animal,
3265 1053 3316 1095 et
3344 1044 3449 1097 dixi
3477 1063 3486 1094 ;
3520 1044 3737 1103 luclinate

2195 1142 2381 1183 aurem
2410 1139 2645 1184 vestram
2689 1132 2741 1184 in
2768 1131 2932 1186 verba
2977 1131 3092 1186 oris
3135 1133 3240 1186 mei
3274 1131 3438 1204 (Psal.
3466 1139 3663 1206 Lxxvu),
3696 1146 3738 1194 et

2199 1236 2306 1277 non
2350 1222 2557 1280 audivit
2598 1225 2830 1297 populus
2876 1240 3029 1280 meus
3061 1238 3249 1278 vocem
3280 1241 3468 1284 meam.
3517 1228 3736 1296 Clamavi,

2199 1324 2253 1370 et
2293 1314 2450 1371 dixi:
2480 1316 2581 1384 Qui
2614 1317 2758 1379 sitit..
2784 1317 2950 1372 veniat
2988 1316 3056 1370 ad
3096 1332 3195 1385 me,
3238 1326 3285 1371 et
3329 1318 3461 1372 bibat
3481 1318 3638 1397 (loan.
3666 1337 3736 1385 vn,

2201 1406 2315 1479 57).
2360 1408 2428 1464 Et
2457 1409 2566 1463 alio
2607 1409 2730 1464 loco
2769 1428 2783 1463 :
2833 1407 3017 1463 Venite
3051 1408 3119 1462 ad
3168 1425 3247 1463 me
3272 1452 3287 1476 ,
3331 1428 3496 1467 omnes
3520 1414 3597 1485 qui
3629 1413 3740 1468 labo-

2201 1501 2329 1554 ratis
2370 1512 2417 1555 et
2446 1502 2647 1555 onerati
2675 1503 2797 1555 estis
2840 1499 3058 1573 (Matth.
3087 1515 3159 1561 ιι,
3192 1499 3311 1574 28).
3347 1504 3407 1558 Et
3436 1521 3531 1557 non
3560 1515 3652 1559 erat
3675 1507 3743 1574 qui

2203 1594 2446 1661 audiret;
2487 1595 2631 1651 unde
2660 1595 2818 1650 eisin
2851 1594 3144 1665 Evangelia
3173 1608 3296 1650 sum
3331 1598 3571 1653 loeutus:
3598 1596 3741 1675 Neque

2203 1689 2421 1761 speciem
2463 1686 2562 1743 Dei
2600 1689 2819 1758 vidistis,
2851 1706 3013 1757 neque
3038 1708 3205 1747 vocem
3234 1690 3379 1746 illius
3405 1690 3624 1755 audistis,
3650 1691 3743 1761 quia

2204 1798 2310 1836 non
2333 1781 2528 1837 habetis
2553 1798 2835 1837 sermonem
2856 1786 2970 1857 ejus
2992 1796 3283 1840 manentem
3308 1786 3362 1839 in
3382 1784 3512 1838 vobis
3529 1780 3679 1855 (Joan.
3703 1797 3742 1838 ν.

495 1882 737 1927 vestram
764 1884 1036 1930 terrenam
1062 1877 1367 1935 Jerusalem
1395 1895 1518 1936 esse
1542 1882 1864 1952 projectam.
1887 1892 1942 1938 et
1959 1885 2100 1957 quod
2138 1888 2183 1946 Β
2210 1877 2300 1942 37.
2329 1875 2446 1949 38).

498 1978 601 2034 ego
623 1966 823 2021 utentis
843 1967 1027 2039 rigida-
1050 1969 1296 2026 dederim
1319 1975 1368 2027 ei
1395 1974 1639 2029 libellum
1665 1976 1902 2045 repudii,
1926 1987 2108 2035 etnon

494 2055 699 2127 potius,
718 2060 860 2129 quod
888 2050 1078 2115 verum
1096 2071 1201 2129 est,
1230 2064 1555 2136 intellegitis,
1576 2067 1722 2121 illam
1747 2083 1848 2124 suo
1869 2085 1896 2123 a
1922 2086 2008 2126 me
2028 2070 2078 2126 vi
2094 2102 2107 2111 -

504 2150 583 2205 tio
629 2154 966 2210 τρωθεὶςευῖ
1001 2156 1223 2212 Dicente
1251 2158 1398 2213 cnim
1433 2175 1519 2214 me
1550 2160 1617 2215 ad
1651 2177 1768 2216 eam
1808 2181 1821 2216 :
1855 2163 2112 2231 Quiescite

499 2244 681 2309 inique
725 2263 899 2319 agere.
947 2248 1141 2304 discite
1182 2250 1381 2305 bonmn
1428 2252 1630 2323 facere,
1671 2255 1859 2310 audire
1902 2274 1987 2313 me
2017 2276 2113 2313 nu-

497 2337 630 2403 luit;
679 2342 775 2394 sed
821 2343 983 2397 vertit
1025 2353 1216 2399 centra
1265 2362 1350 2401 me
1390 2349 1666 2418 scapulam
1710 2351 2056 2407 recedentem
2095 2371 2107 2409 :

503 2429 662 2488 Unde
703 2432 916 2490 locutus
945 2452 1064 2492 sum
1097 2437 1222 2492 ﬁliis
1251 2443 1368 2507 eius
1402 2460 1414 2494 :
1451 2440 1542 2496 Va:
1572 2441 1703 2510 illis,
1738 2445 1992 2512 quoniam
2028 2460 2108 2500 re-

510 2522 800 2582 cesserunt
842 2542 873 2582 a
918 2545 1025 2584 me.
1075 2529 1344 2586 Manifesti
1391 2543 1517 2588 sunt
1562 2536 1652 2604 qui
1687 2535 1854 2606 impie
1880 2547 2113 2608 egerunt

509 2621 566 2677 in
615 2637 720 2677 me.
774 2623 836 2677 Et
881 2623 950 2678 ad
986 2627 1179 2694 ipsam,
1229 2626 1456 2682 Erudiet
1502 2638 1553 2684 te
1595 2631 1876 2687 abscessio
1913 2644 2024 2701 tua,
2057 2640 2115 2689 et

506 2715 719 2770 inalitia
769 2726 855 2771 tua
896 2718 1157 2789 corripiet
1202 2728 1289 2786 te;
1332 2731 1387 2775 et
1428 2722 1571 2776 scies
1609 2723 1866 2794 quoniam
1912 2726 2110 2781 malum

502 2808 602 2863 tibi
635 2810 706 2864 sit
733 2810 881 2880 quod
914 2811 1203 2881 reliqueris
1232 2828 1338 2868 me.
1370 2812 1477 2868 Sed
1500 2816 1726 2870 forsitan
1755 2817 1997 2873 libellum
2027 2834 2114 2874 re-

503 2903 653 2974 pudii
700 2904 995 2961 ostendere
1048 2922 1153 2961 non
1210 2909 1475 2978 potestis,
1534 2920 1587 2966 et
1632 2911 1827 2982 aliquis
1869 2913 2113 2969 creditor

507 3013 661 3053 mens
689 3000 915 3069 exigens
944 3002 1252 3071 pecuniam,
1286 3019 1370 3058 me
1401 2998 1507 3059 non
1541 3004 1779 3060 habente
1807 3005 1951 3077 quod
1984 3007 2110 3062 red-

507 3089 720 3161 derem,
757 3107 852 3147 vos
885 3095 936 3147 in
967 3093 1135 3149 debiti
1162 3099 1667 3167 compensationem
1699 3100 1960 3171 suscipit?
1989 3100 2106 3160 Non

503 3191 591 3239 est
632 3184 704 3240 ita
752 3203 765 3239 :
807 3186 902 3241 sed
931 3202 1032 3257 ego
1072 3189 1351 3245 Ostendam
1397 3192 1571 3262 vobis,
1606 3197 1962 3275 quamobrem
1994 3214 2108 3253 ma-

2287 1968 2469 2041 (Vers.
2514 1968 2596 2038 2.)
2630 1968 2898 2043 Numquid
2935 1971 3227 2027 abbreviata
3265 1981 3358 2039 est,
3398 1979 3445 2025 et
3470 1970 3659 2040 parvula
3679 1969 3740 2036 (a-

2212 2072 2293 2116 cta
2332 2072 2404 2117 est
2435 2078 2619 2117 manus
2645 2080 2777 2133 mea,
2810 2074 2866 2117 ut
2898 2082 2997 2120 non
3029 2068 3188 2135 possit
3214 2063 3398 2138 [Vulg.
3427 2062 3620 2136 possint]
3640 2062 3747 2116 redi-

2214 2158 2390 2210 mere?
2426 2155 2528 2210 Aut
2574 2174 2675 2211 non
2702 2166 2778 2212 est
2801 2158 2855 2211 in
2885 2176 2964 2213 me
2989 2159 3150 2213 virtus
3175 2159 3246 2213 ad
3275 2158 3621 2214 liberandum?
3648 2154 3750 2211 Ecce

2212 2250 2265 2306 in
2290 2252 2642 2325 increpatione
2667 2268 2780 2307 mea
2802 2254 3056 2308 desertum
3085 2255 3274 2325 faciam
3302 2269 3462 2320 mare,
3493 2268 3656 2323 ponam
3673 2252 3749 2316 ﬂu-

2212 2346 2354 2398 mina
2394 2345 2446 2399 in
2476 2324 2665 2400 siccam
2701 2361 2719 2400 :
2747 2355 3152 2412 computrescent
3182 2348 3345 2419 pisces
3376 2346 3483 2400 sine
3509 2361 3644 2415 aqua,
3670 2358 3753 2396 uto-

2211 2440 2411 2493 rientur
2448 2440 2501 2493 in
2541 2439 2647 2493 siti.
2694 2437 2919 2493 Induam
2950 2441 3102 2494 ctelos
3132 2438 3373 2507 tenebris,
3407 2447 3453 2491 et
3479 2452 3658 2491 saccum
3683 2449 3751 2502 po-

2213 2545 2332 2581 nam
2378 2530 2746 2600 aperimentum
2790 2546 2986 2584 eorum.
3034 2529 3176 2585 LXX
3222 2548 3236 2586 :
3283 2529 3542 2597 Numquid
3577 2544 3662 2582 non
3685 2543 3754 2597 po-

2212 2630 2306 2675 test
2347 2638 2528 2676 manus
2570 2639 2682 2676 mea
2723 2622 2957 2692 liberare,
2988 2632 3079 2677 aut
3120 2641 3224 2678 non
3258 2623 3495 2693 prtevalet
3526 2631 3575 2677 ut
3607 2621 3758 2676 eruet!

2218 2717 2351 2770 Ecce
2386 2718 2785 2771 comminatione
2834 2734 2945 2771 mea
2990 2717 3253 2772 desertum
3293 2717 3481 2788 faciam
3527 2730 3680 2779 mare,
3720 2721 3755 2766 et

2217 2824 2403 2878 ponam
2445 2809 2661 2879 ﬂumina
2705 2811 2926 2876 deserta,
2959 2818 3009 2863 et
3036 2819 3272 2864 arescent
3306 2811 3466 2882 pisces
3494 2824 3647 2862 eorum
3674 2821 3689 2858 :
3712 2819 3755 2858 eo

2213 2905 2351 2975 quod
2390 2920 2493 2957 non
2537 2905 2601 2957 sit
2639 2922 2792 2976 aqua,
2833 2914 2882 2958 et
2922 2906 3207 2960 morientur
3247 2908 3303 2959 in
3342 2906 3445 2959 siti.
3493 2904 3551 2957 Et
3584 2902 3752 2956 induam

2217 2997 2396 3051 caelum
2426 2997 2662 3065 tenebris,
2695 3005 2742 3051 et
2771 2999 2921 3067 quasi
2958 2999 3184 3053 cilicium
3214 3016 3408 3070 ponant
3438 2998 3750 3068 cperimenttm

2216 3094 2347 3164 ejus.
2385 3092 2680 3147 Adversum
2714 3107 2810 3147 eos
2838 3092 2929 3161 qui
2964 3094 3226 3162 putabant
3265 3092 3544 3147 Dominum
3573 3104 3661 3144 non
3690 3100 3761 3157 po-

2219 3185 2387 3239 tuisse
2425 3184 2658 3240 liberare
2701 3184 2960 3255 populum
3003 3199 3158 3239 suum
3190 3184 3264 3240 de
3291 3185 3608 3254 captivitate,
3639 3179 3757 3251 ponit

506 3290 648 3334 trem
693 3295 818 3335 cum
855 3280 980 3337 ﬁliis
1015 3282 1426 3355 deri-liquerim.
1473 3287 1691 3343 scelera
1732 3270 1907 3346 ί-θειη,
1943 3306 2107 3365 mque
2135 3283 2181 3347 ρ
2217 3276 2474 3332 rationem
2504 3284 2559 3330 «ιι
2586 3277 2829 3347 exenipln
2869 3276 3204 3346 plenissima.
3236 3274 3393 3344 Quod
3424 3275 3514 3346 qui
3537 3269 3761 3328 ruat-elin-

510 3381 733 3440 peceatu
780 3388 878 3428 V08
921 3374 1263 3431 daemonibus
1308 3380 1695 3451 vendiderunt,
1739 3393 1799 3438 ut
1832 3388 2114 3452 prusentis

506 3467 695 3521 szccnli
731 3468 1102 3536 voluptatibus
1133 3471 1349 3529 irretiti.
1386 3483 1442 3528 et
1471 3490 1564 3529 vos
1599 3489 1906 3545 parentem,
1939 3490 1993 3534 et
2023 3480 2113 3535 illa

507 3560 794 3631 conjugem
845 3564 1272 3636 derelinqueret.
1326 3566 1478 3625 Unde
1524 3571 1835 3626 adulti-ram
1884 3585 2113 3630 matrem

508 3666 744 3708 vestruu
786 3656 922 3710 ttlll'.l
962 3666 1148 3714 tenere
1181 3675 1286 3715 non
1322 3662 1494 3730 potui,
1529 3663 1622 3719 sed
1658 3665 1932 3721 volentem
1964 3667 2117 3722 abire

507 3747 751 3817 permi~i.
789 3748 943 3817 Quod
992 3763 1171 3806 .uttem
1208 3759 1446 3824 peccatis
1475 3758 1589 3812 suis
1621 3762 1998 3830 unusquiSque
2027 3776 2119 3816 ve-

508 3842 803 3912 nundatur,
834 3842 963 3898 dum
993 3847 1215 3915 proprio
1242 3848 1477 3903 arbitrio
1508 3850 1777 3915 derelicti.
1808 3861 1992 3909 nostra
2023 3869 2120 3909 vo-

509 3934 745 4004 luntate,
796 3938 880 3993 vel
926 3940 993 3993 ad
1040 3940 1268 4007 bonum,
1315 3944 1399 3998 vel
1432 3943 1499 3999 ad
1528 3944 1727 4000 malum
1757 3946 2030 4011 ducimur,
2064 3956 2121 4004 et

514 4027 712 4085 Paulus
763 4033 1047 4101 apostolus
1091 4034 1254 4091 docet
1295 4054 1308 4091 :
1353 4035 1469 4112 Ego
1497 4048 1669 4094 autem
1701 4039 1865 4114 576
1892 4042 2122 4097 carnalis

509 4138 660 4191 sum,
709 4127 1034 4182 venundatus
1081 4129 1173 4184 sub
1218 4142 1428 4199 peccato
1474 4132 1651 4202 (Rom.
1705 4120 1829 4201 vu,’
1863 4133 1972 4204 lt).
2018 4134 2123 4200 Qui

513 4216 659 4271 enim
701 4217 829 4287 facit
867 4230 1151 4291 peccatum,
1192 4240 1369 4278 servus
1405 4234 1478 4280 est
1520 4227 1717 4297 peccati
1753 4224 1935 4298 (Joan.
1980 4228 2119 4299 vut).

513 4307 585 4363 Et
629 4312 904 4380 quomodo
948 4314 1096 4369 πνειτί
1137 4324 1299 4385 atque
1340 4328 1586 4387 raptores
1609 4320 1754 4374 servi
1787 4330 1913 4374 sunt
1945 4335 2119 4375 mam~

514 4416 730 4466 nmine;
760 4403 842 4458 sic
869 4420 1033 4461 omne
1063 4420 1348 4477 peccatum
1378 4410 1693 4465 dominatur
1722 4412 2118 4481 peccatoribus.

515 4494 727 4564 Quibus
758 4497 960 4553 dicitur
996 4516 1009 4552 :
1043 4499 1167 4554 Non
1197 4512 1371 4574 regnet
1401 4512 1664 4574 peccatum
1691 4505 1746 4558 in
1777 4505 1986 4559 mortali
2013 4522 2123 4559 ves-

514 4598 598 4643 tro
639 4606 853 4659 corpore
890 4592 1067 4664 (Rom.
1115 4610 1189 4662 Vl,
1241 4594 1355 4668 12).
1398 4595 1467 4652 Ut
1498 4608 1680 4652 autem
1713 4598 1919 4668 sciatis,
1955 4616 2060 4655 nun
2090 4615 2142 4659 a.

2219 3371 2371 3424 brum
2416 3369 2541 3425 fecit
2583 3372 2824 3439 pervium
2869 3371 3068 3440 populo
3101 3386 3202 3426 suo
3232 3370 3430 3442 (Exod.
3463 3372 3585 3441 xlv),
3611 3366 3763 3423 Jortin-

2219 3462 2304 3517 nis
2329 3461 2489 3535 577
2519 3462 2716 3516 ﬂuenta
2749 3463 2991 3528 siCCavit,
3020 3475 3073 3518 et
3105 3465 3483 3519 arescentibus
3507 3464 3554 3517 in
3577 3460 3762 3531 dixit)”

2218 3559 2415 3622 ﬂuviis.
2458 3562 2636 3630 pisces
2676 3560 2837 3615 vertit
2881 3561 2931 3615 in
2973 3560 3329 3632 putredinem
3364 3559 3553 3633 (Exod.
3590 3555 3689 3626 vn).
3713 3552 3764 3609 Et

2218 3654 2307 3725 qui
2345 3652 2517 3708 tribus
2548 3652 2739 3707 diebus
2767 3656 2816 3708 in
2849 3652 3086 3725 Egyptu
3115 3655 3376 3710 tenebras
3406 3652 3526 3709 fecit
3551 3667 3656 3706 esse
3681 3646 3766 3715 pal-

2223 3747 2445 3816 pabiles,
2479 3746 2549 3800 ita
2581 3756 2638 3801 nt
2664 3746 2863 3802 etnlum
2887 3747 3039 3817 quasi
3073 3762 3239 3803 sacco
3262 3758 3511 3817 opertum
3540 3744 3767 3800 videretur

2222 3850 2276 3893 et
2316 3838 2554 3894 tenebris
2597 3857 2609 3892 :
2654 3841 2843 3909 utique
2889 3839 3128 3908 potuerit
3171 3849 3227 3894 et
3274 3839 3525 3910 populum
3563 3851 3696 3891 suum
3714 3832 3766 3887 de

2222 3931 2464 4001 periculo
2496 3933 2743 3987 liberare.
2777 3931 2901 3988 Sive
2932 3934 3057 4003 quia
3089 3935 3258 4003 supra
3291 3934 3501 3987 dixerat
3532 3948 3545 3985 :
3584 3926 3708 3986 Veni.
3733 3932 3767 3977 st

2222 4042 2325 4078 non
2361 4034 2470 4079 erat
2508 4027 2659 4080 homo
2688 4042 2706 4080 :
2737 4025 2931 4093 vocavi,
2965 4036 3009 4080 et
3040 4041 3143 4079 non
3171 4038 3285 4080 erat
3315 4026 3404 4096 qui
3430 4024 3638 4088 audiret,
3665 4013 3766 4077 illud

2223 4133 2513 4190 possumus
2553 4119 2759 4186 dicere,
2800 4119 2941 4191 quod
2974 4119 3063 4186 qui
3101 4128 3380 4175 tantorum
3412 4122 3671 4189 signorum
3698 4124 3769 4181 pa-

2224 4223 2397 4271 trator
2441 4225 2547 4281 est,
2590 4225 2643 4269 et
2685 4214 2882 4269 co-lum
2926 4222 3233 4284 terrasque,
3282 4224 3338 4270 et
3370 4213 3532 4269 maria
3561 4224 3649 4266 suo
3674 4203 3771 4261 facit

2225 4308 2433 4364 servire
2481 4309 2649 4367 nutni.
2697 4308 2860 4364 etiam
2906 4311 3020 4379 ipse
3046 4323 3270 4365 erucem
3299 4308 3531 4365 evadere
3560 4298 3769 4375 potuerit.

2225 4404 2415 4460 dicens
2453 4404 2502 4458 in
2548 4404 2841 4475 Evangelio
2882 4422 2895 4459 :
2937 4404 3017 4459 An
3065 4414 3092 4443 λ
3120 4406 3317 4475 putatis
3346 4404 3468 4475 quia
3494 4418 3588 4458 non
3611 4404 3771 4472 possit!

2223 4515 2410 4572 rogare
2455 4496 2665 4552 Patrem
2709 4515 2897 4565 meum,
2943 4508 2999 4553 ut
3042 4497 3303 4553 exhiberet
3347 4497 3472 4551 mihi
3508 4494 3644 4548 modo
3665 4488 3770 4556 plut-

2227 4606 2380 4655 quam
2407 4590 2679 4645 duodecim
2704 4589 2930 4663 legiones
2953 4588 3271 4661 Angelorum
3293 4587 3510 4665 (Matth.
3530 4599 3661 4645 xm,
3681 4574 3774 4647 55)?

517 4698 605 4737 me
631 4684 969 4751 repudiatam
999 4697 1230 4743 matrem
1262 4674 1533 4756 vestram;
1562 4689 1658 4745 sed
1687 4690 1972 4747 voluntate
2001 4707 2111 4761 pro-

2226 4683 2386 4741 Juxta
2418 4698 2718 4755 anugogcn,
2755 4683 2820 4738 ad
2850 4683 3287 4749 increpatinuem
3314 4682 3527 4738 Domini
3548 4678 3772 4734 desertum

519 4774 635 4843 prin
671 4777 987 4847 recessisse,
1022 4792 1146 4850 post
1175 4781 1340 4836 multa
1374 4782 1639 4838 beneﬁcia
1674 4782 1972 4839 humanum
2002 4799 2124 4839 cor-

520 4881 623 4938 pus
674 4871 965 4939 assumpsi,
1014 4882 1068 4926 et
1122 4889 1462 4945 nequaquam
1519 4892 1614 4945 per
1659 4876 1983 4947 Prophetas,
2025 4877 2121 4932 sed

524 4975 765 5029 prmsrns
817 4962 1030 5019 loeutus
1076 4981 1216 5020 sum.
1272 4967 1424 5031 Veni.
1473 4979 1522 5024 et
1570 4987 1672 5024 non
1717 4980 1827 5025 erat
1864 4970 1960 5036 vir,
2008 4970 2126 5027 sive

520 5051 693 5107 homo.
728 5054 931 5110 Omnes
967 5056 1112 5112 enim
1146 5058 1247 5114 viri
1276 5070 1331 5114 et
1362 5061 1600 5117 hominis
1630 5063 1924 5135 imaginem
1956 5065 2124 5120 relin-

518 5161 771 5217 quentes,
792 5148 1092 5207 bestiarum
1104 5162 1158 5207 et
1173 5158 1509 5223 serpentium
1534 5173 1819 5226 sumpsere
1836 5159 2119 5230 imagines.

520 5239 677 5296 Unde
708 5232 771 5296 et,
798 5242 864 5296 ad
897 5243 1167 5300 Herodem
1199 5257 1421 5317 propter
1448 5252 1710 5306 malitiam
1743 5252 1946 5308 dicitur
1975 5270 1989 5307 :
2018 5252 2117 5320 Ite,

514 5344 560 5388 et
589 5336 744 5390 dicite
776 5337 913 5406 ιωρί
939 5335 1065 5392 huic
1096 5340 1249 5410 (an.
1280 5358 1398 5406 xm,
1421 5343 1541 5413 δέ).
1577 5344 1639 5397 Et
1673 5344 1738 5399 ad
1774 5343 2077 5400 l’bariszens
2112 5361 2126 5399 :

519 5426 797 5484 Genimiua
829 5431 1121 5501 viperarum
1174 5432 1391 5505 (Matth.
1426 5452 1589 5501 uin,
1633 5436 1747 5510 35).
1794 5438 1860 5492 Et
1902 5437 1967 5491 ad
2002 5437 2129 5492 libi-

519 5518 753 5577 dinosos
781 5540 793 5577 :
821 5523 958 5595 Equi
979 5525 1359 5581 insanientesin
1381 5527 1600 5597 feminas
1621 5529 1747 5598 [acti
1768 5540 1886 5584 sunt
1906 5528 2127 5601 (Jerem.

520 5630 584 5683 ν,
632 5614 727 5687 8).
770 5617 836 5681 Et
875 5617 943 5673 de
988 5618 1335 5689 Vultlplttttsis
1388 5638 1400 5675 :
1451 5620 1630 5677 Nolite
1678 5623 1880 5679 mittere
1918 5639 2127 5696 marga-

516 5709 650 5763 ritas
692 5721 884 5766 vestras
924 5722 1043 5767 ante
1086 5730 1286 5785 porcos.
1337 5714 1403 5769 Et
1448 5716 1857 5787 impudentibus
1897 5718 2130 5791 :Ncqttc

2229 4779 2287 4832 lit
2328 4794 2496 4843 mare,
2530 4775 2748 4848 quando
2774 4778 2951 4831 omnis
2977 4775 3142 4847 hujus
3169 4778 3359 4832 εῖναιιί
3394 4770 3678 4830 atuaritndo
3698 4764 3772 4821 sieo

2225 4879 2400 4935 catur,
2443 4877 2499 4923 et
2540 4869 2761 4924 ﬁumina
2804 4869 3146 4936 desolatuur,
3190 4869 3261 4925 de
3305 4870 3508 4940 quibus
3533 4856 3777 4935 spiritualis

2226 4962 2393 5019 dracti
2426 4962 2647 5018 dicebat
2685 4964 2736 5017 in
2776 4962 3013 5034 .Egyplo
3058 4980 3069 5015 :
3112 4960 3233 5019 Hea
3262 4972 3382 5017 sunt
3405 4960 3631 5032 μαινίδια.
3653 4960 3777 5018 ειιςο

2226 5062 2325 5132 feci
2365 5075 2425 5112 ea
2454 5057 2670 5128 (It'cech.
2714 5073 2862 5123 nn,
2911 5055 2991 5127 li).
3030 5056 3096 5111 Et
3131 5057 3199 5110 de
3245 5058 3451 5126 quibus
3493 5057 3541 5108 in
3570 5049 3666 5106 alio
3690 5046 3777 5101 loco

2227 5154 2455 5225 "Simus
2506 5171 2517 5207 ε
2567 5150 2705 5219 Quid
2743 5151 2834 5206 tibi
2874 5160 2947 5209 est
2985 5159 3033 5206 et
3071 5151 3167 5205 vice
3206 5151 3555 5223 Assyriorum,
3593 5156 3640 5200 ut
3674 5136 3779 5194 bibat

2230 5265 2397 5319 aquas
2443 5247 2712 5317 ﬂuminum
2743 5242 2960 5314 (Jerem.
3004 5259 3064 5308 ll,
3093 5243 3225 5311 i8)?
3261 5244 3445 5299 Pisces
3472 5250 3687 5331 quoque.

2231 5356 2366 5411 gena
2399 5340 2560 5394 missa
2594 5339 2646 5393 in
2675 5339 2831 5405 mari,
2865 5347 3332 5404 computresceut,
3369 5336 3461 5406 qui
3490 5353 3514 5386 a
3543 5330 3681 5387 bonis
3702 5330 3775 5395 ινδ·

2231 5435 2387 5490 cibus
2416 5432 2619 5489 fuerint
2643 5430 2900 5501 separati.
2933 5430 3097 5503 578
3121 5427 3396 5498 Quodque
3422 5426 3650 5494 sequitur
3663 5436 3685 5522 ἐ
3712 5412 3783 5468 In-

2230 5528 2389 5582 duam
2418 5527 2600 5582 caelum
2630 5524 2869 5592 tensbris,
2905 5535 2951 5577 ct
2980 5523 3133 5593 quasi
3162 5523 3395 5577 cilicium
3428 5523 3518 5576 erit
3547 5523 3783 5588 operimen-

2232 5630 2339 5676 tum
2366 5625 2498 5695 ejus,
2531 5622 2615 5677 vel
2647 5613 2809 5677 omne
2841 5618 2983 5695 quod
3013 5632 3174 5695 supra
3207 5632 3310 5695 nqs
3341 5628 3447 5684 eSt,
3473 5611 3781 5693 intelligamus

2230 5717 2451 5785 coelum,
2482 5717 2623 5777 sicut
2647 5714 2881 5773 volatilit
2911 5728 3035 5785 qua:
3148 5727 3280 5779 aere
3309 5722 3458 5790 sum,
3489 5702 3782 5783 ηρρβιιειιιιιιτ

594 5900 620 5930 ι
660 5891 734 5957 Ex
769 5909 930 5961 sacro
957 5904 1107 5952 textu
1129 5896 1330 5975 Victor.
1366 5899 1648 5985 rescribit,
1673 5917 1740 5956 an
1773 5910 1926 5973 putas
1951 5915 1971 5955 :
1996 5910 2132 5971 tum,
2158 5908 2207 5955 et
2226 5899 2489 5973 exhiberet
2518 5912 2620 5974 pro
2644 5906 2703 5954 ut
2729 5896 3011 5977 exhiberet...

3486 6176 3573 6291 ,λ’

3440 6306 3483 6419 [1
3572 6406 3583 6415 ς
3854 6372 3855 6375 ‘
