4096 6330
236 329 335 385 881

745 359 749 365 ν
814 327 1468 390 ῦΟΜΜΕΝΤΑΜΟΒΠΜ
1507 329 1572 387 IN
1614 328 1848 388 lSAlAM

1969 329 2317 389 lOPllETAM
2359 330 2487 389 LIB.
2528 329 2670 390 XIV.
2708 330 2862 392 CAP.
2910 330 2996 389 ιι.

3456 335 3566 393 ιεξ

237 441 433 497 habuit
487 445 737 514 speciem
784 461 885 502 nec
926 445 1179 518 gloriam,
1242 445 1340 503 sed
1388 446 1443 502 in
1489 445 1930 509 similitudineA
1961 456 2248 504 manentes
2280 448 2425 517 loco,
2458 455 2514 504 et
2558 449 2604 504 si
2635 448 2743 503 dici
2797 458 2981 519 potest
3034 447 3259 518 lectulo,
3308 448 3398 505 alii
3445 450 3567 507 sani

238 535 425 591 carnis
461 539 791 607 peccatricis
821 541 1067 611 suscepit
1108 540 1337 597 formam
1369 540 1540 610 servi,
1582 551 1635 596 ut
1668 557 1857 613 pecca-

242 637 351 685 tum
381 629 437 686 in
472 646 651 689 carne
694 644 1001 705 superaret.
1032 633 1112 690 De
1139 634 1241 690 hoc
1268 634 1496 705 dicitur,
1523 635 1648 706 quia
1694 634 1858 708 583

238 733 427 793 speret
460 724 520 780 in
566 726 794 782 nomine
843 726 1082 797 Domini,
1110 738 1166 784 et
1195 728 1462 785 innitatur
1489 743 1655 800 super
1687 730 1854 787 Deum

238 833 435 876 suum:
496 830 559 877 ut
585 821 854 894 quidquid
884 821 1144 878 humanae
1197 823 1508 895 fragilitatis
1537 833 1644 894 est,
1675 822 1856 881 divina

238 916 540 986 majestate
588 919 913 975 corroboret
960 928 1125 990 atque
1199 927 1493 976 sustentet.
1546 919 1661 977 lloc
1703 918 1857 991 juxta

238 1008 604 1067 Hebraieum.
663 1012 934 1068 Caeterum
994 1012 1297 1070 secundum
1366 1012 1726 1085 Septuaginta
1787 1012 1858 1068 de

239 1104 645 1174 peccatoribus
699 1103 922 1175 dicitur,
979 1105 1074 1174 qui
1117 1106 1412 1162 noluerunt
1461 1105 1687 1163 obedire
1735 1105 1859 1162 voci

242 1194 364 1253 Filii
421 1197 574 1269 ejus,
627 1210 682 1256 et
712 1199 769 1256 in
803 1199 1046 1256 tenebris
1077 1200 1402 1272 gradiuntur
1429 1201 1661 1269 erroris,
1691 1208 1747 1258 et
1777 1199 1857 1256 ido

239 1288 390 1346 circo
421 1305 541 1348 non
576 1290 782 1349 habent
812 1293 1011 1349 lucem.
1044 1293 1234 1366 Neque
1281 1294 1429 1351 enim
1466 1293 1587 1350 ﬁeri
1620 1303 1856 1366 poterat,

241 1389 298 1438 ut
342 1382 399 1438 in
454 1398 781 1454 perversam
824 1386 1062 1441 animam
1115 1386 1373 1443 introiret
1417 1385 1703 1458 sapientia.
1754 1385 1856 1455 Qui

239 1475 571 1532 nescierunt
604 1491 706 1533 nec
751 1476 1175 1546 intellexerunt;
1236 1488 1291 1535 et
1323 1477 1448 1535 ideo
1508 1479 1560 1534 in
1617 1477 1858 1535 tenebris

240 1570 555 1627 ambulant.
615 1570 736 1627 Non
769 1574 918 1628 enim
964 1571 1216 1629 fecerunt
1247 1587 1415 1642 opera
1448 1571 1665 1628 Domini
1696 1579 1858 1643 atque

240 1664 528 1736 mandata,
594 1681 697 1723 nec
746 1668 1157 1724 seminaverunt
1202 1668 1307 1725 sibi
1333 1667 1626 1739 justitiam,
1676 1682 1858 1739 neque

238 1759 742 1818 vindemiaverunt
775 1761 962 1832 vitent,
998 1771 1055 1818 ut
1085 1761 1455 1820 accenderent
1506 1762 1613 1819 sibi
1670 1762 1854 1819 lumen

1959 549 2106 608 sunt,
2135 538 2228 593 alii
2258 538 2492 596 febrium
2515 541 2925 598 succenduutur
2943 541 3259 611 ardoribus,
3285 557 3352 599 ex
3383 542 3563 598 diver-

1959 634 2123 689 sitate
2155 633 2443 689 humorum
2467 643 2632 706 atque
2661 635 2866 707 pituita:
2888 635 3106 692 diversa
3139 634 3405 706 supplicia
3433 650 3560 693 sen-

1961 726 2197 781 tientes:
2240 724 2319 782 ‘sic
2360 726 2503 797 ignis
2529 728 2621 798 qui
2671 744 2700 781 a
2747 727 3132 799 peccatoribus
3171 727 3554 797 succenditur,

1959 817 2247 874 materiam
2271 818 2325 875 in
2356 820 2600 889 peccatis
2626 819 2816 892 habet,
2844 823 2976 878 etin
3003 820 3311 892 iniquitate,
3361 821 3429 877 de
3457 836 3562 893 qua

1959 914 2227 986 scriptum
2258 922 2376 970 cst:
2406 913 2621 969 Ardebit
2645 915 2778 970 sicut
2830 917 2967 991 ignis
3005 916 3281 989 iniquitas,
3330 925 3381 973 et
3435 917 3568 972 sicut

1957 1022 2170 1078 gramen
2199 1006 2395 1062 siccum
2421 1006 2690 1061 vorabitur
2717 1007 2957 1063 incendio
2989 1006 3154 1078 (Isai.
3182 1025 3258 1078 tx,
3287 1007 3407 1081 18).

2032 1096 2189 1169 (Cap.
2219 1096 2305 1153 [ιι.
2337 1128 2405 1139 —-
2430 1097 2592 1155 Vcrs.
2625 1098 2649 1154 1
2685 1099 2866 1172 seqq.)
2901 1100 3095 1155 Audite
3119 1117 3202 1156 me
3241 1100 3335 1174 qui
3381 1116 3565 1172 perse-

1959 1195 2180 1267 quimini
2221 1194 2365 1267 quod
2406 1199 2609 1267 iustum
2639 1204 2734 1265 est,
2768 1204 2818 1251 et
2844 1196 3072 1266 quieritis
3102 1195 3409 1253 Dominum.
3458 1196 3571 1250 At-

1959 1288 2161 1343 tendite
2190 1290 2264 1342 ad
2290 1297 2514 1362 petram,
2546 1288 2690 1345 unde
2728 1289 2892 1344 excisi
2921 1289 3065 1358 estis,
3113 1300 3161 1344 et
3187 1290 3260 1345 ad
3287 1305 3569 1345 cavernam

1961 1383 2065 1439 laci
2089 1385 2153 1440 de
2167 1399 2269 1455 qua
2298 1383 2504 1457 prtecisi
2528 1385 2673 1439 estis.
2692 1383 2958 1440 Attendite
2984 1383 3056 1439 ad
3080 1382 3341 1439 Abraham
3367 1396 3567 1453 patrem

1959 1487 2210 1547 uestrum,
2235 1485 2282 1530 ct
2312 1478 2381 1531 ad
2406 1477 2598 1534 Suram
2625 1493 2743 1549 quia
2792 1478 2998 1552 peperit
3028 1495 3119 1534 vos
3168 1494 3187 1533 :
3235 1478 3360 1551 quia
3410 1494 3574 1534 unum

1959 1573 2138 1628 oocztui
2219 1589 2379 1642 eum,
2430 1582 2477 1628 et
2529 1574 2767 1630 benedixi
2798 1576 2882 1641 ei,
2917 1584 2964 1629 et
3020 1573 3369 1648 multipliuavi
3425 1593 3565 1633 cum.

1959 1665 2331 1724 Cousolabitur
2405 1684 2527 1742 ergo
2602 1667 2862 1724 Dominus
2923 1668 3096 1738 Sion,
3173 1679 3223 1725 et
3269 1669 3570 1727 consolabi-

1962 1771 2046 1815 tur
2102 1778 2279 1817 omnes
2332 1760 2520 1818 ruinas
2570 1762 2706 1834 ejus,
2755 1770 2804 1818 et
2824 1774 2982 1835 ponet
3013 1764 3277 1818 desertum
3303 1766 3415 1837 ejus
3439 1781 3568 1837 qua-

241 1853 518 1910 scientizc.
565 1854 672 1923 Qui
729 1856 874 1912 enim
931 1855 1210 1914 desiderat
1263 1857 1614 1928 sapientiam,
1678 1864 1859 1914 servet
1888 1854 1938 1916 B
1963 1854 2008 1910 si
2039 1853 2282 1924 delicias,
2315 1863 2361 1911 et
2404 1856 2739 1910 solitudinem
2764 1856 2880 1927 ejus
2909 1856 3061 1928 quasi
3094 1853 3304 1911 hortum
3331 1854 3565 1913 Domini.

243 1948 531 2027 mandata,
566 1958 624 2005 et
650 1949 919 2006 Dominus
952 1950 1154 2006 tribuet
1195 1966 1317 2007 eam
1350 1950 1448 2007 illi.
1508 1949 1666 2008 Unde
1707 1960 1763 2005 et
1791 1951 1858 2005 ad

243 2039 420 2097 Deum
454 2041 695 2099 dicitur:
727 2040 850 2098 Lua:
888 2053 1145 2113 pracepta
1176 2052 1286 2098 tua.
1321 2042 1385 2098 Et
1415 2043 1577 2099 alibi:
1629 2040 1862 2097 Manda-

242 2143 352 2190 tum
386 2133 610 2191 Domini
640 2136 871 2192 lucidum
893 2135 1199 2193 illuminans
1229 2135 1407 2193 oculos
1436 2136 1557 2209 (Ps.
1591 2153 1744 2206 svnt,
1778 2136 1861 2210 9).

245 2226 691 2302 Prmeipiturque
714 2229 897 2300 impiis
923 2239 984 2286 ut
1009 2230 1291 2286 conﬁdant
1317 2232 1371 2285 in
1388 2230 1646 2300 Domino,
1665 2240 1716 2286 et
1733 2246 1863 2301 pec-

245 2324 383 2380 catis
396 2333 653 2395 ruentes,
679 2324 1604 2381 illiusinnitanturetsustentantur
1632 2324 1859 2381 auxilio.

315 2418 510 2492 (Vcrs.
541 2416 660 2495 11.)
688 2418 824 2475 Ecce
851 2435 1029 2475 omnes
1054 2436 1143 2475 vos
1171 2420 1512 2476 accendentes
1538 2421 1730 2490 ignem,
1773 2435 1865 2475 ac-

246 2513 406 2568 cincti
434 2513 695 2585 ﬂammis,
727 2512 1000 2571 'ambulate
1034 2515 1087 2568 in
1118 2516 1314 2572 lumine
1358 2516 1494 2589 ignis
1523 2516 1702 2583 vestri,
1735 2524 1783 2570 et
1808 2514 1864 2570 in

248 2609 481 2679 ﬂammis
530 2625 665 2677 quas
709 2610 1089 2665 succendistis:
1117 2611 1183 2667 de
1212 2626 1369 2666 manu
1419 2626 1534 2666 mea
1564 2613 1763 2681 factum
1789 2618 1865 2664 est

249 2703 347 2759 hoc
377 2704 547 2773 vobis,
581 2704 637 2759 in
684 2704 952 2760 doloribus
978 2705 1265 2760 dormietis.
1292 2703 1436 2760 LXX
1467 2722 1481 2761 :
1515 2702 1650 2758 Ecce
1687 2718 1864 2758 omnes

250 2813 337 2853 cos
353 2798 532 2871 ignem
558 2797 865 2868 ascenditis,
881 2807 931 2854 et
957 2798 1263 2868 confortatis
1283 2799 1549 2869 ﬂammam
1567 2813 1585 2863 ;
1602 2792 1864 2850 ambulate

251 2892 303 2946 in
332 2891 536 2946 lumine
554 2891 694 2965 ignis
724 2891 899 2961 t'estri,
928 2900 977 2945 et
1003 2893 1059 2946 in
1088 2892 1303 2961 ﬂamma
1315 2906 1470 2963 quam
1491 2886 1864 2953 succendistis,‘

250 2991 468 3054 propter
496 2998 582 3038 me
605 2986 749 3055 facta
766 2990 886 3038 sunt
905 2980 1016 3038 hwc
1042 2983 1203 3038 vobis.
1237 2980 1304 3035 In
1329 2997 1544 3037 nucrore
1571 2978 1858 3034 dormieris.

252 3072 398 3130 Nihil
429 3074 663 3146 prodest
706 3073 1048 3142 exhortatio;
1096 3089 1197 3131 nec
1227 3082 1353 3147 post
1379 3074 1589 3130 scelera
1623 3086 1748 3142 spes
1779 3085 1866 3125 sa-

254 3168 385 3223 lutis
413 3178 523 3224 est.
570 3168 777 3225 Omnes
806 3168 1246 3238 declinaverunt,
1284 3167 1445 3224 simul
1480 3167 1703 3222 inutiles
1734 3162 1861 3219 facti

1969 1945 2243 2004 Gaudium
2264 1957 2312 2002 et
2344 1947 2528 2004 laetitia
2554 1949 2847 2004 invenietur
2897 1950 2953 2003 in
2986 1961 3069 2019 ea,
3124 1950 3411 2022 gratiarum
3436 1952 3576 2007 actio

1964 2050 2012 2094 et
2060 2056 2159 2095 vos:
2186 2038 2381 2096 laudis.
2426 2039 2571 2096 LXX
2603 2059 2615 2094 ί
2643 2040 2837 2096 Audite
2885 2040 2978 2113 qui
3006 2042 3381 2115 persequimini
3433 2044 3573 2116 quod

1953 2138 2189 2208 justum,
2235 2144 2285 2191 et
2307 2135 2538 2209 quaeritis
2568 2134 2875 2191 Dominum.
2909 2137 3173 2192 Attendite
3222 2138 3279 2192 in
3304 2137 3571 2195 robustam

1966 2240 2169 2301 petram
2194 2247 2348 2302 quant
2378 2231 2667 2298 excidistis,
2699 2241 2746 2286 et
2777 2232 2829 2286 in
2848 2232 3052 2304 foveam
3077 2232 3183 2287 laci
3210 2249 3364 2303 quam
3398 2234 3571 2307 fodis-

1965 2325 2054 2378 tis.
2087 2323 2350 2395 Respicite
2374 2324 2429 2379 in
2468 2323 2731 2380 Abraham
2777 2333 2979 2396 patrem
3010 2336 3252 2394 vestrum,
3279 2336 3327 2381 et
3371 2326 3429 2382 in
3469 2327 3574 2384 Sa-

1965 2434 2079 2472 ram
2102 2433 2220 2487 quae
2238 2420 2439 2492 peperit
2470 2435 2579 2489 vos,
2611 2419 2735 2489 quia
2765 2434 2900 2474 unus
2927 2428 3106 2474 eratet
3141 2419 3324 2474 vocavi
3349 2436 3486 2488 eum,
3519 2430 3575 2478 et

1965 2512 2202 2568 benedixi
2245 2515 2314 2582 ei,
2344 2522 2392 2568 et
2415 2513 2577 2570 dilexi
2598 2514 2768 2578 illum,
2797 2522 2843 2569 et
2871 2514 3222 2587 multiplicari
3263 2531 3415 2571 eum:
3438 2525 3486 2570 et
3525 2524 3576 2572 te

1965 2622 2102 2661 nunc
2153 2606 2484 2671 consolabor,
2519 2606 2672 2663 Sion.
2707 2605 2774 2661 Et
2800 2606 3101 2661 consolatus
3131 2623 3244 2662 sum
3285 2607 3457 2662 omnia
3482 2606 3576 2663 de-

1965 2706 2102 2754 serta
2130 2701 2252 2772 ejus
2280 2698 2433 2765 quasi
2473 2697 2799 2769 paradisum,
2830 2706 2881 2753 et
2911 2714 2973 2753 ea
3005 2715 3122 2771 quis
3145 2700 3214 2754 ad
3248 2699 3571 2756 occidentem

1965 2802 2107 2857 sunt,
2136 2795 2289 2865 quasi
2320 2792 2625 2865 paradisum
2658 2792 2866 2849 Domini
2888 2808 2909 2849 :
2935 2794 3342 2850 exsultationem
3363 2803 3411 2850 et
3438 2794 3572 2851 licti-

1966 2887 2092 2940 tiam
2123 2886 2385 2942 invenient
2433 2887 2488 2942 in
2536 2904 2619 2958 ea,
2673 2887 3052 2959 confessionem
3080 2896 3128 2944 et
3149 2904 3322 2943 vocem
3373 2888 3569 2945 laudis.

1968 2977 2381 3035 Dormientibus
2408 2978 2462 3034 in
2493 2994 2737 3035 maerore
2787 2992 2852 3034 ac
2899 2977 3094 3035 dolore
3142 2989 3435 3052 perpetuo,
3478 2982 3572 3053 qui

1967 3071 2369 3128 succenderunt
2396 3072 2498 3130 sibi
2538 3073 2740 3145 ignem,
2773 3084 2827 3129 et
2851 3071 3102 3128 ﬂammas
3151 3073 3574 3131 robuStissimas

1965 3180 2091 3223 esse
2136 3164 2409 3238 fecerunt,
2457 3182 2557 3223 vos
2607 3167 2699 3238 qui
2734 3165 3135 3240 persequimiui
3176 3165 3475 3239 juStitiam,
3510 3179 3568 3224 et

256 3271 384 3318 sunt
410 3260 537 3335 (Ps.
570 3261 727 3333 xm);
756 3276 949 3319 omnes
975 3262 1084 3318 sibi
1114 3263 1294 3332 ignem
1328 3260 1690 3330 succendunt,
1709 3257 1866 3314 ﬂam—
1894 3244 1942 3309 Ο
1972 3261 2222 3333 quaeritis
2265 3260 2564 3317 Dominum
2604 3259 2901 3336 (signiﬁcat
2953 3268 3138 3317 autem
3183 3259 3574 3333 Apostolorum

258 3371 521 3429 mamqne
546 3355 930 3411 corroborant.
966 3355 1181 3411 llabcnt
1208 3354 1356 3411 enim
1389 3357 1442 3410 in
1471 3370 1532 3411 se
1564 3353 1768 3423 fenum,
1798 3352 1861 3408 Ii-

248 3464 385 3522 gna,
416 3449 703 3520 stipulam,
735 3452 944 3521 spinas,
985 3464 1050 3505 ac
1100 3448 1348 3519 tribulos,
1382 3464 1447 3505 ac
1478 3448 1686 3516 lolium,
1738 3462 1861 3518 qua:

260 3555 469 3601 aeterno
519 3544 807 3600 tradantur
835 3544 1114 3600 inccndio.
1162 3543 1317 3601 Unde
1366 3553 1423 3600 ct
1465 3545 1518 3599 in
1549 3542 1863 3601 Proverbiis

259 3640 526 3711 scriptum
557 3647 672 3694 cst:
706 3636 774 3692 In
814 3640 991 3693 ntultis
1019 3637 1176 3710 lignis
1200 3638 1332 3712 riget
1352 3637 1490 3712 ignis
1522 3635 1706 3711 (Prov.
1735 3651 1861 3705 xxv,

260 3735 376 3808 2|).
406 3736 504 3793 Sin
551 3745 737 3791 autem
770 3734 1036 3805 parvulus
1083 3732 1228 3805 ignis
1272 3732 1534 3804 grandem
1580 3730 1863 3788 materiam

262 3828 684 3903 c0mpreheudit
704 3845 719 3895 ;
743 3826 965 3899 grandis
994 3828 1213 3883 ﬂamma
1242 3837 1443 3899 quanta
1476 3826 1865 3898 populabitur?

265 3925 483 3982 Dicitur
513 3932 571 3981 et
616 3924 672 3979 in
701 3922 943 3994 Epistula
984 3936 1109 3994 qum
1137 3920 1311 3977 fertur
1352 3920 1419 3975 ad
1470 3918 1754 3987 llebrmos,
1794 3917 1864 3973 de

267 4029 437 4090 terra,
488 4032 613 4089 quae
666 4015 948 4087 proferens
996 4016 1183 4087 spinas
1234 4021 1292 4070 et
1324 4013 1574 4083 tribulos,
1631 4010 1863 4083 reproba

265 4117 359 4187 sit,
393 4125 449 4173 et
476 4113 849 4173 maledictiooi
883 4111 1154 4183 proxima,
1185 4110 1417 4181 ﬁnisque
1449 4107 1595 4165 illius
1620 4107 1673 4163 in
1715 4121 1869 4161 com-

265 4209 582 4268 bustionern
614 4206 775 4279 (lIeb.
804 4223 875 4275 vt,
893 4203 970 4277 8).
999 4205 1141 4274 Ergo
1171 4202 1262 4273 qui
1293 4200 1526 4259 accincti
1559 4209 1687 4256 sunt
1715 4197 1871 4255 ﬁam-

270 4304 374 4362 mis
401 4315 567 4376 atque
592 4299 940 4370 circumdati,
990 4307 1044 4355 et
1090 4297 1196 4354 sibi
1225 4296 1541 4353 incendium
1573 4294 1872 4351 rohorave-

269 4413 422 4471 runt,
474 4404 848 4470 provocamur
895 4393 963 4449 ad
991 4393 1250 4463 salutem,
1303 4400 1358 4448 et
1386 4391 1587 4447 dicitur
1633 4389 1700 4445 ad
1729 4403 1867 4446 eos:

268 4493 548 4553 Ambulate
567 4493 623 4547 in
643 4489 843 4546 lumine
894 4488 1031 4563 ignis
1079 4487 1236 4542 vestri
1273 4501 1294 4542 :
1323 4486 1692 4557 ctinﬂammis
1739 4499 1870 4556 quas

270 4587 631 4655 succendistis,
690 4593 751 4640 ut
799 4583 855 4639 in
897 4582 1074 4654 ptenis
1113 4592 1280 4654 atque
1328 4579 1616 4652 suppliciis
1654 4578 1871 4635 discant

1966 3365 2021 3413 ct
2047 3372 2144 3429 per
2175 3355 2473 3428 Apostolos
2501 3354 2846 3412 credentium
2879 3353 3155 3426 chorum),
3187 3354 3446 3427 respicite
3477 3369 3577 3428 pe-

1970 3463 2130 3521 tram,
2163 3452 2216 3507 id
2247 3459 2353 3521 cst,
2384 3449 2665 3508 Abraham
2683 3461 2896 3523 patrem
2920 3460 3194 3519 vestrum,
3227 3448 3298 3505 de
3342 3464 3452 3522 quo
3482 3465 3579 3507 ex-

1968 3547 2067 3604 cisi
2098 3545 2255 3616 estis,
2279 3556 2335 3603 et
2362 3545 2432 3602 atl
2459 3561 2751 3603 cavernam
2778 3545 2905 3612 laci,
2936 3544 3005 3602 de
3031 3561 3135 3617 qua
3163 3545 3385 3617 praecisi
3413 3546 3575 3619 eStis,

1971 3643 2024 3700 id
2055 3654 2162 3714 est,
2195 3643 2386 3700 Suram
2418 3658 2542 3715 qua:
2566 3642 2781 3714 peperit
2807 3656 2926 3697 vos.
2972 3640 3041 3697 Et
3068 3640 3173 3696 hoc
3199 3639 3574 3712 considerate,

1969 3739 2094 3810 quia
2118 3751 2242 3792 cum
2269 3745 2297 3775 α
2330 3737 2492 3792 unius
2522 3744 2577 3792 et
2616 3744 2836 3791 centum
2877 3734 3040 3809 585
3082 3742 3232 3790 esset
3276 3749 3570 3806 annorum,

1971 3838 2028 3885 et
2050 3828 2295 3885 sterilem
2327 3828 2561 3885 haberet
2600 3843 2833 3884 uxorem
2858 3867 2873 3891 ,
2904 3826 3384 3897 multiplicaverim
3434 3827 3578 3885 ﬁlios

1973 3924 2093 3994 ejus
2122 3923 2276 3997 quasi
2317 3923 2513 3980 stellas
2564 3922 2712 3990 CtBli,
2768 3920 2843 3977 ita
2886 3931 2948 3976 ut
2992 3935 3282 3977 numerum
3327 3920 3583 3979 vinceret

1973 4017 2289 4075 multitudo.
2313 4017 2374 4074 Si
2400 4031 2534 4089 ergo
2565 4016 2637 4073 de
2661 4029 2773 4071 uno
2806 4013 3036 4071 homine
3064 4023 3214 4069 tanta
3243 4015 3577 4086 populorum

1975 4122 2099 4169 nata
2136 4120 2264 4167 sunt
2307 4110 2509 4176 millia;
2549 4108 2677 4181 quid
2708 4105 2839 4163 mihi
2878 4105 3091 4179 grande
3124 4114 3229 4173 est,
3266 4117 3330 4164 ut
3371 4106 3582 4163 instau—

1974 4223 2090 4264 rem
2125 4207 2314 4264 ruinas
2348 4205 2503 4274 Sion,
2534 4213 2587 4262 ct
2612 4204 2829 4262 deserta
2861 4205 2985 4274 ejus
3025 4212 3230 4259 mutem
3276 4204 3331 4260 in
3364 4202 3579 4274 paradi-

1976 4318 2094 4359 sum
2128 4301 2448 4373 voluptatis,
2477 4300 2607 4357 etin
2638 4299 2857 4355 hortum
2889 4296 3106 4353 Domini
3132 4312 3294 4369 quem
3315 4298 3582 4369 plantavit

1980 4396 2124 4454 Deus
2156 4394 2209 4450 in
2243 4393 2396 4451 Eden
2427 4400 2618 4450 contra
2646 4390 2927 4449 Orientem
2955 4407 2969 4446 :
2993 4399 3050 4447 et
3080 4390 3391 4448 inveniatur
3417 4390 3471 4448 in
3512 4407 3578 4450 ca

1978 4506 2077 4563 pro
2103 4488 2339 4547 diversis
2368 4488 2664 4545 arboribus
2688 4486 2951 4560 gaudium
2979 4494 3144 4558 atque
3183 4485 3405 4557 lmtitia,
3442 4504 3577 4544 con-

1980 4585 2150 4643 lessio
2176 4594 2233 4641 et
2263 4599 2372 4640 vox
2396 4583 2618 4640 laudis?
2649 4581 2767 4639 Hoc
2788 4580 2967 4639 Judaei
2994 4580 3061 4637 ad
3088 4579 3396 4639 Zorohabel
3435 4591 3581 4640 tent-

271 4686 367 4744 Dei
423 4651 753 4758 potentiam,
802 4689 859 4736 et
899 4651 1141 4736 redeant
1179 4651 1247 4734 ad
1288 4651 1545 4733 salutem.
1587 4672 1869 4748 Signiﬁcat
1898 4651 1952 4711 Π
1979 4696 2113 4755 pora
2145 4679 2414 4749 referunt,
2442 4677 2573 4751 quia
2619 4686 2746 4747 post
2797 4675 3116 4749 Babylonia:
3148 4676 3462 4735 vastitatem
3491 4678 3578 4734 in.

273 4790 454 4839 autem
483 4778 700 4838 Iudaici
733 4776 919 4848 populi
955 4774 1294 4845 vastitatem,
1335 4789 1444 4846 qua
1468 4772 1734 4829 Romanis
1764 4781 1874 4827 tra-

274 4876 371 4934 diti
390 4884 546 4948 sunt,
574 4884 633 4935 et
669 4872 1001 4944 captivitatis
1023 4870 1217 4945 iugum
1246 4868 1531 4940 hucusque
1571 4867 1869 4924 sustinent.

276 4970 442 5046 588,
466 4972 543 5028 De
573 4983 738 5025 manu
764 4967 911 5024 enim
933 4962 1136 5021 Christi
1166 4963 1288 5020 hzcc
1328 4960 1471 5018 facta
1501 4967 1631 5018 sunt
1651 4958 1836 5015 omnia
1855 5003 1868 5026 ,

277 5075 334 5125 et
362 5069 416 5124 in
445 5078 686 5124 maerore
723 5078 788 5119 ac
817 5060 1102 5118 doloribus
1144 5057 1452 5123 dormient;
1483 5055 1610 5127 quia
1636 5067 1740 5110 nec
1779 5050 1867 5108 he-

278 5162 513 5223 neﬁciis.
547 5172 653 5217 nec
683 5156 991 5225 tormentis,
1040 5153 1137 5211 Dei
1170 5151 1343 5207 lilium
1387 5149 1642 5220 recipere
1688 5145 1876 5203 volue-

277 5264 426 5315 runt.
450 5252 614 5313 Unde
657 5251 902 5323 loquitur
927 5248 994 5306 ad
1023 5262 1151 5304 eos:
1185 5244 1266 5300 Ite
1304 5244 1359 5326 in
1400 5244 1570 5315 ignem
1601 5250 1873 5309 internum,

277 5367 429 5425 quem
456 5348 770 5423 preparavit
794 5345 934 5401 Deus
961 5343 1172 5400 diabolo
1196 5350 1244 5398 et
1268 5338 1471 5413 angelis
1495 5339 1609 5404 eius
1638 5334 1876 5411 (Matth.

280 5462 409 5517 xxv,
439 5444 563 5516 41).
610 5442 726 5499 Hoc
771 5448 856 5497 est
905 5439 1128 5511 quodet
1154 5436 1451 5507 Apostolus
1480 5434 1592 5490 ait:
1634 5430 1881 5487 Pervenit

279 5541 417 5597 enim
447 5552 609 5611 super
639 5552 726 5591 vos
745 5535 826 5590 ira
847 5535 905 5590 in
936 5532 1158 5608 linem(l
1197 5530 1384 5587 Thess.
1412 5544 1475 5596 tt,
1507 5525 1619 5600 16).
1650 5526 1767 5582 Hoc
1787 5540 1881 5581 ca-

282 5634 456 5706 pitulo
484 5630 771 5697 discimus,
807 5643 907 5700 pro
942 5627 1210 5701 qualitate
1248 5623 1484 5698 peccati,
1540 5622 1722 5694 ignem
1770 5619 1880 5677 sibi

282 5739 733 5799 unumquemque
752 5721 1112 5779 succendere.
1159 5720 1228 5777 Et
1262 5716 1544 5793 quomodo
1588 5716 1645 5773 in
1684 5714 1880 5773 eodem

1980 4784 2223 4833 staurata
2252 4775 2324 4830 sit
2347 4772 2502 4840 Sion,
2538 4770 2978 4841 ardiﬁcatumque
3007 4768 3322 4842 Templum,
3355 4782 3410 4829 et
3441 4772 3583 4828 anti-

1980 4885 2086 4942 qua
2113 4865 2305 4938 religio
2332 4864 2568 4922 reddita.
2613 4862 2721 4921 Sed
2767 4861 3046 4935 quomodo
3093 4878 3260 4935 supra
3307 4864 3412 4934 (ad
3457 4882 3573 4939 cap.

1984 4981 2137 5033 χιιι,
2193 4961 2289 5032 2‘2,
2319 4961 2417 5029 25)
2451 4959 2654 5016 dicitur
2697 4957 2767 5015 ad
2797 4957 2974 5016 Sion:
3004 4957 3236 5028 A/fereut
3275 4959 3415 5031 ﬁlios
3459 4969 3578 5015 tuos

1984 5060 2037 5113 in
2068 5056 2232 5124 ulnis,
2275 5062 2324 5109 et
2349 5053 2490 5125 ﬁlias
2535 5062 2652 5109 tuas
2695 5067 2852 5125 super
2876 5049 3121 5107 humeros
3166 5050 3464 5124 portabunt.
3507 5047 3578 5105 Et

1978 5161 2128 5209 erunt
2158 5164 2304 5224 reges
2329 5146 2542 5202 nutricii
2573 5144 2672 5212 tui,
2702 5153 2754 5200 et
2788 5144 2986 5219 regina:
3012 5144 3241 5199 nutrices
3294 5151 3419 5198 tute.
3472 5141 3537 5197 Et
3565 5159 3579 5197 :

1981 5247 2118 5303 Ecce
2148 5244 2240 5300 isti
2269 5240 2336 5296 de
2361 5240 2513 5315 longe
2534 5239 2758 5306 venient,
2789 5246 2839 5294 et
2863 5237 2943 5294 illi
2967 5237 3031 5293 ab
3062 5236 3317 5303 Aquilone
3343 5242 3394 5289 et
3421 5235 3577 5301 mari,

1982 5350 2032 5394 et
2061 5337 2150 5393 isti
2175 5336 2240 5391 de
2278 5345 2420 5389 terra
2444 5330 2702 5399 australi;
2743 5328 2966 5403 quando
2993 5328 3143 5384 dicet
3165 5327 3298 5383 Sion
3318 5341 3339 5382 :
3374 5327 3583 5402 Augus-

1985 5442 2068 5489 tus
2089 5428 2220 5487 mihi
2248 5436 2325 5485 est
2350 5428 2494 5484 locus
2516 5443 2536 5483 :
2563 5426 2650 5499 fac
2670 5424 2800 5481 mihi
2838 5423 3067 5497 spatium
3104 5430 3160 5476 ut
3186 5418 3434 5490 habitem,
3460 5438 3584 5496 quae

1990 5525 2428 5585 mediocritatem
2475 5520 2780 5578 excludunt
2817 5519 3034 5579 illorum
3091 5524 3424 5588 temporum,
3484 5535 3590 5577 nec

1988 5637 2155 5694 super
2194 5631 2414 5678 terrena
2442 5616 2750 5675 Jerusalem
2784 5612 3010 5685 impleta
3044 5617 3348 5665 noscuntur
3382 5628 3396 5666 :
3425 5612 3507 5670 sic
3534 5623 3597 5672 et

1988 5719 2079 5776 hic
2099 5715 2343 5789 loquitur
2370 5714 2637 5771 Dominus
2654 5710 2724 5767 ad
2749 5724 2873 5777 eos,
2895 5708 2988 5781 qui
3017 5714 3426 5779 persequuntur
3452 5725 3600 5793 quod

358 5881 387 5913 ι
409 5867 692 5931 Describit
712 5865 1012 5938 Victorius,
1036 5882 1155 5923 cum
1176 5882 1314 5924 unus
1338 5872 1545 5923 centum
1570 5867 1702 5921 esset
1727 5877 2008 5933 annorum,
2028 5860 2245 5917 scilicet
2270 5856 2549 5918 Abraham
2581 5871 2596 5910 :
2629 5866 2739 5911 non
2768 5852 2924 5911 unius
2943 5859 2992 5910 et
3019 5855 3249 5909 centum.
