4096 6330
568 278 678 373 iss

1846 313 1906 374 Β.
1947 308 2219 376 EUSEBII
2257 315 2646 376 HIERUNYMI

3780 322 3883 383 ιιι

558 432 766 503 justum
791 439 895 500 est,
918 431 1074 502 juxta
1103 430 1238 487 illud
1267 431 1415 504 quod
1441 431 1568 488 alibi
1598 430 1833 489 dicitur:
1866 432 2056 502 Quare
2082 451 2174 504 pa-
2199 435 2251 498 Α
2278 432 2497 504 quidam
2568 432 2757 488 volunt
2778 474 2793 498 ,
2852 432 3085 503 populus
3134 432 3439 504 appellatur
3503 433 3759 504 reliquias
3817 450 3879 493 cx

562 541 692 594 cem,
720 534 769 580 et
794 540 1098 598 persequere
1126 541 1240 579 eam
1264 524 1419 596 (Psal
1473 541 1668 595 simu,
1704 527 1789 597 5);
1823 537 1879 583 et
1911 528 2109 582 iterum
2153 545 2166 582 :

560 610 992 693 Hospitalitatem
1021 606 1383 689 persequentes
1430 617 1563 693 [ΑΙ.
1617 616 1923 695 sequentes]
1971 618 2168 694 (Rom.

558 728 637 774 It.
672 710 785 784 l3).
820 708 888 768 Et
911 722 1168 785 quatrunt
1194 708 1516 783 Dominum,
1546 725 1605 768 ιιι
1633 731 1698 769 cx
1731 714 2010 785 prioribus
2037 728 2171 770 can-

551 806 710 878 jiciat
759 807 1084 876 praesentia:
1131 821 1257 863 cum
1291 807 1466 862 multo
1509 806 1826 864 difﬁciliora
1862 806 1974 879 jam
2031 806 2172 864 facta

557 900 691 970 sint,
739 899 858 956 haec
886 916 1007 973 qua!
1049 900 1468 971 promittuntur,
1508 902 1687 956 futura
1737 916 1844 957 non
1891 900 2169 958 dubitent.

554 993 730 1051 Porro
751 993 910 1066 juxta
935 986 1079 1051 LXX
1099 996 1559 1066 persecutoribus
1586 994 1817 1066 juStitite
1858 994 2085 1065 dicitur,
2116 1009 2175 1051 ut

557 1084 834 1160 astticiant
876 1089 932 1144 in
976 1089 1421 1145 robustissimam
1454 1099 1689 1159 petram,
1739 1103 1902 1158 quam
1952 1087 2176 1143 excide-

557 1193 709 1254 runt,
744 1193 801 1240 et
830 1184 1042 1241 loream
1086 1183 1196 1241 laci
1242 1199 1406 1255 quam
1451 1181 1733 1253 foderunt,
1766 1180 1820 1238 id
1849 1189 1959 1252 est,
1986 1181 2175 1239 Domi-

561 1295 692 1334 num
719 1276 1091 1346 Salvatorem,
1125 1276 1195 1334 de
1225 1292 1334 1346 quo
1363 1276 1662 1348 Apostolus
1688 1275 1961 1347 loquitur:
2007 1274 2173 1332 Petra

553 1383 728 1429 autem
755 1382 868 1427 erat
917 1369 1158 1428 Christus
1189 1366 1234 1444 (Ι
1262 1367 1386 1426 Cor.
1428 1386 1481 1439 κ,
1510 1370 1587 1440 4).
1623 1368 1693 1424 Ει
1731 1368 1867 1424 alibi
1903 1369 2170 1440 scriptum

553 1474 645 1522 est
669 1485 683 1523 :
707 1466 911 1523 Statuit
929 1482 1091 1538 supra
1110 1442 1309 1532 petram
1330 1463 1484 1536 pedes
1510 1478 1652 1517 meos
1674 1459 1850 1531 (Psul.
1874 1477 2065 1531 nux,
2087 1460 2168 1533 5).

544 1557 626 1617 Et
656 1560 857 1616 iterum
894 1577 908 1614 :
949 1556 1014 1613 In
1040 1567 1189 1631 petra
1219 1556 1465 1613 exultavit
1495 1572 1596 1610 me.
1634 1554 1813 1627 Hujus
1843 1556 1988 1611 enim
2022 1555 2171 1611 latus

554 1648 746 1710 lancea
771 1651 1149 1722 perfoderunt,
1170 1650 1240 1707 de
1259 1666 1369 1722 quo
1393 1650 1564 1705 exivit
1587 1649 1812 1720 sanguis
1843 1657 1893 1705 et
1928 1662 2091 1719 aqua,
2114 1656 2171 1704 et

553 1745 720 1818 hujus
747 1747 1006 1803 foderunt
1033 1760 1228 1801 manus
1250 1754 1306 1801 et
1331 1744 1523 1815 pedes,
1559 1743 1782 1800 dicente
1822 1742 1941 1813 ipso
1968 1738 2165 1797 Domi-

2270 526 2438 583 Israel
2466 525 2846 593 credentium;
2872 528 2930 581 et
2956 526 3148 591 tribus,
3171 525 3291 583 sive
3324 538 3539 596 gentes,
3566 526 3623 582 bi
3652 526 3745 596 qui
3774 541 3884 583 cre-

2266 618 2526 675 diderunt
2576 633 2641 674 ex
2684 617 3044 675 multitudine
3066 618 3382 685 nationum,
3438 617 3665 676 dicente
3708 617 3884 674 natio-

2272 711 2434 766 nibus
2480 708 2663 785 Muyse
2708 713 2761 767 in
2812 710 3228 769 Deutcronomii
3268 712 3501 769 Cantica
3538 730 3553 768 :
3611 710 3882 769 Lctamini

2272 813 2448 875 gentes
2466 818 2588 859 cum
2614 806 2808 874 populo
2840 805 2952 874 eius
2974 802 3155 878 (Deut.
3188 814 3363 874 xn‘n,
3385 804 3457 862 43
3478 806 3522 877 ).
3566 800 3685 862 Pro
3704 807 3841 862 tribu
3862 847 3879 875 ,

2277 914 2438 971 quam
2490 916 2593 956 nos
2631 902 2974 968 interpretati
3027 914 3241 967 sumus,
3283 900 3616 967 Thcodo'tio,
3661 914 3879 977 genus:

2266 990 2665 1065 Symmachus,
2705 1003 2906 1065 gentem
2934 1010 2953 1049 :
2986 991 3159 1057 LXX.
3216 1008 3394 1066 rcges,
3457 993 3874 1049 tmnstulerunt.

2272 1082 2383 1143 Nos
2417 1089 2561 1144 enim
2616 1100 2832 1156 sumus,
2856 1096 2910 1145 et
2950 1089 3149 1154 trib‘us,
3182 1096 3238 1143 et
3261 1102 3417 1159 gens,
3444 1098 3500 1144 et
3548 1090 3726 1160 genus
3776 1088 3877 1143 Do-

2270 1179 2401 1234 mini
2434 1180 2617 1251 regale
2642 1190 2695 1235 et
2721 1176 3083 1246 sacerdotale,
3112 1179 3290 1251 qualis
3314 1180 3415 1234 fuit
3445 1191 3500 1234 et
3548 1178 3831 1236 Abraham
3852 1220 3867 1248 ,

2270 1274 2365 1346 qui
2396 1290 2492 1330 rex
2521 1275 2827 1347 appellatus
2852 1283 2959 1341 cst,
3008 1283 3062 1329 ct
3092 1277 3275 1330 carteri
3330 1272 3533 1342 sancti,
3568 1274 3652 1330 ue
3683 1274 3875 1343 quibus

2271 1368 2537 1439 scriptum
2561 1380 2645 1425 est
2670 1385 2684 1423 :
2713 1366 2893 1423 Nolite
2914 1377 3130 1439 tangere
3172 1366 3569 1423 Christos'meos
3614 1364 3751 1440 (ΡΙ.
3770 1380 3875 1437 ctv,

2273 1464 2399 1536 l5).
2431 1464 2570 1534 Quid
2615 1473 2699 1520 est
2742 1464 2886 1534 quod
2930 1463 3158 1534 jubetnr
3188 1462 3419 1519 audire?
3470 1460 3615 1529 Quia
3650 1460 3761 1530 lex,
3792 1466 3878 1516 itt-

2270 1557 2412 1629 quit,
2442 1576 2475 1612 a
2504 1574 2586 1612 me
2604 1556 2915 1629 egredietur.
2947 1566 2995 1611 et
3010 1552 3276 1631 judicium
3304 1568 3481 1612 meum
3502 1557 3556 1611 in
3582 1557 3754 1611 lucem
3780 1568 3871 1627 po-

2272 1653 2537 1722 pulorum,
2563 1653 2679 1709 sive
2702 1652 2954 1725 gentium.
2992 1650 3097 1707 l'lic
3144 1651 3228 1706 lex
3254 1650 3536 1723 Evangelii
3578 1646 3748 1726 Μ
3789 1667 3872 1706 os-

2268 1745 2511 1801 tenditur
2542 1745 2861 1816 spiritualis,
2889 1760 3010 1815 qua:
3042 1744 3189 1801 cxiet
3204 1744 3271 1800 dc
3308 1747 3477 1811 Sion;
3510 1760 3622 1801 non
3680 1742 3867 1817 Moysi,

560 1855 633 1898 no
660 1834 988 1897 Salvatore:
1022 1836 1295 1895 Foderunt
1324 1856 1508 1894 manus
1537 1854 1679 1893 meas
1725 1847 1773 1893 et
1818 1837 1974 1910 pedes
2004 1850 2164 1907 meos,
2194 1824 2247 1892 Β
2272 1854 2393 1909 quae
2438 1839 2569 1894 olim
2601 1839 2652 1893 in
2700 1837 2836 1895 Sina
2879 1839 3001 1892 datu
3042 1848 3125 1894 est
3158 1837 3581 1910 :judiciumqne
3606 1832 3646 1877 Ἰ)
3682 1848 3867 1894 meum

556 1936 1013 1992 dinumeraoertmt
1037 1935 1213 1989 omnia
1239 1951 1359 1989 ossa
1381 1949 1496 1987 mea
1522 1930 1645 2003 (Ps.
1671 1948 1784 1999 ut,
1819 1930 1935 2004 l8).
1962 1930 2166 1987 Possu-

552 2045 678 2087 mus
702 2030 944 2087 excisam
983 2039 1220 2100 petram,
1273 2027 1591 2097 sepulcrum
1623 2026 1810 2083 dicere
1836 2025 2160 2095 Saluatoris,

552 2120 612 2179 in
659 2138 769 2191 quo
798 2120 1056 2177 conditus
1088 2131 1196 2191 est,
1225 2130 1282 2177 et
1320 2132 1619 2190 resurgens
1648 2134 1678 2173 a
1712 2118 1968 2188 mortuis,
2006 2119 2168 2174 innu-

554 2217 852 2275 merabiles
878 2214 1025 2273 ﬁlios
1077 2220 1289 2287 genuit.
1325 2214 1392 2270 Et
1413 2213 1721 2283 appellatus
1751 2221 1835 2269 est
1875 2212 2160 2279 Abraham,

553 2310 610 2368 id
642 2308 746 2373 est.
788 2320 939 2385 pater
989 2311 1269 2365 multarum
1314 2309 1570 2381 gentium.
1614 2307 1774 2365 Sicut
1819 2304 1955 2365 Sara
2006 2308 2164 2379 prius

550 2404 778 2474 sterilis,
804 2400 1495 2474 interpretaturEcclesia,
1522 2418 1651 2473 qua:
1674 2402 1787 2457 alio
1815 2400 2042 2456 nomine
2064 2416 2164 2473 ap-

553 2496 797 2569 pellatur
844 2496 998 2558 Sion,
1053 2509 1216 2567 quam
1254 2495 1523 2550 Dominus
1566 2492 1892 2551 consolatus
1942 2504 2057 2565 est,
2107 2503 2163 2551 et

552 2589 735 2662 posuit
765 2588 987 2644 deserta
1020 2587 1143 2659 ejus
1194 2586 1348 2658 quasi
1394 2587 1728 2657 paradisum.
1772 2582 1963 2644 Plures
2008 2589 2158 2646 enim

546 2672 718 2758 586
745 2682 848 2755 ﬁlii
877 2683 1110 2751 desertw,
1147 2684 1315 2755 magis
1341 2699 1501 2755 quam
1524 2686 1639 2756 ejus
1656 2699 1769 2753 qtae
1796 2680 1945 2737 habet
1964 2683 2158 2741 virum.

551 2776 821 2849 Quodque
867 2770 1109 2833 dicitur:
1157 2776 1222 2831 Et
1274 2784 1337 2832 ea
1367 2793 1485 2848 quis
1533 2777 1603 2831 ad
1637 2774 1972 2832 Occidentem
2010 2787 2156 2847 sunt,

554 2889 747 2945 ponam
776 2873 831 2927 in
861 2864 1165 2940 paradisum
1196 2868 1428 2939 Domini,
1454 2872 1573 2928 sive
1600 2872 1657 2926 in
1684 2870 1894 2927 hortum
1928 2866 2051 2943 Dei,
2085 2873 2160 2929 si-

551 2964 779 3038 gniflcat
810 2964 972 3031 illud,
1004 2956 1149 3035 quod
1177 2963 1498 3021 sedentibus
1524 2967 1581 3020 in
1613 2965 1854 3021 tenebris
1881 2975 1937 3022 et
1963 2965 2155 3022 umbra

553 3062 748 3118 mortis
778 3061 871 3117 lux
900 3060 1185 3129 repentina
1213 3061 1488 3118 Surrexit.
1520 3060 1630 3116 Pro
1658 3060 1937 3132 paradiso,
1974 3060 2029 3117 in
2061 3078 2159 3118 cu-

547 3152 642 3226 jus
666 3152 795 3210 loco
826 3166 926 3209 nos
956 3152 1175 3209 delicias
1204 3154 1493 3223 vertimus,
1524 3154 1576 3207 itt
1618 3153 1888 3210 Hebraico
1934 3155 2158 3225 ponitur

2270 1932 2325 1987 in
2350 1932 2534 1987 lucem
2560 1930 2805 2003 gentium
2860 1930 3140 2002 procedet,
3196 1944 3294 2001 per
3321 1931 3466 2003 quod
3495 1932 3688 1987 statuit
3714 1940 3871 2000 atque

2266 2023 2507 2081 decrevit
2534 2036 2728 2080 omnes
2751 2033 2945 2097 gentes
2971 2038 3094 2080 esse
3121 2025 3439 2080 salvandas.
3472 2026 3551 2081 Ac
3592 2039 3662 2080 ne
3710 2022 3868 2079 forsi-

2270 2126 2359 2175 tan
2419 2127 2735 2190 putaremus
2758 2121 2926 2189 longo
2956 2129 3079 2189 post
3114 2127 3374 2191 tempore
3411 2118 3559 2190 quod
3610 2118 3869 2191 promisit

2266 2230 2390 2271 esse
2432 2222 2745 2283 venturum,
2782 2214 2965 2281 infert,
2995 2230 3160 2285 prope
3211 2225 3287 2270 est
3301 2218 3487 2286 justus
3530 2224 3707 2280 meus,
3754 2214 3864 2270 sive

2266 2308 2486 2378 iustitia.
2516 2308 2768 2364 Christus
2794 2311 2938 2363 enim
2968 2318 2999 2362 a
3034 2305 3202 2363 Patre
3248 2307 3427 2363 factus
3484 2316 3574 2362 cst
3602 2306 3760 2363 nobis
3782 2322 3866 2361 sa-

2265 2401 2467 2472 pientia
2505 2413 2559 2455 et
2594 2400 2903 2469 redemptio
2930 2399 2972 2472 (1
2996 2396 3119 2455 Cor.
3149 2398 3210 2473 t),
3240 2388 3510 2455 sanctitas
3531 2414 3596 2454 ac
3624 2400 3860 2474 justitia,

2264 2502 2323 2551 et
2359 2493 2541 2555 omnia
2575 2495 2771 2566 quibus
2796 2494 2974 2549 virtus
3009 2492 3325 2550 nominibus
3366 2492 3700 2564 appellatur.
3740 2490 3865 2548 l‘ul-

2264 2589 2754 2662 chreq‘ue'dicitur,
2783 2590 2989 2662 justitia
3018 2600 3367 2661 processura,
3403 2596 3461 2644 ut
3518 2600 3861 2661 nequaquam

2267 2696 2370 2739 una
2386 2698 2538 2756 gens,
2563 2684 2659 2741 sed
2687 2686 2866 2740 munis
2881 2684 3127 2739 salvetttr
3154 2682 3325 2740 orbis.
3348 2681 3515 2752 ‘Quod
3539 2694 3719 2740 autem
3739 2680 3831 2740 Si!
3847 2711 3862 2723 -

2264 2792 2438 2851 vatOr,
2460 2782 2505 2837 si
2516 2796 2577 2836 re
2599 2781 2771 2850 salus,
2795 2780 2939 2852 quod
2961 2779 3233 2837 llebraice
3263 2779 3462 2835 dicitur
3486 2789 3509 2819 ο
3531 2777 3718 2847 JteStts,
3764 2791 3861 2848 sp-

2263 2875 2497 2946 pelletur
2524 2870 2697 2929 Fditts
2752 2874 2871 2944 Dei,
2897 2874 2991 2945 qui
3017 2875 3217 2929 missus
3237 2889 3266 2927 a
3292 2880 3447 2943 patre
3469 2885 3578 2943 est,
3630 2872 3858 2930 Stuteou

2263 2977 2456 3025 tenens
2502 2983 2726 3040 puerum
2748 2969 2803 3025 in
2831 2971 2971 3025 ulnis
3002 2971 3137 3039 suis,
3158 2969 3404 3038 loquitor
3434 2988 3447 3023 :
3475 2967 3638 3024 Nunc
3683 2968 3861 3026 dimit-

2263 3064 2327 3117 tis
2347 3080 2550 3118 servum
2574 3074 2742 3135 tuum,
2771 3060 3012 3135 Domine,
3040 3067 3290 3137 quoniam
3311 3064 3552 3120 uiderunt
3580 3065 3721 3120 oculi
3756 3062 3860 3119 'mei

2260 3157 2492 3213 salutare
2520 3167 2686 3231 tuum,
2710 3161 2851 3233 quod
2873 3161 3181 3231 praeparasti
3222 3161 3277 3215 in
3302 3170 3583 3233 conspectu
3630 3159 3857 3214 omnium

552 3246 693 3305 lines
718 3245 883 3334 (TW),
911 3246 979 3303 de
1006 3261 1117 3319 quo
1146 3247 1197 3301 iu
1245 3246 1515 3317 principio
1558 3242 1842 3302 Geneseos
1889 3236 2228 3318 scriptumC
2261 3253 2594 3323 populorum,
2620 3251 2794 3307 tamen
2830 3256 2883 3307 in
2908 3252 3271 3309 reuelationem
3298 3253 3528 3327 gentium
3564 3251 3735 3325 (Luc.
3768 3265 3851 3319 st,

551 3351 658 3401 est.
692 3338 762 3398 Et
798 3338 911 3397 'ltuc
959 3339 1279 3409 notandum,
1310 3338 1534 3412 quodin
1565 3338 1724 3410 Sion,
1770 3356 1889 3413 quae
1935 3358 2158 3413 compa-

551 3450 706 3499 ratur
732 3439 989 3515 paradiso
1018 3436 1141 3510 Dei,
1175 3437 1326 3495 aliud
1355 3452 1479 3493 esse
1506 3454 1615 3493 non
1635 3438 1858 3509 debeat,
1888 3437 1995 3494 nisi
2024 3455 2159 3510 gau-

546 3532 697 3594 dium
728 3544 786 3595 et
816 3533 1028 3604 laetitia,
1062 3532 1345 3592 confessio
1368 3544 1424 3590 et
1452 3549 1562 3589 vox
1590 3533 1793 3599 laudis,
1836 3544 1892 3588 ut
1921 3534 2064 3603 quod
2100 3536 2151 3590 in

545 3630 700 3687 callis
727 3629 924 3686 facturi
952 3639 1080 3683 sunt
1109 3626 1291 3683 sancti
1319 3642 1440 3683 cum
1470 3625 1693 3698 Angelis
1726 3626 1840 3695 Dei,
1864 3622 1974 3682 hoc
1991 3626 2152 3682 etiam

547 3722 603 3780 in
634 3721 916 3793 terrajngi
957 3720 1011 3776 itt
1047 3714 1261 3774 Domini
1295 3718 1456 3774 laude
1487 3718 1844 3775 meditentur.

614 3812 635 3890 (
660 3818 817 3875 Vers.
845 3817 903 3880 ι,
933 3815 1033 3888 5.)
1066 3810 1328 3871 λιιεηάίιε
1358 3815 1427 3869 ad
1456 3831 1571 3882 me,
1621 3816 1849 3886 populus
1878 3831 2048 3881 meus,
2103 3824 2152 3871 et

543 3911 707 3967 tribus
730 3926 864 3972 mea.
887 3925 970 3965 me
984 3908 1163 3963 audite
1180 3924 1197 3963 :
1216 3909 1338 3978 quia
1363 3909 1450 3963 lex
1471 3926 1503 3962 a
1525 3925 1605 3963 me
1632 3909 1788 3978 eaiet,
1810 3918 1861 3963 et
1881 3907 2151 3981 judicium

541 4022 713 4061 meum
753 4004 807 4059 in
834 4004 999 4059 lucem
1027 4002 1341 4074 populorum
1390 4003 1702 4076 requiescet.
1765 4000 1939 4072 Prope
1961 4015 2036 4058 est
2048 4003 2148 4076 ju-

540 4112 651 4157 stus
664 4113 1071 4172 meus.egressus
1090 4105 1168 4150 est
1187 4095 1416 4151 salvator
1428 4112 1574 4150 meus
1589 4111 1608 4149 :
1632 4105 1679 4149 et
1702 4092 1914 4148 brachia
1928 4111 2041 4149 mea
2055 4112 2149 4163 po-

544 4194 699 4267 pulos
710 4191 1048 4267 judicabant.
1079 4188 1165 4244 He
1185 4190 1372 4245 insulae
1396 4189 1783 4258 exspectabant,
1814 4199 1859 4244 et
1881 4187 2149 4244 brachium

542 4297 716 4345 meum
733 4284 1075 4342 sustinebunt.
1092 4277 1236 4339 LXX
1260 4302 1272 4338 :
1296 4284 1483 4338 Audite
1504 4300 1603 4350 me,
1618 4282 1794 4337 audite
1806 4298 1905 4348 me,
1922 4285 2147 4354 populus

541 4399 709 4449 meus,
732 4391 782 4436 et
800 4395 968 4450 reges,
993 4378 1065 4432 ad
1087 4393 1169 4431 me
1193 4376 1443 4431 attendite
1465 4392 1484 4430 :
1499 4377 1624 4447 quia
1651 4375 1737 4430 lea:
1762 4392 1795 4430 a
1816 4391 1897 4430 me
1921 4376 2147 4448 egredie-

542 4489 651 4545 tur,
691 4489 739 4535 et
768 4468 1037 4551 judicium
1075 4489 1246 4527 meum
1297 4471 1351 4525 in
1382 4470 1551 4525 lucem
1582 4479 1607 4508 ⁸
1635 4472 1888 4545 gentium.
1940 4472 2145 4544 Appro-

541 4577 757 4649 pinquut
785 4574 887 4628 cito
904 4569 1113 4640 justitia
1142 4585 1279 4633 mea.
1306 4572 1353 4623 et
1374 4562 1669 4640 egredietur
1707 4562 1839 4622 sicut
1864 4568 1957 4623 tua:
2000 4570 2145 4622 salu-

2258 3338 2331 3399 29
2366 3353 2413 3398 et
2437 3344 2620 3415 seqq.)
2668 3346 2931 3416 Quodque
2958 3346 3202 3418 sequitur
3229 3362 3248 3400 :
3272 3345 3339 3400 Et
3366 3342 3585 3401 brachia
3611 3360 3725 3402 mea
3766 3358 3857 3417 po.

2259 3436 2414 3509 pulos
2424 3438 2765 3511 judicabant.
2786 3440 2913 3497 Sive
2933 3441 3086 3511 juxta
3143 3436 3309 3511 LXX,
3339 3450 3389 3497 et
3418 3440 3472 3495 in
3494 3438 3718 3496 brachio
3746 3452 3855 3495 meo

2255 3543 2431 3607 gentes
2461 3535 2760 3607 sperabunt,
2784 3535 2872 3592 vel
2900 3536 3006 3591 hoc
3034 3534 3323 3607 signiﬁcat,
3354 3534 3501 3607 quod
3531 3546 3726 3592 Omnes
3750 3536 3856 3592 vir-

2258 3636 2372 3681 tute
2405 3626 2551 3683 illins
2571 3627 2910 3697 iudicentur,
2935 3629 3020 3685 vel
3052 3629 3195 3700 quod
3224 3630 3277 3685 in
3304 3620 3608 3700 Christum,
3634 3630 3729 3701 qui
3772 3636 3853 3686 est

2252 3719 2538 3776 brachium
2570 3730 2628 3777 ct
2680 3721 2942 3779 fortitudo
2976 3720 3105 3793 'Del,
3135 3734 3326 3780 omnes
3379 3723 3680 3779 creditura:
3741 3723 3848 3779 sint

2255 3817 2532 3871 nationes.
2570 3815 2780 3873 Dicitur
2824 3829 2881 3872 et
2913 3817 2966 3872 in
2995 3817 3108 3872 alio
3140 3819 3261 3873 loco
3293 3837 3307 3873 :
3364 3814 3535 3873 Tuum
3583 3816 3851 3873 brachium

2253 3927 2374 3966 cum
2397 3912 2649 3985 potentia.
2676 3908 3011 3985 Confortetur
3028 3928 3213 3967 manus
3239 3922 3348 3983 tua,
3377 3924 3427 3967 et
3456 3910 3719 3967 excitetur
3737 3910 3852 3967 dett-

2251 4010 2360 4059 tera
2389 4002 2611 4075 tua(f’s.
2637 4019 2890 4073 Lxxxmt,
2909 4001 3020 4077 ll).
3034 4004 3105 4060 Et
3128 4005 3321 4060 iterum
3347 4018 3365 4061 ι
3393 4000 3613 4060 Caritate
3630 4002 3851 4059 Domino

2251 4098 2511 4153 canticum
2532 4114 2721 4153 novum
2768 4114 2787 4153 :
2836 4097 3054 4153 salvabit
3087 4098 3187 4154 sibi
3215 4100 3430 4155 dextera
3477 4099 3610 4171 ejus,
3648 4109 3696 4154 et
3734 4100 3848 4152 bra-

2251 4190 2426 4246 chium
2450 4200 2687 4246 sanctum
2710 4190 2857 4247 illius
2887 4189 3010 4263 (Ps.
3034 4204 3200 4261 xxvu,
3224 4190 3280 4259 'l,
3311 4188 3351 4246 2
3372 4190 3416 4262 ).
3446 4188 3845 4247 Dextera'enim

2248 4293 2304 4340 et
2323 4284 2433 4339 brat
2454 4282 2603 4339 bium
2628 4284 2864 4350 Domini,
2896 4284 3012 4355 ipse
3036 4296 3123 4341 εει
3150 4285 3240 4356 qui
3272 4283 3425 4356 prius
3466 4282 3711 4356 perditos
3737 4285 3848 4340 salo

2249 4382 2393 4435 vavit
2432 4381 2557 4447 sibi,
2588 4389 2645 4434 ut
2673 4379 2854 4436 nullus
2878 4379 3080 4449 periret
3107 4379 3176 4436 de
3209 4378 3296 4435 his
3323 4394 3460 4452 quos
3491 4378 3542 4435 ei
3562 4374 3733 4436 Elter
3756 4374 3847 4435 de-

2247 4470 2620 4543 deratlJoun.
2664 4488 2773 4529 xm
2801 4473 2842 4545 ).
2885 4472 3040 4541 Quod
3068 4482 3250 4530 autem
3280 4468 3609 4538 lusulmﬁ'él
3654 4473 3844 4529 anima:

2248 4564 2598 4633 Sanctorum,
2621 4580 2744 4636 qua:
2765 4565 2819 4621 in
2848 4565 3323 4637 persecutionibus
3344 4564 3533 4623 mundi
3550 4564 3725 4623 £lStius
3742 4565 3843 4622 ﬁr-

541 4640 657 4726 lare
705 4682 917 4722 meum:
941 4664 1071 4720 etin
1106 4654 1328 4719 brachio
1355 4676 1468 4717 meo
1497 4670 1675 4733 gentes
1713 4661 2017 4730 sperabunt.
2060 4658 2148 4716 Me
2172 4640 2222 4702 Ῑ)
2252 4673 2334 4712 ma
2356 4659 2411 4713 in
2436 4654 2611 4713 Deum
2626 4658 2878 4714 solidata:
2916 4670 3041 4714 sunt
3058 4658 3196 4727 'llde,
3234 4660 3324 4716 Vel
3362 4658 3740 4717 Ecclesth
3780 4675 3843 4717 ex

538 4763 729 4821 insula:
754 4757 1146 4830 exspectabant,
1180 4768 1229 4812 et
1255 4756 1310 4811 in
1334 4755 1550 4811 brachio
1586 4766 1697 4809 meo
1722 4755 2023 4827 sperabunt.
2048 4752 2154 4810 Se-

538 4861 648 4918 mel
689 4858 742 4914 in
770 4856 1039 4912 Hebraico
1073 4848 1279 4909 dicitur
1311 4870 1324 4907 :
1355 4851 1642 4916 Attendite,
1699 4850 1944 4906 secundo
1988 4849 2146 4921 juxta

534 4950 913 5024 Septuaginta,
952 4945 1133 5002 audite
1168 4963 1247 5001 me
1267 4990 1282 5013 ,
1306 4943 1492 5000 audite
1509 4960 1589 4998 me
1601 4961 1621 5012 ;
1651 4950 1709 4999 ut
1736 4944 1933 4998 doceat.
1954 4956 2056 4998 ttos
2076 4951 2146 4999 ἐι

535 5045 762 5104 auribus
802 5038 1077 5114 corporis,
1120 5049 1177 5095 et
1222 5053 1386 5094 sensu
1434 5037 1630 5093 anima:
1679 5034 1872 5092 audire
1920 5036 2142 5092 debere.

534 5142 980 5207 Provoenturqtte
1008 5135 1253 5207 gentium
1288 5131 1601 5197 multitudo,
1645 5142 1767 5202 qua:
1792 5129 2137 5201 est‘popnlus

533 5230 656 5303 Dei,
690 5242 751 5288 ut
777 5226 1074 5301 diligenter
1099 5224 1287 5281 audiat
1327 5238 1447 5295 quae
1477 5220 1756 5287 dicuntur,
1780 5214 1849 5278 de
1870 5230 1978 5294 quo
2034 5220 2139 5278 ιη-

528 5328 753 5387 cbat-ias
780 5344 796 5382 :
825 5322 1163 5397 Confugient,
1198 5318 1397 5388 inquit,
1428 5327 1603 5389 gentes
1632 5318 1813 5373 utalia:
1837 5318 1905 5370 ad
1946 5314 2136 5371 ’Domi-

526 5438 653 5480 num
680 5465 694 5488 ,
731 5430 776 5474 et
809 5427 960 5473 erunt
988 5415 1035 5471 ei
1076 5415 1130 5469 in
1169 5413 1424 5485 populum
1468 5404 1667 5486 (Zuch.
1696 5410 2044 5484 tt,‘l‘l).Sive
2081 5419 2139 5467 ut

603 5622 629 5651 σι
665 5612 860 5666 Deerat
890 5624 991 5662 vox
1016 5604 1267 5678 gentium.
1296 5602 1459 5678 quam
1492 5604 1560 5655 ex
1578 5594 2120 5678 Ambrosianislnss.

514 5684 872 5754 'buttplenms.
894 5670 1137 5754 'eogénte
1158 5678 1286 5754 ipso
1308 5671 1505 5730 Graec
1524 5672 1791 5754 uersu-1k
1818 5677 1924 5745 φῦς

599 5741 653 5795 δ’
673 5741 1467 5823 Ambrosianus},judiciumque
1493 5746 1611 5823 ejus
1638 5743 1693 5797 in
1724 5741 1915 5823 lucem,
1942 5750 2052 5823 e_tc.

605 5837 626 5864 ο
667 5822 844 5883 Jezus,
879 5830 985 5873 etc.
1010 5808 1651 5886 Eiiﬁimg‘llbri'm
1679 5813 1917 5886 milia
1936 5808 2124 5886 ἔρρε,

529 5903 830 5974 posuerunt
854 5887 1120 5944 llebt‘aice
1147 5890 1278 5948 Μ
1308 5882 1569 5955 luctum}
1597 5899 1718 5942 cum
1747 5882 1800 5941 in
1843 5891 1992 5941 textu
2024 5882 2131 5941 He-

2248 4750 2500 4823 gentibus
2528 4751 2819 4807 multitudo
2849 4751 3082 4823 dicatur,
3115 4753 3311 4810 crebro
3344 4754 3727 4825 exposdimm.
3779 4756 3842 4812 Et

2246 4846 2388 4900 sicut
2438 4845 2725 4902 brachium
2772 4844 3027 4915 Domini,
3078 4844 3421 4905 Stllvatorem
3451 4864 3466 4903 :
3496 4849 3582 4905 sic
3616 4849 3842 4906 brachia

2242 4936 2360 5008 cjns
2388 4950 2508 5009 qute
2541 4939 2771 5009 populos
2795 4938 3064 5008 judicent,
3093 4950 3287 4996 omnes
3306 4949 3532 4997 saueius
3548 4946 3842 5012 pom

2244 5032 2575 5107 intelligere,
2609 5035 2661 5091 in
2701 5035 2901 5107 quibus
2928 5035 3074 5091 Deus
3094 5034 3355 5092 mundum
3374 5036 3664 5107 ium.

2319 5126 2500 5201 (Vers.
2534 5128 2622 5191 6.)
2663 5128 2929 5186 Leontem
2951 5128 3105 5186 erutos
3156 5128 3336 5186 oculos
3370 5131 3840 5195 vestros.ch

2243 5221 2338 5277 sub
2364 5230 2558 5278 terram
2587 5225 2835 5278 debrsum
2860 5239 2879 5278 :
2899 5225 3023 5296 quia
3040 5222 3163 5280 caeli
3182 5225 3318 5280 sicut
3332 5223 3836 5295 fumu‘siliquescem

2245 5324 2292 5371 et
2320 5326 2473 5371 terra!
2503 5319 2640 5371 sicut
2682 5318 3042 5373 vestimentum
3078 5328 3336 5373 atteretur
3365 5334 3385 5373 :
3412 5324 3474 5373 et
3508 5316 3839 5373 Mentem

2245 5409 2358 5482 ejus
2382 5410 2514 5464 sicut
2553 5408 2665 5466 hac
2702 5408 3007 5466 interibunt.
3039 5408 3201 5468 Salus
3226 5420 3404 5467 autem
3434 5424 3553 5467 utea
3605 5413 3663 5466 in
3698 5420 3839 5466 lente

2224 5592 2418 5650 braico
2438 5593 2605 5650 Isaia:
2628 5593 3008 5665 iegantushoc
3042 5594 3228 5663 capite
3246 5608 3327 5659 ιι,
3356 5595 3422 5661 ‘5,
3450 5592 3593 5655 ω
3634 5590 3832 5657 ω.

2220 5666 2283 5723 id
2312 5678 2423 5731 est,
2454 5666 2609 5747 cuius
2636 5682 2792 5747 μα,
2826 5667 2913 5721 vel
2942 5668 3347 5747 sanatur
3373 5668 3524 5747 issue
3559 5665 3832 5747 ilics-mq-

2229 5753 2405 5825 mum,
2429 5739 2538 5825 ,ιιιιί
2574 5734 2907 5825 ἱιιΐηιέιθιέ.
3002 5751 3057 5825 et
3078 5741 3355 5825 8.]th
3375 5734 3685 5825 J‘esehua’tlti
3713 5734 3835 5825 yet;-

2222 5811 2295 5866 sit
2312 5852 2329 5877 ,
2358 5812 2508 5865 salsis
2540 5824 2678 5866 In.
2700 5810 3071 5880 ὅφιν-μακε
3096 5810 3561 5883 ubique'neddnut
3580 5810 3833 5869 σωτήριόν

2229 5902 2332 5956 μου
2361 5882 2593 5937 salutare
2620 5895 2806 5935 meum.
2855 5880 3123 5939 ΜΑιιτιΑιι.
