4096 6330
267 225 370 352 iis

268 501 538 558 Levatein
591 508 784 562 caelum
823 509 999 563 oculos
1041 508 1254 576 iestr‘os,
1298 520 1345 566 et
1398 511 1640 580 inspicite
1693 519 1883 564 terram

271 596 520 649 deorsum
553 644 568 667 ,
641 603 886 668 quoniam
942 603 1125 657 caelum
1192 603 1324 658 sicut
1372 601 1544 673 fumus
1617 603 1881 672 [innatum

264 698 358 742 est.
386 685 558 743 Terra
614 692 977 766 autem
998 695 1130 748 sicut
1176 697 1526 748 vestimentum
1573 704 1879 764 veterascet,

263 794 309 838 et
339 783 668 840 habitatores
703 789 816 859 ejus
849 800 978 842 Stcul
1003 787 1113 844 lucc
1158 789 1460 844 morientur.
1495 785 1742 844 Salutare
1787 807 1884 844 au-

262 888 364 932 tem
406 894 584 932 meum
608 877 664 934 in
697 883 1066 954 sempiternum
1087 885 1204 954 erit,
1224 895 1274 937 ἐι
1293 883 1507 954 justitiu
1530 901 1640 938 mea
1663 891 1764 938 'nott
1791 884 1883 937 de-

263 972 425 1042 ﬁciet.
459 971 580 1028 Hoc
602 988 686 1030 est
715 975 860 1046 quod
890 975 1147 1030 Dominus
1181 969 1421 1048 loquitur
1453 978 1504 1030 itt
1543 975 1836 1047 Evangelio
1868 995 1881 1032 :

264 1061 467 1118 Caelum
495 1075 548 1119 et
593 1076 732 1121 terra
755 1067 1045 1123 transibunt
1065 1086 1084 1123 :
1117 1067 1266 1122 verba
1295 1081 1463 1124 autem
1493 1086 1605 1124 mea
1627 1085 1729 1124 non
1751 1081 1886 1138 pra:-

263 1156 498 1212 teribunt
523 1155 543 1231 (
568 1149 706 1214 Mat.
742 1177 890 1226 XXIV,
914 1161 1046 1231 35).
1079 1159 1145 1215 Et
1177 1159 1342 1216 David
1375 1163 1427 1216 itt
1460 1163 1666 1232 psalmo
1692 1163 1836 1217 canit
1869 1180 1880 1215 :

264 1251 305 1304 Α
335 1254 607 1325 principio
631 1263 710 1322 tu,
740 1253 975 1324 Domine,
1010 1265 1201 1309 terram
1224 1255 1482 1325 fundasti,
1515 1268 1564 1311 et
1595 1255 1752 1329 operit
1775 1273 1885 1309 nta—

263 1360 431 1398 nuum
463 1355 680 1398 tuarum
712 1355 830 1400 sunt
854 1347 987 1401 caeli.
1023 1345 1137 1418 Ipsi
1169 1347 1430 1416 peribunt,
1462 1359 1516 1402 tu
1556 1361 1726 1402 autem
1763 1365 1883 1419 per-

266 1457 468 1510 mones,
505 1451 554 1496 et
587 1457 763 1496 omnes
791 1443 924 1496 sicut
948 1444 1303 1498 vestimentum
1333 1451 1675 1513 veterasceul;
1706 1449 1753 1500 et
1783 1448 1886 1500 sic-

265 1546 319 1590 ut
345 1535 576 1607 pallium
610 1537 837 1591 involves
883 1555 997 1600 eos,
1043 1549 1091 1592 et
1121 1538 1460 1594 mutabuntur
1503 1535 1620 1610 (Ps.
1653 1555 1734 1599 c1.
1765 1541 1882 1614 26).

270 1627 349 1683 Ex
389 1643 506 1698 quo
536 1629 876 1692 ostenditur,
928 1629 1286 1699 perditionem
1310 1633 1572 1688 calorum
1613 1648 1719 1687 non
1745 1633 1883 1688 inte-

265 1722 435 1778 ritum
471 1737 700 1790 sonare,
727 1725 822 1779 sed
850 1727 1200 1781 mutationem
1239 1729 1292 1780 in
1320 1727 1533 1783 melius.
1568 1727 1641 1782 De
1685 1725 1882 1798 quibus

859 299 1511 363 COMMENTARIORUM
1549 289 1615 360 tu
1654 281 1889 362 Isson
1927 287 2357 366 bltOPllETAM
2398 307 2527 368 us.
2570 309 2709 369 xw.
2755 311 2911 371 CAP.
2955 296 3038 373 LI.

267 410 534 480 piternum
591 409 717 478 erit,
769 423 816 469 et
858 415 1066 489 justitia
1096 434 1210 472 utea
1252 434 1354 471 non
1402 415 1629 484 deﬁciet.
1687 413 1832 472 LXX
1862 434 1874 469 :
1909 411 2386 491 Ᾱιι.17).Ειῑη
2453 419 2726 480 llebraico
2771 405 2968 480 dicitur

3011 445 3022 480 :
3080 421 3210 482 Caeli
3247 425 3380 482 sicut
3428 429 3605 500 {uinus

1987 507 2291 579 liquescant.
2322 508 2449 567 Sive
2477 513 2628 580 juxta
2658 513 2908 585 Aquilam
2932 509 3073 587 etSt
3089 517 3419 584 minuebant,
3451 535 3591 572 com-

1987 602 2284 656 minuentur
2310 605 2363 656 in
2395 603 2566 669 uiltili,
2600 617 2653 661 et
2688 607 2740 660 i'tt
2784 607 2911 663 salis
2961 611 3180 664 modum
3235 619 3599 666 conterentur

1986 706 2040 752 et
2097 705 2464 766 evanescent,
2525 717 2752 770 quorum
2813 703 2963 772 prior
3017 703 3177 772 dixit,
3217 716 3238 742 ο
3291 705 3599 772 sitcum;

1987 790 2166 857 alter,
2225 791 2522 858 ἁλὶσουσιν;
2583 785 2724 862 qt‘tod
2784 811 2812 850 a
2865 797 3294 852 comminutioue
3342 808 3395 852 et
3461 797 3604 854 deli-

1987 881 2114 953 quio
2147 883 2277 939 Salis
2320 886 2651 960 ἐτυμολογὶαν
2699 885 2919 945 trahere
2965 890 3313 946 manifestum
3358 901 3464 946 est.
3497 890 3604 947 Pro

1985 995 2094 1048 quo
2135 980 2302 1034 ntiror
2331 979 2460 1051 quid
2488 983 2669 1037 dicere
2691 983 2966 1039 voluerint
2997 983 3384 1056 Septuaginta,
3415 988 3603 1041 aetum

1985 1074 2116 1128 sicut
2166 1073 2341 1144 fumus
2408 1075 2676 1146 ﬁrmatum
2717 1088 2789 1132 est
2847 1095 2864 1132 :
2913 1078 2959 1132 si
3007 1079 3150 1134 enim
3210 1077 3444 1135 ﬁrmitas
3502 1095 3600 1151 pro

1993 1170 2192 1226 rubore
2236 1171 2526 1240 accipitur,
2559 1173 2836 1242 quomodo
2862 1169 3010 1228 fumo
3041 1175 3183 1244 quod
3209 1175 3429 1229 ﬂ‘rmutn
3488 1187 3594 1243 ρει,

1987 1262 2371 1329 comparatur?
2428 1261 2538 1316 Nisi
2599 1263 2827 1319 forsitan
2883 1269 3182 1334 possumus
3240 1267 3342 1322 ltoc
3392 1267 3602 1335 dicere,

1987 1355 2131 1426 quod
2156 1357 2336 1411 omnis
2359 1360 2624 1412 caelorum
2662 1358 2892 1414 lirntitas
2923 1369 2979 1413 et
3016 1360 3186 1414 robur
3213 1367 3272 1414 et
3315 1359 3605 1428 fortitudo,

1988 1458 2149 1503 vento
2191 1443 2514 1506 inanissima
2561 1457 2615 1506 et
2662 1451 2830 1517 l‘umo,
2855 1454 2946 1522 qui
2997 1452 3049 1507 in
3107 1461 3269 1508 auras
3327 1455 3596 1522 solvitur,

1986 1557 2301 1613 eozequetur
2339 1543 2496 1612 juncta
2551 1543 2966 1600 Ecclesiateu’:
3001 1545 3222 1602 Vanita's
3271 1545 3592 1615 vanitutum,

1987 1646 2032 1689 et
2064 1638 2235 1690 omnia
2289 1640 2491 1692 vanitas
2545 1637 2729 1710 (Eccl.
2765 1657 2802 1708 ι,
2834 1625 2868 1694 2
2963 1635 3215 1712 Illudqu'e
3269 1642 3558 1697 dicendum
3584 1686 3598 1712 ,

1987 1731 2130 1802 quod
2163 1737 2204 1786 si
2234 1736 2434 1789 malum
2458 1746 2513 1788 et
2541 1735 2688 1790 ‘tcrt'a
2722 1737 2976 1805 pet-ibunt
3011 1745 3174 1808 atqtte
3215 1747 3561 1794 \‘8lel'ilSCt‘lll
3589 1782 3603 1806 ,

265 1815 472 1872 dicitur
496 1839 508 1870 ;
531 1817 646 1872 Erit
695 1817 879 1874 calum
911 1837 1117 1888 novum,
1163 1832 1207 1874 et
1238 1831 1376 1875 terra
1422 1839 1594 1876 nova:
1625 1839 1742 1894 qua:
1789 1840 1882 1893 ego
1913 1825 1961 1896 Β
1989 1841 2091 1893 qua
2122 1827 2511 1894 consequentia
2544 1825 2878 1884 habitatores
2912 1829 3029 1899 ejus
3056 1831 3203 1884 sicut
3231 1831 3330 1884 ista
3361 1833 3600 1886 morian-

267 1912 456 1983 {aciam
489 1917 865 1986 p-rtnanerein
895 1929 1166 1989 conspectu
1216 1933 1322 1973 meo
1368 1917 1387 1988 (
1413 1917 1575 1982 Apoc.
1634 1934 1743 1979 χχι,
1794 1917 1876 1988 9.).

268 2003 323 2061 Si
353 2010 503 2061 enim
536 2003 606 2062 de
641 2006 846 2062 sanetis
877 2009 1137 2077 scriptum
1192 2021 1274 2064 est
1308 2026 1320 2060 :
1360 2020 1384 2046 ἰ
1431 2005 1622 2063 Omnes
1675 2011 1883 2080 quidem

268 2095 616 2168 dormiemus,
651 2101 742 2153 sed
771 2118 874 2155 non
916 2118 1091 2156 omnes
1123 2103 1510 2157 immutabimur
1540 2101 1584 2174 (Ι
1616 2101 1739 2156 Co'r.
1789 2105 1878 2170 'x'v,

268 2194 368 2263 51)
402 2212 416 2248 :
445 2205 501 2250 et
533 2196 588 2248 in
622 2205 856 2264 quatuor
900 2196 1232 2264 psalmorum
1279 2195 1447 2251 titulis
1477 2193 1678 2267 legitur
1708 2213 1720 2248 :
1771 2191 1882 2250 Pro

269 2286 346 2340 Itis
370 2289 458 2357 qui
477 2287 896 2342 immutabuntur
924 2305 941 2342 :
969 2300 1174 2358 quanto
1208 2291 1380 2360 magis
1407 2289 1512 2345 ltoc
1540 2291 1605 2344 de
1631 2287 1775 2345 ρωιυ
1818 2302 1885 2344 ac

269 2382 388 2437 sole
429 2383 721 2454 stellisque
749 2381 1081 2438 credendum
1107 2395 1210 2450 est,
1244 2380 1616 2455 quandoluna
1639 2381 1770 2438 solis
1803 2384 1884 2437 lu-

271 2493 394 2534 men
424 2480 662 2550 accipiet
701 2488 756 2534 ct
783 2479 862 2534 θοι
891 2481 1143 2552 septuplo
1171 2477 1382 2552 fulgore
1415 2481 1700 2535 rutilabit?
1727 2479 1882 2536 Unde

267 2584 320 2630 et
363 2575 545 2630 omnis
586 2585 839 2630 creatura
888 2577 1244 2646 congentiscit
1293 2579 1346 2630 et
1376 2576 1626 2645 parturit,
1658 2591 1880 2646 exspec-

270 2674 393 2720 laus
428 2667 822 2721 revelationem
856 2667 1086 2721 liliorutn
1127 2667 1245 2733 Dei,
1299 2677 1355 2722 ut
1388 2679 1632 2721 mutetur
1673 2667 1724 2721 in
1770 2683 1884 2721 tne-

265 2757 370 2816 lius
396 2759 727 2832 (Bonum).
753 2760 819 2815 Et
849 2777 956 2816 non
988 2761 1166 2816 solum
1200 2757 1396 2814 animae
1427 2757 1734 2825 hominum,
1761 2778 1881 2829 qua!

269 2853 617 2908 immortales
647 2865 812 2907 sunt:
861 2852 955 2907 sed
999 2859 1054 2906 et
1103 2868 1331 2919 corpora
1383 2861 1787 2906 connuutentur
1827 2852 1881 2907 in

265 2939 621 3017 glorilit-atatn
686 2946 1067 3000 substantiam.
1141 2943 1362 3017 'Oportet
1429 2947 1565 3000 enim
1621 2949 1880 3018 corrupti-

273 3056 388 3093 vum
420 3040 515 3094 hoc
564 3041 786 3094 induere
813 3041 1278 3109 incorruptionem,
1330 3051 1376 3094 et
1409 3041 1631 3094 mortale
1657 3037 1755 3093 hoc
1798 3041 1880 3094 in-

276 3134 434 3189 duere
474 3135 920 3189 immortalitatem
950 3135 994 3204 (l
1021 3135 1140 3190 Cor.
1173 3151 1264 3201 xv,
1321 3135 1457 3205 55).
1504 3133 1638 3189 Cum
1699 3147 1877 3189 autem

1989 1927 2076 1974 tur
2105 1930 2266 1990 atque
2297 1921 2612 1990 dispeream
2640 1940 2654 1989 ;
2685 1939 2806 1978 cum
2849 1926 3058 1978 animas
3088 1933 3207 1979 esse
3253 1936 3556 1994 perpetuas
3579 1967 3592 1990 ,

1987 2023 2037 2067 et
2071 2024 2443 2068 resttrrectura
2477 2031 2704 2083 corpora
2757 2013 3106 2071 no'verintus?
3129 2017 3215 2072 Ex
3245 2027 3352 2089 quo
3383 2019 3599 2090 perspi-

1989 2120 2148 2160 cuum
2182 2117 2292 2172 est,
2324 2108 2524 2162 etelum
2559 2117 2612 2162 et
2642 2115 2843 2163 terram
2875 2111 3206 2178 nou'pc'rit'e,
3263 2121 3318 2166 ct
3351 2113 3403 2166 in
3435 2113 3600 2166 ‘u‘tltili

1991 2203 2200 2273 redigi;
2236 2201 2330 2258 sed
2366 2205 2415 2256 iu
2447 2203 2640 2258 tuelius
2669 2206 3018 2262 commutari.

2062 2295 2244 2365 (Vc-rs.
2279 2295 2310 2350 ‘7
2335 2339 2350 2363 ,
2383 2297 2461 2368 κ.)
2488 2297 2677 2352 Audite
2707 2313 2787 2351 me
2810 2300 2900 2370 qui
2925 2299 3068 2353 scitis
3086 2299 3292 2370 justum
3317 2341 3329 2365 ,
3365 2313 3416 2369 p:
3435 2295 3595 2371 pu'lus

1987 2377 2170 2461 [ναις.
2214 2388 2364 2444 addit
2403 2388 2566 2464 meus]
2595 2408 2607 2445 :
2641 2383 2725 2445 lea:
2751 2409 2865 2445 mea
2901 2394 2954 2446 in
2984 2395 3140 2446 corde
3172 2409 3374 2447 eorum.
3414 2391 3597 2447 Nolite

1989 2483 2169 2536 timere
2196 2482 2532 2555 opprobrium
2559 2481 2850 2549 hominum,
2875 2495 2923 2538 et
2947 2483 3297 2554 blasphctnias
3329 2491 3508 2538 roru‘m
3533 2503 3597 2540 ne

1989 2575 2246 2628 ntetuatis.
2286 2575 2434 2629 Sicut
2481 2577 2617 2628 enim
2666 2579 3023 2630 vestimentum
3052 2618 3066 2642 ,
3115 2577 3191 2629 sic
3225 2580 3461 2631 comedet
3506 2593 3592 2632 eos

1986 2669 2207 2722 vermis:
2240 2678 2286 2721 et
2317 2670 2450 2722 sicut
2481 2670 2657 2722 larium
2687 2715 2698 2736 ,
2733 2671 2811 2723 sic
2841 2667 3213 2724 devoru'bit‘eos
3235 2671 3395 2724 tinea.
3427 2669 3588 2726 Salus

1986 2773 2158 2818 autem
2185 2781 2299 2818 mea
2327 2765 2377 2817 in
2401 2765 2769 2838 sempiternum
2799 2763 2897 2818 erit
2925 2808 2937 2830 ,
2967 2776 3017 2819 et
3046 2766 3250 2827 iustitia
3272 2775 3386 2820 mea
3417 2767 3470 2822 in
3500 2784 3589 2838 ge—

1987 2857 2279 2910 nerationes
2309 2857 2720 2927 generutionum.
2762 2853 2939 2912 LXX:
2978 2859 3166 2910 Audite
3198 2867 3278 2910 me
3317 2858 3405 2928 qui
3444 2858 3591 2912 scitis

1975 2953 2266 3022 judicium,
2282 2952 2510 3019 populus
2531 2969 2671 3006 meus
2690 2969 2708 3006 :
2722 2954 2872 3023 cujus
2898 2951 3108 3006 textuea
3128 2953 3179 3006 in
3203 2953 3360 3006 corde
3378 2960 3584 3008 eorum.

1987 3041 2167 3098 Nolite
2212 3041 2394 3099 timere
2445 3045 2788 3113 opprobrium
2835 3045 3106 3098 hominum
3132 3087 3146 3110 ,
3199 3047 3246 3098 e‘t
3284 3049 3584 3114 contemptu

1984 3153 2162 3191 eorum
2196 3154 2256 3190 ne
2287 3137 2591 3192 uincamini.
2625 3137 2775 3194 Sicut
2817 3137 2953 3192 enim
2997 3137 3358 3191 vestimentum
3401 3153 3590 3190 consu-

277 3229 474 3286 cceluut
509 3239 814 3284 veterascm
849 3240 901 3283 et
936 3240 1101 3297 terra,
1132 3233 1540 3298 consequenter
1569 3241 1620 3284 et
1653 3243 1715 3283 ea
1761 3246 1880 3299 qtue

1989 3244 2192 3286 utentur
2234 3243 2466 3303 tempore
2491 3273 2508 3298 ,
2552 3243 2602 3287 et
2640 3235 2776 3286 sicut
2815 3235 2955 3286 'lantt.’
3003 3232 3334 3306 comedentur
3362 3247 3394 3286 a
3427 3231 3586 3287 line".

281 3323 404 3378 coeli
431 3324 644 3377 circulo
673 3321 1044 3387 continentur,
1074 3333 1129 3378 et
1157 3319 1428 3388 homines,
1461 3323 1552 3393 qui
1583 3335 1704 3375 sunt
1727 3322 1883 3376 babi-

282 3426 488 3471 tatores
517 3427 704 3480 terra),
726 3417 863 3470 sicut
889 3407 1010 3469 ba‘c
1029 3416 1328 3471 morientur
1355 3433 1365 3468 :
1391 3431 1497 3470 non
1525 3416 1575 3469 in
1600 3415 1878 3470 interitum

272 3513 380 3576 sui,
409 3510 508 3566 scd
555 3512 612 3566 in
641 3509 669 3548 ι’
714 3509 1070 3566 abolitionem
1101 3511 1324 3564 vilitatis
1354 3511 1613 3580 antiquae,
1644 3522 1696 3562 et
1726 3511 1883 3564 iuno-

272 3603 541 3659 vatiOttcnt
573 3601 764 3656 futurae
793 3603 1012 3672 gloriae;
1045 3602 1258 3671 quando
1315 3601 1580 3673 fulgebunt
1604 3604 1739 3673 justi
1779 3602 1880 3654 sic-

273 3697 422 3750 utsol
459 3693 708 3766 ’(3Iattlt.
752 3711 866 3758 xm,
917 3693 1052 3762 45);
1103 3703 1157 3750 et
1205 3693 1531 3749 abeuntibus
1592 3695 1880 3764 pra-teritis

273 3801 432 3860 atque
465 3787 724 3859 antiquis,
761 3789 897 3842 laeta
927 3787 1126 3840 fuerint
1157 3787 1339 3841 omnia
1413 3802 1574 3841 nova.
1643 3786 1876 3854 Quidam

278 3885 454 3954 perire
483 3896 536 3938 et
571 3892 936 3948 veterascere,
973 3897 1068 3949 ιιι-ο
1093 3881 1390 3936 abolitione
1423 3891 1475 3936 et
1509 3890 1683 3936 morte
1725 3881 1874 3938 acci-

278 3980 445 4049 piunt.
497 3975 661 4031 Juxta
708 3973 840 4030 illtnl
866 3974 1009 4043 quod
1067 3973 1122 4028 itt
1177 3973 1446 4028 catholica
1477 3963 1883 4043 Epistolalegi-

287 4090 404 4127 mus
434 4091 447 4126 :
475 4065 612 4127 'Caz'li
639 4071 726 4140 qui
749 4086 884 4123 nunc
914 4078 1033 4122 sunt
1059 4078 1105 4122 et
1134 4078 1292 4135 terra,
1332 4069 1508 4122 eodem
1537 4067 1688 4122 verbo
1710 4085 1882 4122 reser-

277 4175 392 4220 vata
419 4175 541 4219 sunt
565 4163 696 4236 igni.
729 4163 795 4218 Et
823 4163 1019 4217 iterum
1047 4180 1058 4215 :
1085 4161 1354 4216 Eletttentrt
1386 4163 1626 4216 ardentia
1677 4162 1882 4218 solem.

279 4270 359 4321 tur
389 4261 453 4332 (ll
496 4257 610 4312 Pet.
649 4253 842 4329 ttt,7).
873 4255 1004 4325 Qua.-
1052 4253 1270 4327 quidom
1323 4267 1378 4312 et
1426 4255 1880 4327 philosophorum

278 4353 460 4411 mundi
509 4354 696 4425 opinio
743 4363 860 4418 est,
899 4353 1080 4408 omnia
1133 4368 1256 4423 quae
1311 4356 1589 4408 cernimus
1620 4354 1724 4425 igni
1756 4370 1883 4425 per-

275 4449 432 4505 itura.
489 4433 650 4505 Unde
702 4456 756 4502 ct
800 4445 1094 4516 Apostolus
1128 4465 1140 4500 :
1173 4435 1492 4515 'Pertrunsit,
1549 4446 1645 4510 ait,
1707 4447 1883 4518 ﬁgura

277 4544 452 4597 mundi
478 4543 654 4606 huius,
682 4539 1150 4610 confempluntibus
1179 4541 1462 4605 nobis,’non
1482 4558 1543 4595 ea
1573 4558 1688 4611 qua!
1707 4541 1882 4596 viden-

1982 3311 2204 3380 .lustitia
2242 3337 2415 3380 autem
2459 3343 2570 3380 mea
2602 3327 2653 3380 in
2695 3337 2947 3380 wteruum
2977 3326 3072 3379 erit
3098 3369 3112 3390 ,
3144 3337 3188 3378 et
3223 3324 3368 3379 solus
3395 3337 3507 3377 mea
3535 3324 3590 3378 in

1982 3421 2340 3493 generationes
2366 3420 2780 3493 generationem.
2817 3418 2916 3485 Qui
2951 3433 3114 3486 Supra
3143 3419 3387 3473 dixerat:
3418 3417 3527 3473 Lex
3555 3435 3586 3472 ιι

1985 3528 2064 3565 nte
2095 3511 2388 3582 egredietur
2413 3554 2426 3574 ,
2460 3521 2507 3564 et
2545 3511 2814 3580 judicium
2851 3521 3018 3565 meum
3047 3513 3102 3564 in
3126 3512 3290 3564 lucem
3318 3512 3548 3582 gentﬁmt
3573 3527 3592 3564 :

1986 3619 2134 3659 nunc
2157 3604 2222 3658 ad
2257 3601 2482 3659 eosdem
2505 3593 2778 3672 Ἱοψιίιιιπ,
2823 3605 2912 3674 qui
2948 3603 3410 3672 scittntjttdiciu‘tu
3445 3601 3585 3671 ejtt's,

1985 3693 2040 3750 e‘t
2079 3697 2252 3764 legent
2297 3695 2444 3749 illius
2487 3694 2694 3750 habent
2721 3697 2772 3750 itt
2807 3695 3072 3750 cordibus
3109 3696 3226 3750 suis
3251 3737 3264 3761 ,
3303 3705 3361 3748 ut
3404 3696 3584 3749 tritinia

1985 3805 2108 3842 cum
2137 3789 2343 3857 judicio
2371 3788 2596 3851 faciant,
2631 3799 2684 3842 et
2711 3788 2950 3843 habeant
2985 3790 3159 3851 legem
3183 3795 3344 3858 quam
3375 3803 3473 3860 per
3491 3787 3584 3844 tle-

1987 3883 2216 3937 remiam
2245 3881 2513 3936 Dominus
2545 3881 2848 3951 pollici-tur
2871 3924 2886 3948 ,
2920 3881 3109 3936 dicens
3136 3875 3278 3952 (δεῖ.
3315 3895 3446 3937 sint
3473 3924 3487 3946 ,
3511 3882 3579 3938 "3|

1984 3986 2032 4028 et
2072 3981 2279 4046 seqq.):
2327 3974 2572 4029 Statuam
2615 3983 2976 4028 testamentum
3016 3985 3200 4029 novum
3229 4018 3244 4040 ,
3288 3991 3389 4029 non
3433 3978 3592 4049 juxta

1987 4079 2346 4124 testamentum
2372 4071 2512 4140 quod
2545 4069 2780 4136 disposui
2822 4069 3056 4143 patribus
3101 4079 3318 4124 eorum:
3350 4073 3442 4125 sed
3482 4077 3592 4125 xta-

1988 4171 2129 4215 tuant
2159 4171 2534 4226 testamentum,
2571 4162 2701 4216 dans
2735 4164 2874 4237 leges
2903 4175 3039 4218 meas
3255 4167 3305 4219 in
3326 4163 3589 4220 mentibus

1987 4273 2203 4312 eorum:
2231 4267 2278 4311 et
2305 4273 2459 4330 super
2488 4275 2579 4311 cor
2606 4275 2786 4312 eorum
2815 4259 3042 4313 scribam
3071 4277 3196 4326 eas;
3221 4271 3265 4316 et
3293 4275 3380 4316 ero
3409 4275 3587 4317 eorum

1987 4349 2150 4422 Deus,
2181 4362 2228 4406 et
2259 4353 2362 4422 ipsi
2397 4362 2546 4406 erunt
2573 4354 2800 4426 populus
2828 4365 3006 4410 meus:
3037 4368 3091 4409 ut
3130 4365 3470 4428 nequaquam
3499 4357 3590 4412 Vi-

1989 4454 2120 4501 vaut
2141 4446 2295 4516 juxta
2317 4447 2590 4512 litteram,
2619 4445 2712 4502 seil
2731 4447 2886 4517 juxta
2919 4448 3194 4518 spiritum,
3213 4450 3594 4505 ‘ins'tatt’rtmtes

1991 4539 2288 4594 naturalem
2324 4540 2494 4607 legem
2527 4541 2579 4594 in
2607 4539 2864 4595 cordibus
2905 4546 3018 4595 suis
3044 4584 3059 4606 ,
3089 4542 3156 4597 de
3181 4551 3286 4614 qua
3307 4545 3502 4598 Scribit
3535 4551 3592 4599 et

278 4646 376 4703 tur,
404 4637 497 4691 sed
525 4651 761 4702 qutenon
792 4635 1055 4690 videntur.
1088 4634 1214 4702 Qute
1240 4637 1373 4690 enim
1391 4637 1654 4702 videntur,
1686 4646 1886 4702 tempo-
1913 4630 1964 4690 D
1993 4631 2318 4702 Apostolus:
2341 4631 2480 4688 ‘Cum
2510 4634 2644 4686 enim
2669 4645 2848 4706 gentes
2875 4680 2887 4702 ,
2911 4643 3028 4706 quae
3057 4652 3158 4690 non
3181 4636 3368 4691 habent
3401 4638 3589 4708 legem,

277 4727 412 4782 ralia
436 4737 558 4782 sunt
589 4744 607 4781 :
650 4743 764 4795 (μιαν
793 4735 960 4781 autem
988 4744 1089 4782 non
1137 4728 1394 4793 videntur,
1429 4737 1624 4783 (eterna
1674 4727 1880 4800 (lCor.

281 4835 380 4888 vn,
425 4820 497 4874 5‘2
523 4818 565 4888 ).
598 4819 729 4873 Tale
770 4817 985 4889 quidet
1015 4817 1254 4873 Joannes
1312 4819 1593 4888 apostolus
1642 4819 1836 4874 scribit
1869 4838 1879 4873 :

284 4911 517 4969 Mundus
545 4903 1038 4987 pertransit,
1075 4921 1121 4965 et
1153 4909 1468 4965 desiderium
1495 4911 1606 4976 ejus
1636 4911 1691 4981 (l
1718 4910 1879 4965 Joan.

353 5075 844 5144 "statutumquam
881 5073 1064 5128 itidem
1114 5075 1359 5140 Apostoli
1409 5074 1699 5130 lectionem
1751 5089 1880 5132 esse

286 5155 516 5214 testatur
551 5159 739 5218 nosmr
771 5147 1135 5218 Hieronymus
1166 5150 1216 5200 tu
1251 5146 1419 5218 Epist.
1455 5148 1520 5198 ad
1557 5147 1879 5204 Minervium

284 5229 338 5273 et
380 5217 774 5284 Alexandrum,
821 5217 1042 5287 pra-fert
1075 5220 1160 5270 hic
1187 5218 1314 5286 loci
1372 5217 1661 5281 Victm‘itts,
1713 5221 1881 5276 veluti

286 5292 564 5344 contemni
591 5295 640 5343 ‘et
670 5287 728 5343 S.
763 5288 1004 5342 ἄπιοι-ῖς
1041 5289 1208 5344 menti
1240 5291 1676 5343 commodiorem
1716 5309 1727 5344 :
1763 5291 1881 5347 Non

287 5377 458 5416 omnes
479 5361 695 5427 quidem
722 5360 1056 5423 dormientes.
1089 5361 1182 5415 sed
1214 5369 1395 5414 omnes
1427 5361 1842 5418 immutubimur.

361 5435 386 5472 ι)
421 5433 790 5488 Rt-stitoimus
862 5431 1194 5487 (molitionem
1249 5448 1351 5504 pro
1397 5431 1773 5490 absolutionem
1817 5453 1884 5492 ex

292 5505 584 5561 Victoriani
613 5504 818 5573 alzqnot
847 5520 977 5557 mss.

361 5588 385 5616 ο
417 5579 696 5641 Hactenus
725 5576 1039 5629 obtinuerat
1083 5591 1187 5631 non
1219 5593 1283 5632 ex
1316 5593 1447 5632 tuss.
1483 5577 1718 5632 lectione
1745 5621 1758 5643 ,
1791 5580 1886 5635 sed

285 5661 353 5705 ex
375 5649 597 5703 ‘Erasmi
624 5689 638 5712 ,
675 5663 835 5720 quem
883 5648 1070 5702 ceteri
1113 5649 1528 5717 descripserunt
1565 5697 1575 5714 ,
1623 5647 1844 5720 ingenio
1874 5695 1887 5719 ,

283 5724 631 5794 εμεωθήπτιιι
674 5727 737 5794 et.
795 5719 1136 5794 asceam;
1187 5736 1454 5787 expresse
1498 5735 1630 5794 vero
1655 5761 1672 5785 ,
1694 5719 1702 5720 “
1723 5733 1892 5786 atque

293 5790 601 5846 uneiulibus
674 5791 878 5868 litteris
957 5790 1311 5868 Ambrosiam
1357 5792 1660 5866 _vetustior
1715 5794 1892 5851 codex

295 5870 641 5921 HMCGHCAN
673 5870 725 5917 et
755 5863 1187 5920 AMAHCOTCIN
1219 5863 1415 5931 ha'be't;
1445 5879 1672 5936 quarum
1700 5879 1896 5922 vocum

1993 4729 2301 4782 naturaliter
2327 4745 2384 4781 ea
2415 4745 2530 4800 qua:
2558 4727 2688 4799 legis
2732 4739 2850 4782 sunt
2881 4729 3117 4798 faciunt:
3158 4733 3244 4785 isti
3286 4732 3447 4807 legem
3491 4749 3594 4787 non

1991 4819 2234 4874 habentes
2257 4864 2272 4886 ,
2301 4819 2397 4872 sibi
2439 4819 2540 4887 ipsi
2564 4831 2686 4872 sunt
2713 4818 2800 4874 lea:
2827 4866 2839 4889 ,
2869 4822 2960 4892 qui
3003 4822 3276 4876 ostendunt
3307 4833 3438 4896 Opus
3466 4822 3596 4896 legis

1989 4915 2240 4985 scriptum
2267 4913 2319 4967 in
2353 4913 2596 4968 cordibus
2627 4915 2737 4970 suis
2768 4911 2946 4986 (Rem.
2975 4933 3014 4972 tt
3035 4960 3048 4984 ,
3081 4907 3197 4990 Ἠ).
3239 4915 3318 4973 De
3349 4934 3453 4990 qua
3485 4921 3602 4990 lege

1985 5079 2222 5134 alterum
2257 5079 2640 5134 tatttuinntodo
2665 5081 2716 5136 in
2747 5082 2966 5152 gemino
2995 5082 3039 5138 Α
3071 5091 3127 5136 et
3159 5095 3195 5139 Α
3223 5083 3604 5148 intrat-ruimus,

1985 5153 2109 5225 sive
2133 5152 2464 5225 corrigittttts
2485 5153 2539 5225 riu
2569 5152 2854 5210 ἁλίσουσιν.
2887 5158 3262 5225 Qttttt‘qttitlctu
3295 5154 3608 5223 signiﬁcant

1991 5224 2046 5278 in
2069 5224 2277 5296 modum
2294 5221 2434 5296 salis
2457 5224 2655 5279 destrui
2675 5237 2830 5296 atque
2852 5221 3182 5281 evanescere:
3212 5221 3427 5280 tametsi
3459 5228 3609 5293 prior

1995 5295 2204 5366 passivo
2236 5337 2250 5361 ,
2274 5295 2459 5366 altera
2491 5297 2667 5350 activa
2703 5295 3095 5352 tet-iniustitiae
3125 5313 3186 5350 ac
3219 5300 3389 5349 turma
3422 5298 3610 5364 expri-

1993 5377 2230 5422 ntuttttn‘.
2257 5365 2328 5422 Et
2351 5376 2486 5422 Vero
2513 5369 2617 5422 hoc
2647 5379 2730 5423 est
2761 5370 2908 5435 quod
2933 5369 3092 5423 'llit't‘.
3119 5376 3287 5430 notat,
3313 5377 3611 5434 utt‘ttmtme

1993 5440 2349 5508 interpretem
2373 5457 2406 5492 a
2431 5441 2660 5507 deliquio
2683 5442 2812 5495 salis
2845 5442 3064 5494 traxisse
3091 5438 3476 5509 etymologiam.
3513 5444 3610 5494 At-

1999 5525 2104 5576 que
2135 5511 2272 5565 adeo
2302 5513 2481 5565 minus
2510 5513 2655 5566 illam
2683 5511 2981 5579 probamus
3010 5526 3171 5578 quam
3204 5527 3268 5565 cx
3318 5509 3441 5564 aliis
3472 5527 3605 5566 mss.

2000 5581 2436 5636 liloutlauconius
2465 5585 2719 5637 extundit
2748 5585 3040 5636 lcctiOuem
3070 5622 3083 5638 .
3117 5581 3422 5650 reponique
3457 5581 3611 5652 jubet

2000 5655 2280 5716 ἠλοηθὴσαν
2310 5667 2374 5708 ex
2426 5655 2593 5710 ἀλοάω
2635 5655 2827 5717 verbo,
2859 5652 3002 5720 quod
3023 5653 3610 5720 conttninuerequidem

1997 5737 2056 5782 et
2081 5727 2322 5797 frangere
2347 5726 2653 5794 signiﬁcat;
2679 5723 2904 5778 minime
2931 5737 3068 5778 vero
3091 5723 3312 5779 enatis
3335 5727 3612 5785 vocabulo

1993 5808 2222 5868 etymon
2251 5813 2410 5852 suum
2439 5797 2610 5852 ducit.
