4096 6330
14 1511 18 1636 γ

12 1726 16 1872 t

547 263 654 321 ιετ

1812 245 1872 306 S.
1914 243 2191 306 EUSEB“
2229 242 2618 305 HlERONYMI

2361 2 2546 38 .K//

3755 240 3856 303 ιεε

542 373 886 447 significatur
911 364 1244 440 in'psalmo:
1293 363 1364 422 0s
1403 362 1538 436 justi
1567 361 1901 418 meditabitur
1938 363 2157 433 sapien-
2185 361 2238 424 Α
2261 362 2426 417 etiam
2456 377 2556 416 nos
2588 371 2676 415 tua
2716 357 3036 416 fortitudine
3067 365 3341 432 protegaS.
3376 357 3458 417 Tu
3489 369 3550 415 es
3576 353 3726 416 enim
3769 359 3855 428 qui

548 472 673 525 tiam
702 515 715 536 ,
760 479 806 523 et
837 467 1020 539 lingua
1047 463 1160 534 ejus
1189 461 1431 531 loquetur
1447 457 1736 532 judicium.
1770 454 1882 509 Lex
1908 452 2003 508 Dei
2041 457 2154 525 ejus

547 565 603 619 in
644 562 799 618 corde
845 559 1023 613 illius:
1057 565 1102 610 et
1148 571 1252 609 non
1297 550 1777 624 supplantabuntur
1805 564 2011 620 gressus
2041 547 2155 617 ejus

543 654 863 728 (Ps.xxxvt,
894 652 985 718 50,
1013 649 1128 720 5|).
1160 647 1230 703 Et
1255 649 1382 718 quia
1410 644 1623 701 sciebat
1653 643 1880 714 Spiritus
1911 639 2155 712 prophe-

544 746 690 814 talis,
721 745 924 801 ntultas
955 741 1368 815 persecutiones
1395 735 1752 794 credentibus
1776 733 1913 800 fore,
1943 732 2153 788 exhor-

548 851 694 898 tatur
724 853 821 896 eos
864 838 933 893 ad
977 834 1353 891 fortitudinem
1385 875 1398 898 ,
1453 832 1618 887 immo
1667 829 1733 884 ad
1780 836 2153 897 contemptum

545 947 742 990 eorum
774 930 994 1002 quieos
1031 928 1377 1000 persecuturi
1411 935 1561 983 sunt.
1608 921 1766 990 Quod
1809 931 1864 976 ct
1893 919 2158 975 Dominus

543 1028 599 1086 in
633 1026 929 1098 Evangelio
964 1024 1330 1096 loquebatur:
1369 1019 1550 1075 Nolite
1577 1019 1757 1073 timere
1779 1033 1866 1071 eos
1897 1014 1987 1087 qui
2015 1012 2155 1068 occi-

544 1124 673 1178 dunt
701 1137 909 1194 corpus,
939 1119 1172 1174 animum
1210 1125 1381 1171 autem
1410 1131 1515 1169 non
1538 1121 1752 1184 possunt
1773 1109 2042 1166 occidere:
2068 1108 2156 1161 sed

549 1217 724 1289 potius
749 1232 864 1270 eum
897 1214 1092 1282 timete,
1111 1213 1200 1285 qui
1220 1219 1388 1282 potest
1414 1210 1644 1263 animam
1664 1217 1710 1262 et
1732 1221 1918 1277 corpus
1945 1202 2161 1276 perdere

547 1310 604 1364 in
633 1307 925 1382 gehennam
955 1304 1176 1379 (Matth.
1211 1321 1242 1358 Χ
1271 1345 1286 1368 ,
1332 1301 1450 1373 28).
1498 1301 1561 1355 Et
1597 1301 1650 1354 in
1693 1299 1800 1354 alio
1830 1298 1984 1352 loco:
2017 1292 2160 1349 Cau-

549 1406 686 1469 dcte,
715 1418 834 1458 cum
858 1417 1009 1456 omne
1031 1398 1225 1454 malum
1255 1397 1481 1451 dixerint
1503 1407 1778 1448 adversum
1801 1406 1886 1444 ros
1913 1387 2162 1443 mentien-

549 1509 622 1556 tes
651 1495 848 1571 (Ibid.,
876 1512 928 1560 v,
961 1493 1074 1566 ll).
1105 1493 1259 1549 Sicut
1282 1491 1427 1547 enim
1464 1489 1852 1544 vestimentum
1884 1482 2162 1540 consumi-

549 1603 638 1652 tur
667 1606 878 1658 verme,
911 1589 994 1644 vel
1017 1596 1308 1658 tempore;
1342 1592 1397 1639 et
1421 1585 1567 1638 sicut
1594 1582 1735 1636 lana:
1759 1595 1790 1634 a
1820 1580 1965 1634 tinea
1995 1576 2161 1632 devo-

549 1695 783 1745 rantur:
837 1687 916 1741 sic
964 1699 1127 1740 omne
1178 1687 1592 1753 persecuturum
1648 1675 2002 1747 opprobrium
2036 1686 2158 1727 cum

2257 456 2577 526 percussisti
2611 456 2906 528 superbum
2933 498 2947 521 ,
2975 455 3275 511 vulnerasti
3303 455 3603 512 draconem
3630 497 3645 519 ,
3680 471 3856 525 regem

2259 550 2514 606 videlicet
2531 549 2752 622 )Egypti
2771 550 3136 617 Pharaonem,
3157 549 3326 620 quiet
3349 553 3399 604 in
3422 547 3677 605 Ezechiel
3699 546 3858 603 draco

2259 658 2486 712 magnus
2513 643 2826 714 appellatur
2857 641 3076 715 (Ezech.
3123 641 3298 714 xxix).
3329 642 3409 696 Τιι
3453 639 3676 697 siccasti
3710 654 3855 695 mare

2259 737 2604 805 lluhrum,nt
2632 754 2728 808 per
2751 753 2921 807 aquas
2947 735 3556 801 vehementissimas,et
3589 733 3856 804 profunda

2259 830 2454 896 maris,
2483 831 2626 885 viam
2655 839 2775 885 tuus
2809 832 3041 902 populus
3069 831 3356 900 reperiret,
3383 836 3440 884 et
3463 825 3752 900 Egyptios
3783 826 3859 880 fn-

2257 934 2408 996 geret
2456 935 2870 996 persequentes.
2931 924 3036 992 Qui
3085 924 3248 994 igitur
3291 924 3390 978 ista
3443 921 3667 977 fecisti:
3718 935 3858 974 nunc

2257 1032 2472 1089 quoque
2499 1019 2812 1088 redemptos
2849 1027 2907 1072 et
2940 1018 3208 1072 liberatos
3236 1015 3502 1086 sanguine
3537 1023 3631 1069 tuo
3656 1055 3673 1076 .
3701 1013 3862 1069 reduc

2259 1110 2314 1165 in
2343 1111 2574 1177 Sioii,'et
2602 1112 2656 1166 in
2689 1111 2964 1167 ctelestem
2989 1110 3453 1175 Jerusalem,sive
3485 1110 3538 1164 in
3560 1107 3857 1164 Ecclesiam

2259 1222 2419 1277 quam
2449 1207 2541 1262 tibi
2573 1215 2664 1262 tuo
2690 1206 2954 1278 sanguine
2982 1205 3332 1277 praeparasti:
3367 1205 3420 1260 in
3449 1199 3564 1276 qua
3593 1218 3716 1259 cum
3747 1203 3855 1257 luc-

2261 1301 2368 1356 rint
2397 1300 2745 1372 ,gaudebunl
2778 1301 2965 1356 ltetitia
3000 1301 3334 1371 sempiterna
3369 1340 3382 1364 ,
3414 1308 3468 1353 et
3495 1299 3713 1354 dicent:
3741 1295 3860 1351 Do-

2262 1396 2427 1460 mine,
2456 1404 2510 1448 ut
2534 1404 2682 1449 scuto
2703 1393 2850 1449 bona:
2881 1393 3158 1449 voluntatis
3178 1403 3282 1448 tua:
3300 1392 3564 1448 coronasti
3586 1408 3681 1446 nos
3743 1389 3857 1462 (Ps.

2266 1503 2295 1538 v
2324 1529 2340 1555 ,
2375 1485 2485 1558 15).
2538 1488 2829 1544 Habebunt
2877 1490 3021 1544 enim
3072 1486 3333 1556 gaudium
3366 1496 3532 1557 atque
3569 1484 3814 1540 ltetitiam
3843 1527 3855 1548 ,

2263 1579 2500 1650 fugiente
2543 1580 2730 1636 dolore
2777 1590 2833 1636 et
2871 1581 3101 1651 gemitu.
3149 1579 3266 1634 Hoc
3310 1579 3461 1650 juxta
3511 1578 3854 1635 Hebraicum.

2264 1675 2536 1732 Cancrum
2573 1675 2724 1746 juxta
2758 1675 2900 1732 LXX
2939 1675 3242 1731 Jrrusalem
3271 1716 3285 1740 ,
3332 1673 3386 1730 id
3429 1683 3554 1739 est,
3591 1673 3859 1744 peccatrix

553 1781 1000 1855 persecutoribus
1039 1776 1416 1850 pertransibit.
1452 1772 1606 1830 Unde
1650 1781 1706 1828 et
1745 1769 1994 1840 Apostoli
2037 1766 2156 1838 glo-
2188 1759 2234 1818 Β
2261 1771 2442 1825 anima
2471 1778 2802 1840 provocatur
2822 1780 2882 1825 ut
2909 1769 3098 1825 induat
3128 1768 3501 1825 fortitudinem
3523 1767 3734 1824 brachii
3756 1769 3856 1833 sui,

553 1877 861 1940 riabantnr,
889 1871 1035 1943 quod
1063 1869 1213 1942 digni
1242 1873 1433 1923 essent
1456 1864 1628 1920 habiti
1659 1879 1757 1934 pro
1781 1861 2010 1916 Domino
2042 1857 2157 1928 pati

550 1967 917 2028 contumelias
942 1965 1083 2038 (Act.
1108 1963 1186 2034 v).
1220 1960 1612 2018 Gloriabantur
1643 1966 1825 2011 autem
1847 1954 1891 2026 ,1
1913 1953 2037 2024 quia
2066 1967 2153 2006 sa-

554 2066 641 2121 lus
664 2073 722 2120 et
744 2061 954 2134 iustitia
981 2058 1231 2124 Domini,
1272 2070 1395 2126 quae
1418 2058 1501 2109 eis
1529 2050 1812 2107 victoriam
1842 2059 1895 2104 et
1927 2046 2155 2117 prmmia

557 2155 949 2227 repromiserat
976 2194 992 2219 ,
1023 2152 1076 2209 id
1110 2161 1194 2208 est
1221 2192 1236 2216 ,
1269 2149 1528 2205 Dominus
1553 2155 1716 2217 atque
1745 2143 1997 2199 Salvator
2029 2155 2154 2212 per-

557 2247 794 2307 maneat
825 2249 881 2302 in
926 2255 1190 2302 internum
1219 2286 1234 2309 ,
1270 2242 1388 2297 sive
1433 2242 1487 2295 in
1529 2249 1762 2309 utraque
1797 2235 2158 2307 generatione

555 2343 760 2415 prioris
792 2339 976 2412 populi
998 2350 1052 2395 et
1075 2335 1430 2410 posterioris,
1462 2333 1553 2404 qui
1581 2331 1876 2386 adventum
1911 2329 2059 2384 illius
2079 2343 2159 2382 re-

554 2445 853 2508 ceperunt,
892 2435 964 2491 de
991 2449 1103 2506 quo
1137 2443 1192 2488 et
1217 2447 1382 2502 supra
1412 2429 1646 2484 dicitur:
1682 2425 1857 2496 Prope
1881 2433 1954 2480 est
1975 2424 2158 2496 justus

556 2547 717 2601 meus,
746 2545 980 2602 egressus
1007 2537 1080 2582 est
1103 2526 1334 2582 salvator
1363 2539 1528 2577 meus.

625 2624 810 2694 (Vera.
829 2624 864 2680 9
891 2622 1078 2694 seqq.)
1109 2619 1374 2692 Consurge
1400 2663 1413 2685 ,
1446 2629 1731 2688 consurge;
1770 2611 1984 2668 induere
2011 2608 2159 2682 forti—

554 2716 732 2774 tudine
781 2715 1054 2771 brachium
1100 2711 1338 2767 Domini.
1393 2706 1658 2782 Consurge
1702 2706 1836 2759 sicut
1876 2704 1930 2758 in
1981 2701 2160 2756 diebus

552 2811 783 2885 antiquis
824 2811 880 2866 in
923 2804 1340 2884 generationibus
1385 2802 1718 2859 sceculorum.
1755 2796 2024 2870 Numquid
2057 2811 2160 2849 non

552 2918 608 2962 tu
638 2903 938 2978 percussisti
969 2900 1246 2973 superbum
1271 2943 1285 2966 ,
1331 2895 1612 2952 vulnerasti
1641 2890 1957 2947 draconem?
1990 2887 2160 2943 Nunt-

550 3000 680 3071 quid
713 3014 816 3053 non
845 3006 900 3050 tu
931 2994 1135 3050 siccasti
1169 3008 1311 3048 mare
1338 3037 1351 3060 ,
1375 3006 1564 3062 aquam
1599 2986 1774 3058 abyssi
1805 2983 2115 3040 vehementis
2143 3025 2156 3048 ,

551 3093 641 3164 qui
669 3089 884 3161 posuisti
917 3085 1240 3159 profundum
1263 3085 1422 3138 maris
1450 3083 1605 3150 viam,
1637 3088 1692 3132 ut
1722 3077 2005 3133 transirent
2033 3072 2162 3128 libeo

2261 1877 2315 1921 et
2344 1865 2527 1935 priora
2555 1875 2796 1920 assumat
2824 1879 2989 1937 opera
3019 1909 3034 1934 ,
3069 1866 3215 1920 sicut
3248 1864 3426 1920 fuerat
3456 1873 3752 1934 antequam
3776 1877 3862 1919 ca-

2261 1959 2450 2015 deret:
2493 1959 2716 2030 quando
2765 1960 2816 2015 in
2868 1961 2957 2014 die
3006 1959 3330 2015 versabatur
3377 1967 3432 2013 et
3482 1957 3626 2014 luce.
3679 1956 3760 2013 Tu
3803 1974 3860 2013 es

2261 2053 2429 2118 enim,
2451 2053 2783 2124 inquit,qu.'e
2811 2053 3078 2124 superasti
3112 2052 3274 2108 latam
3298 2062 3351 2106 et
3377 2049 3538 2125 592
3564 2049 3858 2121 spatiosam

2261 2149 2403 2204 viam
2427 2164 2549 2218 qua:
2579 2148 2725 2204 ducit
2753 2147 2820 2202 ad
2849 2158 3110 2203 mortem:
3141 2155 3196 2202 et
3216 2146 3496 2218 dissipasti
3529 2144 3856 2210 draconem,

2261 2240 2546 2298 colubrum
2577 2249 2885 2296 tortuosum
2912 2259 2925 2296 :
2955 2240 3026 2296 de
3051 2257 3161 2312 quo
3191 2249 3245 2296 et
3284 2240 3336 2295 in
3371 2239 3605 2296 Psalmis
3629 2237 3855 2308 legitur:

2268 2333 2344 2389 Tu
2367 2335 2655 2389 contrivisti
2671 2336 2843 2407 capita
2860 2335 3141 2390 draconum
3163 2335 3215 2388 in
3233 2334 3382 2405 aquis
3404 2331 3526 2405 (Ps.
3549 2349 3738 2400 Lxxttt,
3753 2332 3856 2403 15).

2263 2427 2536 2484 Memento
2559 2428 2762 2499 prioris
2792 2427 3134 2484 fortitudinis
3159 2438 3285 2493 tum,
3317 2427 3462 2498 quod
3493 2427 3683 2483 saeculi
3709 2426 3860 2498 hujus

2263 2524 2562 2579 calcaveris
2593 2538 2742 2579 mare
2767 2566 2783 2589 ,
2825 2534 2880 2578 et
2912 2523 3041 2579 illud
3073 2522 3270 2580 feceris
3297 2538 3423 2579 esse
3453 2523 3739 2579 desertum
3766 2564 3780 2588 ,
3809 2531 3862 2578 et

2264 2616 2407 2670 viam
2435 2615 2711 2685 repereris
2742 2615 2795 2671 in
2829 2615 3023 2672 mediis
3049 2615 3325 2672 fluctibus.
3363 2614 3516 2671 Unde
3546 2625 3603 2672 et
3633 2617 3860 2684 Aposto-

2265 2710 2348 2766 lus
2374 2711 2571 2768 Pctrns
2604 2727 2699 2782 per
2728 2727 2879 2768 mare
2909 2711 3066 2783 hujus
3098 2711 3284 2768 smculi
3311 2713 3557 2768 transivit
3584 2712 3654 2768 ad
3687 2713 3862 2769 Domi-

2267 2813 2482 2867 num,et
2507 2805 2596 2875 qui
2625 2805 2730 2861 tide
2760 2804 3101 2874 ambulabat,
3117 2805 3285 2876 ctepit
3313 2804 3632 2862 infidelitate
3661 2807 3856 2878 mergi:

2267 2896 2371 2951 nisi
2397 2897 2544 2966 quod
2569 2896 2794 2952 dextera
2831 2897 3047 2952 Domini
3075 2908 3410 2954 sustentatus
3438 2909 3543 2954 εει.
3576 2897 3734 2955 Sicut
3763 2899 3859 2970 igi-

2267 2998 2353 3044 tur
2384 2989 2535 3060 prior
2563 2990 2790 3046 victoria
2821 2989 3054 3046 Domino
3091 2990 3388 3047 auxiliante
3431 3006 3701 3048 concessa
3740 3003 3856 3048 est:

2267 3082 2347 3137 sic
2381 3090 2436 3136 et
2477 3081 2714 3138 reversis
2760 3091 2882 3153 post
2921 3083 3334 3155 paenitentiam,
3376 3090 3432 3139 et
3477 3083 3857 3140 audientibus:

551 3153 691 3241 rati?
724 3182 790 3237 Et
811 3153 945 3237 nunc
971 3153 1060 3253 qui
1091 3180 1341 3252 redempti
1369 3186 1491 3232 sunt
1511 3193 1544 3230 a
1569 3174 1814 3242 Domino,
1837 3178 2158 3226 revertentur
2189 3153 2232 3216 C
2268 3174 2538 3248 Numquid
2573 3177 2660 3248 qui
2688 3177 2836 3230 οαάει
2858 3221 2870 3245 ,
2906 3153 3009 3231 ,ίοη
3032 3179 3246 3248 ειη-θείς)
3275 3177 3399 3230 dicit
3430 3174 3690 3234 οοηιίηιη
3719 3177 3858 3252 (ειη,

555 3289 602 3334 et
633 3277 831 3334 veniant
854 3278 910 3330 in
939 3275 1070 3331 Sion
1101 3273 1418 3341 laudantcsi;
1445 3279 1493 3324 et
1523 3268 1706 3323 laetitia
1735 3265 2049 3335 sempiterna
2070 3278 2160 3316 su-

558 3387 649 3442 per
672 3369 848 3440 capita
870 3383 1079 3424 eorum:
1096 3363 1355 3438 gaudium
1371 3370 1420 3416 et
1448 3360 1682 3415 lwtitiam
1711 3357 1974 3422 tenebunt,
1997 3353 2160 3426 fugiet

556 3465 717 3540 591
766 3463 916 3518 dolor
947 3472 994 3516 et
1032 3461 1273 3535 gemitus.
1308 3454 1486 3513 LXX:
1534 3452 1777 3523 Exsurge
1802 3496 1816 3519 ,
1848 3452 2145 3540 exsurge}—

551 3537 845 3614 jerusalem
874 3555 937 3626 *"
966 3565 1012 3610 et
1046 3552 1261 3606 induere
1307 3546 1613 3620 fortitudine
1659 3542 1861 3599 brachii
1906 3541 2003 3596 tui.
2047 3537 2163 3594 Ea:-

551 3667 704 3725 surge
731 3651 864 3706 sicut
897 3649 951 3701 in
982 3645 1246 3720 principio
1287 3642 1431 3712 diei,
1481 3642 1614 3696 sicut
1658 3638 1925 3713 generatio
1969 3633 2161 3706 scrupi-

550 3759 718 3804 terna.
753 3743 947 3801 Nonne
976 3755 1029 3796 tu
1059 3758 1110 3796 es
1149 3755 1264 3812 qua:
1290 3738 1527 3793 excidisti
1567 3735 1891 3791 latitudinem
1916 3777 1930 3800 ,
1964 3730 2161 3785 dissol-

551 3842 668 3898 risti
689 3839 1006 3896 draconem?
1023 3833 1214 3891 Nonne
1238 3843 1292 3888 tu
1308 3849 1365 3888 es
1388 3848 1506 3905 qua:
1533 3831 1788 3886 desertum
1809 3827 1973 3901 fecisti
1995 3841 2156 3893 mare,

550 3952 716 4009 aquas
753 3933 929 4006 abyssi
961 3931 1153 3985 multas
1183 3945 1202 3984 :
1233 3942 1350 4000 quae
1380 3925 1602 4000 posuisti
1647 3923 1969 3997 profundum
1998 3920 2160 3975 maris

551 4031 688 4084 viam
713 4027 986 4093 transitus,
1017 4023 1100 4077 his
1130 4021 1220 4094 qui
1248 4025 1453 4091 fuerant
1485 4017 1688 4072 liberati
1719 4026 1763 4070 et
1796 4013 2086 4086 redempti?
2115 4011 2160 4065 A

553 4121 782 4178 Domino
805 4122 945 4173 enim
965 4119 1300 4182 reducantur,
1325 4124 1373 4167 et
1401 4113 1603 4167 venient
1635 4110 1686 4162 in
1717 4109 1850 4164 Sion
1880 4124 1995 4161 cum
2029 4105 2163 4159 licti-

553 4219 627 4272 tia
647 4227 693 4271 et
715 4213 1062 4271 easultatione
1083 4219 1298 4265 (eterna.
1330 4206 1397 4262 In
1419 4206 1590 4278 capite
1611 4203 1749 4259 enim
1771 4218 1950 4257 eorunt
1976 4199 2092 4256 laus
2113 4209 2161 4254 et

555 4311 739 4367 lauitia
767 4304 1118 4378 apprehendet
1150 4319 1257 4357 eos.
1296 4299 1484 4374 Fugiet
1526 4295 1678 4352 dolor
1705 4305 1754 4350 et
1786 4311 1970 4350 mceror
1998 4305 2046 4349 et
2073 4311 2162 4366 ge-

555 4406 732 4460 mitus.
763 4402 970 4459 Nomen
1009 4395 1306 4453 Jerusalem
1335 4440 1349 4465 ,
1382 4393 1527 4466 quod
1566 4393 1654 4447 hic
1685 4407 1714 4445 a
1746 4389 1888 4446 LXX
1912 4390 2156 4447 additum

556 4510 642 4556 est
665 4540 682 4566 ,
708 4511 812 4554 nec
841 4495 896 4551 in
925 4491 1156 4550 llebrato
1186 4490 1418 4545 habetur
1441 4529 1457 4554 ,
1487 4501 1588 4542 nec
1617 4485 1758 4540 ultus
1788 4486 1948 4539 trium
1980 4485 2152 4540 inter-

2265 3285 2378 3334 vnt,
2408 3267 2490 3339 4).
2525 3269 2610 3334 Et,
2641 3268 3010 3326 Cont'ertimini
3035 3274 3104 3325 ad
3135 3288 3232 3340 me,
3261 3271 3362 3342 ﬁlii
3392 3285 3783 3341 conrertentes;
3812 3283 3857 3330 et

2264 3377 2360 3432 ego
2379 3361 2930 3425 sanabogcontritiones
2959 3375 3152 3419 uestras
3175 3361 3364 3437 (Ibid.,
3389 3381 3446 3422 ιιι
3469 3363 3513 3437 ),
3543 3366 3660 3436 ipse
3687 3368 3858 3438 porri-

2262 3465 2354 3526 get
2382 3469 2601 3510 manum
2626 3498 2641 3522 ,
2672 3466 2727 3513 et
2757 3457 2990 3513 reducet
3016 3473 3112 3513 eos
3142 3458 3195 3512 in
3221 3457 3353 3513 Sion
3381 3501 3398 3526 ,
3437 3461 3716 3530 speculam
3745 3461 3856 3516 cul-

2266 3562 2499 3619 menque
2524 3550 2782 3605 virtutum
2813 3594 2829 3617 ,
2861 3566 2983 3607 cum
3011 3547 3210 3623 gaudio
3235 3561 3398 3624 atque
3428 3551 3618 3609 latitia
3660 3553 3858 3625 sempi-

2267 3651 2415 3698 terna
2437 3685 2453 3709 ,
2480 3652 2538 3698 et
2572 3652 2738 3714 ponet
2767 3644 2820 3700 in
2850 3647 3032 3715 capite
3057 3661 3249 3702 eorum
3282 3646 3496 3702 laudem
3527 3657 3696 3720 atque
3727 3649 3859 3705 lacti-

2266 3737 2418 3793 tiam.
2447 3739 2722 3810 Sapientis
2765 3741 2910 3797 enim
2953 3740 3097 3796 oculi
3138 3740 3191 3797 in
3234 3741 3410 3808 capite
3450 3741 3602 3812 ejus;
3634 3757 3691 3801 et
3723 3745 3857 3800 hanc

2266 3834 2544 3891 habebunt
2580 3852 2841 3892 coronam
2862 3879 2877 3904 ,
2910 3837 3122 3906 istoque
3148 3836 3454 3892 diademate
3481 3851 3854 3910 protegentur,

2266 3937 2323 3983 ut
2349 3944 2568 4000 semper
2601 3929 2876 4003 gaudeant
2905 3941 2962 3987 et
2991 3931 3214 3987 laudent
3245 3932 3531 3988 Dominum
3558 3974 3574 3998 ,
3603 3937 3730 4004 quia
3761 3950 3857 4005 pro

2263 4021 2477 4089 dolore,
2509 4039 2746 4080 ntmrore
2772 4035 2825 4080 et
2849 4025 3055 4096 gemitu
3079 4027 3441 4082 successerint
3469 4027 3687 4098 gaudia.

2336 4117 2519 4189 (Vers.
2553 4118 2653 4185 12,
2691 4119 2803 4189 15.)
2836 4117 2950 4194 Ego
2969 4166 2983 4190 ,
3015 4138 3108 4192 ego
3138 4122 3244 4194 ipse
3269 4124 3578 4179 consolabor
3598 4142 3706 4182 vos.
3734 4126 3856 4194 Quis

2264 4218 2341 4280 tu,
2373 4220 2426 4263 ut
2451 4211 2682 4266 timueris
2716 4210 2895 4284 [Vulg.
2929 4211 3126 4286 timere]
3155 4213 3220 4267 ab
3239 4213 3445 4271 homine
3473 4219 3680 4274 mortali
3705 4265 3718 4286 ,
3751 4231 3795 4274 et
3824 4237 3854 4274 a

2263 4303 2375 4373 ﬁlio
2395 4303 2642 4372 hominis,
2671 4306 2762 4377 qui
2781 4307 2932 4378 quasi
2957 4308 3133 4377 fenum
3155 4309 3228 4363 ita
3245 4311 3483 4364 arescet?
3508 4309 3577 4364 Et
3597 4311 3784 4367 oblitus
3805 4330 3855 4369 es

2264 4396 2363 4452 Dei
2389 4401 2600 4470 [actoris
2626 4399 2724 4468 tui,
2748 4401 2837 4471 qui
2868 4399 3084 4456 tetendit
3114 4401 3290 4471 ctelos,
3315 4411 3362 4457 et
3377 4402 3619 4473 fundavit
3645 4414 3853 4460 terram:

2264 4500 2312 4543 et
2337 4490 2631 4560 formidasti
2649 4491 2851 4566 jugiter
2875 4502 2979 4547 tota
3005 4495 3090 4547 die
3109 4512 3141 4548 a
3166 4494 3302 4564 facie
3322 4496 3515 4567 furoris
3537 4501 3673 4571 ejus,
3702 4499 3855 4570 quite

798 4585 980 4660 posuit
1005 4627 1019 4653 ,
1047 4583 1192 4640 unde
1212 4582 1373 4638 obelo
1402 4551 1826 4662 praenotandum.
1845 4589 1924 4634 est
1946 4621 1960 4646 ,
1994 4589 2047 4634 et
2076 4578 2155 4633 sic
2191 4551 2238 4612 D
2263 4551 2575 4651 tribulabat;
2617 4551 2670 4640 ei
2692 4551 2963 4656 pbrauerat
2993 4586 3062 4640 ad
3105 4551 3447 4658 perdendum.
3495 4551 3598 4643 Ubi
3624 4551 3853 4646 est

557 4699 680 4742 cum
699 4678 971 4753 superiori
999 4691 1160 4734 sensu
1183 4689 1421 4747 sequens
1442 4671 1739 4743 capitulum
1762 4669 2151 4743 copulandum.

560 4776 827 4835 Dominus
852 4772 1143 4830 credentes
1172 4771 1226 4827 in
1259 4786 1318 4826 se
1348 4769 1528 4826 fuerat
1553 4767 1893 4833 cohortatus,
1921 4766 2113 4821 dicens
2137 4782 2150 4818 :

561 4869 743 4927 Nolite
786 4868 966 4923 timere
1009 4864 1342 4938 opprobrium
1369 4861 1677 4929 hominum,
1715 4872 1762 4915 et
1804 4859 2155 4931 blasphemias

555 4982 736 5024 eorum
776 4979 840 5020 ne
883 4960 1142 5018 metuatis.
1189 4959 1542 5029 Salutemque
1583 4971 1736 5010 snam
1782 4963 1839 5010 et
1881 4952 2152 5025 justitiam

553 5061 946 5130 sempiternam
977 5058 1059 5114 eis
1089 5055 1417 5127 promiserat
1462 5053 1519 5109 in
1555 5051 1821 5106 auxilium
1847 5091 1864 5117 ,
1893 5065 2015 5121 qua:
2044 5063 2153 5104 non

553 5166 640 5215 est
668 5154 776 5212 alia
804 5161 1008 5225 praeter
1028 5147 1330 5213 Christum,
1359 5145 1644 5202 brachium
1678 5143 1918 5209 Domini,
1951 5141 2019 5197 de
2049 5157 2155 5212 quo

553 5263 718 5320 supra
740 5246 984 5302 dixerat:
1009 5241 1077 5297 Et
1097 5242 1150 5296 in
1180 5239 1448 5294 brachium
1465 5253 1636 5291 meum
1657 5247 1834 5308 gentes
1853 5235 2154 5310 sperabunt.

555 5342 716 5400 Unde
749 5339 981 5412 populus
1006 5336 1248 5407 loquitur
1267 5333 1334 5389 ad
1361 5329 1645 5388 brachium
1675 5329 1924 5396 Domini,
1957 5341 2012 5384 et
2037 5329 2158 5400 ejus

551 5437 879 5507 deprecatur
906 5429 1204 5485 adventum
1225 5468 1240 5492 ,
1264 5435 1321 5480 et
1353 5422 1683 5495 promissum
1715 5421 1971 5492 implorat
1999 5422 2152 5476 auxi-

553 5531 689 5587 lium
716 5529 940 5584 dicens:
967 5523 1252 5598 Consurgo,
1271 5535 1558 5594 consurge:
1585 5518 1796 5574 induere
1818 5519 2146 5592 fortitudine,

555 5625 820 5681 brachium
843 5621 1068 5677 Domini.
1097 5618 1377 5690 Consurge
1397 5617 1540 5672 sicut
1567 5615 1619 5668 in
1651 5614 1846 5670 diebus
1873 5615 2108 5685 antiquis
2133 5658 2148 5682 ,

555 5729 612 5774 et
649 5731 866 5773 omnem
918 5727 1064 5768 tuam
1109 5726 1305 5768 exerce
1335 5707 1711 5766 fortitudinem
1742 5750 1757 5773 ,
1803 5717 1863 5764 ut
1905 5709 2000 5781 qui
2053 5725 2151 5780 per

559 5808 729 5868 multa
770 5807 968 5864 secula
1011 5804 1246 5861 Sanctos
1286 5811 1409 5861 tuos
1453 5801 1524 5858 de
1563 5800 1827 5872 periculis
1858 5801 2106 5860 liberasti
2131 5845 2148 5872 ,

2263 4678 2408 4747 furor
2434 4676 2727 4733 tribulantis
2746 4681 2772 4735 ?
2801 4678 2916 4736 Cito
2948 4682 3110 4736 veniet
3137 4683 3382 4754 gradiens
3403 4684 3471 4738 ad
3495 4687 3851 4756 aperiendum,

2263 4780 2310 4824 et
2342 4787 2443 4825 non
2467 4771 2738 4842 interficiat
2768 4789 2926 4845 usque
2952 4774 3021 4828 ad
3057 4776 3457 4832 internecionem
3479 4795 3500 4833 :
3526 4795 3620 4834 nec
3656 4781 3854 4848 deﬁciet

2264 4867 2414 4936 panis
2451 4866 2584 4936 ejus.
2630 4866 2746 4940 Ego
2780 4878 2951 4924 autem
2979 4886 3094 4924 sum
3124 4869 3379 4928 Dominus
3408 4872 3550 4932 Deus
3581 4885 3700 4932 tuus
3726 4918 3742 4944 ,
3769 4877 3853 4950 qui

2263 4960 2510 5015 conturbo
2537 4977 2680 5015 mare
2705 5007 2718 5030 ,
2749 4971 2795 5016 et
2831 4964 3175 5019 intumescunt
3213 4967 3404 5036 ﬂuctus
3425 4967 3573 5038 eius:
3602 4968 3853 5026 Dominus

2261 5055 2577 5110 exercituum
2603 5072 2786 5111 nomen
2818 5074 3002 5114 meum.
3030 5058 3196 5115 Posui
3224 5063 3375 5118 verba
3399 5080 3511 5118 mea
3537 5065 3593 5119 in
3615 5081 3704 5121 ore
3733 5074 3854 5122 tuo:

2259 5159 2307 5204 et
2329 5151 2381 5204 in
2408 5152 2589 5205 umbra
2619 5169 2804 5206 manus
2831 5169 2956 5207 metu
2977 5157 3177 5224 protexi
3199 5165 3249 5210 te
3273 5199 3287 5222 ,
3321 5166 3379 5211 ut
3410 5157 3611 5227 plantes
3633 5159 3780 5214 caelos
3808 5170 3853 5213 et

2261 5246 2446 5315 fundes
2473 5245 2701 5319 [Vitiose
2725 5257 2842 5304 erat
2867 5248 3130 5323 eﬂ'undas]
3147 5263 3357 5319 terram,
3377 5262 3425 5307 et
3442 5253 3586 5308 dicas
3607 5253 3676 5309 ad
3696 5254 3852 5311 Sion:

2265 5339 2500 5411 Papulas
2529 5358 2671 5396 meus
2697 5358 2750 5396 es
2770 5352 2846 5397 tu.
2872 5342 3050 5398 LXX:
3081 5344 3193 5417 Ego
3212 5363 3323 5400 sunt
3342 5388 3358 5412 ,
3389 5364 3483 5419 ego
3508 5365 3625 5403 sum
3645 5351 3754 5424 ipse
3769 5349 3854 5421 qui

2260 5431 2502 5486 consolor
2545 5443 2612 5487 te.
2647 5433 2790 5489 Scito
2819 5452 2936 5507 qum
2970 5436 3132 5505 fueris
3181 5446 3233 5493 et
3275 5438 3507 5495 timueris
3536 5441 3602 5495 ab
3652 5439 3854 5495 homine

2262 5523 2470 5578 mortali
2497 5567 2512 5591 ,
2553 5536 2602 5580 et
2634 5542 2666 5580 a
2694 5527 2808 5598 ﬁlio
2837 5527 3063 5582 hominis
3087 5573 3101 5599 ,
3143 5530 3232 5599 qui
3254 5533 3404 5602 quasi
3425 5532 3598 5602 fenum
3638 5533 3852 5604 arefacti

2258 5627 2377 5673 sunt
2403 5661 2418 5685 ,
2445 5629 2498 5673 et
2536 5620 2723 5676 oblitus
2749 5637 2802 5676 es
2829 5620 2929 5677 Dei
2955 5623 3166 5692 factoris
3197 5625 3272 5680 tui
3313 5643 3332 5680 .'
3357 5626 3449 5697 qui
3478 5628 3596 5698 fecit
3637 5630 3847 5696 caelum,

2260 5719 2308 5764 et
2334 5711 2572 5780 fundarit
2601 5723 2793 5767 terram
2815 5757 2830 5782 ,
2863 5723 2911 5768 et
2939 5714 3153 5770 timebas
3195 5734 3396 5787 semper
3437 5720 3639 5774 cunctis
3675 5722 3852 5774 diebus

2259 5806 2443 5878 {aciem
2492 5805 2684 5877 furoris
2731 5808 3030 5867 tribulantis
3072 5823 3121 5870 te
3149 5858 3163 5882 ,
3215 5813 3348 5868 sicut
3379 5814 3622 5885 cogitavit
3650 5815 3852 5886 auferre
