4096 6330
253 287 355 344 489

252 495 389 564 facta
400 497 592 567 fueris,
612 515 722 552 non
741 500 916 570 stabit,
933 517 1090 572 neque
1109 501 1518 576 permanebit
1557 511 1603 555 et
1631 519 1732 555 non
1775 518 1861 555 oc-

254 590 381 643 ridet
408 592 465 644 in
489 595 910 663 corruptionem,
943 603 987 647 et
1009 611 1113 648 non
1130 593 1331 662 deficiet
1351 598 1502 665 panis
1522 595 1634 663 ejus
1658 595 1720 664 *ἡ
1740 595 1863 664 quia

255 701 342 758 ego
371 684 516 740 Deus
545 696 670 742 tuus
692 689 782 758 qui
811 687 1058 742 conturbo
1083 704 1244 755 mare,
1277 698 1326 742 et
1347 705 1533 742 sonare
1563 687 1698 756 facio
1728 689 1858 757 fluc-

255 789 333 834 tus
355 783 492 853 ejus.
525 779 797 838 Dominus
834 782 1050 837 sobaoth
1082 799 1267 837 nomen
1302 782 1451 838 mihi.
1481 781 1686 838 Ponam
1705 782 1861 837 verba

253 877 543 951 593mm
572 882 629 936 in
653 899 742 939 ore
765 891 875 949 tuo,
901 893 946 937 et
963 884 1016 937 in
1044 883 1224 938 umbra
1238 900 1421 938 manus
1442 900 1568 939 mete
1593 895 1860 957 protegam

252 984 298 1030 te
321 992 338 1030 :
359 976 416 1030 in
445 993 558 1047 qua
608 979 771 1032 statui
801 971 982 1034 caelum
1003 1021 1018 1047 ,
1050 990 1096 1033 et
1129 978 1348 1048 fundavi
1379 989 1568 1033 terram
1599 996 1617 1046 ;
1647 988 1696 1035 et
1725 979 1860 1034 dicet

254 1069 404 1132 Sion,
440 1071 676 1140 pOpulus
697 1087 844 1126 meus
871 1087 921 1126 es
953 1082 1026 1126 tu.
1077 1071 1437 1127 Credenlium
1468 1072 1706 1143 populus
1738 1073 1862 1128 bra-

252 1163 436 1219 chium
481 1164 747 1232 Domini,
773 1165 864 1236 qui
911 1166 1026 1235 ipse
1064 1172 1154 1220 est
1182 1165 1277 1220 Dei
1324 1165 1494 1221 virtus
1528 1165 1730 1236 Deique
1776 1181 1864 1220 sa-

252 1256 452 1328 pientia
483 1299 498 1320 ,
527 1256 713 1312 fuerat
758 1257 1079 1327 deprecatus
1103 1301 1119 1325 ,
1147 1269 1205 1312 ut
1237 1268 1592 1330 consurgeret
1616 1301 1630 1325 ,
1659 1269 1713 1313 et
1757 1259 1861 1314 sibi

252 1351 528 1422 praeberet.
552 1350 848 1417 auxilium,
871 1361 928 1406 et
951 1352 1045 1407 illo
1072 1362 1351 1422 pugnante
1373 1368 1470 1422 pro
1488 1354 1713 1420 sanctis,
1730 1370 1862 1424 gau-

250 1443 393 1499 dium
427 1454 601 1515 atqne
634 1445 906 1509 Iaztitiam,
938 1446 1126 1516 fugato
1153 1448 1343 1502 dolore
1372 1457 1428 1503 et
1457 1451 1698 1518 gemitu,
1732 1463 1860 1514 βοε-

249 1537 518 1593 siderent.
546 1538 736 1609 Itaque
766 1539 854 1594 vel
892 1539 1172 1594 brachium
1201 1539 1446 1606 Dotniui,
1475 1541 1560 1596 vel
1596 1541 1861 1597 Dominus

252 1632 365 1701 ipse
393 1631 697 1701 respondit
725 1650 738 1685 :
773 1631 886 1704 Ego
909 1649 1061 1698 sum,
1095 1649 1187 1704 ego
1209 1649 1322 1688 sum
1353 1650 1372 1699 ;
1419 1645 1471 1689 et
1519 1649 1860 1704 nequaquam

252 1739 348 1795 per
369 1723 710 1794 Prophetas,
733 1725 827 1779 sed
854 1727 969 1795 ipse
995 1741 1092 1780 vos
1121 1726 1453 1781 consolabor
1483 1745 1494 1780 :
1523 1725 1667 1781 Deus
1693 1727 1859 1782 mise-

849 289 1494 352 COMMENTARIORUM
1539 292 1602 350 IN
1643 294 1880 350 lS.\lA:\l
1923 295 2345 356 PROPHETAM
2376 300 2506 356 LIB.
2549 303 2686 360 XIV.
2729 303 2881 360 CAP.
2925 303 3012 360 Ll.

254 414 333 470 te;
361 413 410 457 et
441 418 588 458 nunc
621 405 711 460 ubi
725 414 801 462 est
821 407 968 495 [ιιι-ρι’
993 407 1290 462 tribulantis
1315 410 1399 462 te?
1421 406 1550 462 Cum
1568 408 1866 464 enimsalra
1892 411 1945 470 Α
1971 425 2070 465 nos
2113 411 2268 479 juxta
2304 413 2630 470 llebraicum
2679 425 2732 470 et
2779 416 3030 488 Aquilam
3077 417 3344 473 vertimus

3459 311 3563 366 490

3387 437 3400 472 :
3461 417 3563 472 Po-

1963 501 2046 555 sui
2073 505 2224 556 verba
2247 521 2357 558 mea
2380 505 2432 558 in
2459 523 2546 560 ore
2573 517 2682 573 tuo,
2710 518 2755 562 et
2785 511 2840 562 in
2871 510 3054 564 umbra
3073 527 3259 564 manus
3288 527 3414 566 mea:
3447 530 3567 579 pro-

1963 595 2066 649 texi
2099 607 2165 663 te,
2197 606 2251 650 ut
2282 601 2481 668 plantes
2512 602 2684 672 cmlos,
2711 611 2758 656 et
2791 607 2975 675 fundes
3004 614 3214 666 terram.
3246 615 3294 661 et
3321 607 3464 662 dicas
3495 610 3565 662 ad

1966 689 2094 745 Sion
2120 708 2138 745 :
2168 693 2389 764 papulas
2419 711 2560 749 meus
2582 713 2636 750 es
2667 707 2742 765 tu,
2769 698 2861 754 ille
2891 700 2970 753 sic
2995 701 3277 754 transtulit
3308 719 3321 756 :
3358 701 3562 756 Ponant

1963 784 2115 838 verba
2165 802 2275 839 mea
2301 787 2354 840 in
2384 803 2473 841 ore
2505 796 2591 842 tuo
2619 834 2632 857 ,
2664 800 2712 843 et
2735 791 2787 844 in
2810 790 2992 846 umbra
3022 809 3203 847 manus
3239 810 3365 847 mete
3389 805 3566 865 prote-

1964 893 2082 949 gam
2106 888 2174 942 te,
2197 879 2250 933 in
2278 896 2378 949 qua
2398 882 2629 953 plantavi
2657 885 2859 952 coelum,
2884 897 2930 939 et
2953 887 3169 956 fundavi
3197 898 3391 942 terram
3411 901 3478 957 ,et
3505 900 3562 944 ut

1964 969 2133 1024 dicam
2151 970 2314 1027 Sion:
2344 974 2567 1044 pOpulus
2597 992 2739 1030 meus
2767 993 2819 1031 es
2850 988 2924 1031 tu.
2956 977 3117 1033 Juxta
3149 979 3317 1049 LXX,
3346 981 3411 1034 ad
3441 997 3560 1034 om-

1965 1080 2090 1120 nem
2137 1066 2482 1123 credentium
2530 1069 2730 1124 dicitur
2785 1071 3060 1136 animam,
3092 1074 3216 1140 quia
3259 1083 3440 1127 creata
3499 1073 3566 1128 ad

1964 1159 2255 1228 imaginem
2299 1170 2353 1215 ct
2393 1161 2808 1216 similitudinem
2869 1165 2998 1228 Dei,
3029 1181 3183 1219 suam
3230 1165 3566 1234 ignoraverit

1966 1251 2288 1322 dignitatem
2327 1272 2341 1318 ;
2375 1255 2471 1311 sed
2531 1256 2772 1311 timuerit
2806 1257 3080 1312 hominem
3109 1268 3161 1313 et
3192 1259 3359 1314 lilium
3395 1261 3571 1316 hemi-

1969 1347 2074 1411 nis,
2111 1348 2202 1417 qui
2236 1348 2412 1403 solum
2459 1360 2642 1419 potest
2687 1367 2887 1422 corpus
2920 1354 3172 1408 occidere
3200 1400 3212 1419 ,
3244 1365 3298 1408 et
3349 1357 3573 1410 immor-

1968 1439 2135 1495 talem
2165 1457 2224 1496 se
2253 1456 2377 1496 esse
2406 1445 2667 1498 nescierit
2697 1487 2711 1510 ,
2746 1461 2844 1500 nec
2871 1445 3071 1502 dixerit
3107 1462 3227 1501 cum
3257 1448 3529 1518 l’rOpheta
3559 1468 3569 1502 :

1965 1531 2226 1588 Dominus
2267 1535 2579 1588 illuminatio
2624 1554 2737 1590 mea
2775 1547 2824 1592 et
2853 1540 3080 1594 salvator
3109 1557 3251 1595 meus
3273 1582 3288 1607 ,
3321 1558 3465 1610 quem
3509 1544 3573 1594 ti-

1967 1625 2110 1678 mebo
2139 1627 2164 1680 ?
2197 1625 2448 1681 Dominus
2477 1637 2734 1697 protector
2766 1632 2883 1684 vita:
2909 1648 3065 1698 mete,
3099 1650 3130 1685 a
3160 1650 3261 1702 quo
3303 1633 3572 1705 trepidabo

1967 1720 2088 1791 (Ps.
2119 1737 2271 1790 xxvr,
2307 1725 2358 1786 1,
2387 1722 2472 1794 2)?
2500 1724 2565 1778 Et
2587 1725 2783 1779 iterum
2815 1745 2824 1778 :
2857 1724 3117 1781 Dominus
3143 1729 3357 1801 adjutor
3387 1747 3531 1784 meus
3557 1775 3572 1796 ,
3617 1765 3620 1768 ~

251 1819 619 1875 ricordiarum
660 1865 673 1887 ,
705 1829 760 1874 et
788 1819 952 1876 Pater
1001 1821 1166 1875 totius
1213 1821 1629 1876 consolationis,
1668 1821 1864 1876 Miror-
1895 1830 1940 1889 Β
1969 1829 2071 1867 non
2099 1814 2284 1869 timebo
2305 1816 2430 1882 quid
2456 1817 2616 1886 faciat
2650 1818 2776 1871 mihi.
2807 1819 2980 1872 homo.
3015 1818 3265 1873 Dominus
3292 1823 3574 1876 auxiliator

250 1929 349 1984 que
378 1915 669 1985 quomodo
693 1958 706 1981 ,
742 1930 831 1970 me
857 1914 1080 1970 dicente
1107 1928 1273 1982 supra
1310 1932 1324 1968 :
1361 1913 1541 1968 Nolite
1568 1915 1745 1968 timere
1771 1930 1864 1984 op-

253 2007 521 2078 probrium
553 2007 828 2063 hominum
849 2017 895 2062 et
923 2007 1273 2079 blasphemia:
1303 2024 1482 2062 eorum
1509 2025 1573 2063 ne
1595 2009 1860 2075 metuatis,

251 2102 556 2158 timueritis
587 2113 1005 2172 persecutorum
1035 2102 1242 2156 rabiem
1272 2148 1286 2170 ,
1316 2111 1371 2158 cl
1423 2101 1730 2158 nescieritis
1771 2115 1868 2156 eos

253 2208 370 2251 esse
418 2195 715 2260 mortales,
749 2195 839 2266 qui
873 2194 1049 2250 instar
1077 2195 1206 2250 freni
1250 2203 1512 2251 arescunt
1542 2201 1787 2264 repente,
1813 2200 1871 2249 et

254 2299 513 2359 pereunt.
548 2289 618 2344 Et
652 2301 804 2344 certe
837 2304 903 2345 eo
932 2299 1176 2360 tempore
1223 2304 1330 2360 quo
1377 2289 1498 2344 illos
1545 2288 1863 2356 metuebas,

255 2384 465 2440 oblitus
494 2398 556 2439 es
602 2383 822 2439 Domini
853 2382 1076 2438 factoris
1109 2383 1210 2438 tui.
1245 2383 1301 2438 Si
1333 2384 1480 2438 enim
1513 2383 1617 2438 mei
1649 2395 1870 2451 semper

256 2478 521 2535 memoria
547 2479 602 2534 in
637 2487 731 2534 tuo
756 2478 952 2534 fuisset
976 2459 1144 2534 corde
1176 2485 1396 2534 versata
1423 2524 1437 2546 ,
1472 2493 1764 2548 numquam
1799 2476 1868 2532 ti-

257 2571 498 2628 muisses
545 2570 803 2626 homines
825 2615 839 2638 ,
865 2570 958 2642 qui
985 2572 1035 2625 in
1070 2571 1316 2626 cinerem
1349 2567 1688 2625 dissolvendi
1719 2578 1867 2622 sunt.

259 2665 327 2722 Et
352 2666 515 2738 cujus
544 2666 749 2722 oblitus
780 2665 881 2722 es?
915 2665 1009 2720 Dei
1038 2664 1128 2736 qui
1155 2665 1324 2720 ccelos
1348 2661 1874 2719 ineredihilivirtute

257 2761 584 2833 suspendit,
620 2770 676 2815 et
720 2769 924 2815 terram
969 2759 1153 2814 stabili
1198 2759 1342 2814 mole
1390 2756 1661 2812 fundavit.
1701 2755 1766 2809 Et
1809 2754 1875 2809 ti-

259 2855 444 2911 muisti
476 2853 830 2910 adversarios
861 2863 1005 2918 tuos,
1034 2867 1140 2908 non
1168 2851 1235 2906 ad
1268 2852 1460 2918 breve,
1486 2849 1632 2921 quod
1655 2855 1875 2921 poterat

262 2950 355 3006 tibi
387 2950 567 3021 aliqua
600 2964 671 3004 ex
701 2957 854 3018 parte
875 2947 1103 3005 concedi
1133 2965 1148 3014 ;
1181 2945 1275 3003 sed
1304 2947 1510 3017 jugiter
1539 2953 1595 3000 et
1625 2952 1736 3000 tota
1761 2944 1871 3010 die,

264 3056 322 3099 ul.
350 3059 474 3099 cum
523 3043 761 3098 haberes
791 3043 972 3098 lumen
1016 3041 1177 3108 fidei,
1209 3041 1449 3096 tenebrat
1478 3048 1533 3095 te
1560 3037 1876 3093 formidinis

264 3138 617 3210 possiderent
641 3183 654 3205 ,
689 3145 746 3192 et
774 3137 893 3208 ejus
921 3136 1014 3208 qui
1043 3143 1096 3191 te
1135 3134 1363 3206 putabat
1390 3149 1514 3190 esse
1549 3133 1872 3202 periturum.

1970 1926 2134 1977 meus,
2159 1919 2206 1963 et
2228 1926 2322 1982 ego
2344 1909 2629 1981 despiciam
2655 1913 2892 1966 inimicos
2915 1930 3052 1967 meos
3072 1913 3191 1980 (Ps.
3218 1931 3387 1982 cxvii,
3413 1917 3466 1983 6,
3493 1917 3570 1987 7).

1969 2002 2105 2072 Quid
2123 2005 2194 2059 sit
2215 2016 2395 2061 autem
2425 2006 2609 2074 homo,
2633 2008 2741 2062 alio
2767 2008 3036 2064 versiculo
3055 2011 3462 2067 demonstratur
3480 2031 3490 2067 :
3511 2012 3598 2068 In.

1969 2097 2198 2153 Domino
2237 2102 2455 2171 sperabo
2552 2119 2653 2156 non
2697 2105 2885 2158 timebo
2927 2104 3056 2175 quid
3085 2107 3241 2176 faciat
3283 2108 3412 2161 mihi
3454 2125 3576 2163 caro

1973 2191 2092 2262 (Ps.
2117 2209 2202 2260 Lv,
2227 2191 2309 2264 5).
2339 2193 2494 2250 Unde
2525 2206 2581 2250 et
2633 2211 2775 2251 nunc
2805 2196 3007 2252 dicitur
3039 2214 3050 2250 :
3087 2198 3344 2253 Timuisti
3382 2201 3448 2255 ab
3479 2201 3578 2256 ho-

1973 2288 2120 2341 mine
2164 2288 2421 2352 mortali,
2457 2297 2513 2344 et
2554 2304 2583 2343 a
2616 2290 2730 2345 tilio
2769 2290 3006 2345 hominis
3041 2335 3053 2359 ,
3085 2294 3173 2363 qui
3205 2294 3346 2348 sicut
3377 2294 3577 2351 {mnum

1973 2382 2198 2435 arefacti
2244 2390 2390 2436 sunt.
2438 2381 2629 2436 Omnis
2661 2384 2810 2438 enim
2843 2400 2971 2438 caro
3025 2383 3230 2439 frenum
3261 2429 3272 2450 ,
3303 2397 3356 2441 et
3405 2389 3584 2441 omnis

1974 2473 2144 2545 gloria
2175 2475 2298 2544 ejus
2325 2478 2480 2547 quasi
2513 2477 2610 2532 flos
2647 2478 2777 2534 fcetti
2815 2477 2970 2551 (lsai.
3005 2479 3114 2552 x1.)
3142 2525 3155 2548 ,
3189 2491 3242 2537 et
3274 2484 3467 2538 territa
3493 2483 3580 2552 ju-

1975 2567 2112 2623 dicis
2142 2578 2412 2638 poteSIate
2443 2612 2456 2633 ,
2489 2569 2657 2624 oblita
2690 2586 2750 2625 es
2777 2571 2922 2642 quod
2956 2574 3074 2642 ipse
3122 2585 3268 2629 esset
3303 2584 3581 2643 protector

1977 2668 2120 2726 tuus,
2148 2660 2238 2729 qui
2269 2661 2468 2716 coelum
2497 2662 2626 2718 fecit
2657 2673 2710 2718 et
2742 2673 2943 2720 terram
2966 2706 2981 2732 ,
3011 2675 3063 2721 et
3091 2669 3271 2721 omnia
3305 2668 3578 2724 elementa
3617 2712 3624 2720 .

1977 2771 2098 2826 quae
2121 2761 2398 2813 cernimus
2424 2774 2438 2822 ;
2483 2759 2567 2812 vel
2595 2773 2693 2814 eos
2716 2760 2885 2815 cmlos
2913 2762 3003 2832 qui
3039 2772 3258 2832 portant
3287 2763 3581 2834 imaginem

1977 2851 2387 2920 supercoelestis
2414 2894 2428 2918 ,
2462 2861 2518 2908 et
2547 2868 2668 2908 eam
2712 2861 2914 2908 terram
2967 2871 3087 2924 qua:
3135 2867 3438 2911 sementem
3472 2857 3581 2911 Do-

1978 2943 2112 2998 mini
2161 2945 2508 3014 multiplicat.
2553 2946 2689 3001 illud
2719 2958 2899 3002 autem
2926 2948 3091 3018 fquod
3127 2964 3289 3018 supra
3337 2949 3537 3004 dicitur
3570 2970 3580 3003 :

1979 3033 2050 3089 Et
2079 3052 2182 3088 non
2210 3037 2406 3090 occidet
2433 3039 2485 3091 in
2517 3041 2895 3112 corruptionem
2925 3082 2939 3104 ,
2976 3051 3021 3094 et
3051 3057 3154 3094 non
3195 3041 3397 3112 deﬁciet
3438 3042 3587 3114 panis

1982 3129 2116 3200 ejus,
2141 3130 2208 3186 de
2235 3131 2633 3187 Theodotionis
2658 3134 2902 3190 editione
2924 3151 2989 3190 ex
3020 3135 3290 3193 Hebraico
3340 3137 3584 3192 additum

268 3231 369 3288 Ubi
400 3242 488 3290 est
512 3248 644 3304 ergo
676 3247 818 3287 nunc
851 3238 1262 3302 persecuturum
1306 3229 1562 3301 superbia
1589 3228 1614 3282 ?
1645 3227 1746 3284 Ubi
1775 3242 1874 3299 po-
1902 3235 1948 3298 ρ
1981 3232 2084 3278 est.
2115 3223 2234 3292 Ipse
2259 3225 2551 3280 conturbat
2581 3241 2755 3292 mare,
2787 3235 2842 3282 et
2868 3242 3067 3282 sonare
3091 3227 3218 3284 facit
3249 3228 3443 3284 fluctus
3473 3229 3590 3300 ejus

271 3328 436 3383 tentia
489 3325 778 3383 saecularis
804 3369 818 3394 ,
847 3339 951 3395 qua
991 3323 1044 3378 in
1081 3332 1133 3378 te
1163 3338 1261 3379 ore
1302 3322 1492 3379 rabido
1536 3319 1880 3377 saeviebant?

271 3419 390 3478 Cito
424 3421 616 3479 veniet
645 3418 792 3474 filius
818 3433 974 3474 meus
999 3462 1012 3485 ,
1045 3416 1303 3488 gradiens
1329 3425 1383 3472 et
1411 3415 1746 3471 conculcans
1776 3411 1872 3468 ad-

274 3515 551 3572 versarios
581 3521 707 3568 tuos
731 3557 745 3578 ,
775 3521 833 3567 ut
875 3511 1088 3581 aperiat
1131 3510 1226 3566 tibi
1259 3510 1400 3564 viam
1450 3508 1693 3564 victoriae
1723 3525 1734 3560 :
1763 3505 1880 3562 sive

277 3619 335 3665 ut
364 3609 572 3664 inferos
616 3615 863 3673 reseret,
892 3605 987 3677 qui
1022 3619 1128 3658 non
1171 3601 1462 3660 interficiat
1489 3615 1666 3672 usque
1693 3599 1762 3654 ad
1799 3600 1881 3653 iu-

281 3703 697 3766 ternecionem;
740 3698 839 3754 sed
868 3697 1002 3754 velit
1040 3698 1256 3754 salvare
1282 3709 1603 3752 conversos.
1639 3693 1881 3764 Denique

280 3798 432 3869 panis
461 3797 615 3852 illius
639 3835 654 3862 ,
687 3793 781 3865 qui
813 3795 1227 3864 interpretatur,
1263 3789 1563 3857 Evangelia
1594 3788 1878 3858 probante,

281 3892 553 3960 doctrina,
588 3904 866 3960 nunquam
897 3887 1138 3954 deficiet,
1173 3885 1268 3941 sed
1320 3899 1540 3955 semper
1568 3881 1883 3937 volentibus

282 3990 346 4045 ad
375 3985 706 4044 vescendum
755 3982 986 4054 patebit.
1019 3980 1299 4051 Simulque
1337 3976 1723 4049 apostropham
1756 3973 1888 4030 facit

285 4084 349 4141 ad
380 4083 607 4147 Filium,
639 4095 801 4152 quem
849 4078 959 4133 cito
1005 4074 1277 4148 promittit
1307 4089 1431 4130 esse
1469 4079 1761 4128 venturum
1789 4115 1802 4138 ,
1833 4077 1890 4126 et

287 4180 440 4251 cujus
478 4191 679 4249 panem
712 4173 846 4230 dicit
892 4186 1016 4228 esse
1062 4178 1383 4242 perpetuum
1417 4187 1429 4223 :
1463 4167 1608 4239 quod
1659 4167 1777 4236 ipse
1817 4164 1889 4220 sit

284 4274 434 4344 juxta
456 4269 929 4343 dispensationem
953 4265 1133 4321 carnis
1150 4273 1442 4334 assumpta:
1461 4262 1724 4319 Dominus
1746 4260 1889 4316 Deus

289 4367 404 4438 ejus
429 4413 443 4436 ,
472 4365 568 4437 qui
625 4361 942 4418 conturbari
995 4359 1162 4415 faciat
1209 4373 1360 4414 mare
1385 4399 1398 4425 ,
1431 4364 1486 4413 et
1526 4355 1890 4411 intumescere

291 4461 484 4517 fluetus
511 4459 655 4529 ejus,
690 4465 750 4511 ut
771 4453 1062 4511 adversum
1090 4466 1283 4508 servos
1313 4466 1440 4507 suos
1471 4459 1889 4522 persecutorum

293 4555 512 4611 infletur
539 4550 831 4622 superbia,
865 4564 987 4620 qua:
1018 4547 1218 4602 iterum
1248 4586 1262 4611 ,
1293 4544 1590 4600 auxiliante
1617 4541 1848 4598 Domino
1873 4585 1887 4610 ,

1980 3318 2068 3372 cui
2105 3317 2238 3373 etin
2273 3317 2508 3374 Psalmis
2541 3321 2762 3376 canitur
2795 3340 2806 3376 ε
2840 3320 2923 3376 Tu
2970 3322 3260 3376 dominaris
3293 3323 3590 3392 fortitudini

1980 3413 2144 3465 maris
2172 3422 2218 3467 et
2243 3415 2638 3468 commotionem
2683 3416 2945 3485 fluctuum
2975 3417 3088 3486 ejus
3119 3427 3174 3471 tu
3205 3417 3412 3486 mitigas
3443 3421 3462 3491 (
3490 3416 3584 3473 Ps.

1980 3521 2249 3570 Lxxxvm,
2287 3505 2400 3578 10).
2430 3507 2486 3561 1η
2517 3507 2756 3562 Jeremia
2798 3525 3013 3579 qttoque
3039 3510 3302 3579 scriptum
3336 3519 3421 3563 est
3453 3525 3468 3562 :
3502 3509 3590 3563 Me

1982 3619 2084 3656 non
2115 3603 2378 3665 timebitis,
2409 3602 2538 3658 dicit
2562 3601 2840 3671 Dominus,
2865 3613 2912 3658 et
2939 3622 2971 3657 a
2988 3605 3118 3675 facie
3141 3621 3253 3659 mea
3282 3621 3383 3658 non
3406 3605 3590 3674 formi-

1984 3694 2206 3761 dabilis,
2235 3695 2325 3765 qui
2361 3697 2509 3767 posui
2541 3713 2728 3750 arenas
2767 3699 3041 3750 terminum
3082 3699 3244 3762 mari,
3277 3708 3588 3768 prwccptum

1983 3788 2348 3861 sempiternum
2375 3790 2514 3859 quod
2561 3807 2664 3845 non
2714 3791 2996 3860 prateribit
3041 3791 3059 3860 (
3088 3791 3285 3846 Jerem.
3319 3808 3348 3846 ν
3380 3837 3392 3860 ,
3417 3791 3489 3845 22
3517 3791 3534 3861 )
3567 3793 3590 3845 ?

1985 3881 2229 3938 Turbata
2253 3892 2382 3938 sunt
2425 3884 2592 3938 maria
2621 3926 2633 3946 ,
2665 3884 2886 3955 quando
2915 3899 3114 3953 sagena
3167 3885 3328 3958 595
3378 3885 3592 3939 Domini

1986 3978 2222 4034 extraxit
2249 3977 2477 4048 piscium
2511 3978 2913 4033 multitudinem
2950 3977 2968 4049 (
3000 3977 3189 4031 Matth.
3223 3977 3362 4051 xm).
3397 3979 3464 4033 Et
3496 3993 3592 4048 po—

1985 4072 2098 4127 suit
2137 4071 2398 4126 Dominus
2425 4072 2597 4127 verba
2628 4087 2726 4127 sua
2755 4071 2810 4126 in
2843 4087 2939 4127 ore
2969 4071 3269 4139 credentis,
3298 4083 3354 4127 et
3380 4072 3433 4125 in
3467 4089 3589 4127 um-

1989 4164 2085 4219 bra
2116 4179 2310 4218 manus
2351 4179 2464 4218 sua:
2506 4165 2747 4234 pretein
2789 4179 2935 4220 etim.
2965 4163 3065 4232 Qui
3117 4173 3171 4220 et
3212 4162 3265 4218 in
3296 4164 3594 4236 Evangelia

1988 4258 2263 4328 loquitur:
2297 4257 2524 4326 Quando
2553 4257 2988 4326 tradiderintvos,
3017 4257 3177 4312 nolite
3199 4260 3448 4329 cogitare,
3467 4276 3593 4330 quo-

1990 4350 2148 4406 modo
2173 4359 2266 4404 aut
2295 4351 2423 4422 quid
2449 4351 2734 4423 loquamini
2765 4368 2786 4418 ;
2833 4350 3043 4404 dabitur
3084 4352 3221 4404 enim
3249 4352 3392 4406 vobis
3415 4352 3469 4406 in
3500 4352 3595 4407 illa

1991 4444 2123 4499 hora
2142 4445 2266 4516 quid
2283 4445 2592 4516 loquamini.
2629 4444 2748 4498 Non
2775 4445 2912 4499 enim
2936 4461 3023 4498 vos
3049 4445 3171 4498 estis
3191 4445 3280 4514 qui.
3303 4443 3596 4514 loquimini;

1994 4538 2085 4593 sed
2113 4538 2324 4608 spiritus
2349 4539 2515 4604 patris
2541 4537 2716 4600 vestri,
2737 4537 2828 4608 qui
2849 4537 3078 4605 loquitur
3103 4537 3156 4589 in
3180 4537 3317 4590 vobis
3349 4537 3366 4607 (
3401 4535 3598 4594 Matth.

292 4649 667 4720 conquiescat.
703 4644 954 4713 Dicitque
981 4687 994 4708 ,
1029 4639 1177 4711 quod
1209 4639 1454 4710 posuerit
1493 4637 1660 4692 verba
1689 4650 1784 4691 sua
1834 4635 1886 4688 in
1917 4633 1972 4694 1)
1998 4646 2053 4696 x,
2087 4632 2174 4697 19,
2201 4630 2334 4703 ‘20).
2372 4632 2436 4685 Et
2471 4632 2524 4685 in
2565 4631 2675 4684 alio
2723 4631 2840 4684 loco
2870 4629 3002 4683 dicit
3030 4629 3094 4682 ad
3124 4630 3336 4699 justum
3373 4649 3386 4684 :
3421 4630 3600 4686 Dilata

294 4758 388 4798 ore
419 4742 564 4811 ejus.
598 4736 869 4807 Quidquid
898 4734 1046 4791 enim
1075 4732 1244 4788 Filius
1272 4730 1513 4802 loquitur
1535 4775 1549 4797 ,
1579 4728 1744 4784 verba
1791 4727 1891 4782 Pa-

295 4837 397 4894 tris
425 4844 573 4903 suut,
611 4843 666 4889 et
698 4833 749 4886 in
784 4831 972 4887 umbra
1011 4843 1202 4883 manus
1234 4841 1347 4882 sua:
1398 4823 1697 4895 protexerit
1743 4836 1892 4878 eum.

299 4931 365 4988 Et
393 4929 602 4985 idcirco
641 4933 922 4996 protectos
951 4922 1023 4977 sit
1060 4928 1119 4975 ut
1148 4920 1360 4991 plantet
1390 4918 1562 4975 caelos
1595 4928 1769 4969 novos
1798 4958 1811 4982 ,
1842 4922 1898 4968 et

299 5021 487 5079 fundet
518 5033 723 5078 terram
755 5017 918 5092 595
959 5031 1178 5080 novam,
1213 5022 1270 5069 et
1309 5012 1455 5067 dicat
1481 5011 1549 5066 ad
1597 5009 1730 5065 Sion
1755 5053 1768 5075 ,
1795 5007 1896 5062 hoc

303 5125 404 5186 est,
433 5116 500 5171 ad
549 5113 894 5169 Ecclesium:
941 5109 1176 5181 Populus
1219 5122 1360 5160 meus
1389 5122 1441 5160 es
1483 5115 1556 5158 tu.
1582 5104 1723 5172 Ergo
1767 5103 1896 5158 Sion

304 5225 408 5266 non
453 5219 542 5266 est
587 5209 693 5262 alia
721 5251 736 5274 ,
767 5205 871 5261 nisi
911 5203 1143 5275 populus
1187 5199 1308 5255 Dei.
1350 5196 1712 5270 Symmachus
1742 5193 1795 5249 in
1835 5209 1904 5249 eo

305 5305 454 5372 loco,
486 5303 582 5358 ubi
619 5316 720 5358 nos
749 5299 1021 5367 diximus,
1055 5296 1168 5352 Cito
1211 5293 1372 5348 ueniet
1402 5291 1644 5364 gradiens
1675 5288 1744 5342 ad
1773 5302 1900 5358 ape-

307 5397 542 5451 riendum
568 5435 583 5460 ,
615 5405 662 5448 et
693 5407 795 5446 non
844 5389 1117 5458 interficiat
1146 5401 1307 5454 usque
1355 5383 1423 5437 ad
1471 5381 1897 5446 internecionem,

310 5491 384 5547 ita
410 5493 808 5561 interpretatus
840 5496 920 5542 est
951 5504 962 5538 :
999 5483 1112 5538 Cito
1143 5481 1375 5552 infernus
1416 5478 1676 5549 aperietur
1696 5519 1710 5542 ,
1735 5483 1780 5529 et
1803 5491 1904 5528 non

314 5587 562 5642 morietur
591 5584 646 5638 in
688 5582 1072 5653 corruptionem
1095 5623 1108 5647 ,
1140 5574 1467 5632 subauditur
1495 5571 1750 5630 Christus
1778 5611 1792 5636 ,
1815 5569 1907 5640 qui

314 5680 370 5735 in
415 5678 608 5749 quinto
655 5675 872 5732 decimo
918 5675 1130 5744 psalmo
1180 5669 1466 5739 loquitur:
1518 5664 1642 5720 Non
1685 5661 1910 5717 derelin-

318 5789 441 5844 ques
485 5771 717 5826 animam
758 5786 922 5823 meam
965 5769 1020 5821 in
1067 5769 1274 5838 inferno
1299 5805 1314 5828 ,
1345 5779 1436 5818 nec
1477 5760 1625 5816 dabis
1674 5766 1910 5813 sanctum

323 5876 464 5922 tuum
507 5865 679 5920 videre
726 5861 1130 5933 corruptionem.
1177 5857 1234 5911 lu
1281 5870 1348 5912 eo
1400 5868 1618 5928 quoque
1655 5851 1778 5907 loco
1821 5848 1910 5905 ubi

605 5957 880 6021 PATBOL.
923 5951 1156 6015 XXIV.

1997 4741 2053 4779 os
2080 4734 2226 4778 tuum
2255 4733 2302 4776 et
2329 4724 2548 4792 implebo
2577 4722 2711 4776 illud
2739 4720 2854 4793 (Ps.
2888 4738 3049 4788 Lxxx,
3084 4722 3152 4776 l2
3173 4721 3213 4793 ).
3247 4723 3314 4778 Et
3344 4723 3544 4778 iterum
3583 4743 3596 4777 :

1997 4826 2164 4896 Aperi
2195 4839 2256 4879 os
2285 4833 2432 4878 tuum
2461 4824 2630 4878 verbo
2664 4823 2762 4878 Dei
2808 4840 2820 4875 :
2857 4820 3114 4876 Dominus
3149 4825 3283 4878 enim
3310 4824 3450 4878 dabit
3482 4840 3596 4878 ver-

1998 4927 2116 4980 bum
2146 4922 2615 4996 evaugelizantibus
2639 4924 2828 4977 virtute
2871 4925 3052 4977 multa.
3085 4923 3240 4979 Unde
3271 4923 3339 4978 ad
3372 4922 3598 4977 interio-

2000 5045 2114 5085 rem
2175 5027 2428 5084 Jeremiae
2481 5025 2760 5081 hominem
2812 5025 3054 5095 loquitur
3083 5024 3268 5092 Deus,
3314 5029 3600 5093 postquam

2006 5135 2186 5204 tetigit
2215 5149 2276 5187 os
2306 5131 2424 5202 ejus
2457 5149 2469 5184 :
2515 5129 2652 5184 Ecce
2681 5147 2775 5200 ego
2807 5129 2926 5183 dedi
2965 5143 3219 5182 sermones
3248 5143 3384 5180 meos
3421 5127 3474 5178 in
3516 5141 3604 5179 ore

2005 5243 2095 5288 tuo
2123 5230 2342 5304 (Jerem.
2366 5247 2407 5298 ι,
2428 5231 2505 5302 9).
2528 5231 2629 5298 Qui
2666 5237 2878 5301 poterat
2899 5243 3022 5283 cum
3049 5226 3340 5281 Psalmista
3371 5241 3606 5280 canere:

2007 5337 2156 5394 Misit
2181 5339 2236 5392 in
2255 5353 2342 5392 ore
2371 5353 2481 5390 meo
2501 5337 2984 5397 canticumnovum,
3012 5333 3261 5402 hymnum
3294 5329 3407 5384 Deo
3435 5341 3611 5385 nostro

2007 5439 2126 5513 (Ps.
2167 5455 2363 5506 XXXIX,
2388 5437 2465 5510 4).
2497 5438 2630 5506 Quis
2653 5448 2833 5493 autem
2863 5436 2976 5489 haec
3007 5441 3267 5501 operatus
3300 5441 3386 5488 est
3407 5434 3610 5500 omnia,

2008 5542 2111 5597 nisi
2159 5542 2425 5597 Dominus
2474 5552 2641 5612 atque
2684 5538 2978 5599 Salvator,
3011 5535 3104 5604 qui
3149 5534 3349 5591 cmlum
3395 5535 3527 5591 fecit
3565 5545 3620 5592 et

2012 5653 2306 5712 terram,et
2329 5643 2460 5699 dicit
2480 5641 2614 5698 Sion
2640 5663 2655 5697 ξ
2689 5635 2931 5708 Populus
2953 5651 3097 5690 meus
3120 5653 3172 5690 es
3197 5647 3252 5690 tu
3275 5636 3468 5707 γρυοά
3495 5654 3622 5708 pro-

2014 5746 2150 5816 priae
2179 5745 2442 5800 Ecclesia:
2469 5742 2734 5800 convenit
2763 5738 2834 5793 de
2862 5736 3118 5806 gentibus
3150 5748 3521 5812 congregatae.
3553 5741 3625 5797 Et

2015 5849 2072 5904 in
2104 5846 2247 5902 Osee
2275 5842 2633 5900 credentibus
2662 5839 2978 5914 pollicetur,
3005 5838 3202 5897 dicens
3228 5859 3242 5896 ε
3287 5841 3496 5898 vocabo
3523 5858 3628 5900 ηοη

3106 5931 3182 5991 16
