2002 3628
244 182 294 211 Ινῢὶ

244 241 371 278 populant
386 247 471 268 meum
485 261 491 274 ,
508 239 635 277 papulum
653 246 761 267 meum:
774 243 799 267 et
811 239 868 274 ipse
883 240 949 267 (licet
966 239 1029 267 mihi
1044 246 1053 265 :

245 289 316 316 Deus
331 297 402 315 meus
413 297 439 316 es
450 293 478 316 tu
492 288 586 325 (Osee.
602 296 633 321 ιι,
650 287 708 323 24),

283 334 374 370 (Vers.
393 335 426 362 17
442 334 533 370 seqq.)
555 334 679 368 Elevare,
695 333 796 362 elevare
809 357 816 368 ,
832 342 957 371 consurge
967 333 1046 362 Jeru-

242 381 336 415 salem,
351 390 410 417 qua:
427 381 512 409 bibisti
526 382 558 409 de
573 390 651 409 manu
663 380 771 408 Domini
785 381 891 409 calicem
907 382 954 409 irae
968 382 1024 417 ejus
1037 389 1047 409 :

242 437 323 463 usque
338 428 372 455 ad
387 428 499 463 fundunt
512 428 602 456 colicis
621 429 722 464 soporis
743 428 829 455 bibisti
842 450 848 460 ,
862 432 884 455 et
899 429 992 464 potasti
1004 436 1047 455 us-

242 484 290 511 que
303 475 336 502 ad
351 476 429 511 feces.
447 475 510 502 Non
524 480 562 503 est
576 476 621 509 qui
636 480 649 494 α
662 479 786 502 sustentet
799 483 867 509 eam,
885 484 917 503 ea:
930 475 1047 503 omnibus

243 523 307 558 ﬁliis
320 531 385 558 quos
399 523 487 558 genuit
512 531 521 550 :
544 528 568 550 et
582 531 632 550 non
647 527 684 551 est
694 523 738 558 qui
753 523 931 559 apprehendat
942 530 1047 550 manum

244 573 311 609 ejus,
324 579 357 598 ea;
382 570 501 597 omnibus
527 570 589 605 [iliis
603 578 667 605 quos
688 571 818 597 enutrivit.
836 569 897 597 Duo
914 574 974 597 sunt
991 578 1047 605 quin

244 621 412 644 occurrerunt
424 617 482 649 tibi,
497 617 556 652 quis
571 616 766 643 contristabitur
782 625 859 651 super
876 621 899 643 te
915 618 927 643 Ζ)
941 616 1047 643 castitas

243 670 268 691 et
279 665 411 697 contritio,
425 669 448 691 et
461 666 555 700 fames,
568 669 591 690 et
603 664 709 700 gladius
722 672 730 690 :
742 664 800 698 quis
811 663 990 691 consolabitur
1001 663 1048 690 te?

242 710 316 739 LXX
331 720 337 737 :
353 710 474 747 Exsurge
485 732 492 742 ,
509 718 629 746 exsurge,
642 710 742 737 elevare
757 709 903 737 Jerusalem
913 730 920 741 ,
937 717 995 743 quo:
1009 709 1049 736 bi-

243 757 305 785 bisti
331 757 363 784 de
378 765 457 784 manu
472 756 578 783 Domini
599 756 704 783 calicem
723 757 820 792 furoris
842 758 909 787 citis.
935 755 1049 783 Calicem

242 805 311 831 enim
325 804 409 831 ruintv
424 803 499 832 κόνδυ
515 804 613 839 furoris
629 804 730 831 ebibisti
748 809 772 831 et
786 804 918 831 evacuastt'
932 811 941 830 :
953 809 978 831 et
996 811 1049 831 non

244 856 300 878 erat
322 850 368 886 qui
383 850 561 878 consolaretur
573 854 597 877 te
610 859 640 877 ea:
652 851 772 878 omnibus
787 851 851 886 ﬁliis
867 851 916 877 tuis
930 858 995 886 quos
1005 859 1049 886 ge-

244 898 325 924 nuisti
338 906 347 929 ;
361 902 384 924 et
400 906 451 924 non
467 902 523 924 erat
534 898 576 931 qui
599 898 803 933 apprehenderat
823 906 928 924 manum
954 903 1025 925 tuam
1041 905 1050 925 :

245 952 327 979 neque
342 952 374 971 ea:
387 944 505 971 omnibus
520 944 583 978 ﬁliis
596 945 647 971 tuis
657 965 664 977 ,
680 953 744 980 quos
759 944 893 972 exaltasti.
912 944 971 971 Duo
996 945 1050 972 haec

245 991 378 1017 contraria
393 991 438 1017 tibi
454 998 463 1017 :
474 991 531 1025 quis
545 991 740 1018 contristabitur
751 996 836 1018 tecum
846 992 858 1019 .9
868 992 944 1018 ruina
954 997 977 1019 et
989 1000 1050 1018 con-

244 1036 332 1069 tritio,
345 1038 427 1071 fames
442 1041 466 1063 et
489 1036 594 1072 gladius
607 1044 616 1063 :
632 1037 691 1071 quis
715 1037 892 1064 conso’abitur
908 1043 931 1065 te
945 1039 956 1065 ἵ)
970 1038 1052 1066 Jeru-

242 1084 330 1110 salem
346 1088 374 1111 et
398 1082 465 1111 Sion
480 1090 543 1110 esse
563 1083 697 1120 δυὼννμον
718 1092 792 1119 stepe
807 1083 889 1111 docui
907 1093 913 1111 ε
936 1092 1050 1120 quarum

247 1129 324 1162 Sion,
341 1137 402 1164 qua:
418 1130 619 1165 interpretatur
630 1131 753 1165 specula,
769 1138 803 1158 eo
817 1132 889 1166 qttod
913 1132 940 1159 in
959 1138 1052 1160 monte

245 1177 298 1204 sita
311 1177 356 1209 sit,
375 1184 424 1204 arx
440 1183 555 1205 vocatur
572 1186 578 1204 :
596 1177 702 1213 reliqua
718 1183 811 1205 autem
827 1179 903 1206 urbis
918 1187 990 1214 pars,
1007 1180 1053 1208 Je-

247 1223 362 1250 rusalem
386 1223 509 1258 dicitur,
532 1232 593 1259 qua:
616 1225 692 1258 prius
717 1225 908 1260 appellabatur
923 1225 1003 1252 Iebus
1027 1232 1054 1254 et

248 1269 340 1296 .‘talem
358 1277 366 1296 :
381 1277 463 1305 quain
479 1278 552 1298 nunc
579 1270 661 1306 596
683 1270 821 1306 Propheta
836 1268 998 1299 cohortatur
1024 1276 1053 1299 ut

247 1322 360 1352 surgat,
374 1325 435 1352 quae
457 1317 534 1352 prius
557 1318 705 1352 negatione
729 1322 891 1351 corruerat,
908 1318 1003 1346 dicens
1026 1320 1053 1345 in

247 1364 356 1391 Domini
375 1365 503 1399 passione
520 1373 526 1390 :
545 1364 675 1399 Cruci/ige
689 1385 696 1397 ,
712 1365 836 1401 eruci/ige
863 1365 940 1393 talem
969 1373 977 1392 :
1001 1374 1053 1392 non

245 1411 371 1439 habemus
396 1420 482 1447 regem
498 1412 549 1438 nisi
570 1411 698 1439 thsarem
715 1412 724 1446 (
749 1411 828 1439 Joan.
845 1420 900 1442 xtx.
920 1413 952 1440 15
976 1412 987 1446 )
1004 1421 1009 1438 :
1026 1417 1053 1440 et.

248 1464 311 1493 agat
324 1458 528 1493 paenitentiam,
541 1462 569 1485 et
583 1458 752 1493 captivitatis
772 1458 874 1485 sentiat
891 1458 986 1490 malis,
1004 1465 1054 1485 cur

249 1512 330 1532 suum
350 1504 498 1532 attenderit
515 1504 685 1532 Creatorem.
708 1504 805 1532 Solent
820 1505 919 1532 medici
935 1504 1053 1531 amaris-

249 1552 346 1580 simam
371 1551 526 1579 antidotum
541 1574 547 1585 ,
563 1559 624 1586 qua:
644 1559 676 1580 ex
700 1557 783 1586 gustu
806 1560 904 1579 noinen
933 1551 1050 1586 accepit,

249 1600 318 1627 dare
334 1599 479 1626 stomacho
499 1599 642 1626 nanseanti
657 1620 663 1631 ,
680 1602 709 1625 ut
725 1598 822 1626 noxios
838 1598 967 1626 humores
988 1606 1054 1625 evo-

874 179 904 208 S.
927 178 1065 209 EUSEBII
1082 177 1275 207 HIERONYMI

1821 183 1860 213 £93

1068 240 1092 269 Α
1107 238 1191 265 medio
1207 238 1282 265 vestri
1294 235 1361 271 (οισι.
1379 243 1441 269 xxv,
1457 234 1513 270 27).
1531 234 1563 262 Et
1579 234 1722 262 notandum
1735 236 1796 272 quod
1808 240 1860 268 calix

1098 285 1150 312 iste
1165 285 1265 312 furoris
1286 283 1412 315 Domini,
1429 282 1537 318 gladius
1551 282 1610 316 ejus
1625 282 1678 314 sit,
1695 283 1734 317 qui
1753 283 1775 310 in
1793 285 1862 313 [ιιι-όίι)

1099 331 1216 358 mittitur
1244 334 1430 365 peccatorutn.
1457 328 1484 356 In
1520 336 1574 364 quo
1602 328 1715 363 quaestio
1743 332 1862 359 nascitur:

1099 378 1236 413 quomodo
1257 381 1320 412 post
1340 381 1434 412 potum
1452 397 1458 410 ,
1482 376 1644 403 ebrietatem
1661 376 1824 414 vomitumque
1844 386 1863 408 et

1100 424 1216 457 ruinam,
1233 424 1259 450 in
1267 423 1388 451 Jeremia
1396 422 1666 450 diealurJei-usalem
1675 431 1724 450 non
1733 432 1802 459 posse
1814 433 1866 454 con-

1099 479 1223 508 surgere.
1241 476 1269 499 et
1283 479 1356 499 nunc
1369 479 1419 506 per
1434 471 1530 498 Isaiam
1548 471 1677 506 loquatur
1689 472 1719 499 ad
1734 480 1785 499 eam
1801 481 1805 500 :
1821 473 1866 501 Ele-

1099 527 1173 552 vare,
1191 518 1308 551 elevare,
1320 526 1447 554 consurge
1461 517 1618 545 Jerusalem.
1631 518 1695 552 Qum
1709 518 1743 545 ita
1757 520 1866 549 solvitur:

1099 566 1234 600 Quamdiu
1248 566 1310 600 quis:
1322 565 1390 593 bibit
1401 566 1526 598 calicem,
1537 570 1565 593 et
1577 567 1736 599 inebriatur,
1746 571 1768 594 et
1779 567 1866 601 insanit,

1099 614 1241 649 vomitque
1255 633 1261 644 ,
1277 617 1305 640 et
1326 614 1453 646 corruit,
1470 620 1523 639 non
1540 621 1601 640 eum
1620 621 1699 648 po~se
1723 621 1867 649 consurgere,

1099 662 1216 689 necdum
1234 662 1307 688 enim
1324 661 1448 696 epotarit
1462 661 1576 688 Calicem
1594 661 1710 693 Domini,
1727 669 1772 689 nec
1795 670 1868 696 perve-

1099 710 1138 736 nit
1152 709 1186 736 ad
1200 709 1285 740 feces.
1300 714 1330 736 ut
1344 716 1407 737 eum
1422 716 1508 744 usque
1521 708 1553 735 ad
1570 709 1683 736 fundum
1698 708 1796 736 biberit.
1811 709 1870 738 Nunc

1099 761 1191 783 autem
1204 756 1237 783 ad
1246 755 1398 783 Jerusalem
1414 755 1447 783 de
1460 756 1599 790 prmterito
1608 756 1674 782 dicit
1689 760 1799 790 tempore
1812 766 1815 783 :
1826 765 1870 791 qua

1100 803 1187 829 bibisti
1201 802 1231 829 de
1244 811 1322 829 manu
1338 801 1444 829 Domini
1456 801 1560 829 calicem
1575 803 1654 839 597
1665 802 1755 836 furoris
1775 804 1824 837 ejus
1836 812 1842 829 :
1852 808 1871 830 et

1101 858 1166 883 non,
1179 857 1239 885 qum
1252 850 1333 878 bibis.
1346 850 1489 885 Simulque
1503 850 1743 882 considerandum,
1759 849 1818 885 quod
1831 858 1871 878 non

1107 898 1250 933 propheta,
1264 906 1318 925 non
1333 898 1481 933 Apostolus
1494 897 1593 925 exinde
1605 897 1686 924 fuerit
1700 898 1725 924 in
1739 897 1873 933 Judzea.qui

1068 939 1089 968 Β
1103 952 1162 971 eam
1180 944 1339 971 consolatus
1360 945 1410 974 sit,
1425 949 1452 971 et
1467 943 1683 978 apprehenderit
1704 951 1802 971 manuni
1817 943 1871 977 ejus,

1101 996 1129 1018 et
1145 991 1280 1024 iacentem
1296 991 1458 1018 eleraverit.
1475 991 1511 1018 Ex
1523 998 1577 1026 quo
1589 991 1762 1019 manifestum
1774 990 1875 1025 csl,quod

1103 1044 1165 1073 post
1175 1038 1297 1065 ultimam
1314 1038 1499 1073 captivitatem
1516 1038 1566 1065 ista
1583 1038 1728 1065 dicantur:
1742 1038 1844 1073 alioquin
1856 1038 1875 1064 in

1103 1085 1243 1121 Babylone
1258 1090 1285 1113 et
1309 1091 1370 1120 post
1393 1085 1579 1121 Babylonem,
1597 1085 1721 1112 Ezechiel
1735 1089 1760 1112 et
1785 1089 1876 1112 calcros

1104 1132 1255 1168 Prophetas
1272 1132 1400 1160 habuisse
1415 1140 1486 1163 eam,
1502 1135 1598 1159 narrat
1619 1131 1742 1158 historia.
1759 1130 1826 1163 Quod
1840 1138 1877 1157 au-

1106 1185 1160 1207 tem
1177 1180 1244 1206 dicit
1261 1188 1267 1206 :
1285 1179 1343 1206 Duo
1356 1183 1415 1206 sunt
1426 1199 1434 1211 ,
1447 1186 1505 1214 qute
1516 1183 1686 1205 occurrerunt
1700 1178 1744 1205 tibi
1756 1198 1762 1210 ,
1772 1177 1822 1205 sive
1841 1177 1879 1202 duo

1105 1228 1160 1255 hinc
1182 1227 1316 1254 contraria
1338 1226 1383 1253 tibi
1399 1234 1408 1253 :
1425 1227 1481 1261 quis
1498 1226 1694 1252 contristabitur
1708 1233 1780 1261 super
1793 1230 1813 1250 te
1829 1224 1838 1251 ?
1855 1222 1879 1250 Et

1105 1282 1156 1309 pro
1172 1274 1278 1301 duobus
1291 1295 1297 1307 ,
1313 1273 1395 1300 intert
1419 1278 1536 1306 quatuor
1553 1281 1559 1298 :
1587 1273 1742 1300 vastitatem
1756 1277 1781 1299 et
1800 1270 1880 1298 contri-

1104 1323 1218 1352 tionem.
1236 1321 1333 1348 famem
1349 1324 1376 1347 et
1390 1320 1508 1355 gladium
1525 1329 1532 1347 ε
1550 1319 1590 1347 illi
1613 1319 1707 1346 simile
1722 1324 1762 1346 est
1785 1317 1844 1353 quod
1861 1316 1880 1343 in

1105 1368 1239 1396 Psaltt-rio
1264 1373 1274 1387 ε
1299 1367 1408 1394 canitur
1425 1376 1431 1393 ε
1450 1367 1536 1394 Semel
1562 1366 1666 1393 (omitus
1701 1364 1883 1398 PSlDt’lts,tl110

1106 1415 1160 1441 [nec
1172 1414 1259 1440 audivi
1271 1421 1280 1440 :
1295 1414 1356 1448 quia
1368 1411 1539 1447 patestas‘Dei
1554 1417 1600 1445 cst,
1614 1417 1637 1439 et
1652 1412 1712 1445 tibi,
1729 1412 1835 1440 Domine,
1848 1409 1883 1435 mi-

1106 1460 1248 1488 sericordia
1265 1468 1274 1486 .'
1293 1460 1354 1495 quin
1372 1464 1399 1485 tu
1414 1458 1507 1486 reddes
1525 1459 1756 1495 unituiiiuejnrrta
1770 1462 1837 1492 Opera
1851 1463 1886 1481 sua

1105 1508 1166 1541 (Ps.
1184 1515 1238 1540 LXI,
1256 1507 1300 1539 12,
1320 1507 1377 1542 l5).
1396 1507 1428 1533 lit
1443 1506 1481 1533 ibi
1497 1506 1571 1533 enim
1590 1506 1677 1533 semel
1695 1506 1808 1540 loquitur
1822 1504 1885 1533 Deus,

1106 1554 1179 1588 quod
1195 1554 1371 1588 multipotens
1391 1553 1443 1586 sit,
1458 1558 1484 1580 el
1501 1553 1555 1579 duo
1576 1553 1653 1579 audit
1671 1551 1800 1587 Propheta
1813 1571 1818 1582 ,
1831 1547 1886 1584 quod

1106 1601 1390 1635 mnnipoteutiaillius
1403 1600 1428 1627 in
1446 1605 1561 1634 utraque
1576 1604 1655 1634 parte
1671 1598 1820 1634 praevaleat,
1835 1601 1857 1623 ut
1868 1599 1887 1621 ct

253 1651 321 1679 mat,
338 1650 365 1673 et
382 1645 469 1680 possit
484 1649 578 1673 coctos
593 1645 671 1672 cibos
687 1649 770 1679 atque
783 1644 905 1679 digestos
919 1645 945 1671 in
962 1645 1053 1671 alvum
1068 1635 1092 1667 Ο
1109 1646 1687 1682 poenitentibustribuatmiseri‘cordiam,et
1696 1642 1890 1681 permanantibus

250 1692 462 1725 transrnittere,
487 1699 558 1726 quos
591 1691 748 1726 llegmatum
776 1691 935 1726 magnitudo
968 1691 1055 1726 digeri

253 1747 307 1767 non
325 1738 445 1766 sinebat.
459 1737 545 1773 Igitur
553 1742 580 1765 et
593 1737 757 1769 Jerusalem,
769 1745 829 1772 qua:
841 1737 909 1764 bibit
923 1737 957 1764 de
971 1737 1057 1765 calice

252 1786 359 1813 furoris
375 1784 498 1818 Domini,
514 1788 543 1811 et
558 1784 592 1811 de
607 1783 683 1812 κόνδυ
698 1783 768 1819 ejus,
783 1792 862 1819 quem
878 1784 1058 1820 Symmachus

254 1836 380 1859 craterem
396 1831 595 1866 interpretatus
611 1836 651 1858 est
665 1852 672 1863 ,
688 1835 715 1858 et
728 1839 810 1866 quem
825 1831 902 1866 juxta
919 1831 1059 1859 Geneseos

254 1879 353 1907 librum
369 1899 377 1912 ,
391 1877 494 1912 Joseph
516 1877 543 1904 in
558 1877 668 1905 sacculo
690 1877 782 1904 fratris
807 1877 952 1912 Benjamin
977 1877 1060 1912 jussit

253 1926 385 1954 abscondi
401 1924 509 1960 (Cenes.
525 1924 731 1960 xuv),jnbctur
751 1924 784 1951 de
804 1925 934 1952 ebrietate
946 1932 1059 1951 consur-

253 1982 330 2010 gere,
346 1980 379 2000 eo
394 1972 467 2007 quod
484 1971 594 2004 biberit,
611 1976 638 1998 et
659 1970 844 1998 vacuefecerit
856 1991 863 2004 ,
880 1976 906 1998 et
925 1971 1062 2006 potaverit

255 2029 319 2050 eum
336 2028 423 2056 usque
438 2019 472 2047 ad
489 2019 564 2046 feces
578 2027 584 2045 ί
600 2018 671 2053 quod
690 2024 745 2045 tres
760 2026 814 2045 uno
832 2018 988 2046 indicavere
1003 2026 1062 2046 ser-

258 2075 352 2100 mone,
364 2066 377 2085 ιι
389 2066 615 2104 Ἐξεστράγμσας.
627 2065 677 2092 llic
689 2070 731 2092 cst
743 2065 815 2092 calix
832 2065 866 2092 de
878 2073 931 2100 quo
949 2066 975 2092 in
986 2065 1062 2092 Psal-

258 2116 310 2143 mis
325 2114 442 2149 legimus
459 2123 465 2141 :
480 2113 557 2139 Catia:
572 2114 597 2138 in
612 2120 692 2139 manu
705 2112 812 2139 Dotnini
827 2113 878 2139 vini
893 2113 955 2140 meri
970 2113 1062 2149 plenus

260 2161 351 2189 vitiato.
369 2160 402 2187 Et
415 2159 551 2187 inclinavit
565 2167 596 2185 ea;
616 2160 664 2185 hoc
677 2160 702 2185 in
721 2159 790 2185 illud
803 2179 811 2192 ,
824 2165 998 2186 verumtamen
1020 2160 1063 2194 [ex

258 2209 315 2244 ejus
330 2216 381 2234 non
397 2212 434 2234 est
449 2206 581 2233 exinanita
598 2214 606 2233 :
623 2206 706 2233 bibent
722 2213 811 2233 omnes
824 2211 973 2241 peccatores
989 2212 1064 2234 teme

262 2255 323 2291 (Ps.
341 2262 433 2287 Lxxtv,
449 2254 476 2286 9,
492 2253 549 2288 10).
564 2253 601 2280 De
615 2261 669 2288 quo
680 2258 707 2280 et
720 2254 753 2280 ad
768 2252 916 2280 .Ieremiam
934 2253 1005 2281 Deus
1022 2254 1064 2280 Io-

260 2301 357 2337 quitur
375 2310 380 2327 :
398 2300 478 2328 Sume
501 2300 607 2326 calicem
629 2300 679 2326 vini
702 2300 764 2326 meri
785 2299 817 2326 de
839 2308 918 2326 manu
940 2307 996 2326 mea
1013 2308 1022 2327 :
1041 2306 1065 2327 et

264 2348 414 2384 propinabis
435 2348 533 2375 cunctis
552 2347 688 2382 gentibus,
705 2347 738 2373 ad
752 2356 816 2382 quas
835 2355 883 2383 cgo
906 2347 1006 2373 mittam
1028 2352 1062 2374 te.

263 2394 297 2421 Et
313 2394 396 2421 bibent
409 2397 433 2420 et
448 2398 563 2426 voment,
580 2398 603 2420 et
618 2393 748 2419 insanient
762 2401 777 2419 τι
792 2394 859 2427 facie
872 2393 954 2428 gladii
968 2414 975 2426 ,
989 2401 1064 2429 quem

263 2450 310 2478 ego
325 2441 425 2467 mittant
439 2440 465 2467 in
483 2439 566 2467 medio
583 2448 673 2466 eorum
697 2438 812 2475 (Jercm.
834 2448 887 2467 xxv
900 2460 907 2472 ,
924 2441 956 2467 IS
972 2461 980 2473 ,
1000 2440 1063 2475 16).

261 2488 386 2523 Curaque
408 2487 470 2515 aliis
491 2486 638 2522 gentibus,
655 2491 682 2514 et
706 2486 858 2514 Jerusalem
872 2508 880 2520 ,
897 2488 1066 2523 urbibusque

265 2535 365 2562 JUtI‘JEIC
382 2534 546 2569 propinasse
562 2540 591 2559 se
606 2532 691 2563 dicat.
709 2533 791 2560 inl'ert
810 2542 815 2559 :
838 2533 883 2561 Sic
899 2534 961 2561 dicit
976 2534 1066 2561 Domi-

267 2590 315 2608 tttts
330 2581 498 2615 Omnipotens
511 2578 582 2606 Deus
598 2578 683 2606 Israel
696 2588 705 2606 :
721 2579 805 2606 Bibite
820 2585 842 2606 ct
857 2580 1030 2613 iuebriamini,
1041 2586 1065 2608 et

265 2627 392 2655 evomite:
407 2631 429 2653 et
442 2626 525 2653 cadito
541 2635 556 2652 a
575 2626 641 2660 faeie
656 2626 737 2662 gladii
750 2647 757 2659 ,
774 2634 849 2661 quem
862 2635 908 2661 ego
924 2627 1022 2653 mittant
1038 2628 1064 2655 in

303 2713 316 2726 ⁸
334 2708 361 2735 In
383 2706 577 2737 Ambrosiam,
594 2714 645 2732 non
656 2706 744 2741 estqui
758 2706 863 2733 suscitet
879 2713 935 2733 eam
948 2712 979 2732 ea:
991 2706 1062 2732 vobis

269 2744 341 2778 (iliis,
356 2748 408 2770 etc.

304 2778 458 2807 "Mendosc
483 2777 615 2814 hactenus
640 2776 757 2814 obtinuit
780 2777 989 2814 Ἐξεστράπησας
1017 2787 1066 2812 pro

269 2815 487 2852 Ἐξεστράγγισᾳς
499 2813 572 2852 quod
582 2820 613 2839 ex
627 2812 959 2852 vetustiori_Antlirtisian.
971 2819 1066 2852 exem-

271 2853 338 2884 plari
357 2849 536 2877 restituimns.
555 2849 585 2884 Iit
602 2853 723 2875 notatum
739 2849 846 2881 quidem
861 2853 902 2875 est
929 2850 1062 2876 Montiau-

268 2883 358 2915 conio.
373 2886 496 2919 Procopii
513 2885 537 2910 iu
552 2883 647 2910 Isaiam
661 2885 822 2911 auctoritate
838 2884 905 2910 hanc
919 2885 1062 2912 lectionem

270 2922 369 2949 ﬁrmari
384 2943 390 2953 ,
414 2927 528 2954 eamque
551 2926 645 2946 vocem
660 2919 732 2952 apud
758 2919 867 2947 Grtccos
893 2919 1063 2955 Interprete's

269 2959 368 2992 s-epius
385 2962 539 2984 occurrere.
554 2954 694 2990 Signiﬁcat
710 2962 775 2983 vero
787 2954 950 2983 morbaiui.

1109 1697 1135 1723 in
1148 1694 1505 1730 peccatorcddatsupplicia
1518 1702 1578 1728 qna-
1588 1699 1741 1720 merentur.
1754 1692 1825 1719 Juxta
1835 1687 1889 1723 quod

1109 1748 1136 1770 ct
1153 1743 1178 1769 in
1195 1742 1250 1769 alio
1266 1742 1327 1769 loco
1340 1741 1394 1768 duo
1408 1745 1589 1769 occurrerunt
1603 1740 1771 1772 Jerusalem,
1784 1744 1837 1773 qtne
1848 1735 1891 1762 siu-

1109 1789 1170 1823 gula
1189 1788 1250 1814 bina
1268 1788 1377 1814 habent.
1390 1787 1506 1814 Ruinam
1521 1787 1605 1820 enim,
1622 1787 1682 1814 sive
1699 1786 1841 1812 vastitatem
1858 1788 1890 1807 se»

1111 1835 1203 1870 quitur
1221 1834 1351 1861 contritio
1374 1842 1380 1860 :
1398 1834 1496 1860 [ιιιιιριιι
1513 1837 1539 1859 et
1555 1832 1677 1866 gladium
1698 1831 1827 1859 interitus.
1842 1828 1893 1853 I'os-

1111 1888 1206 1909 sumus
1222 1880 1280 1907 lucc
1293 1880 1374 1914 juxta
1390 1887 1542 1914 anagogen,
1559 1884 1586 1906 et
1599 1886 1686 1914 super
1701 1877 1790 1904 anima
1811 1872 1893 1901 intelli—

1111 1936 1177 1964 gere
1194 1927 1360 1962 peccatrice,
1376 1934 1437 1961 qum
1453 1926 1548 1953 nolens
1564 1925 1662 1953 bibere
1678 1924 1791 1953 calicem
1816 1919 1896 1948 intutis

1114 1975 1221 2002 Domini
1235 1996 1241 2008 ,
1256 1974 1323 2001 dicit
1337 1973 1363 2001 in
1388 1974 1492 2008 psalmo
1507 1982 1512 1999 ε
1529 1971 1643 1999 Domi.:e
1657 1995 1663 2005 ,
1678 1980 1711 1999 ne
1722 1972 1748 1999 in
1765 1971 1843 2005 {urere
1863 1972 1895 1992 [ιω

1113 2029 1210 2058 arguas
1226 2029 1276 2055 me,
1291 2029 1371 2053 neque
1385 2021 1412 2047 in
1428 2021 1467 2047 ira
1478 2025 1524 2047 tua
1540 2020 1669 2054 corripias
1681 2027 1723 2046 me
1737 2018 1746 2055 (
1760 2017 1802 2045 Ριι.
1819 2023 1851 2048 vt,
1862 2014 1870 2041 I
1880 2012 1896 2048 )-

1114 2070 1142 2098 Si
1153 2073 1242 2097 autem
1257 2069 1368 2100 biberit,
1385 2069 1486 2095 bonum
1501 2072 1544 2095 est
1558 2068 1581 2095 ei
1597 2075 1647 2095 sua
1660 2067 1764 2095 sentire
1778 2061 1896 2099 supplicia.

1115 2121 1142 2144 et
1157 2116 1252 2143 audire
1269 2115 1412 2142 Dominum
1429 2115 1566 2142 dicentetn
1584 2123 1590 2140 :
1612 2115 1683 2142 Cum
1698 2114 1738 2141 ira
1754 2111 1847 2140 luroris
1859 2108 1899 2135 inci

1117 2162 1272 2195 transierit,
1290 2169 1398 2189 rursum
1423 2162 1537 2189 curabo.
1563 2161 1592 2188 Et
1610 2161 1678 2188 alibi
1704 2171 1709 2187 :
1729 2156 1856 2193 Numqud
1868 2154 1899 2189 (ἰαί

1117 2209 1186 2235 cadit
1206 2217 1256 2235 non
1269 2213 1396 2245 resurget,
1411 2209 1474 2235 dicit
1494 2208 1627 2236 Dominus
1641 2209 1652 2244 (
1671 2208 1770 2236 Jereni.
1787 2214 1838 2238 \nt,
1852 2203 1865 2230 4
1877 2202 1902 2238 )ῗ

1155 2256 1245 2292 (Vers.
1262 2256 1321 2291 ΞΟ.)
1346 2256 1409 2283 Filii
1434 2257 1471 2283 tui
1492 2257 1601 2293 projecti
1625 2262 1700 2288 sunt.
1721 2256 1868 2283 dormierunt
1884 2252 1903 2276 ut

1119 2303 1202 2338 capite
1221 2303 1334 2329 onmium
1356 2303 1465 2333 viarum.
1482 2303 1547 2329 sicut
1568 2310 1634 2337 oryx
1660 2302 1817 2336 illaqueatus
1832 2306 1838 2325 :
1851 2294 1904 2330 ιιῑίιιιί

1079 2337 1106 2367 Ῑ)
1118 2349 1296 2385 indignatione
1308 2348 1421 2381 Domini,
1431 2349 1609 2384 increpatione
1623 2349 1673 2375 Dei
1686 2349 1736 2375 tui.
1752 2346 1820 2375 LXX
1833 2354 1838 2372 :
1854 2341 1904 2369 Filii

1120 2398 1157 2424 tui
1176 2397 1317 2432 indigentes
1331 2402 1355 2424 et
1368 2397 1523 2425 dormientes
1538 2398 1565 2425 in
1577 2399 1666 2430 capite
1679 2398 1796 2425 omnium
1809 2396 1890 2422 ciarum
1901 2399 1906 2417 .‘

1119 2444 1184 2470 sicut
1198 2444 1254 2470 beta
1267 2444 1413 2479 semicocta,
1424 2444 1493 2479 pleni
1504 2445 1602 2479 furoris
1612 2444 1736 2475 Domini,
1750 2448 1774 2471 et
1785 2442 1906 2477 drﬁcicntrs

1118 2498 1135 2517 a
1148 2489 1261 2516 Domino
1279 2490 1341 2517 Deo.
1356 2490 1409 2517 Pro
1424 2491 1484 2518 beta
1501 2492 1665 2525 scmicocta,
1678 2490 1782 2526 reliqui
1797 2490 1909 2521 intcrl‘rc‘

1119 2541 1170 2569 tes,
1187 2545 1291 2573 orygem
1304 2543 1407 2572 captum
1417 2543 1440 2564 et
1455 2538 1637 2574 illaqueatam,
1655 2539 1862 2566 transtulerunt,
1874 2532 1910 2567 qui

1119 2583 1252 2610 IIebraice
1274 2583 1426 2618 appellatur
1451 2591 1504 2611 τιιο
1518 2584 1605 2619 (s'm),
1630 2585 1709 2620 quod
1728 2592 1814 2621 genus
1835 2579 1911 2609 bestia:

1119 2630 1258 2657 nascentis
1271 2631 1297 2657 in
1315 2637 1419 2665 CI'I'IIIO,
1431 2629 1444 2649 δ
1460 2631 1530 2659 inter
1542 2632 1644 2659 munda
1663 2633 1794 2660 animalia
1812 2636 1823 2649 ο
1837 2631 1860 2657 in
1874 2628 1911 2655 LC-

1155 2713 1165 2726 ε
1185 2708 1281 2745 γριίιιξ
1305 2709 1330 2735 in
1349 2716 1403 2745 uno
1418 2710 1562 2743 Ambros,
1588 2711 1662 2745 quod
1684 2712 1713 2738 in
1739 2711 1836 2745 psalmo
1856 2707 1912 2734 rani-

1120 2748 1178 2785 turi
1193 2743 1290 2777 Semel,
1305 2750 1357 2772 etc.
1375 2744 1486 2780 Reliqua
1501 2755 1533 2773 cx
1548 2743 1675 2781 margine
1688 2748 1716 2774 in
1730 2743 1831 2774 textum
1846 2746 1913 2776 irrep-

1123 2784 1219 2806 scrtnl.

1155 2814 1168 2832 ί¹
1185 2815 1311 2842 Ambros.
1323 2835 1330 2848 ,
1345 2817 1412 2843 inter
1423 2817 1558 2844 immunda
1573 2819 1717 2845 animalia.
1731 2819 1786 2846 Sed
1810 2820 1914 2845 minim"

1120 2855 1146 2877 ct
1167 2856 1208 2887 est
1224 2851 1391 2887 Martiana'o,
1420 2858 1483 2887 mn,
1499 2854 1556 2881 sive
1575 2859 1629 2885 'lNl‘l
1645 2876 1652 2887 ι
1678 2856 1794 2883 Denter.
1815 2861 1864 2884 xt‘v'.
1880 2850 1914 2880 Ηῖν

1119 2886 1227 2913 mundis
1243 2887 1406 2915 animalibus
1432 2891 1637 2917 Cttnllllllll'l'nrl.
1657 2892 1719 2918 Mox
1750 2888 1915 2918 Tlioribduo-

1118 2922 1168 2949 bus
1185 2922 1275 2963 verbis
1288 2923 1368 2950 habet
1380 2923 1457 2963 idem
1474 2928 1526 2952 ms.
1546 2933 1595 2963 pro
1617 2926 1751 2954 T/ioretlt.

1155 2963 1166 2975 ι’
1188 2956 1302 2985 Leuitico
1325 2963 1350 2986 et
1375 2956 1577 2989 Deuterononiio
1600 2963 1724 2997 ponitur.
1756 2962 1854 2991 Nomen
1874 2959 1916 2988 ﬂii“

478 3197 1951 3620 l‘
