4096 6330
227 335 334 395 σοι

828 336 1470 397 COMMENTARIORUM
1511 335 1578 394 IN
1621 336 1862 398 ΙΕΑΙΔΜ

1974 339 2322 399 ιρΡιιΕΤΑΜ
2363 344 2494 401 LIB.
2537 343 2679 402 XIV.
2722 343 2876 405 CAP.
2917 346 3027 406 ιιι.

3453 351 3561 410 ιθι

224 447 392 504 vitice
433 456 492 504 et
523 448 962 508 Deutsronomio
991 452 1231 523 ponitur.
1265 453 1373 510 Pro
1399 467 1507 523 quo
1537 451 1684 510 LXX
1719 452 1857 525 Syra
1888 460 1932 516 Α
1964 471 2126 512 ntanu
2157 458 2374 514 Domini
2405 461 2632 518 calicem
2665 463 2870 519 luroris
2895 463 3031 534 ejus,
3061 473 3119 519 et
3161 465 3396 536 epolasti
3439 483 3564 522 eum

227 539 418 612 lingua
453 543 675 612 opinati
721 553 852 600 sunt
891 544 1112 614 thoretli,
1145 563 1264 616 quae
1291 546 1491 603 dicitur
1526 549 1658 602 beta.
1694 546 1862 618 598

226 631 344 690 lloc
376 632 452 690 de
482 635 718 693 nomine
738 647 1080 694 transeamus
1099 638 1166 696 ad
1192 654 1441 695 sensuum
1463 637 1590 694 Filii
1620 640 1694 696 lui
1719 638 1862 694 sicut

227 741 362 799 oryx
420 738 763 786 venatorum
823 731 1035 801 laqueis
1085 731 1354 801 irretitus,
1401 731 1748 788 dormierunt
1803 731 1859 786 in

227 821 494 890 compitis
524 831 584 876 et
623 823 850 892 plateis,
895 833 953 879 et
996 838 1162 894 super
1210 825 1408 879 nudam
1455 823 1682 880 humum
1717 822 1860 880 nuda

229 913 484 972 membra
516 924 827 986 ponentes,
871 916 1302 988 indignationem
1339 918 1557 974 Domini
1595 930 1652 975 et
1684 919 1863 974 incre-

231 1005 520 1077 patiouciu
551 1008 650 1064 Dei
671 1007 782 1078 sui,
817 1009 1049 1080 propriis
1073 1010 1307 1066 miseriis
1340 1009 1861 1067 indicarunt.Porro

228 1097 393 1169 juxta
423 1098 790 1169 Septuaginta
820 1117 833 1154 :
857 1101 947 1173 qui
971 1101 1252 1158 uoluerint
1274 1101 1477 1158 habere
1505 1102 1728 1158 divitias
1751 1101 1860 1172 api-

233 1190 464 1248 rituales
497 1192 554 1247 in
596 1193 751 1248 o:uui
788 1193 976 1262 verbo,
1004 1203 1059 1250 et
1086 1195 1340 1264 Scientia,
1381 1205 1438 1251 et
1475 1195 1731 1265 operibus
1764 1195 1862 1250 bo-

235 1285 357 1350 nis;
391 1283 496 1341 sed
527 1284 737 1342 iuerint
765 1302 1032 1358 pauperes
1061 1288 1154 1358 qui
1177 1303 1286 1344 non
1325 1288 1600 1344 sustinent
1630 1288 1860 1343 commid

235 1382 548 1450 nationem,
581 1397 922 1453 nequaquam
963 1380 1288 1438 ltabitabunt
1329 1383 1381 1437 in
1437 1382 1710 1452 domibus,
1743 1397 1863 1453 quat

235 1475 538 1532 virtutibus
586 1483 968 1544 exstruuntur,
999 1474 1094 1531 sed
1138 1478 1192 1530 in
1225 1475 1508 1546 principiis
1541 1475 1778 1545 viarum,
1810 1483 1865 1530 et

239 1566 292 1623 in
316 1569 475 1624 exitu
508 1575 802 1639 tangentes
826 1569 1028 1637 omnia,
1054 1576 1112 1625 et
1131 1568 1316 1624 omnia
1345 1567 1742 1639 relinquentes.
1762 1567 1864 1634 Qui

238 1674 392 1720 recte
415 1663 669 1720 dormire
699 1664 955 1720 dicuntur
974 1664 1066 1720 illo
1095 1680 1311 1733 somno,
1343 1665 1412 1721 de
1433 1681 1540 1736 quo
1563 1665 1822 1723 scribitur
1848 1682 1862 1721 ε

238 1755 584 1812 Dormierunt
633 1775 870 1813 somnum
910 1775 1080 1827 suum,
1125 1768 1173 1814 ct
1213 1760 1511 1814 invenerunt
1556 1759 1690 1814 nihil
1739 1757 1861 1829 (Ps.

1963 565 2134 620 usque
2155 551 2222 606 ad
2251 551 2435 608 feces:
2469 561 2526 609 et
2557 554 2657 608 lilii
2703 555 2801 621 tui,
2835 558 2924 626 qui
2948 557 2998 610 in
3031 565 3144 611 toto
3165 557 3302 614 orbe
3329 558 3567 629 dispersi

1962 652 2107 708 sunt,
2139 641 2400 714 ductique
2435 646 2631 715 captivi
2655 647 2946 716 jacuerunt
2972 649 3026 703 in
3053 649 3266 719 plateis,
3303 660 3355 706 et
3387 651 3438 706 in
3471 668 3565 706 ca-

1963 736 2165 805 pitibus
2189 738 2431 804 viarum;
2463 743 2604 795 scito
2633 751 2686 796 te
2731 751 2856 797 esse
2883 744 3270 813 pauperculam
3304 753 3360 799 et
3393 745 3568 800 humi-

1963 826 2168 896 liatam,
2197 840 2253 884 et
2297 830 2526 899 ebriam,
2558 847 2663 887 non
2710 847 2738 886 a
2781 836 2930 904 vino,
2963 835 3060 890 sed
3110 835 3297 892 lurore
3327 837 3564 893 Domini.

1963 918 2171 977 Idcirco
2201 921 2247 977 si
2272 923 2455 993 egeris
2480 925 2878 995 paenitentiam,
2908 936 2964 983 et
2990 930 3206 984 elevata
3233 932 3565 999 surrexeris,

1963 1013 2105 1069 scies
2131 1015 2354 1072 calicem
2385 1016 2602 1088 soporis
2631 1027 2688 1074 et
2717 1020 2887 1075 ruinre
2922 1038 2936 1075 :
2963 1021 3080 1078 sive
3127 1023 3286 1094 juxta
3319 1024 3571 1097 Symma-

1965 1108 2126 1164 cbum
2162 1119 2219 1166 et
2245 1109 2704 1182 Tlieodotionem,
2739 1113 3068 1172 lacerationi:
3095 1128 3142 1172 et
3190 1120 3567 1189 commotionis,

1965 1199 2034 1256 de
2061 1217 2226 1256 manu
2273 1211 2362 1258 tua
2396 1217 2518 1260 esse
2549 1204 2852 1261 tollendum
2879 1223 2892 1261 :
2925 1216 2981 1263 et
3027 1209 3217 1281 condy,
3249 1227 3350 1281 pro
3379 1226 3486 1281 quo
3516 1220 3575 1266 et

1967 1298 2020 1350 in
2053 1295 2158 1352 hoc
2205 1296 2326 1352 loco
2356 1298 2718 1368 Symmachus
2747 1312 2995 1356 craterem
3026 1302 3417 1374 interpretatus
3461 1311 3567 1373 est,

1967 1398 2020 1446 te
2058 1391 2198 1448 ultra
2233 1408 2341 1448 non
2365 1407 2489 1450 esse
2537 1393 2827 1450 bibituram
2862 1413 2875 1450 :
2906 1397 3002 1452 sed
3033 1399 3354 1454 tradendum
3377 1399 3573 1456 adver-

1967 1485 2125 1540 Sariis
2163 1485 2293 1554 tuis,
2326 1487 2416 1558 qui
2467 1487 2726 1545 dixerunt
2775 1491 2974 1547 animm
3031 1500 3160 1562 tum,
3195 1495 3488 1562 incursare,
3520 1504 3576 1548 ut

1967 1586 2288 1635 transeamus
2309 1595 2330 1635 :
2353 1580 2572 1652 illisque
2596 1581 2928 1652 dicentibus,
2951 1586 3232 1643 voluntate
3255 1588 3474 1658 propria
3494 1587 3578 1641 in-

1968 1681 2190 1727 curvata
2213 1687 2294 1728 es.
2327 1672 2393 1727 Et
2425 1675 2646 1744 posuisti
2673 1676 2822 1746 quasi
2851 1686 3044 1732 terram
3074 1695 3286 1749 corpus,
3309 1681 3426 1735 sive
3455 1677 3581 1732 dor-

1967 1779 2084 1817 sum
2108 1780 2125 1819 .'
2153 1763 2236 1820 vel
2267 1764 2428 1834 juxta
2453 1765 2844 1838 Septuaginta,
2892 1770 3066 1825 media
3105 1780 3152 1824 et
3202 1773 3424 1828 cervices
3465 1781 3580 1827 tuas

239 1868 414 1922 Lxxv,
441 1852 527 1926 6).
559 1853 681 1921 Quo
706 1869 903 1909 sannio
930 1854 1238 1923 consopivit
1260 1869 1355 1910 eos
1386 1870 1481 1910 rex
1505 1853 1864 1925 Assyrius.Et
1895 1863 1938 1924 Β
1967 1854 2099 1924 foris
2144 1857 2553 1913 transeuntibus.
2602 1858 2717 1916 Hoc
2737 1860 2898 1931 juxta
2927 1861 3220 1919 historiam
3249 1863 3462 1921 dictum
3491 1866 3586 1936 sit,

240 1957 649 2017 comparantur
675 1947 815 2003 beta:
850 1946 1180 2015 scmieoeta),
1209 1947 1352 2018 quod
1383 1963 1559 2018 genus
1587 1947 1754 2003 oleris
1783 1957 1868 2004 est

241 2041 499 2097 vilissimi
526 2052 584 2098 et
610 2042 968 2112 fragilissimi.
992 2043 1068 2098 De
1093 2042 1292 2113 quibus
1311 2043 1553 2098 oleribus
1577 2052 1710 2114 puto
1733 2043 1866 2100 illud

243 2135 298 2190 in
339 2135 583 2191 Psalmis
623 2135 730 2190 dici
759 2153 771 2188 :
805 2133 888 2189 Ne
927 2134 1109 2189 scieris
1149 2135 1203 2189 in
1232 2134 1672 2208 maliguautibus,
1707 2153 1869 2207 neque

244 2230 509 2285 atmuleris
543 2231 792 2300 facientes
825 2229 1174 2298 iniquitatem.
1224 2231 1483 2297 Quoniam
1516 2232 1648 2285 sicut
1675 2235 1868 2302 [mnum

245 2327 490 2384 velociter
514 2336 772 2396 arescent,
793 2337 843 2383 et
863 2329 995 2383 sicut
1029 2327 1174 2384 olera
1200 2329 1482 2384 herbarum
1507 2330 1610 2384 cito
1632 2329 1869 2385 desident

247 2420 368 2492 (Ps.
399 2437 597 2488 xxxvi,
639 2422 690 2489 l,
717 2421 801 2492 2).
832 2421 932 2476 Est
957 2422 1102 2477 enim
1139 2422 1524 2492 aegrotandum
1555 2421 1728 2478 cibus.
1763 2422 1869 2490 Qui

249 2516 421 2572 semel
447 2514 770 2572 incredulus
794 2525 900 2584 est,
929 2515 1240 2585 appellatur
1274 2518 1395 2571 beta
1428 2515 1616 2571 cruda.
1651 2516 1754 2582 Qui
1776 2531 1872 2571 au-

253 2619 362 2666 tem
385 2610 625 2680 simplici
657 2617 951 2666 contentus
989 2608 1116 2678 ﬁde,
1152 2609 1355 2680 absque
1387 2609 1602 2664 ratione
1639 2617 1694 2663 et
1733 2609 1868 2680 dog-

251 2712 456 2758 matnm
486 2703 724 2758 veritate
747 2701 872 2758 facit
898 2715 1065 2773 opera
1112 2701 1366 2772 justitiae,
1398 2710 1574 2769 potest
1607 2701 1715 2758 dici
1749 2701 1872 2758 beta

251 2805 432 2854 cocta.
465 2796 646 2852 Porro
679 2796 774 2867 qui
821 2796 966 2852 inter
1009 2795 1138 2851 vitia
1166 2806 1330 2867 atque
1380 2797 1615 2852 virtutes
1659 2796 1873 2852 medius

253 2889 507 2959 ﬂuctuat,
536 2899 593 2945 et
619 2889 829 2960 duplici
849 2889 1017 2946 corde
1046 2888 1260 2945 accedit
1289 2889 1356 2944 ad
1402 2890 1720 2945 servitutem
1753 2889 1871 2958 Dei,

254 2984 360 3041 iste
387 2984 700 3040 rectissime
730 2991 962 3039 vocatur
1009 2983 1131 3040 beta
1167 2983 1490 3052 semicocta,
1523 2983 1592 3038 ad
1631 2999 1791 3055 quem
1820 2991 1876 3040 ct

256 3075 310 3132 in
339 3075 673 3150 Apocalypsi
697 3075 925 3134 Joannis
953 3077 1190 3148 loquitur
1218 3077 1360 3132 Deus
1394 3093 1408 3130 ε
1441 3075 1654 3132 Utinam
1669 3085 1760 3131 aut
1782 3093 1874 3132 ca-

257 3172 396 3226 lidus
426 3188 563 3227 esses
606 3181 698 3226 aut
733 3171 956 3244 frigidus
982 3189 1000 3225 :
1024 3187 1163 3226 nunc
1196 3180 1369 3226 autem
1413 3172 1536 3242 quia
1564 3172 1768 3243 tepidus
1797 3189 1868 3242 es,

1969 1949 2114 2021 quod
2141 1951 2447 2007 Jerusalem
2478 1953 2524 2007 si
2551 1953 2771 2009 elevare
2798 1969 2860 2010 se
2885 1956 3143 2026 voluerit,
3169 1967 3334 2026 atque
3357 1972 3585 2013 consur-

1968 2059 2118 2114 gere,
2151 2059 2496 2116 nequaquam
2531 2046 2683 2102 bibat
2713 2048 2942 2106 calicem
2977 2050 3178 2107 luroris
3211 2051 3452 2121 Dmuini,
3485 2067 3586 2109 nec

1969 2137 2210 2208 patiatur
2233 2139 2370 2194 ultra
2393 2125 2514 2210 quae
2537 2140 2688 2211 prius
2715 2141 3002 2198 sustinuit.
3020 2140 3294 2199 Caeterum
3317 2155 3376 2199 ut
3397 2147 3585 2201 venia-

1971 2247 2094 2288 mus
2115 2231 2270 2303 juxta
2297 2234 2656 2306 Septuaginta
2683 2236 2749 2292 ad
2771 2237 3192 2308 intelligentiam
3215 2239 3580 2310 spiritualem,

1971 2325 2168 2380 aniunc
2190 2326 2390 2382 dicitur
2419 2327 2719 2385 humilintm
2747 2330 2910 2398 vitiis,
2937 2342 2992 2387 et
3023 2332 3192 2388 ebria:
3217 2335 3588 2403 perturbatio-

1974 2417 2156 2486 nibus,
2192 2419 2412 2473 utsciat
2451 2420 2744 2476 Dominum
2786 2421 2994 2479 habere
3024 2441 3082 2479 se
3109 2425 3371 2496 judicem,
3421 2438 3474 2484 et
3516 2429 3586 2484 de

1973 2514 2229 2568 omnibus
2277 2513 2612 2570 reddituram
2637 2531 2700 2571 se
2727 2531 2849 2571 esse
2879 2517 3170 2572 rationem.
3203 2519 3361 2587 Quod
3394 2522 3438 2574 si
3468 2521 3585 2576 luc-

1975 2608 2050 2661 rit
2079 2606 2145 2661 ad
2178 2605 2403 2660 meliora
2425 2622 2719 2674 conversa,
2750 2607 3108 2664 auferendum
3141 2612 3371 2666 calicem
3410 2613 3583 2668 ruina:

1975 2696 2046 2754 de
2090 2697 2342 2753 manibus
2373 2698 2510 2770 ejus,
2546 2710 2600 2756 et
2643 2707 2914 2757 craterem
2965 2702 3168 2758 luroris
3212 2703 3450 2774 Domini,
3489 2709 3582 2774 qui

1976 2789 2242 2860 supplicia
2266 2790 2608 2860 continebat,
2634 2792 2822 2864 dequo
2845 2804 2898 2849 et
2927 2795 3404 2853 Eseeliieldicitad
3421 2799 3582 2854 Jeru-

1979 2884 2148 2940 salem
2178 2903 2187 2938 :
2216 2883 2446 2940 Calicem
2466 2887 2658 2940 sororis
2683 2901 2785 2941 tua:
2812 2887 3072 2944 Samaria:
3100 2889 3236 2946 bibes
3262 2892 3581 2962 profundunt

1978 2986 2024 3032 et
2047 2978 2232 3044 lutum,
2269 2987 2323 3031 ut
2361 2979 2631 3034 inebrieris
2669 2978 2851 3052 (Ezec.
2886 2996 3046 3050 xxm,
3079 2981 3207 3053 32),
3260 2983 3583 3040 tradendum

1979 3070 2033 3125 in
2065 3070 2322 3128 manibus
2362 3087 2585 3136 eorum,
2632 3073 2726 3143 qui
2771 3091 2889 3129 eam
2941 3074 3385 3134 ltumiliaverant.
3427 3078 3585 3135 Haud

1981 3161 2204 3219 dubium
2233 3165 2360 3235 quin
2407 3164 2753 3222 adversaries
2808 3166 3078 3238 signiticet
3107 3178 3432 3240 potestates,
3465 3187 3598 3241 qua}.

259 3283 492 3323 evomam
523 3266 777 3339 te(Apoc.
815 3283 894 3336 tu,
923 3267 1011 3334 i5,
1044 3266 1156 3339 l6).
1181 3267 1282 3334 Qui
1313 3267 1482 3339 tepidi
1508 3276 1564 3325 et
1591 3267 1878 3324 dormicn-
1905 3267 1952 3330 Ο
1983 3258 2246 3314 dixerunt
2294 3259 2492 3315 animus
2541 3261 2687 3317 illius
2722 3279 2734 3315 :
2782 3262 3078 3328 incursare,
3135 3275 3190 3318 ut
3237 3275 3584 3320 transeamus.

257 3369 365 3430 tes,
393 3359 545 3431 pleni
595 3368 727 3416 sunt
758 3360 958 3417 luroris
993 3361 1232 3430 Domini,
1259 3370 1316 3418 et
1335 3361 1614 3433 dissoluti,
1640 3362 1753 3418 sive
1782 3361 1878 3420 dcs

259 3453 511 3510 licieutes
567 3469 668 3523 per
719 3453 1008 3509 Dominum
1045 3454 1215 3510 Deum
1260 3473 1272 3509 :
1327 3471 1434 3510 non
1465 3469 1574 3527 quo
1615 3454 1880 3512 Dominus

261 3545 648 3628 dissolutionis
675 3559 862 3600 eorum
895 3559 1056 3600 causa
1085 3545 1178 3614 sit,
1207 3545 1296 3617 qui
1328 3557 1556 3602 mortem
1586 3562 1694 3602 non
1725 3547 1875 3616 fecit,

264 3654 366 3695 ncc
389 3638 700 3695 delectatur
728 3639 782 3694 in
812 3639 1120 3709 perditione
1156 3639 1452 3696 viventium
1488 3658 1501 3696 :
1531 3641 1626 3697 sed
1656 3658 1764 3712 quo
1787 3642 1876 3713 qui

267 3733 322 3790 in
378 3736 524 3805 Lege
571 3733 952 3805 peccaverint,
995 3749 1090 3804 per
1132 3733 1331 3806 Legem
1377 3734 1712 3806 judicentur,
1759 3753 1878 3806 quae

267 3838 526 3898 Operatur
557 3828 692 3882 iram
727 3827 823 3882 Dei
856 3826 938 3882 his
960 3827 1052 3896 qui
1085 3829 1534 3895 prtevaricatores
1577 3829 1696 3900 ejus
1727 3839 1876 3885 sunt.

337 3921 522 3992 (Vers.
555 3921 622 3976 ΩΙ
673 3919 851 3992 seqq.)
882 3919 1091 3975 Idcirco
1133 3922 1260 3976 audi
1309 3921 1442 3992 hinc,
1482 3925 1800 3995 paupercula
1833 3935 1882 3981 et

264 4015 403 4070 ebria
451 4031 557 4070 non
587 4032 618 4070 a
645 4016 786 4070 vino.
817 4013 948 4070 Haec
988 4014 1118 4069 dicit
1146 4015 1446 4071 dominator
1470 4026 1591 4071 tuus
1625 4017 1878 4073 Dominus

265 4118 312 4164 et
343 4107 482 4164 Deus
511 4116 653 4177 tuus,
680 4107 769 4174 qui
813 4108 1063 4180 pugnavit
1088 4125 1184 4180 pro
1216 4109 1411 4178 populo
1438 4126 1532 4164 suo
1561 4126 1580 4165 :
1611 4107 1745 4165 Ecce
1785 4111 1882 4165 tuli

268 4203 332 4258 de
358 4219 518 4257 manu
547 4210 637 4256 tua
659 4202 873 4255 calicem
901 4202 1126 4270 soporis,
1171 4201 1394 4272 fundum
1429 4202 1605 4258 colicis
1638 4203 1881 4274 indigna-

267 4294 423 4350 tionis
453 4309 581 4350 mete
612 4311 630 4348 :
661 4309 764 4348 non
795 4293 1014 4366 adjicics
1041 4304 1095 4348 ut
1123 4294 1266 4349 bibas
1301 4295 1454 4352 illum
1489 4297 1648 4351 ultra.
1689 4295 1760 4351 Et
1787 4315 1881 4368 po—

271 4409 389 4447 nam
439 4393 593 4448 illuni
642 4393 696 4446 in
739 4409 896 4446 manu
941 4407 1140 4457 eorum,
1165 4393 1253 4462 qui
1284 4402 1331 4446 te
1374 4389 1792 4458 Itumiliaverunt,
1834 4401 1882 4448 et

270 4487 514 4543 dixerunt
545 4487 735 4543 anian
775 4496 919 4542 tum:
949 4486 1220 4542 incurvare
1245 4485 1409 4558 ἔξω
1439 4497 1494 4541 nt
1535 4496 1876 4556 transeamus,

1981 3351 2037 3408 In
2066 3369 2175 3424 quo
2208 3354 2412 3424 pariter
2433 3357 2832 3425 annotandum,
2863 3359 3008 3428 quod
3041 3374 3151 3415 non
3183 3375 3302 3416 eam
3339 3362 3590 3416 incurva-

1981 3446 2185 3516 verint,
2215 3464 2317 3504 nec
2348 3449 2455 3504 vim
2505 3449 2758 3518 fecerint,
2795 3463 2852 3506 ut
2888 3454 3037 3521 prius
3075 3465 3255 3508 erecta
3301 3453 3592 3510 inclinare-

1983 3551 2072 3598 tur
2103 3543 2158 3598 in
2205 3554 2408 3600 terram
2444 3561 2459 3597 :
2499 3545 2598 3600 sed
2640 3545 2864 3616 proprio
2897 3546 3127 3601 arbitrio
3172 3547 3586 3618 dereliquerint.

1982 3638 2076 3693 llla
2110 3649 2292 3696 autem
2322 3640 2489 3711 σου
2515 3641 2799 3695 voluntate
2830 3656 2926 3696 sua
2957 3641 3203 3710 posuerit
3224 3642 3468 3696 Cervices
3501 3642 3587 3696 γυι

1981 3731 2231 3800 dorsum,
2261 3734 2381 3789 sive
2405 3742 2580 3788 totum
2611 3749 2812 3804 corpus
2842 3749 3021 3802 suum,
3048 3749 3154 3788 non
3179 3735 3346 3801 intus,
3382 3734 3476 3790 scd
3510 3734 3592 3789 lo-

1983 3829 2080 3897 ris,
2108 3829 2191 3884 liis
2220 3830 2311 3898 qui
2335 3844 2454 3884 eam
2481 3829 2944 3884 coneulcaveriut.
2990 3827 3125 3884 Tale
3155 3827 3286 3898 quid
3317 3837 3374 3884 et
3414 3829 3467 3883 in
3515 3827 3588 3883 E—

1981 3921 2231 3991 vangelia
2277 3921 2509 3991 legimus
2551 3921 2706 3994 (Luc.
2761 3920 2901 3993 xm),
2940 3922 3086 3991 quia.
3125 3921 3316 3976 decem
3355 3929 3412 3976 et
3463 3930 3590 3976 octo

1981 4015 2141 4072 annis
2177 4016 2408 4072 Satanas
2440 4016 2820 4072 incurvarerat
2860 4015 3168 4078 mulierem,
3204 4030 3365 4085 quam
3401 4015 3584 4070 Domi-

1983 4125 2086 4164 nus
2130 4109 2197 4164 ad
2243 4117 2442 4164 statum
2497 4109 2788 4178 pristinum
2819 4107 3013 4178 erexit,
3057 4117 3113 4162 ut
3145 4118 3328 4179 posset
3347 4109 3580 4164 dicere:

1981 4202 2171 4258 Levavi
2203 4204 2379 4258 oculos
2419 4217 2558 4257 meos
2599 4203 2654 4256 in
2703 4213 2923 4266 montes,
2956 4201 3095 4257 unde
3120 4202 3284 4256 veniet
3331 4203 3588 4257 auxilium

1982 4299 2109 4354 mihi
2148 4297 2267 4370 (Ps.
2300 4313 2426 4367 cxx,
2452 4296 2525 4369 ι);
2551 4307 2608 4353 et
2639 4315 2648 4350 :
2685 4296 2764 4350 Ad
2793 4306 2842 4351 te
2869 4297 3032 4352 lerm'i
3073 4294 3253 4352 oculos
3301 4313 3464 4366 meos,
3496 4295 3586 4368 qui

1983 4393 2187 4449 habites
2216 4393 2272 4447 in
2297 4393 2424 4447 ccclo
2449 4390 2571 4462 (Ps.
2599 4405 2774 4457 cxxu,
2799 4389 2864 4461 t).
3529 4378 3536 4382 ’

2055 4484 2212 4560 (Cap.
2238 4484 2427 4540 Lll.-—
2448 4484 2605 4541 Vers.
2635 4485 2716 4552 Ι.)
2746 4481 3032 4554 Consurge,
3065 4500 3342 4556 consurge,
3371 4485 3586 4542 induere

271 4590 315 4636 et
343 4581 564 4652 posuisti
603 4591 660 4636 ut
703 4590 896 4635 terram
927 4595 1116 4651 corpus
1137 4590 1306 4646 tuum,
1334 4589 1380 4634 et
1406 4581 1556 4649 quasi
1599 4579 1736 4634 viam
1766 4597 1883 4650 per—
1984 4579 2292 4651 fortitudine
2331 4590 2444 4649 tua,
2470 4579 2602 4636 Sion
2631 4595 2648 4634 :
2674 4579 2886 4633 induere
2909 4580 3226 4633 vestimentis
3252 4578 3436 4651 glorite
3459 4591 3581 4649 tua',

270 4675 673 4732 transeuntibus.
706 4673 850 4730 LXX
870 4691 883 4727 :
901 4673 1190 4745 Propterea
1214 4674 1361 4740 andi,
1379 4674 1651 4728 humilium
1669 4683 1712 4728 et
1733 4673 1877 4729 ebria
1903 4660 1958 4722 Ῑ)
1981 4676 2272 4733 Jerusalem
2318 4675 2496 4730 ciuitas
2535 4675 2756 4730 Sancti:
2779 4675 2902 4744 quia
2941 4689 3044 4728 non
3072 4674 3289 4744 adjiciet
3327 4675 3489 4744 ultra,
3531 4687 3586 4729 ut

273 4785 374 4824 non
404 4787 438 4823 a
467 4769 606 4823 vino.
640 4767 732 4824 Sic
758 4768 888 4822 dicit
931 4766 1187 4822 Dominus
1215 4766 1357 4822 Deus
1382 4769 1471 4836 qui
1487 4767 1695 4839 judicat
1714 4783 1879 4839 popu-

273 4860 379 4916 lum
400 4878 555 4916 suum
579 4877 598 4915 .'
621 4860 758 4918 Ecce
785 4859 882 4915 tuli
901 4860 965 4915 de
990 4876 1144 4914 manu
1170 4869 1258 4914 tua
1277 4861 1492 4916 calicem
1515 4862 1704 4924 ruinae,
1727 4860 1875 4918 κόνδυ

274 4958 468 5026 furoris
489 4957 592 5011 mei
609 4971 628 5010 ι
655 4966 698 5010 et
729 4973 831 5010 non
853 4955 1071 5026 adjicies
1107 4954 1274 5009 bibere
1295 4956 1444 5010 illum
1474 4957 1648 5011 ultra:
1675 4967 1723 5011 et
1743 4957 1878 5010 dabo

273 5064 389 5103 eum
411 5051 464 5103 in
492 5065 678 5104 manus
699 5065 896 5115 eorum,
916 5049 1003 5118 qui
1031 5056 1078 5101 te
1098 5048 1271 5118 inique
1292 5057 1684 5119 oppresserunt.
1714 5059 1760 5102 et
1781 5047 1878 5102 Itu-

274 5139 602 5197 nu’liaverunl
647 5142 788 5213 :qui
843 5139 1087 5198 dixerunt
1131 5141 1317 5197 an‘imtc
1367 5151 1486 5209 tute,
1520 5141 1775 5198 inclinare
1823 5153 1878 5197 ut

273 5244 686 5302 transeamus,et
710 5238 928 5308 posuisti
955 5235 1182 5308 wqualia
1213 5246 1361 5293 teme
1382 5237 1548 5292 media
1579 5245 1668 5293 tua
1695 5253 1726 5291 a
1749 5239 1878 5307 foris

276 5331 682 5388 transeuntibus.
711 5331 756 5387 0
795 5331 1128 5396 Jerusalem,
1169 5331 1255 5386 cui
1295 5329 1437 5386 dixi;
1473 5319 1724 5397 Ele‘vure,
1759 5334 1875 5388 ele-

274 5427 424 5497 vare,
458 5435 747 5497 consurge,
783 5433 840 5480 et
867 5415 963 5496 age
993 5425 1368 5496 paenitentiam
1399 5441 1411 5478 :
1443 5411 1569 5496 quia
1601 5423 1876 5494 bibistide

280 5616 434 5678 sive,
476 5615 586 5674 With
615 5609 727 5666 Tha
760 5626 866 5665 non
903 5610 1100 5680 legitur
1140 5610 1416 5676 Levitico,
1467 5609 1564 5664 sed
1614 5607 1883 5680 Deutero-

278 5687 452 5743 nuntii
476 5687 656 5755 capite
687 5699 814 5746 xxv,
843 5683 912 5755 tl.
932 5679 1042 5738 Nec
1069 5683 1170 5736 huc
1197 5684 1366 5755 voluit
1399 5681 1582 5755 dicere
1604 5679 1662 5736 S.
1692 5681 1882 5755 lliero-

278 5771 516 5830 nymus;
549 5750 647 5811 sed
675 5756 818 5830 quod
847 5751 961 5830 ΤΙιο
991 5753 1301 5830 attimal,_iil
1334 5763 1440 5820 est,
1477 5753 1644 5830 Oryx,
1669 5759 1761 5830 aut
1791 5750 1881 5806 bos

279 5825 576 5902 sylvestris,
608 5827 701 5896 qui
734 5825 970 5902 ruminat
998 5827 1291 5902 etAdivitlit
1327 5827 1606 5902 ungulam,
1653 5825 1722 5877 sit
1777 5835 1878 5878 nu-

282 5897 532 5958 meratus
565 5902 706 5954 inter
749 5897 949 5952 munda
995 5897 1249 5954 animalia
1281 5899 1333 5953 in
1378 5897 1618 5954 [.evitico
1647 5910 1766 5980 cap.
1804 5910 1879 5960 xt,

1981 4779 2301 4838 pertranseat
2336 4786 2430 4839 per
2461 4779 2508 4823 te
2547 4767 2941 4822 incircumcisns
2963 4775 3010 4819 et
3041 4766 3360 4822 immundus.
3391 4767 3536 4822 LXX
3572 4785 3583 4822 :

1979 4861 2241 4934 Exsurge,
2269 4865 2574 4932 exsurget-I-
2609 4860 2739 4916 Sion
2767 4876 2786 4914 :
2818 4865 2859 4926 ι·
2884 4858 3103 4915 induere
3127 4862 3434 4931 fortitudine
3465 4871 3575 4927 tua,

1980 4958 2133 5021 Sion,
2164 4966 2210 5011 et
2237 4957 2452 5010 induere
2478 4954 2645 5026 gloria
2675 4966 2785 5022 tua,
2811 4953 3106 5009 Jerusalem
3133 4956 3315 5010 civitas
3341 4955 3536 5010 Sancta
3565 4993 3577 5008 .

1981 5064 2303 5120 nequaquam
2336 5045 2473 5100 ultra
2499 5047 2736 5121 adjiciat,
2791 5056 2844 5101 ut
2867 5055 3184 5116 pertranseat
3216 5063 3307 5118 per
3351 5056 3398 5100 te
3426 5046 3585 5100 incir—

1981 5142 2234 5198 cumcisus
2255 5151 2300 5196 et
2327 5127 2643 5196 immundus.
2675 5135 2910 5194 Rursum
2943 5149 2998 5194 et
3024 5139 3078 5194 in
3112 5138 3213 5194 hoc
3240 5137 3359 5193 loco
3381 5153 3582 5193 nomen

1982 5237 2136 5307 Sion,
2166 5245 2226 5292 ut
2251 5236 2503 5305 superius
2527 5249 2558 5290 a
2588 5233 2754 5304 LXX,
2785 5233 3028 5288 additum
3056 5243 3160 5300 est,
3193 5243 3248 5285 et
3279 5231 3480 5284 idcirco
3497 5231 3582 5301 ju-

1983 5331 2226 5402 gulatum
2277 5335 2427 5382 veru.
2457 5327 2555 5382 Cui
2591 5337 2722 5399 ergo
2749 5333 2912 5396 supra
2936 5322 3092 5395 (Cap.
3127 5337 3196 5388 Li,
3227 5323 3284 5392 9)
3321 5323 3535 5378 diiiet'at
3573 5347 3582 5382 :

1986 5424 2226 5493 Elevare,
2250 5413 2466 5489 elevare,
2485 5437 2755 5494 consurge,
2779 5417 3070 5474 Jerusalem
3089 5433 3106 5470 :
3131 5433 3269 5472 nunc
3298 5415 3477 5472 eidem
3505 5415 3585 5474 lu-

1983 5615 2039 5662 et
2070 5607 2122 5661 in
2155 5601 2581 5658 lleuterouomio
2612 5613 2734 5668 cap.
2769 5610 2874 5649 xiv.
2908 5591 3208 5668 Docet_u_os
3231 5606 3363 5668 vero
3385 5591 3578 5668 Hiero-

1983 5658 2181 5750 nymus
2215 5675 2389 5750 _betnm
2423 5675 2605 5750 lingua
2646 5658 3325 5750 S'yrorunrdieij'ltoretlt,
3360 5680 3483 5746 .quo
3523 5667 3576 5723 in

1986 5743 2188 5807 L'esieo
2214 5744 2561 5817 l‘eutaglotto
2595 5743 2838 5810 reperire
2864 5743 3203 5801 nequaquam
3200 5743 3377 5860 ἆοιεῧ
3386 5775 3398 5787 .

3256 5821 3321 5860 AR
3384 5823 3449 5862 ΛΝ
