2002 3610
259 176 313 205 495

889 175 918 202 S.
939 173 1074 203 EUSEBII
1094 173 1286 203 HIERONYMI
1501 172 1505 173 7
1612 170 1627 177 Ἰ
1829 179 1868 209 ιθθ

255 235 367 269 quitur:
383 234 522 270 Consurge,
545 241 680 269 consurge,
698 233 805 260 induere
826 232 981 268 fortitudine
1000 238 1056 267 tua,
1071 238 1099 269 Α
1111 242 1204 267 carne,
1223 242 1276 262 non
1290 234 1389 269 spiritu
1404 234 1526 270 loquitur
1545 234 1675 262 Jeremias
1689 243 1694 261 :
1709 235 1789 263 Omnes
1804 244 1869 273 gentes

259 283 336 310 Sion.
349 282 414 316 Quae
428 281 464 308 sit
476 286 567 309 autem
583 281 660 314 SIOII,
674 289 791 316 sequens
806 289 900 309 versus
915 281 1036 309 ostendit
1052 291 1058 308 ;

260 329 372 356 Induere
392 329 546 356 vestimentis
562 329 654 365 gloriw
670 334 731 363 tute,
746 328 901 356 Jerusalem.
924 328 979 357 Hoc
990 328 1060 356 dixi-

260 383 330 408 mus,
349 380 378 403 ut
391 376 543 403 Jerusalem
561 380 588 403 et.
603 376 668 403 Sion
685 384 766 403 unam
784 376 930 411 probemus
952 376 1058 403 urbem.

260 422 476 457 Przecipiturque
493 421 565 454 ei.ut
578 422 703 458 lugubria
721 423 880 449 vestimenta
896 422 1025 457 deponat,
1033 426 1061 450 ct

259 470 389 498 induatur
403 470 444 497 ltis
459 478 521 505 quae
538 470 630 497 habuit
648 475 793 505 antequam
808 470 913 497 biberet
928 470 962 497 de
978 477 1060 497 manu

258 517 365 544 Domini
379 517 493 544 calicem
508 516 619 544 luroris.
636 517 851 551 Appellaturque
867 517 962 544 civitas
982 524 1060 544 sane-

259 565 351 598 tuarii,
361 565 413 592 hoc
420 565 493 592 enim
508 569 589 592 sonat
602 571 686 592 conss
696 564 780 607 (imit)
793 568 904 599 propter
918 563 1057 598 templum,

258 611 331 647 quod
346 611 373 638 in
389 618 420 639 ea
435 610 577 639 conditum
593 610 654 637 l'uit.
669 610 731 638 Sive
747 610 852 644 Sancti,
865 616 978 645 propter
991 610 1061 637 noti-

257 658 322 686 tiam
339 657 388 685 Dei
402 667 408 684 :
423 657 465 685 vel
482 657 659 692 sancta,quia
671 657 728 684 sola
746 657 774 683 ιιι
789 657 855 684 orbe
867 661 999 684 terrarum
1015 663 1061 684 ac-

256 711 371 741 ceperat
386 706 485 741 legem.
503 704 581 733 Unde
597 709 624 732 et
643 709 704 739 pOst
720 704 950 732 resurrectionem
967 704 1059 731 Salva-

258 754 326 781 toris
345 756 533 788 apparuerunt
556 759 673 786 corpora
699 757 871 779 mortuorum
897 751 924 779 in
948 752 1059 779 civitate

258 805 363 827 sancta.
377 799 443 833 Qua:
468 799 560 833 utique
579 803 690 833 propter
703 797 902 833 blasphemiam
922 803 949 826 et
963 798 1060 825 missas

256 847 283 874 in
298 847 443 874 Dominum
456 853 563 878 manus,
581 850 675 873 saneta
689 853 750 873 esse
765 853 817 873 non
832 850 939 880 poterat
949 845 1056 881 (Matth.

255 893 352 929 χχιιι).
369 893 502 927 Quodque
517 893 698 927 promittitur,
714 892 737 919 si
758 892 910 920 surrexerit
930 895 992 926 post
1004 892 1059 919 rui-

1110 280 1297 308 incircumcisa'
1309 289 1388 308 carne
1409 286 1468 308 sunt
1481 289 1490 310 :
1504 281 1553 315 lilii
1573 285 1659 308 autent
1673 279 1750 308 Israel
1761 282 1868 311 incircum-

1111 328 1158 355 cisi
1171 332 1231 354 sunt
1246 328 1366 355 cordibus
1380 328 1434 355 suis
1446 327 1554 364 (Jerent.
1568 327 1670 362 [1,26).
1684 328 1803 357 Etbeauts
1815 330 1871 365 Apo-

1111 375 1197 403 stolus
1213 376 1247 404 de
1263 376 1419 411 virginitate
1441 381 1467 403 et
1481 375 1649 403 continentia
1664 382 1694 402 ac
1708 375 1794 410 nuptiis
1802 377 1871 412 dispu-

1112 425 1182 456 tans,
1197 422 1265 457 jecit
1279 422 1307 450 itt
1323 422 1412 449 medio
1430 431 1435 448 :
1451 421 1625 449 Circumcisus
1638 421 1725 457 aliquis
1738 428 1825 450 vocatus
1835 429 1871 456 est,

1112 477 1163 496 non
1179 469 1292 496 adducat
1308 470 1473 505 pra’putiunt.
1492 468 1525 495 In
1539 469 1665 504 prwputio
1680 474 1772 497 uocatus
1785 475 1822 504 est,
1834 479 1872 498 non

1111 517 1311 544 circumcidatur
1336 517 1358 553 (I
1384 517 1443 545 Cor.
1471 516 1591 552 "1.18).
1618 516 1693 550 Quod
1712 516 1770 544 mihi
1791 517 1874 545 videtur

1111 562 1175 590 aliis
1199 563 1288 590 verbis
1311 563 1422 591 dicere:
1445 562 1555 598 Absque
1575 570 1660 590 uxore
1683 567 1784 590 vocatus
1803 568 1874 594 estet

1112 609 1270 643 crediderit,
1286 618 1342 638 non
1367 610 1447 638 ducat
1468 618 1593 637 uxorem.
1609 609 1656 637 Vel
1671 611 1809 638 econtrario
1823 620 1827 637 :
1840 611 1874 637 lia-

1110 655 1179 683 bens
1196 663 1322 689 uxorem,
1337 655 1363 683 in
1379 656 1517 683 Christum
1538 655 1664 689 credidit,
1682 663 1830 690 nequaquam
1844 656 1874 683 di-

1111 702 1227 729 vortium
1244 702 1335 730 faciat.
1345 703 1431 736 Quem
1447 709 1569 736 sensum,
1583 709 1638 729 non
1652 702 1735 729 solum
1746 702 1769 729 in
1783 703 1875 729 circum-

1110 748 1215 776 cisione
1229 753 1255 776 et
1271 749 1298 776 iu
1316 749 1458 783 praeputio,
1473 748 1522 776 sed
1537 748 1563 776 in
1590 747 1712 776 libertate
1726 755 1754 775 ac
1772 749 1875 775 servitute

1111 796 1243 829 custodit,
1266 801 1294 823 ut
1320 795 1419 824 liberos
1442 800 1522 824 vocet
1535 796 1654 832 virgines
1678 800 1705 823 et
1725 795 1875 828 continentes,

1111 850 1205 870 servos
1217 843 1262 878 qui
1276 843 1353 870 uxori
1364 843 1485 870 debitum
1503 842 1629 870 reddant.
1643 842 1731 876 Neque
1745 842 1808 869 enim
1822 841 1832 861 δ
1842 850 1876 877 po-

1112 891 1218 918 testatis
1232 896 1332 918 nostra:
1355 895 1398 919 est
1412 890 1576 926 prmputium
1595 890 1677 926 602
1699 888 1819 917 adducere
1833 892 1878 923 post

256 949 330 974 nam,
345 946 372 968 et
385 940 478 968 induta
495 939 578 967 fuerit
593 939 751 966 lortitudine
776 943 805 966 et
825 939 910 974 gloria
939 946 997 973 sua,
1014 946 1061 965 nc—
1075 942 1099 972 Β
1112 937 1361 969 cireuntcisionem,
1375 936 1452 971 juxta
1468 943 1516 963 eos
1530 936 1577 971 qui
1598 936 1625 962 in
1642 935 1838 962 Machabworum
1854 934 1878 960 li-

254 995 390 1023 quaquam
405 988 476 1014 ultra
499 986 677 1014 transiturum
698 993 747 1020 per
762 992 822 1012 eam
839 984 1057 1012 incircumcisum

254 1040 282 1063 et
297 1035 480 1068 immundum,
498 1033 550 1061 hoc
571 1032 717 1068 signiﬁcat,
744 1032 816 1067 quod
830 1037 858 1060 et
874 1032 972 1059 Paulus
984 1031 1059 1066 Apo-

255 1083 343 1110 stolus
358 1082 424 1109 dicit
436 1091 441 1108 :
459 1082 522 1114 Quae
531 1080 814 1116 participatiojuslititc
827 1087 887 1106 cum
901 1079 1035 1114 iniquitate
1047 1080 1058 1105 ?

258 1129 324 1163 Quia
334 1129 441 1156 societas
457 1127 510 1154 luci
525 1127 559 1153 ad
582 1127 722 1153 tenebras?
737 1125 802 1158 Quae
818 1127 949 1153 conventio
964 1125 1059 1153 Christi

255 1175 289 1202 ad
301 1175 410 1203 Belial?
426 1175 490 1208 ρυω
502 1183 562 1209 pars
576 1174 648 1209 ﬁdeli
659 1183 717 1201 cum
732 1173 857 1207 inﬁdele?
875 1174 938 1206 Quis
953 1182 1058 1201 conserv

254 1231 298 1250 sus
309 1221 404 1258 tentplo
412 1221 458 1249 Dei
466 1230 523 1248 cum
534 1220 635 1256 idolis(l
642 1219 854 1255 Cor.vt,ld,15)?
863 1220 928 1253 Qua:
936 1220 1056 1256 quidem,

254 1274 283 1297 ιιι
294 1276 432 1305 exponere
443 1267 658 1304 coepimus,etad
668 1267 765 1294 anima:
773 1270 872 1294 statum
881 1267 1006 1294 universa
1016 1275 1059 1294 re-

252 1316 390 1344 feruntur.
405 1315 483 1349 Quod
507 1315 529 1342 si
543 1322 590 1349 per
605 1314 794 1349 paenitentiam
811 1313 955 1349 pristinum
976 1314 1058 1341 robur

253 1362 397 1398 receperit,
409 1367 525 1389 vocetur
545 1361 728 1388 habitaculum
747 1360 851 1393 Sancti,
870 1365 898 1388 et
919 1361 964 1387 ﬁat
978 1360 1058 1388 Tem-

253 1409 327 1444 plum
341 1407 400 1440 Dei,
415 1413 442 1435 et
459 1414 631 1443 nequaquam
644 1407 725 1442 θοι
739 1415 786 1441 per
801 1414 861 1434 eam
880 1406 1057 1434 incircumci-

254 1464 301 1484 sus
323 1460 349 1484 et
365 1455 520 1483 immundus
534 1455 656 1491 λογισμὸς
672 1458 802 1481 transeat.
830 1453 867 1481 De
883 1454 982 1489 quibus
999 1454 1057 1482 dic-

253 1508 311 1531 tum
332 1509 373 1531 est
390 1512 397 1530 :
414 1503 452 1530 Ab
468 1503 575 1529 occultis
590 1503 652 1530 meis
671 1502 769 1529 munda
780 1510 830 1536 me,
847 1501 967 1536 Domine,
984 1508 1008 1530 et
1026 1503 1057 1530 ab

252 1550 344 1577 alienis
359 1557 436 1585 parce
454 1557 526 1576 servo
548 1553 601 1576 tuo.
621 1549 651 1575 Si
669 1548 717 1575 mei
732 1556 783 1575 non
801 1549 896 1584 fuerint
917 1549 1055 1583 dominati,

254 1600 315 1623 tunc
326 1595 509 1621 immaculatus
525 1602 579 1626 ero,
592 1599 616 1622 et
630 1594 790 1621 emundabor
804 1603 820 1621 a
835 1594 930 1622 delicto
945 1597 1057 1623 maximo

1110 984 1160 1012 bro
1175 984 1304 1012 dicuntur
1321 984 1373 1012 sibi
1391 983 1488 1012 fecisse
1503 984 1633 1019 praeputia
1650 992 1656 1009 :
1670 982 1739 1018 quod
1752 983 1782 1009 de
1791 989 1879 1009 nasccn-

1111 1031 1181 1059 tibus
1196 1031 1307 1065 tiliis,et
1327 1039 1379 1058 non
1397 1031 1431 1058 de
1447 1031 1572 1064 patribus
1586 1029 1698 1057 dicitur.
1713 1031 1761 1056 Aut
1774 1029 1812 1064 qui
1827 1029 1878 1055 liber

1110 1085 1222 1106 vocatus
1233 1084 1285 1111 est.
1303 1079 1389 1113 magis
1406 1085 1502 1106 servus
1515 1082 1557 1105 est
1569 1076 1672 1105 Cltristi
1687 1076 1775 1112 (Ibid,
1786 1084 1825 1108 vn,
1834 1074 1878 1108 εξ),

1110 1134 1172 1154 cum
1188 1127 1214 1154 in
1237 1126 1339 1154 Christi
1359 1126 1522 1160 baptismate
1551 1125 1626 1152 nulla
1646 1124 1683 1152 sit
1698 1122 1834 1151 diﬁcrentia
1845 1121 1879 1149 lu-

1110 1173 1172 1206 d2ei,
1188 1173 1302 1205 ethnici,
1321 1173 1420 1206 Graeci,
1438 1177 1465 1200 et
1480 1172 1603 1206 Barbari,
1618 1171 1670 1199 viri
1690 1175 1716 1198 et
1730 1170 1843 1203 mulieris,
1857 1168 1881 1196 li-

1109 1219 1167 1247 beri
1181 1227 1213 1247 ae
1222 1219 1308 1247 servi.

1145 1266 1236 1302 (Vcrs.
1252 1266 1280 1299 2,
1297 1265 1338 1302 5.)
1351 1265 1478 1293 Excutere
1494 1266 1526 1293 de
1540 1266 1646 1299 pulvere
1666 1273 1675 1293 .'
1693 1272 1809 1300 consurge
1820 1263 1880 1295 sede,

1108 1313 1256 1340 Jerusalem
1273 1321 1281 1339 :
1297 1313 1367 1339 solve
1380 1311 1485 1339 vincula
1499 1311 1561 1339 colli
1573 1312 1609 1339 tui
1622 1334 1629 1345 ,
1646 1311 1748 1347 captiva
1761 1310 1810 1345 [ilia
1824 1309 1880 1337 Sion.

1111 1359 1180 1391 Quia
1201 1358 1256 1385 lucc
1271 1359 1333 1386 dicit
1354 1358 1482 1386 Dominus
1494 1368 1503 1386 .'
1526 1357 1616 1385 Gratis
1632 1357 1768 1385 venundati
1783 1356 1847 1387 istis,
1865 1359 1883 1381 et

1108 1407 1163 1433 sine
1182 1411 1289 1441 argento
1310 1406 1480 1433 redimemini.
1499 1405 1570 1433 LXX
1589 1415 1594 1432 :
1610 1404 1715 1432 Excute
1729 1403 1852 1439 pulverem,
1864 1404 1882 1428 tt

1108 1462 1229 1490 exsurge,
1240 1453 1395 1481 Jerusalem.
1414 1453 1492 1481 Solve
1507 1453 1640 1480 vinculum
1652 1452 1722 1489 ‘colli
1738 1452 1786 1484 tui,
1805 1449 1883 1483 taptira

1108 1500 1165 1535 [ilia
1181 1500 1256 1528 Sion.
1273 1501 1339 1534 Quia
1353 1501 1406 1528 lucc
1422 1500 1484 1527 dicit
1496 1499 1624 1527 Dominus
1639 1508 1649 1527 :
1667 1498 1753 1526 Gratis
1768 1494 1883 1524 venundati

1108 1550 1167 1576 estis
1177 1570 1184 1582 ,
1202 1554 1224 1576 et
1239 1549 1293 1575 sine
1309 1549 1418 1584 pecunia
1433 1548 1606 1575 redimentim'.
1623 1547 1795 1582 Nequaquam
1811 1543 1839 1571 ad
1849 1543 1884 1570 le-

1110 1596 1239 1629 rusalem,
1259 1595 1284 1623 id
1300 1600 1353 1629 est,
1370 1595 1404 1622 ad
1419 1595 1511 1623 ruinas
1527 1594 1649 1630 lapidum
1667 1594 1748 1627 illius,
1763 1597 1789 1620 et
1800 1592 1884 1619 cini-res

254 1642 314 1679 (Ps.
331 1641 464 1675 xvut,15,
480 1641 536 1676 14).
557 1641 654 1669 Omnia
669 1646 760 1669 autem
780 1650 840 1677 quae
860 1643 1056 1677 promittuntur
1070 1638 1093 1671 C
1109 1650 1140 1670 ac
1157 1643 1263 1670 favillas
1280 1643 1424 1678 Propheta:
1440 1650 1502 1670 esse
1516 1649 1692 1676 sermonem,
1710 1641 1756 1669 sed
1772 1640 1800 1667 ad
1819 1645 1885 1674 pop“.

252 1690 321 1719 Sion
333 1694 361 1717 et
369 1689 534 1723 Jerusalem,
548 1697 603 1716 non
614 1694 642 1716 ut
653 1689 740 1717 Judaei
753 1690 892 1723 somniant
905 1690 938 1718 ad
953 1691 1057 1726 lapides

252 1737 328 1764 illius
341 1741 369 1763 et
383 1737 492 1764 eineres
512 1735 677 1771 favillasque
696 1735 835 1769 dicuntur,
847 1741 878 1764 ut
890 1737 1057 1765 instauretur

252 1784 280 1811 in
300 1783 446 1819 pristinum
472 1786 574 1810 statum
596 1782 666 1809 :sed
691 1782 723 1810 ad
748 1783 878 1817 populum
893 1783 1054 1816 Jerusalem,

253 1830 300 1864 qui
315 1829 414 1858 occidit
426 1829 763 1864 Prophetas,etlapidavit
774 1837 834 1864 eos,
850 1830 894 1865 qui
906 1830 939 1858 ad
952 1838 981 1858 se
993 1831 1057 1858 mis-

253 1878 277 1905 si
306 1881 384 1905 erant
402 1875 511 1912 (Matth.
529 1877 618 1911 xxttt),
635 1882 662 1904 et
682 1877 715 1904 ad
741 1882 894 1905 extremum
921 1879 1002 1906 etiam
1029 1878 1055 1905 in

253 1924 300 1951 Dei
323 1923 411 1950 ﬁliuni
435 1923 511 1950 misit
534 1930 640 1950 manus.
653 1923 703 1957 Qui
725 1930 857 1951 corruens
880 1925 907 1953 in
929 1926 1057 1960 passione

253 1970 396 2003 Christi,in
408 1970 613 1998 resurrectione
626 1969 701 1997 illius
711 1970 860 1998 suscitatus
875 1976 916 1999 est
931 1971 1057 2006 :quando

252 2018 337 2046 multa
350 2017 433 2044 millia
446 2017 621 2045 crediderunt
634 2016 668 2045 de
677 2016 791 2051 Judaais,
805 2022 832 2046 et
840 2017 963 2054 reliquiae
975 2019 1058 2046 salva:

254 2065 334 2092 facta:
348 2068 420 2091 sunt.
433 2063 535 2091 Eadem
555 2068 583 2091 et
597 2063 631 2091 de
647 2063 768 2091 Ecclesia
793 2071 937 2099 possumus
953 2064 1055 2099 dicere,

255 2119 316 2146 qua:
332 2110 401 2137 visio
417 2111 490 2145 pacis
505 2115 532 2137 et
548 2110 670 2144 specula.
687 2110 709 2138 si
726 2111 752 2138 in
767 2110 893 2139 hrcresim
909 2112 1055 2147 corruerit,

253 2156 364 2192 iubetur
377 2156 454 2183 exire
470 2161 496 2182 et
508 2155 631 2190 pristina:
646 2155 708 2183 ﬁdei
730 2161 890 2184 ornamenta
905 2157 1055 2192 suscipere.

257 2202 327 2230 Etsi
351 2201 433 2229 fuerit
457 2201 598 2234 suscitata,
616 2202 770 2229 sanctitatis
784 2202 809 2230 ei
832 2207 860 2230 et
881 2204 1058 2231 continentia:

257 2248 370 2284 praemia
382 2248 588 2283 promittuntur,
600 2253 628 2275 ut
644 2256 813 2284 nequaquam
831 2258 879 2284 per
890 2258 950 2278 eam
968 2256 1059 2279 trans-

257 2300 303 2324 eat
319 2296 526 2323 incircumcisus
541 2300 568 2323 et
579 2295 746 2323 immundus.
760 2296 837 2330 Quod
853 2305 907 2327 non
923 2298 955 2325 ad
967 2299 1058 2327 carnis

1108 1691 1164 1718 lum
1183 1690 1229 1725 qui
1246 1690 1349 1717 habitet
1363 1690 1389 1717 in
1405 1697 1448 1723 ea,
1465 1694 1492 1717 et
1512 1689 1585 1724 quod
1607 1694 1723 1724 propter
1736 1685 1886 1715 elIeminatio-

1109 1745 1171 1766 nem
1187 1737 1270 1764 auinti
1286 1737 1341 1764 lilia
1354 1739 1519 1769 nominetur,
1542 1743 1664 1771 sequens
1675 1741 1768 1763 versus
1780 1729 1886 1764 ostendit,

1109 1785 1135 1813 in
1151 1793 1204 1821 qll0
1219 1787 1256 1812 ait
1273 1794 1279 1812 :
1297 1785 1374 1813 Solve
1386 1784 1489 1812 vincula
1503 1783 1564 1811 colli
1575 1784 1628 1818 tui,
1648 1784 1750 1819 cupiit"!
1764 1782 1814 1816 ﬁlia
1827 1779 1885 1808 Sion.

1108 1832 1179 1860 Vere
1193 1832 1266 1860 enim
1282 1832 1405 1867 captivus
1420 1837 1462 1859 est
1478 1832 1595 1867 papulas
1609 1831 1780 1864 Iudaeorum,
1796 1828 1836 1865 qui
1854 1834 1887 1854 us-

1108 1886 1160 1914 que
1181 1879 1262 1906 hodie
1277 1878 1529 1906 Nabuchodonosor
1545 1883 1636 1914 portat
1650 1879 1757 1913 jugum,
1774 1881 1799 1905 et
1812 1881 1888 1911 pecca-

1108 1931 1198 1954 torum
1219 1934 1251 1954 ac
1266 1927 1495 1961 blasphemiarum
1519 1933 1633 1953 suarum
1650 1926 1764 1953 strictus
1783 1927 1821 1951 est
1836 1920 1890 1949 luni-

1108 1973 1160 2001 bus
1177 1982 1183 2001 :
1201 1974 1246 2009 qui
1263 1973 1350 2008 gratis
1371 1978 1415 2001 est
1429 1973 1566 2006 venditus,
1584 1977 1613 2000 et
1629 1972 1700 2000 nihil
1719 1972 1780 2000 fecit
1801 1970 1888 2004 dignum

1109 2024 1222 2055 propter
1241 2020 1313 2055 quod
1336 2020 1423 2055 possit
1443 2019 1551 2048 redimi.
1575 2018 1627 2047 Cui
1644 2024 1674 2048 et
1689 2026 1772 2054 supra
1788 2016 1891 2045 dicitur:

1110 2067 1178 2095 Ecce
1191 2068 1301 2103 peccatis
1324 2068 1414 2095 vestris
1431 2067 1571 2095 venundati
1584 2068 1648 2095 estis
1662 2075 1672 2095 :
1685 2072 1711 2095 et
1724 2067 1750 2094 in
1770 2062 1892 2100 iniquitati-

1109 2115 1156 2142 bus
1172 2115 1261 2141 vestris
1275 2114 1363 2141 dimisi
1376 2119 1486 2141 matrem
1500 2118 1623 2141 vestram.
1640 2113 1798 2148 Causasque
1810 2108 1892 2140 reddit.

1109 2169 1158 2189 cur
1174 2160 1321 2189 venundati
1342 2160 1406 2196 sint,
1423 2168 1473 2189 cur
1493 2161 1604 2196 abjeeti.
1622 2161 1706 2195 Quia,
1729 2159 1821 2195 inquit,
1836 2155 1892 2188 veni,

1109 2214 1136 2237 et
1153 2216 1206 2237 non
1222 2212 1283 2237 erat
1296 2208 1378 2236 homo
1397 2218 1404 2236 :
1420 2209 1527 2242 vocavi,
1544 2213 1571 2236 et
1586 2216 1644 2236 non
1661 2213 1723 2237 erat
1734 2208 1779 2244 qui
1795 2205 1893 2234 audiret.

1110 2255 1150 2283 Ex
1166 2262 1220 2290 quo
1240 2254 1415 2283 manifestum
1433 2259 1491 2290 est,
1510 2255 1571 2283 ideo
1591 2256 1686 2284 errori
1705 2259 1733 2283 et
1748 2250 1894 2282 daemonibus

1109 2309 1158 2330 eos
1173 2301 1300 2336 traditos,
1316 2302 1377 2336 quia
1393 2309 1446 2329 non
1458 2302 1603 2330 audierant
1617 2302 1788 2330 clamantem
1801 2308 1808 2327 ι
1823 2296 1896 2325 Venite

257 2342 443 2370 concisionem
455 2347 535 2377 atque
551 2342 723 2377 prmpntium,
741 2343 791 2370 sed
807 2348 819 2362 (ι
835 2344 868 2371 ad
883 2351 994 2380 operum
1008 2346 1060 2372 im-
1072 2338 1099 2368 D
1112 2347 1146 2374 ad
1166 2355 1216 2380 nte,
1242 2355 1330 2374 omnes
1345 2348 1389 2382 qui
1410 2348 1534 2375 laboratis
1551 2353 1574 2374 et
1597 2348 1706 2375 onerati
1733 2347 1792 2374 estis
1805 2341 1895 2381 (Matth.

257 2387 430 2421 munditiam,
446 2388 505 2416 sive
520 2388 681 2416 munditiam
700 2389 797 2417 referri
817 2395 917 2426 potest,
934 2397 962 2419 ut
977 2392 1060 2420 incir-

257 2435 394 2464 cumeisos
409 2440 436 2463 et
450 2436 606 2463 immundos
616 2443 755 2469 vocemus,
767 2437 811 2472 qui
821 2439 945 2473 corporis
961 2439 1058 2474 volup-

256 2483 303 2511 tati
328 2488 355 2510 et
379 2482 484 2510 libidini
512 2484 646 2511 serviunt.
674 2484 797 2520 Denique
819 2485 853 2513 ad
882 2486 1058 2515 eireumcisos

292 2554 305 2568 ⁸
326 2550 401 2579 Unus
420 2551 595 2579 Ambrosian.
607 2574 613 2585 ,
629 2551 682 2579 Sed
693 2552 728 2578 ad
743 2552 838 2580 anima:
861 2553 1056 2582 immunditiam

253 2586 347 2621 referri
363 2592 455 2622 potest.

294 2622 308 2642 ιτ
327 2623 379 2650 Ars
393 2623 496 2650 scilicet
506 2622 797 2660 adducendiprmputii
815 2624 979 2660 Hieronymo
1001 2634 1054 2653 non

254 2658 387 2696 innotuit,
404 2659 476 2696 unde
494 2664 522 2686 et
539 2658 590 2686 hoc
609 2659 768 2696 lieripOSse
779 2658 924 2694 inlicialur,
940 2666 969 2688 et
981 2663 1054 2696 Apo-

256 2694 318 2722 stoli
331 2702 440 2722 sensum
458 2695 602 2727 detorquet
617 2695 642 2720 in
657 2694 827 2729 allegoriam.
843 2696 887 2723 Sic
903 2697 948 2723 lih.
963 2705 970 2723 ι
986 2694 1051 2724 cou-

255 2734 296 2757 tra
310 2731 401 2758 Jovin.
417 2738 446 2767 ιιξ
470 2730 516 2762 ‘21,
535 2729 575 2767 de
592 2730 808 2757 Circumcisione
824 2731 953 2765 l0quens,
971 2740 1051 2767 quant

255 2767 420 2798 repetiverat
435 2766 531 2793 Josue:
549 2765 630 2797 Nam,
649 2766 744 2800 inquit,
760 2766 782 2793 si
799 2767 875 2800 juxta
891 2765 1005 2795 litteram
1021 2768 1053 2794 il-

256 2800 302 2827 lud
316 2804 464 2836 accipimus.
480 2802 580 2836 penitus
596 2806 666 2827 stare
680 2809 731 2827 non
749 2807 842 2835 potest,
859 2811 910 2830 non
925 2804 993 2830 enim
1008 2812 1052 2831 ra:—

257 2836 454 2873 ClitlipebllCttla
467 2837 559 2863 iterum
576 2836 699 2873 nascitur.
715 2836 776 2864 Mox
790 2837 871 2865 etiam
892 2839 957 2866 illud
979 2840 1049 2873 quod

258 2872 291 2898 de
318 2872 391 2909 Filiis
414 2873 555 2909 'l‘obirein
577 2872 794 2909 Machabtzorum
811 2873 887 2901 libris
910 2872 1049 2909 scribitur,

256 2908 328 2941 quod
345 2908 458 2936 fecerint
472 2908 522 2935 sibi
545 2908 685 2941 praeputia,
701 2913 730 2935 ut
742 2909 844 2936 Grmcis
861 2915 952 2937 essent
971 2911 1047 2938 sinti-

257 2942 308 2977 les,
326 2952 378 2970 non
403 2944 470 2971 satis
485 2951 546 2971 vera
567 2944 791 2979 interpretatione
806 2945 893 2973 diluit.
913 2946 1048 2982 Iosephus

1113 2402 1156 2427 ιιι,
1171 2393 1231 2429 28).
1256 2394 1435 2422 ltedimentur
1449 2400 1540 2422 autem
1557 2394 1604 2430 qui
1628 2394 1773 2422 voluerint.
1791 2390 1896 2420 credere.

1113 2448 1283 2476 nequaquam
1299 2446 1411 2477 argento
1426 2446 1454 2469 et
1469 2441 1595 2476 pecunia,
1612 2441 1663 2469 sed
1677 2441 1801 2477 pretioso
1814 2433 1896 2465 Christi

1113 2488 1263 2523 sanguine,
1287 2492 1316 2514 ut
1336 2487 1446 2515 audiant
1474 2495 1523 2523 per
1547 2488 1722 2523 Apostolos:
1744 2486 1832 2515 Gratia
1845 2480 1899 2510 robii

1110 2559 1213 2587 autem,
1230 2558 1325 2582 auctor
1338 2555 1521 2589 certissimus,
1546 2555 1708 2583 luculenter
1724 2554 1814 2586 tradit,
1832 2547 1897 2589 ,und

1109 2590 1248 2618 Menealus
1263 2595 1291 2617 et
1304 2590 1396 2617 Tobia:
1416 2591 1463 2618 lilii
1476 2591 1508 2618 ad
1529 2591 1701 2618 Antiochum
1728 2588 1848 2625 profecti,
1865 2588 1899 2625 ria

1108 2630 1157 2654 τῶν
1170 2626 1270 2664 uidete)»
1292 2630 1432 2664 περιτομὴν
1454 2627 1622 2664 ἀπεκάλυψαν
1637 2630 1675 2659 ὡς
1694 2622 1789 2664 ἂνέἃγ
1802 2626 1841 2652 καὶ
1852 2622 1899 2664 «rei

1106 2665 1150 2692 τὴν
1165 2662 1291 2690 ἀπόδυσιν
1305 2656 1431 2694 Titiniae.
1464 2656 1699 2690 Circumcisionem
1730 2656 1899 2697 adduxerant]!

1106 2699 1224 2724 utetiam
1240 2698 1302 2725 nudi
1323 2701 1421 2726 similes
1441 2698 1538 2726 ercis
1553 2703 1650 2726 essent.
1668 2699 1726 2727 Nec
1743 2700 1793 2733 ipsi
1811 2695 1900 2733 Ilebrt'et

1106 2733 1266 2766 dil‘litentnr,
1283 2735 1326 2767 qui
1338 2736 1397 2768 ejus
1406 2736 1472 2762 artis
1489 2735 1587 2762 Esutm
1600 2732 1780 2762 inventorem
1793 2732 1898 2760 tradunt:

1107 2775 1136 2796 ut
1171 2774 1272 2796 lact-am
1303 2769 1451 2798 illustriunt
1481 2771 1650 2798 Medicorum
1683 2776 1743 2798 tum
1772 2773 1898 2797 veterum.

1106 2810 1170 2839 puta
1192 2806 1264 2833 Celsi
1287 2805 1336 2832 lib.
1352 2814 1402 2839 vit,
1420 2814 1480 2841 cap.
1498 2806 1543 2840 25,
1565 2806 1665 2834 Caleni
1683 2806 1768 2835 Meth.
1786 2804 1849 2832 Med.
1861 2801 1899 2828 hb.

1107 2848 1166 2875 xtv,
1190 2849 1250 2875 cap.
1275 2841 1318 2875 16,
1342 2842 1509 2878 Dioscuridis
1539 2843 1586 2870 lib.
1612 2851 1662 2876 ιιι,
1690 2851 1754 2876 cap.
1783 2841 1830 2873 5|,
1854 2843 1899 2878 ty!“

1104 2872 1286 2914 recentiorum
1309 2872 1463 2905 lestimonia
1477 2901 1484 2912 ,
1510 2886 1572 2914 qua:
1598 2879 1632 2906 ad
1649 2872 1795 2907 laudatum
1810 2884 1840 2904 ex
1861 2872 1900 2899 lib-

1103 2917 1196 2940 contra
1213 2912 1302 2940 Jovin.
1320 2914 1408 2941 locum
1424 2912 1625 2942 annotavimus.
