4096 6330
266 336 378 394 497

826 340 1479 402 COMMENTAPJORUM
1519 341 1585 398 IN
1625 339 1863 398 ISAIAM
1906 341 2326 400 PROPHETAM
2368 342 2500 400 LIB.
2545 343 2683 402 XIV.
2725 343 2882 401 CAP.
2923 343 3070 402 LII.-

3486 343 3590 401 498

266 467 316 513 et
345 475 457 530 pax
486 458 672 533 (Rom.
706 476 756 527 ι,
810 460 887 530 7).
921 460 1038 517 Non
1084 461 1231 518 enim
1272 461 1343 516 ob
1394 459 1611 530 merita,
1663 459 1759 516 sed
1807 459 1881 516 ob
1908 461 1958 522 Α
1985 459 2092 514 cob
2128 459 2411 516 descendit
2439 459 2507 516 ad
2536 459 2846 533 Egyptios,
2879 469 2936 517 et
2967 469 3216 531 tempore
3247 459 3594 518 necessitatis

265 555 505 626 gratiam
550 567 608 612 et
657 556 817 614 fidem
864 556 1069 612 Christi
1119 557 1229 613 Deo
1267 555 1606 612 reconciliati
1665 569 1877 611 sumus.

265 647 487 704 Anima:
514 665 736 722 quoque
767 651 989 718 dicitur,
1015 665 1136 721 quae
1168 649 1428 705 vitiorum
1470 649 1676 719 polluta
1707 647 1883 704 sordi-

265 742 392 811 bus,
425 745 728 832 candqrem
760 745 1004 818 pristinae
1035 745 1472 802 conversationis
1502 744 1785 813 amiserat,
1820 752 1883 800 ut

263 838 508 893 excutiat
530 839 700 912 603
725 840 1004 908 pulverem
1031 854 1153 894 cum
1183 838 1488 909 Apostolis,
1523 839 1615 909 qni
1650 837 1882 893 adhaesit

265 929 505 1002 pedibus
531 932 653 1003 ejus
683 931 904 1006 (Matth.
933 930 1013 1004 ι).
1043 931 1226 1002 Neque
1264 932 1408 986 enim
1458 930 1577 988 fieri
1623 939 1876 1002 poterat,

265 1035 319 1082 ut
349 1041 474 1098 quas
497 1036 775 1099 prostrata
797 1027 1110 1098 subjecerat
1125 1026 1371 1084 cervices
1394 1042 1523 1082 suas
1545 1026 1678 1082 foris
1705 1036 1881 1081 trans-

265 1118 575 1176 euntibus:
609 1129 665 1176 et
717 1121 896 1176 media
943 1130 1103 1176 terra:
1144 1121 1472 1185 sociaverat,
1515 1119 1878 1191 dixeratqne:

265 1211 573 1268 IIumiliata
613 1223 692 1269 est
731 1215 784 1269 in
826 1215 1036 1284 pulvere
1085 1216 1263 1270 anima
1312 1233 1447 1281 mea,
1479 1213 1701 1269 adhtesit
1729 1222 1881 1270 terra:

264 1315 448 1390 venter
476 1293 626 1360 meus
657 1305 779 1378 (Ps.
811 1322 977 1375 xun,
1023 1306 1142 1379 25),
1186 1322 1295 1362 non
1335 1307 1636 1390 imaginem
1678 1307 1881 1362 terreni

259 1383 578 1469 acceperit.
613 1397 662 1454 Α
691 1416 796 1471 qua
846 1415 946 1456 nos
994 1407 1216 1456 revocat
1261 1400 1588 1470 Apostolus,
1626 1383 1829 1455 dicens
1863 1417 1879 1455 :

264 1490 422 1547 Sicut
467 1494 792 1561 portavimus
836 1493 1112 1566 imaginem
1161 1493 1370 1561 terreni,
1403 1494 1478 1548 sic
1530 1502 1792 1565 portemus
1833 1500 1882 1546 et

264 1586 550 1658 imaginem
577 1587 796 1644 caelestis
816 1587 861 1661 (1
890 1587 1012 1643 Cor.
1039 1603 1134 1657 xv,
1167 1588 1286 1659 49).
1317 1587 1474 1644 Unde
1513 1589 1605 1658 qui
1639 1588 1690 1642 in
1715 1602 1881 1643 carne

263 1693 415 1747 sunt,
451 1683 674 1754 placere
705 1685 814 1740 Deo
845 1699 955 1740 non
985 1693 1215 1756 possunt
1242 1684 1422 1760 (Rom.
1456 1684 1597 1757 vm).
1621 1684 1739 1740 Non
1771 1699 1879 1756 quo

266 1776 456 1832 carnis
486 1786 684 1832 natura
711 1777 1022 1844 damnetur,
1049 1778 1208 1846 cujus
1231 1778 1486 1834 conditor
1520 1779 1663 1835 Deus
1692 1788 1796 1847 est,
1827 1787 1884 1834 et

1982 569 2047 609 ac
2079 553 2237 609 famis
2286 557 2668 626 peregrinatus
2709 566 2793 612 est
2842 557 2894 611 in
2947 567 3089 613 terra
3144 556 3350 613 Gessen
3406 554 3594 629 (Gen.

1982 645 2188 718 van):
2222 658 2410 718 postea
2451 649 2520 704 ab
2554 650 2814 722 Assyriis,
2863 664 3002 720 quos
3036 650 3090 704 in
3136 650 3286 704 nullo
3327 649 3588 717 laeserat,

1980 742 2318 798 calumniam
2361 744 2716 808 sustinuerit;
2747 753 2802 799 et
2829 743 2880 798 in
2913 743 3242 820 Babylonem
3268 743 3588 812 captivitate

1985 837 2278 891 translatus
2332 838 2404 890 sit
2446 835 2559 906 (IV
2614 836 2747 910 Beg.
2797 853 2938 904 xvu,
2980 837 3116 908 25).
3171 836 3326 893 Unde
3373 835 3590 892 infert:

1984 927 2053 982 Et
2077 945 2213 982 nunc
2233 929 2361 999 quid
2383 928 2511 982 mihi
2537 938 2609 984 est
2636 930 2741 999 hic,
2772 931 2899 984 dicit
2933 929 3229 986 Dominus?
3252 930 3319 985 Et
3347 939 3434 986 est
3463 944 3590 986 sen-

1982 1035 2076 1076 sus
2107 1039 2119 1074 :
2153 1020 2286 1076 nihil
2317 1021 2494 1077 habeo
2522 1023 2717 1092 reliqui
2750 1033 2974 1094 prepter
3002 1023 3148 1094 quod
3178 1023 3232 1078 in
3263 1023 3366 1079 hac
3403 1025 3590 1095 regio-

1983 1132 2052 1172 ne
2083 1132 2453 1188 permaneam,
2489 1117 2557 1172 de
2599 1133 2705 1188 qua
2755 1117 2990 1189 populus
3037 1133 3192 1174 mens
3239 1117 3455 1174 ablatus
3502 1126 3591 1174 est

1982 1211 2170 1282 gratis,
2199 1221 2255 1266 et
2280 1211 2536 1267 venditus
2567 1213 2812 1282 peccatis
2841 1213 2976 1281 suis,
3026 1221 3079 1267 et
3109 1213 3262 1284 quasi
3289 1228 3428 1286 oryx
3469 1222 3591 1269 rete

1982 1307 2435 1377 comprehensus,
2470 1307 2560 1362 vel
2587 1307 2797 1362 viribus
2834 1306 3228 1376 Romanorum,
3260 1307 3348 1363 vel
3381 1305 3587 1362 diaboli

1983 1399 2213 1470 laqueis,
2248 1401 2447 1471 quibus
2476 1400 2694 1456 vinctus
2720 1400 3004 1472 hucusque
3045 1400 3334 1458 retinetur.
3378 1400 3451 1458 Ut
3492 1417 3591 1458 au-

1985 1505 2091 1552 tem
2121 1495 2224 1550 ista
2257 1505 2596 1566 paterentur,
2623 1497 3006 1554 dominatores
3034 1511 3226 1552 eorum
3250 1511 3315 1552 ac
3337 1495 3594 1568 magistri

1982 1591 2166 1662 inique
2198 1602 2462 1662 egerunt;
2497 1591 2588 1663 qui
2613 1591 2776 1662 juxta
2801 1589 3198 1663 Symmachum
3241 1599 3298 1646 et
3336 1589 3598 1646 Theodo-

1985 1684 2210 1756 tionem,
2235 1683 2546 1752 ululabunt;
2575 1686 2731 1754 juxta
2763 1683 3039 1756 Aquilam,
3071 1684 3291 1754 ﬂebunt,
3322 1699 3449 1740 cum
3482 1694 3598 1738 tor-

1984 1781 2182 1836 mentis
2215 1781 2402 1836 traditi
2439 1780 2663 1836 fuerint.
2698 1779 2803 1850 Ipsi
2833 1780 2978 1836 enim
3009 1788 3139 1834 sunt
3164 1779 3260 1849 qui
3289 1777 3590 1834 adversum

266 1869 319 1924 in
352 1885 462 1942 qna
506 1872 728 1942 plurimi
791 1873 1115 1943 placuerunt
1168 1872 1304 1941 Deo,
1364 1884 1706 1946 regnantque
1751 1889 1873 1929 cum
1907 1880 1956 1941 Β
1982 1877 2326 1934 Salvatorem
2355 1877 2614 1948 populum
2643 1876 3014 1940 concitarunt,
3055 1885 3117 1930 ut
3169 1890 3409 1931 consona
3456 1890 3596 1932 voce

264 1963 490 2022 Christo
516 1985 528 2020 :
563 1967 664 2023 sed
695 1983 802 2038 quo
827 1983 994 2040 opcra
1025 1969 1206 2024 carnis
1237 1969 1616 2040 repudientur,
1650 1969 1721 2024 de
1757 1973 1879 2041 qui-

265 2059 370 2116 bus
422 2059 566 2116 idem
618 2063 918 2132 Apostolus
968 2063 1248 2134 loquitur:
1281 2063 1398 2136 Ego
1427 2073 1601 2118 autem
1650 2066 1880 2124 carnalis

262 2171 400 2219 sum,
432 2155 758 2210 venundatus
787 2155 880 2210 sub
905 2166 1118 2226 peccato
1141 2157 1322 2230 (Rom.
1353 2174 1458 2224 vn,
1488 2157 1600 2232 14).
1633 2159 1878 2230 Denique

267 2245 332 2302 ad
369 2247 756 2318 hujuscemodi
793 2249 1044 2305 homines
1073 2249 1208 2306 dicit
1239 2270 1251 2304 :
1286 2250 1388 2307 Ubi
1429 2262 1600 2308 autem
1641 2252 1782 2308 zelus
1834 2262 1880 2308 et

262 2339 530 2394 cemulatio
557 2342 616 2395 in
643 2341 786 2396 vobis
817 2349 914 2407 est,
955 2358 1127 2396 nonne
1170 2343 1410 2397 carnales
1439 2345 1584 2412 estis,
1614 2353 1663 2398 et
1691 2360 1877 2398 secun-

265 2433 390 2488 dum
432 2433 697 2489 hominem
724 2435 1001 2490 ambulatis
1033 2436 1074 2506 (l
1109 2436 1231 2491 Cor.
1262 2452 1356 2501 Ill,
1387 2437 1482 2509 5)?
1513 2437 1581 2492 Et
1622 2448 1876 2494 econtra-

264 2527 346 2582 rio
376 2527 445 2583 ad
477 2537 701 2584 sanctos
737 2547 748 2581 :
780 2526 886 2583 Vos
914 2539 1083 2583 autem
1113 2545 1218 2583 non
1245 2530 1368 2585 estis
1397 2531 1452 2584 in
1476 2546 1675 2585 carne:
1711 2531 1876 2602 siqui.

263 2625 379 2677 dem
427 2622 670 2694 Spiritus
721 2621 820 2677 Dei
862 2623 1060 2677 habitat
1101 2624 1156 2677 in
1204 2623 1364 2677 vobis.
1410 2622 1697 2679 Excutitur
1743 2639 1876 2695 ergo

263 2717 460 2788 pulvis,
493 2717 565 2772 de
611 2731 722 2787 quo
749 2717 1012 2787 scriptum
1044 2727 1130 2773 est
1160 2736 1174 2772 :
1231 2716 1506 2788 Numquid
1553 2717 1878 2788 conﬁtebitur

263 2813 352 2868 tibi
383 2811 578 2882 pulvis,
612 2822 706 2867 aut
731 2811 1062 2867 annuntiabit
1091 2813 1353 2866 veritatem
1393 2821 1539 2866 tuam
1568 2810 1690 2885 (Ps.
1714 2829 1870 2881 xxtx,

263 2906 378 2978 10),
411 2915 472 2960 ιιι
505 2905 796 2962 solvantur
810 2905 1030 2961 vincula
1057 2904 1184 2962 colli
1211 2904 1386 2960 nostri
1411 2921 1425 2970 ;
1446 2912 1502 2960 et
1530 2919 1873 2976 nequaquam

262 3002 599 3058 audiamus:
640 3015 830 3055 nervus
881 2999 1080 3070 ferreus
1133 2997 1328 3054 collum
1376 3008 1560 3064 tuum;
1613 2998 1708 3053 sed
1750 3013 1872 3053 cum

263 3113 465 3170 sponsa
499 3111 818 3154 mereamur
845 3095 1037 3152 audire
1066 3114 1080 3150 :
1116 3094 1282 3160 Quam
1325 3094 1558 3166 pulchrae
1584 3104 1702 3148 sunt
1732 3110 1875 3164 genae

262 3206 380 3258 tute,
415 3195 552 3250 sicut
575 3193 796 3248 turturis
825 3207 844 3247 :
875 3191 1067 3246 collum
1097 3201 1243 3246 tuum
1271 3192 1405 3246 sicut
1436 3189 1650 3244 monilia
1692 3188 1868 3262 (Cant.

1982 1971 2281 2027 clamarent
2309 1989 2322 2024 :
2357 1969 2634 2043 Cruciﬁge,
2665 1970 2910 2042 cruciﬁge
2939 1969 3097 2024 talem
3116 1967 3304 2040 (Joan.
3326 1985 3444 2040 ιιι,
3473 1969 3592 2040 15).

1982 2064 2060 2121 De
2087 2066 2288 2136 quibus
2318 2074 2373 2121 et
2418 2075 2547 2122 ante
2573 2065 2684 2136 jam
2731 2065 2954 2120 dixerat
2987 2083 2999 2117 :
3050 2062 3174 2134 Ipse
3221 2062 3481 2118 Dominus
3509 2078 3595 2118 ve-

1979 2159 2085 2238 niet
2113 2175 2230 2213 cum
2261 2159 2551 2213 senioribus
2603 2158 2786 2230 populi
2830 2166 2878 2212 et
2921 2173 3039 2212 cum
3081 2156 3409 2228 principibus
3451 2159 3587 2226 ejus.

1988 2250 2092 2306 Vos
2120 2259 2289 2305 autem
2305 2267 2465 2322 quare
2487 2250 2828 2307 succendistis
2867 2255 3068 2304 vineam
3111 2265 3280 2304 meam
3317 2257 3364 2303 et
3403 2249 3596 2320 rapina

1982 2344 2230 2414 pauperis
2252 2344 2307 2397 in
2340 2343 2578 2397 domibus
2608 2343 2788 2397 vestris
2812 2339 2915 2412 (Is.
2946 2357 3032 2409 Ill,
3066 2340 3194 2412 M)?
3218 2339 3594 2409 Quamobrem

1973 2437 2128 2508 juxta
2162 2436 2518 2506 Septuaginta
2548 2435 2789 2505 loquitur
2817 2433 2882 2486 ad
2907 2448 3002 2488 eos
3035 2452 3046 2487 ε
3083 2433 3308 2503 PrOpter
3339 2449 3428 2486 vos
3452 2448 3588 2486 sem-

1980 2545 2068 2599 per
2093 2546 2278 2584 nomen
2305 2545 2476 2583 meum
2507 2527 2894 2600 blasphematur
2913 2530 2968 2580 in
3005 2526 3262 2598 gentibus.
3314 2526 3382 2580 Et
3411 2526 3590 2581 scien-

1975 2623 2104 2678 dum
2129 2623 2299 2692 quod,
2329 2621 2655 2693 ingentibus,
2720 2636 2828 2674 non
2884 2619 3154 2674 habeatur
3209 2618 3264 2674 in
3323 2617 3584 2684 Hebraeo,

1976 2719 2074 2776 sed
2101 2717 2374 2782 absolute,
2399 2733 2586 2772 nomen
2627 2731 2798 2770 meum
2825 2715 3024 2788 jugiter
3071 2710 3481 2785 blasphematur,
3531 2719 3593 2766 ut

1975 2813 2354 2879 subaudiatur,
2387 2812 2442 2866 in
2491 2809 2782 2882 synagngis
2819 2808 3061 2864 vestris:
3109 2805 3204 2877 qui
3249 2805 3445 2860 diebus
3498 2818 3565 2860 ac

1982 2907 2234 2962 noctibus
2281 2903 2666 2974 blasphemant
2700 2901 3066 2966 Salvatorem,
3099 2907 3154 2954 et
3193 2897 3296 2953 sub
3339 2896 3583 2965 nomine,

1977 3012 2035 3058 ut
2065 3016 2210 3072 smpe
2235 3000 2372 3066 dixi,
2406 2997 2838 3065 Nazarenorum,
2867 3005 2948 3051 ter
2975 2996 3028 3050 in
3045 2994 3135 3050 die
3157 2993 3211 3048 in
3241 2992 3584 3048 Christianos

1975 3105 2277 3167 congerunt
2328 3094 2639 3149 maledicta.
2685 3091 2803 3147 lllis
2849 3091 3030 3159 itaque
3079 3086 3588 3158 blasphemantihns

1973 3197 2030 3246 et
2051 3187 2499 3244 maledicentibus
2523 3185 2779 3253 Domino,
2818 3183 3051 3255 populus
3081 3182 3202 3253 ejus
3232 3180 3300 3236 de
3330 3193 3440 3251 quo
3467 3193 3588 3234 cre—

262 3304 307 3356 l,
338 3285 418 3361 9).
453 3288 523 3343 Et
550 3287 756 3343 iterum
793 3283 1170 3341 :Circumdedi
1195 3283 1431 3339 armillas
1470 3285 1706 3339 manibus
1733 3284 1867 3353 tuis,
1900 3271 1944 3336 C
1977 3284 2078 3341 bro
2115 3283 2225 3353 jam
2275 3281 2480 3337 dictum
2533 3289 2639 3348 est,
2672 3279 2724 3334 id
2766 3285 2873 3347 est,
2932 3275 3166 3348 populus
3215 3273 3584 3340 Christianus,

263 3394 306 3437 et
327 3383 523 3437 monile
552 3381 692 3436 collo
733 3392 857 3444 tuo;
903 3387 961 3436 ut
995 3380 1144 3449 gravi
1175 3393 1348 3434 onere
1379 3377 1620 3446 liberati,
1651 3387 1706 3432 et
1731 3377 1873 3433 reci-

265 3479 476 3548 pientes
506 3482 831 3531 ornamenta
860 3472 1088 3544 pristina
1112 3514 1126 3539 ,
1159 3473 1357 3540 captivi
1388 3486 1512 3535 esse
1544 3486 1828 3528 cessemus
1856 3491 1869 3526 :

266 3570 537 3640 redempti
571 3568 640 3624 ab
673 3583 762 3632 eo,
795 3567 885 3638 qui
919 3567 1068 3622 venit
1095 3565 1395 3637 prazdicare
1421 3566 1652 3637 captivis
1676 3565 1873 3621 remis-

264 3665 495 3720 sionem.
522 3663 590 3718 Et
609 3662 677 3717 de
699 3676 810 3732 quo
836 3661 1098 3732 scriptum
1122 3670 1208 3716 est
1233 3660 1423 3730 (Supr.
1451 3676 1575 3725 va,
1603 3660 1694 3730 15)
1727 3678 1740 3713 :
1767 3659 1874 3714 Hic

264 3757 544 3829 trdiﬁcabit
573 3757 830 3811 civitatem
875 3772 1041 3810 meam
1066 3800 1080 3823 ,
1113 3766 1159 3809 et
1189 3755 1537 3824 captivitatem
1569 3754 1751 3825 populi
1775 3756 1876 3808 mei

264 3854 494 3913 reducet.
515 3868 617 3906 non
647 3867 764 3905 cum
789 3851 952 3921 pretio
979 3866 1139 3917 neque
1151 3865 1269 3904 cum
1289 3848 1606 3903 muneribus.
1630 3845 1726 3902 Cui
1749 3862 1877 3902 sen-

268 3947 350 4002 sui
373 3958 432 4002 et
463 3945 663 4001 Petrus
701 3944 990 4013 Apostolus
1021 3943 1270 4012 congruit
1301 3960 1316 3998 :
1366 3942 1599 3997 Scientes
1629 3942 1874 4011 quoniam

269 4056 369 4093 non
399 4038 825 4111 corruptibilibus
859 4045 1072 4110 argento
1108 4045 1158 4090 et
1185 4052 1316 4089 auro
1354 4035 1605 4108 redempti
1643 4035 1763 4088 estis
1809 4034 1872 4088 de

269 4149 397 4187 vana
423 4141 597 4187 vestra
629 4132 1032 4192 conversatione,
1073 4130 1307 4201 patribus
1348 4129 1577 4196 tradita,
1626 4129 1716 4183 sed
1755 4146 1877 4184 san-

271 4228 424 4300 guine
457 4227 583 4297 agni
615 4225 938 4280 immaculati
968 4223 1014 4295 (’l
1048 4222 1194 4278 Petr.
1221 4239 1258 4290 ι,
1292 4222 1406 4294 l8).

339 4320 525 4393 (Vers.
575 4319 612 4372 4
667 4316 849 4390 seqq.)
894 4318 1030 4386 Quia
1074 4317 1187 4372 haec
1227 4316 1352 4370 dicit
1393 4313 1653 4370 Dominus
1697 4312 1878 4371 Deus:

273 4409 338 4465 In
369 4411 660 4485 (Egyplum
686 4410 951 4466 descendit
981 4411 1208 4482 papulus
1247 4426 1389 4463 meus
1430 4410 1483 4462 in
1516 4409 1794 4479 principio.
1821 4417 1879 4462 ut

271 4507 486 4560 colonus
531 4514 661 4561 esset
693 4506 764 4559 ibi
793 4520 811 4558 :
855 4513 902 4558 et
931 4507 1092 4557 Assur
1121 4505 1310 4575 absque
1348 4502 1463 4557 ul.a
1490 4519 1651 4558 causa
1679 4503 1881 4558 calum-

274 4603 439 4656 niatus
459 4611 530 4656 est
555 4617 690 4655 eum.
729 4599 796 4654 Et
820 4616 958 4654 nunc
983 4599 1109 4670 quid
1137 4598 1263 4653 mihi
1294 4609 1366 4654 est
1394 4597 1503 4664 hic,
1537 4598 1662 4652 dicit
1691 4598 1878 4653 Domi-

1974 3377 2110 3434 sciet
2151 3390 2349 3430 nomen
2391 3375 2534 3429 illius
2577 3374 2668 3444 qui
2696 3381 2963 3430 venturus
3012 3377 3099 3426 est
3129 3370 3184 3424 in
3217 3368 3438 3424 nomine
3467 3365 3576 3420 Pa-

1973 3469 2092 3525 tris.
2127 3469 2192 3524 Et
2224 3476 2512 3538 propterea
2552 3466 2714 3535 sciet,
2748 3465 2876 3535 quia
2906 3464 3023 3534 ipse
3049 3461 3140 3532 qui
3174 3460 3324 3530 prius
3352 3460 3572 3514 locutus

1976 3571 2062 3618 est
2092 3577 2186 3630 per
2217 3561 2542 3630 Prophetas,
2573 3572 2822 3628 praesens
2865 3553 3081 3611 erudiet
3121 3551 3378 3623 p0pulos.
3413 3550 3580 3606 Juxta

1976 3654 2330 3724 Septuaginta
2365 3652 2606 3722 loquitur
2628 3649 2695 3704 ad
2733 3647 2900 3703 Israel
2932 3647 3097 3715 Deus,
3123 3644 3267 3714 quod
3296 3644 3350 3698 in
3376 3641 3581 3714 Aigyp-

1979 3759 2090 3803 tum
2120 3750 2399 3803 voluntate
2438 3743 2806 3800 descenderit.
2859 3741 3090 3796 Dicente
3139 3738 3193 3793 in
3240 3737 3584 3792 Deuterono-

1979 3843 2090 3897 mio
2125 3841 2309 3914 Moyse
2341 3859 2354 3894 :
2406 3839 2472 3893 In
2519 3839 2847 3910 septuaginta
2875 3833 3171 3889 animabus.
3199 3831 3585 3886 descenderunt

1980 3945 2152 4008 patres
2176 3937 2251 3989 tui
2269 3936 2325 3988 in
2359 3933 2651 4008 /Egyptum
2681 3931 2863 4004 (Deut.
2897 3946 2950 3993 x,
2979 3928 3074 3999 22)
3108 3945 3120 3981 :
3155 3936 3210 3983 et
3239 3926 3310 3982 ab
3341 3924 3586 3996 Assyriis

1978 4028 2178 4098 captivi
2207 4027 2371 4099 605
2397 4026 2664 4080 violenter
2687 4023 2903 4078 abducti
2928 4031 3078 4076 sunt.
3105 4019 3261 4077 Unde
3288 4019 3497 4075 dicitur
3513 4019 3588 4075 ad

1979 4134 2114 4176 eos:
2149 4119 2214 4173 Et
2247 4132 2392 4172 nunc
2419 4116 2548 4186 quid
2578 4117 2712 4172 estis
2745 4115 2868 4170 hic?
2913 4112 3044 4186 quid
3100 4113 3279 4168 facitis
3333 4112 3386 4166 in
3438 4122 3585 4167 terra

1979 4213 2190 4279 Judtea,
2225 4211 2320 4283 qui
2349 4221 2471 4281 post
2499 4225 2688 4266 necem
2718 4207 3222 4278 Prophetarum,in
3257 4206 3353 4262 Dei
3384 4205 3587 4262 Filium

1982 4306 2212 4362 misistis
2235 4303 2466 4359 manus?
2497 4305 2604 4357 Aut
2635 4310 2788 4358 certe
2816 4301 2884 4356 ad
2915 4300 3204 4371 Angelicas
3243 4309 3582 4371 potestates,

1982 4409 2038 4456 et
2068 4398 2326 4470 praesides
2351 4397 2562 4468 Templi
2588 4396 2824 4466 Angelos
2853 4393 3094 4465 loquitur
3115 4393 3261 4449 Deus
3290 4410 3304 4448 :
3333 4391 3474 4460 Quid
3499 4392 3587 4448 hic

1983 4496 2179 4565 facitis,
2231 4510 2331 4551 cur
2369 4509 2477 4550 non
2518 4490 2828 4564 relinquitis
2876 4489 3140 4561 populum
3197 4487 3592 4558 blaspheman-

1985 4595 2131 4649 tem?
2161 4591 2304 4661 quod
2333 4604 2384 4646 et
2410 4587 2681 4658 Iosephus
2713 4585 2886 4643 refert
2915 4585 3056 4656 (Lib.
3086 4600 3137 4639 Vl
3165 4583 3345 4656 Antig.
3376 4584 3592 4640 Judaic.

273 4698 410 4750 nus?
442 4695 705 4761 Quoniam
725 4693 931 4748 ablatus
954 4701 1027 4746 est
1053 4693 1279 4762 populus
1305 4708 1446 4745 meus
1478 4692 1642 4763 gratis
1670 4708 1688 4745 :
1711 4692 1878 4746 domi—
1905 4679 1960 4739 D
1985 4703 2032 4740 c.
2073 4684 2162 4756 12)
2198 4703 2210 4739 :
2244 4682 2452 4754 apertis
2478 4688 2705 4750 repente
2731 4679 2911 4750 januis
2929 4677 3164 4747 Templi,
3192 4686 3244 4734 et
3274 4687 3473 4749 sponte
3505 4693 3594 4735 re-

275 4800 482 4844 natores
526 4789 641 4853 eius
667 4787 844 4858 inique
881 4794 1062 4858 agunt,
1096 4785 1222 4838 dicit
1271 4783 1549 4849 Dominus,
1595 4795 1642 4838 et
1681 4786 1882 4858 jugiter

276 4891 381 4939 tota
423 4883 509 4936 die
564 4897 750 4934 nomen
807 4895 976 4934 meum
1018 4878 1425 4948 blasphematur.
1473 4876 1697 4949 Propter
1743 4878 1881 4946 quod

275 4978 401 5031 sciet
433 4976 660 5046 populus
686 4989 831 5028 meus
857 4989 1041 5026 nomen
1078 4988 1248 5026 meum
1277 4971 1331 5024 in
1355 4971 1441 5026 die
1471 4970 1568 5024 illa
1590 4985 1610 5024 :
1636 4971 1759 5041 quia
1784 4988 1880 5038 ego

275 5070 384 5141 ipse
411 5071 500 5140 qui
544 5067 811 5140 loquebar,
844 5083 960 5122 ecce
1001 5065 1207 5120 adsum.
1242 5063 1383 5120 LXX
1412 5081 1425 5118 :
1472 5064 1610 5132 Quia
1654 5065 1730 5118 sic
1759 5064 1885 5119 dicit

281 5162 586 5218 Dominus:
633 5159 698 5215 In
751 5159 1044 5232 .(Egyptum
1095 5158 1363 5213 descendit
1426 5158 1652 5228 populus
1703 5173 1880 5223 meus,

279 5258 422 5326 prius
445 5267 498 5310 ut
544 5255 968 5325 peregrinaretur
991 5251 1160 5324 60h.
1188 5251 1260 5305 ibi
1287 5267 1306 5305 :
1336 5260 1384 5304 et
1410 5251 1466 5304 in
1504 5249 1745 5321 Assyrios
1776 5250 1889 5304 vio-

278 5351 440 5405 lenter
461 5349 674 5403 abducti
697 5359 818 5402 sunt
844 5366 862 5414 ;
886 5357 932 5402 et
964 5364 1099 5401 nunc
1120 5347 1247 5419 quid
1275 5345 1372 5399 erit
1398 5345 1504 5407 hic,
1547 5343 1675 5398 dicit
1703 5343 1886 5398 Domi-

280 5445 416 5498 nus?
441 5439 582 5510 Quia
599 5441 802 5496 ablatus
825 5451 902 5496 est
935 5438 1160 5510 populus
1195 5455 1362 5506 meus,
1388 5438 1550 5512 gratis
1581 5438 1887 5492 ndmirami—

279 5538 362 5601 ni,
395 5546 444 5592 et
479 5534 698 5590 ululate.
739 5532 866 5588 Haec
891 5533 1022 5588 dicit
1057 5531 1312 5586 Dominus
1335 5548 1354 5586 :
1386 5531 1608 5603 Pr0pter
1630 5547 1719 5585 vos
1750 5547 1888 5585 sem-

283 5647 373 5700 per
400 5645 590 5686 nomen
613 5645 783 5684 meum
814 5626 1201 5698 blasphematur
1229 5626 1281 5679 in
1315 5625 1572 5696 gentibus.
1601 5623 1886 5696 Propterea

281 5726 404 5780 sciet
432 5723 660 5794 populus
693 5738 838 5775 meus
863 5737 1050 5775 nomen
1072 5735 1240 5775 meum
1269 5720 1321 5772 in
1355 5717 1439 5772 die
1467 5715 1563 5772 illa
1597 5733 1615 5771 :
1639 5717 1764 5783 quia
1792 5732 1886 5787 ego

284 5817 392 5890 ipse
413 5818 502 5890 qui
517 5815 783 5887 loquebar,
807 5814 1011 5868 adsum.
1037 5810 1234 5882 Arguit
1257 5810 1516 5881 populum
1542 5808 1881 5875 Iudaeorum,

285 5921 340 5968 et
367 5921 596 5969 ventura
633 5908 898 5982 prtedicit.
931 5905 1086 5974 Quod
1126 5907 1217 5978 qui
1251 5905 1534 5963 voluntate
1565 5919 1661 5961 sua
1702 5902 1754 5957 in
1799 5903 1885 5956 Ja-

1988 4778 2204 4844 seratis,
2240 4793 2372 4847 quas
2401 4773 2559 4829 multi
2592 4772 2844 4827 homines
2882 4770 3141 4826 claudere
3172 4771 3260 4826 vix
3303 4781 3590 4842 poterant,

1991 4887 2182 4927 vocem
2202 4870 2270 4925 de
2297 4868 2476 4938 adytis
2508 4865 2724 4938 Templi
2746 4866 2928 4921 exisse
2958 4865 3258 4922 dicentium
3288 4883 3302 4920 :
3338 4865 3595 4920 Transea-

1989 4981 2102 5018 mus
2129 4980 2193 5018 επ
2219 4964 2299 5016 his
2331 4959 2558 5014 sedibus.
2582 4959 2640 5014 In
2687 4973 2796 5028 quo
2824 4957 3223 5014 consideranda
3269 4970 3589 5012 sermonum

1992 5059 2321 5132 proprietas,
2345 5055 2489 5128 quod
2517 5070 2623 5111 non
2645 5054 2910 5122 dixerint,
2939 5053 3282 5118 recedamus,
3304 5050 3400 5107 sed
3425 5061 3598 5105 trans-

1993 5168 2182 5208 eamus
2211 5150 2276 5206 ad
2329 5149 2589 5221 populum
2619 5148 2884 5220 gentium.
2919 5147 3076 5204 Unde
3105 5155 3161 5202 et
3204 5133 3404 5200 velunr
3433 5141 3597 5199 Tem-

1987 5245 2064 5316 pli
2091 5261 2118 5298 a
2151 5257 2366 5300 summo
2392 5257 2564 5314 usque
2584 5241 2840 5297 deorsum
2862 5239 3095 5296 scissum
3116 5235 3202 5294 est
3223 5237 3280 5292 in
3308 5224 3444 5291 duas
3473 5249 3600 5305 par-

1990 5347 2094 5405 tes,
2130 5348 2188 5391 ut
2223 5351 2416 5391 omnes
2444 5334 2758 5390 Judaaornm
2805 5330 3150 5388 caeremonias
3195 5326 3591 5399 panderentur,

1989 5440 2046 5486 et
2071 5445 2135 5486 co
2163 5439 2407 5498 tempore
2443 5429 2791 5498 impleretur,
2831 5425 2976 5493 quod
3021 5425 3074 5478 in
3103 5425 3206 5476 hoc
3231 5419 3427 5476 eodem
3457 5418 3599 5474 Pro-

1993 5524 2155 5595 pheta
2179 5523 2384 5582 dicitur
2412 5541 2425 5576 :
2459 5520 2545 5577 Ea;
2567 5522 2700 5578 Sion
2722 5517 3014 5592 egredietur
3044 5515 3150 5580 lex,
3180 5523 3230 5568 et
3255 5514 3461 5568 verbum
3490 5513 3602 5570 Do-

1994 5618 2122 5672 mini
2163 5617 2226 5672 de
2264 5614 2579 5671 Jerusalem.
2626 5612 2696 5668 Et
2715 5610 2977 5686 judicabit
3013 5609 3148 5662 inter
3185 5607 3379 5662 multas
3425 5617 3603 5680 gentes

1995 5729 2160 5785 usque
2181 5713 2236 5766 in
2261 5710 2606 5783 longinquum
2638 5705 2796 5777 (Isai.
2828 5719 2866 5757 ιι
2885 5744 2898 5767 ,
2925 5703 2980 5770 3,
3007 5700 3088 5771 4).
3122 5700 3178 5755 ln
3203 5716 3426 5756 omnem
3449 5702 3600 5758 enim

1998 5816 2198 5861 terram
2245 5802 2420 5858 exivit
2457 5813 2626 5856 sonus
2671 5811 2884 5863 eorum,
2931 5805 2987 5850 et
3037 5793 3090 5849 in
3142 5793 3408 5851 terminos
3451 5794 3602 5852 orbis

1997 5899 2159 5955 verba
2190 5911 2382 5953 eorum
2413 5892 2532 5966 (Ps.
2563 5888 2751 5960 xvnl).
2785 5887 2853 5944 Et
2881 5889 2934 5943 in
2961 5886 3109 5943 omni
3141 5887 3266 5944 loco
3299 5887 3412 5945 Deo
3441 5889 3606 5945 offer-
