4096 6330
465 264 483 295 ε

464 262 570 319 503

1715 254 1773 312 S.
1821 252 2093 311 EUSEBII
2130 253 2510 311 llIEIiONYMl

3658 246 3764 308 504

540 375 723 447 (Vers.
748 373 963 444 11-13.)
984 373 1248 439 Recedite,
1272 372 1516 437 recedite,
1550 371 1684 426 exite
1712 370 1854 435 inde,
1886 368 2063 440 pollu-
2089 371 2143 431 Α
2166 367 2236 424 de
2263 369 2399 424 orbe
2425 377 2689 424 terrarum
2722 383 2886 424 unum
2916 381 3135 438 gregem
3165 364 3391 434 iaceret,
3420 374 3482 421 ut
3506 364 3763 435 implere-

458 480 572 524 tum
595 466 754 523 nolite
777 476 985 539 tangere
1008 482 1027 522 :
1047 466 1179 520 exite
1205 467 1269 520 de
1294 465 1462 520 medio
1477 465 1615 537 ejus,
1635 460 1957 518 mundamini
1973 461 2061 532 qui

462 563 610 635 fertis
627 560 750 616 uasa
768 557 998 615 Domini.
1022 559 1283 626 Quoniam
1301 575 1405 613 non
1421 560 1473 612 in
1488 557 1710 612 tumultu
1722 556 1925 613 emittitis
1940 570 1960 611 .'
1974 570 2066 610 nec

459 660 515 712 in
535 658 663 730 fuga
675 654 1033 726 properabitis.
1054 651 1322 708 Praecedet
1337 654 1477 709 enim
1491 668 1577 707 vos
1594 650 1872 720 Dominus,
1888 658 1937 704 et
1950 664 2066 705 con-

461 748 691 821 gregabit
712 765 799 803 vos
819 746 957 801 Deus
975 745 1163 801 Israel.
1184 744 1332 801 LXX
1355 764 1369 800 :
1398 745 1654 815 Recedite,
1669 745 1910 813 recedite,
1923 758 2063 814 egre-

461 841 646 895 dimini
686 840 805 895 inde
827 880 842 907 ,
870 847 919 895 et
960 837 1290 894 immundum
1342 837 1503 894 nolite
1547 850 1757 910 tangere
1789 854 1807 891 :
1835 837 1968 892 exite
2004 838 2068 890 de

458 932 629 988 medio
672 935 787 1006 ejus
839 948 860 987 :
895 933 1215 1004 separamini
1263 933 1352 1004 qui
1398 933 1619 1004 portatis
1664 946 1787 986 vasa
1828 930 2064 999 Domini,

460 1028 585 1098 quia
614 1043 718 1081 non
744 1043 858 1081 cum
890 1028 1115 1082 tumultu
1140 1027 1364 1095 exibitis,
1395 1043 1560 1097 neque
1587 1042 1707 1081 cum
1735 1027 1862 1097 fuga
1890 1024 2025 1079 ibitis
2047 1041 2066 1080 :

463 1120 554 1174 sed
580 1119 838 1192 praecedet
866 1136 954 1174 vos
994 1117 1250 1176 Dominus
1268 1164 1284 1190 ,
1313 1130 1361 1174 et
1389 1120 1476 1192 qui
1507 1127 1781 1191 congregat
1810 1133 1897 1172 vos
1927 1114 2068 1172 Deus

464 1207 657 1266 Israel.
700 1211 770 1268 Et
805 1211 911 1267 hoc
940 1211 1116 1267 Judaei
1146 1214 1229 1269 sic
1258 1213 1528 1268 disserere
1562 1221 1831 1267 conantur
1863 1226 1877 1263 :
1914 1211 2068 1266 Exite

463 1302 534 1359 de
567 1304 866 1377 Babylone,
898 1312 955 1361 et
983 1303 1124 1359 idola
1161 1320 1349 1361 eorum
1388 1302 1771 1373 derelinquitc.
1816 1304 1973 1359 Exite
1999 1303 2069 1359 de

465 1394 650 1451 medio
694 1394 841 1452 illius
864 1438 880 1464 ,
923 1406 980 1452 et
1014 1410 1143 1453 vasa
1173 1412 1294 1468 quae
1333 1395 1869 1463 Nabuchodonosor,
1910 1406 2068 1467 capta

464 1487 792 1559 Jerusalem,
831 1491 1024 1547 tulerat
1057 1490 1149 1565 (IV
1176 1491 1305 1564 Reg.
1328 1490 1443 1563 xv),
1474 1490 1620 1564 Cyro
1650 1492 1864 1547 laxante
1891 1493 2071 1562 capti-

468 1600 566 1639 vos
587 1587 690 1642 sub
711 1586 1015 1643 Zorobabel
1037 1597 1090 1643 et
1113 1586 1286 1643 Esdra
1316 1585 1498 1658 (Esdr.
1528 1586 1592 1657 ι),
1626 1584 1829 1643 referte
1848 1585 1902 1643 in
1928 1597 2065 1642 tem-

466 1679 652 1749 plum;
703 1695 806 1736 nec
845 1680 989 1736 sicut
1027 1683 1180 1752 prius
1217 1681 1286 1737 de
1323 1679 1559 1753 Egypto
1594 1695 1717 1734 cum
1750 1679 1983 1736 tumultu
2012 1690 2069 1736 et

2168 471 2255 517 tur
2276 460 2404 517 illud
2429 462 2571 530 quod
2598 460 2853 517 Dominus
2876 461 2929 515 in
2950 459 3243 530 Evangelio
3262 457 3330 514 ad
3353 458 3572 514 Patrem
3592 456 3763 528 loqui-

2168 564 2254 611 tur
2282 553 2504 629 (Joann.
2542 570 2674 623 χιιι,
2712 553 2810 625 21)
2844 571 2859 608 :
2893 552 2997 623 Da,
3029 562 3084 608 ut
3124 553 3259 607 sicut
3296 568 3389 625 ego
3423 560 3474 607 et
3512 558 3571 605 tu
3605 566 3766 606 unum

2164 665 2344 703 sumus
2367 664 2385 703 :
2406 648 2481 704 sic
2500 657 2548 703 et
2576 648 2663 703 isti
2688 648 2744 702 in
2762 647 2909 703 nobis
2937 664 3100 703 unum
3128 647 3233 701 sint
3258 661 3279 701 :
3306 654 3365 702 ut
3385 644 3580 701 eodem
3601 659 3766 701 sensu

2166 747 2223 794 et
2248 739 2438 795 eadem
2468 741 2766 807 sententia,
2807 739 3159 809 repugnantia
3193 738 3332 794 inter
3360 752 3420 794 se
3449 737 3578 793 vitia
3607 745 3767 808 atque

2167 833 2438 891 contraria
2467 832 2819 903 deserentes,
2850 848 3009 889 unam
3045 832 3526 903 apprelieuderent
3568 831 3768 887 solam-

2168 942 2271 999 que
2312 926 2588 981 virtutem.
2635 925 2820 998 Neque
2859 924 3004 982 enim
3053 925 3181 980 vitia
3225 934 3280 980 et
3330 923 3768 996 perturbationes

2167 1018 2398 1075 invicem
2428 1033 2490 1075 se
2518 1027 2857 1090 sequuntur:
2886 1018 3030 1090 quod
3061 1018 3131 1075 de
3150 1018 3440 1074 virtutibus
3470 1017 3687 1086 dicitur,
3714 1017 3768 1073 in

2168 1113 2367 1184 quibus
2404 1127 2507 1168 nec
2545 1120 2573 1149 ⁸
2602 1113 2886 1191 ὑπερϐολαὶ
2921 1123 3045 1166 sunt
3067 1156 3084 1183 ,
3125 1125 3227 1168 nec
3259 1108 3536 1184 ἐλλείψεις,
3578 1109 3634 1166 id
3661 1120 3765 1180 est,

2170 1223 2271 1265 nec
2302 1207 2420 1277 plus
2450 1222 2552 1264 nec
2596 1208 2793 1277 minus,
2843 1208 2937 1264 sed
2987 1207 3169 1263 omnia
3216 1216 3539 1278 temperata.
3601 1206 3769 1264 Porro

2168 1301 2224 1356 in
2256 1301 2400 1386 vitiis
2426 1300 2683 1357 universa
2712 1300 2983 1357 contraria
3010 1313 3173 1372 sunt,
3217 1311 3272 1356 ut
3314 1316 3481 1372 pavor
3506 1300 3766 1371 audaciae,

2170 1396 2433 1467 impietati
2464 1396 2800 1467 superstitio,
2828 1395 3039 1453 luxuria
3069 1396 3341 1469 parcitati.

2242 1487 2377 1544 Ecce
2423 1489 2671 1563 intelliget
2717 1506 2891 1545 seruus
2939 1506 3082 1545 meus
3105 1535 3120 1561 ,
3145 1489 3461 1546 exaltabitur
3482 1531 3499 1559 ,
3528 1489 3693 1563 312
3723 1500 3770 1545 et

2169 1584 2448 1638 elevabitur
2498 1594 2546 1639 et
2581 1583 2815 1640 sublimis
2850 1584 2951 1640 erit
2986 1584 3154 1640 valde.
3213 1584 3363 1643 Sicut
3402 1584 3771 1658 obstupuerunt

2169 1692 2326 1745 super
2353 1684 2401 1729 te
2426 1674 2577 1731 multi
2605 1692 2624 1732 :
2648 1676 2723 1731 sic
2752 1676 3010 1750 inglorius
3049 1678 3146 1733 erit
3186 1678 3321 1733 inter
3363 1678 3502 1733 viros
3538 1686 3771 1751 aspectus

468 1774 662 1830 timore
684 1773 918 1844 fugistis,
953 1774 1028 1829 ita
1050 1775 1371 1846 egredimini
1398 1774 1466 1829 dc
1490 1772 1794 1845 Babylone;
1828 1772 1925 1829 sed
1944 1788 2066 1829 cum
2099 1776 2149 1839 B
2174 1774 2285 1844 ejus
2309 1815 2325 1839 ,
2378 1780 2427 1825 et
2483 1773 2651 1842 forma
2718 1769 2863 1826 illius
2920 1771 3055 1826 inter
3100 1770 3240 1843 ﬁlios
3306 1771 3598 1827 hominum.
3664 1770 3771 1828 Iste

468 1883 602 1940 pace
644 1879 698 1924 et
747 1869 1023 1925 voluntate
1053 1871 1196 1940 regis
1242 1867 1530 1924 Persarum
1570 1877 1731 1938 atque
1761 1866 2065 1935 Medorum,

468 1962 522 2018 in
552 1977 659 2033 quo
680 1960 899 2017 Domini
926 1962 1177 2017 Voluntas
1197 1962 1468 2033 apparuit,
1500 1961 1591 2031 qui
1613 1960 1848 2032 protexit
1866 1968 1922 2017 et
1940 1976 2071 2016 eon-

467 2054 714 2127 gregavit
746 2070 863 2111 vos.
896 2054 1010 2110 Alii
1032 2070 1153 2126 quae
1174 2054 1243 2111 de
1272 2055 1547 2128 Babylone
1571 2055 1829 2124 diximus,
1860 2054 1929 2111 de
1959 2054 2071 2111 Ro-

473 2163 636 2205 mano
666 2164 840 2221 regno
870 2151 1314 2222 interpretantur,
1345 2150 1490 2221 quod
1524 2150 1577 2204 in
1607 2149 1840 2206 adventu
1868 2147 2070 2205 Christi

471 2242 562 2315 qui
592 2257 690 2299 eos
715 2244 1041 2301 liberaturus
1069 2244 1160 2309 sit,
1190 2242 1308 2300 haec
1335 2243 1516 2300 omnia
1537 2243 1937 2315 compleantur.
1957 2241 2072 2299 Nos

471 2346 652 2393 autem
699 2337 983 2394 audientes
1018 2352 1178 2410 supra
1214 2356 1228 2392 :
1263 2341 1432 2405 Quam
1463 2337 1667 2407 pulchri
1693 2354 1847 2408 super
1875 2345 2071 2393 montes

472 2435 625 2505 pedes
654 2435 1011 2490 annuntiantis
1047 2443 1094 2489 et
1129 2433 1463 2506 praedicantis
1512 2447 1708 2503 pacem.
1758 2431 1828 2486 Et
1861 2449 1874 2487 :
1909 2430 2074 2487 Reue-

470 2526 596 2582 labit
645 2526 901 2583 Dominus
942 2527 1210 2583 brachium
1250 2543 1403 2582 suum
1433 2528 1487 2582 in
1528 2534 1803 2598 conspectu
1843 2527 2075 2581 omnium

469 2621 699 2694 gentium
728 2637 747 2675 :
782 2620 869 2689 Et,
903 2620 1145 2675 videbunt
1174 2636 1352 2675 omnes
1381 2622 1509 2690 lines
1538 2631 1689 2676 terra:
1715 2622 1945 2675 salutare
1975 2617 2077 2675 Dei

472 2715 657 2784 nostri,
683 2730 1017 2786 nequaquam
1040 2715 1145 2771 hoc
1164 2714 1232 2770 de
1259 2714 1422 2787 611
1452 2714 1674 2783 Judzeis,
1707 2715 1802 2771 sed
1831 2714 1901 2772 de
1931 2717 2078 2785 Apo-

472 2809 741 2864 stolorum
768 2809 1120 2880 omniumque
1149 2808 1475 2865 Sanctorum
1506 2807 1858 2879 intelligimus
1879 2808 2072 2865 choro.

473 2900 683 2968 Quibus
714 2902 1055 2972 praecipitur,
1088 2910 1148 2957 ut
1184 2902 1442 2956 recedant
1471 2900 1538 2956 de
1566 2899 1900 2969 Jerusalem,
1933 2908 1990 2956 et
2019 2899 2076 2956 in

475 3003 590 3048 toto
622 2993 825 3049 mundo
856 2993 1210 3065 Evangelium
1246 2994 1561 3064 praedicent,
1601 2993 1815 3049 dicente
1847 2993 2077 3049 Domino

473 3085 758 3141 Salvatore
800 3102 814 3139 :
857 3084 938 3139 Ite
983 3094 1030 3140 et
1069 3085 1245 3141 docete
1287 3103 1462 3141 omnes
1501 3096 1710 3158 gentes,
1754 3086 2078 3153 baptizantes

2172 1875 2410 1937 asperget
2435 1876 2606 1938 gentes
2636 1868 2826 1923 multas
2855 1883 2875 1923 :
2900 1883 3057 1938 super
3082 1869 3252 1939 ipsum
3272 1860 3773 1938 continebuntreges

2173 1973 2232 2013 os
2255 1976 2410 2014 suum
2435 1975 2455 2014 :
2476 1960 2599 2031 quia
2617 1961 2802 2030 quibus
2828 1976 2932 2016 non
2958 1970 3067 2018 erat
3091 1958 3269 2034 [Vulg.
3295 1959 3396 2034 est]
3417 1971 3689 2016 narratum
3712 1960 3775 2015 de

2173 2066 2254 2119 eo,
2296 2049 2534 2107 viderunt
2551 2068 2572 2118 ,°
2606 2061 2656 2107 et
2683 2053 2773 2125 qui
2802 2069 2907 2108 non
2934 2054 3231 2124 audierant,
3272 2052 3611 2125 contemplati
3636 2062 3771 2110 sunt.

2175 2142 2319 2198 LXX
2360 2161 2375 2198 :
2415 2142 2552 2199 Ecce
2579 2144 2831 2218 intelliget
2859 2163 2988 2220 puer
3022 2163 3166 2204 meus
3189 2193 3205 2218 ,
3246 2159 3295 2204 et
3331 2148 3650 2204 exaltabitur
3672 2188 3689 2215 ,
3726 2156 3775 2203 et

2175 2235 2203 2277 δ
2232 2236 2541 2310 gloriabitur
2562 2239 2729 2296 valde.
2761 2240 2910 2297 Sicut
2938 2242 3211 2315 stupebant
3232 2258 3387 2314 super
3415 2252 3464 2297 te
3492 2241 3643 2296 multi
3666 2241 3776 2295 :sic

2173 2331 2230 2386 in
2256 2332 2428 2403 gloria
2453 2334 2551 2390 erit
2577 2335 2643 2389 ab
2672 2335 2966 2391 hominibus
2991 2337 3184 2409 species
3213 2346 3323 2405 tua,
3355 2344 3405 2391 et
3434 2334 3607 2407 gloria
3634 2342 3721 2389 tua
3744 2351 3774 2388 a

2176 2424 2300 2496 ﬁliis
2322 2426 2591 2484 hominum
2618 2446 2637 2485 :
2666 2431 2742 2486 sic
2763 2431 3089 2487 mirabuntur
3113 2441 3286 2506 gentes
3307 2429 3487 2485 multis
3513 2446 3668 2502 super
3692 2445 3770 2495 εον

2178 2531 2226 2576 et
2256 2523 2585 2581 continebant
2612 2541 2758 2598 reges
2787 2542 2846 2581 os
2874 2543 3056 2596 suum,
3084 2527 3208 2599 quia
3229 2524 3414 2597 quibus
3441 2540 3549 2578 non
3576 2530 3651 2578 est
3678 2538 3773 2577 an-

2177 2619 2477 2673 nuntiatum
2503 2622 2568 2673 de
2591 2634 2674 2687 eo,
2704 2618 2968 2690 uidebunt,
2997 2631 3045 2687 et
3067 2620 3156 2692 qui
3176 2634 3278 2674 non
3301 2619 3598 2687 audieram,
3621 2616 3774 2671 intel-

2178 2712 2357 2781 ligeut.
2416 2710 2496 2768 Ne
2554 2711 2667 2767 ulla
2706 2712 3014 2783 legentibus
3053 2712 3377 2783 ambiguitas
3415 2711 3771 2780 relinquatur,

2179 2807 2298 2877 quis
2326 2807 2402 2860 sit
2430 2806 2521 2861 ille
2548 2806 2639 2877 qui
2668 2806 2920 2862 dixerit:
2944 2804 3064 2879 Ego
3100 2807 3189 2878 qui
3224 2804 3491 2878 loquebar,
3532 2820 3648 2861 ecce
3680 2803 3776 2857 ad—

2179 2915 2332 2965 sum;
2374 2907 2429 2955 et
2465 2898 2607 2971 quod
2647 2900 2719 2955 sit
2756 2898 3038 2956 brachium
3084 2908 3329 2956 sanctum
3362 2897 3603 2968 Domini,
3635 2895 3778 2968 quod

2178 2993 2389 3049 cunctis
2436 2993 2683 3065 gentibus
2725 2993 3026 3050 revelatum
3072 3006 3195 3063 est,
3241 2992 3386 3049 Deus
3434 2991 3778 3062 omnipotens

2183 3086 2342 3141 Pater
2387 3085 2676 3157 perspicue
2719 3086 2879 3144 docet
2910 3104 2925 3142 :
2960 3084 3100 3142 Ecce
3144 3086 3392 3157 intelliget
3426 3100 3606 3140 servus
3642 3099 3779 3138 meus
3818 3149 3825 3155 _

479 3194 566 3232 eas
585 3178 637 3232 in
657 3178 865 3233 nomine
884 3177 1083 3244 Patris,
1105 3189 1153 3233 et
1175 3177 1326 3249 Filii,
1351 3189 1400 3234 et
1418 3178 1649 3250 Spiritus
1670 3180 1838 3235 sancti
1862 3178 2076 3249 (Matth.
2106 3167 2153 3231 C
2185 3187 2304 3244 sive
2331 3203 2461 3260 ρυεν
2489 3203 2652 3257 mem,
2693 3185 2762 3243 de
2789 3188 2943 3259 cujus
2970 3186 3276 3244 differentia
3324 3202 3485 3258 supra
3517 3185 3777 3243 diximus.

480 3288 669 3343 xxvur,
694 3274 789 3343 19)
816 3290 829 3326 :
855 3282 914 3328 ut
942 3290 1283 3346 nequaquam
1311 3289 1434 3329 cum
1463 3273 1668 3331 Judmis
1697 3274 2080 3346 blaspheman-

481 3364 625 3420 tibus
655 3373 947 3435 maneant,
982 3367 1037 3420 in
1067 3381 1297 3436 quorum
1329 3380 1516 3421 necem
1548 3365 1825 3421 Romanus
1860 3376 2081 3437 paretur

480 3459 789 3525 exercitus;
830 3459 924 3516 sed
959 3460 1193 3530 pollutos
1221 3460 1600 3532 derelinquant
1631 3479 1644 3515 :
1677 3469 1731 3517 et
1759 3471 2082 3531 separentur

478 3554 550 3609 ab
580 3556 660 3611 eis
687 3567 850 3629 atque
886 3553 1222 3610 muntleutur
1244 3599 1259 3623 ,
1299 3554 1393 3625 qui
1434 3562 1646 3625 portant
1687 3568 1813 3610 vasa
1844 3554 2077 3610 Domini.

479 3648 762 3720 Templum
804 3651 950 3706 enim
988 3659 1119 3707 sunt
1156 3648 1388 3720 Spiritus
1425 3649 1596 3704 sancti
1637 3648 1681 3720 (Ι
1712 3649 1832 3705 Cor.
1868 3650 1946 3720 ιιι)
1975 3694 1991 3719 ,
2025 3659 2080 3706 et

480 3756 690 3812 magnae
731 3743 925 3821 dpmus
965 3757 1093 3798 vasa
1133 3757 1295 3797 aurea
1335 3752 1391 3798 et
1427 3752 1707 3813 argentea.
1760 3742 1946 3810 Qualis
1984 3742 2084 3798 fuit

479 3836 774 3905 Apostolus
803 3837 1022 3909 Paulus,
1046 3837 1139 3909 qui
1162 3852 1257 3893 vas
1284 3835 1564 3894 electionis
1590 3835 1788 3892 dicitur
1813 3835 1954 3909 (Act.
1980 3836 2079 3909 Ix),

481 3940 885 4000 praeparaverat
921 3933 1066 3987 enim
1097 3946 1159 3987 se
1188 3932 1241 3986 in
1273 3946 1368 3985 vas
1398 3931 1697 4002 pretiosum
1730 3940 1785 3986 et
1813 3939 1998 4002 aptum
2027 3931 2081 3986 in

481 4022 840 4078 ministerium
865 4023 984 4079 Dei.
1016 4023 1110 4079 Vel
1132 4032 1283 4080 certe
1315 4024 1417 4079 hoc
1445 4023 1757 4093 dicendum,
1780 4023 1925 4093 quod
1957 4038 2083 4079 vasa

486 4113 721 4184 Domini,
745 4123 1017 4171 armatura
1039 4116 1133 4172 Dei
1156 4116 1226 4171 sit
1243 4115 1563 4186 spiritualis.
1586 4117 1661 4171 De
1679 4131 1783 4187 qua
1811 4125 1865 4170 et
1885 4115 2084 4171 Paulus

482 4208 784 4276 Apostolus
848 4209 1168 4280 loquebatur
1212 4229 1226 4264 :
1271 4210 1482 4265 lnduite
1531 4226 1621 4266 vos
1670 4220 1940 4265 armatura
1988 4208 2085 4263 Dei

483 4298 702 4371 (Ephes.
744 4316 816 4370 vi,
860 4301 974 4372 11),
1015 4310 1071 4356 et
1108 4316 1205 4373 per
1242 4302 1454 4372 singula
1491 4312 1778 4359 enumerat
1810 4322 1823 4356 :
1858 4302 2083 4358 loricam

475 4389 722 4460 justitiaz,
763 4402 817 4447 et
847 4392 1097 4463 clypeum
1130 4392 1290 4462 ﬁdei,
1325 4401 1381 4449 et
1406 4394 1617 4465 galeam
1647 4393 1859 4464 salutis,
1890 4401 1947 4450 et
1974 4395 2086 4465 gla-

491 4482 634 4539 dium
666 4484 910 4556 spiritus,
932 4487 1021 4556 qui
1054 4486 1443 4557 interpretatur
1466 4487 1689 4542 verbum
1715 4487 1830 4543 Dei.
1867 4488 1947 4543 Ad
1971 4489 2085 4546 lucc

2186 3279 2656 3351 lntelligetautem
2678 3325 2694 3350 ,
2727 3297 2834 3336 non
2867 3288 2926 3336 ut
2950 3281 3173 3338 verbum
3206 3280 3343 3351 Dei,
3375 3289 3541 3351 atque
3563 3279 3780 3349 sapien-

2187 3376 2292 3442 tia;
2343 3375 2442 3432 sed
2490 3387 2552 3431 ut
2586 3390 2781 3432 servus
2824 3387 2876 3432 et
2912 3391 3064 3445 puer.
3113 3375 3218 3444 Qui
3253 3390 3373 3432 cum
3404 3376 3459 3431 in
3490 3375 3665 3431 forma
3692 3372 3780 3430 Dei

2185 3479 2365 3541 essu,
2407 3469 2638 3525 iniuriam
2666 3470 2808 3525 Servi
2852 3469 3106 3541 dignatus
3153 3477 3237 3526 est
3284 3468 3580 3539 accipere:
3612 3467 3782 3523 factus

2184 3562 2446 3619 obedieus
2473 3561 2621 3617 Patri
2647 3577 2816 3633 usque
2841 3561 2908 3617 ad
2946 3570 3175 3617 mortem
3201 3606 3217 3631 ,
3244 3568 3300 3616 et
3336 3569 3567 3616 mortem
3608 3558 3783 3615 crucis

2189 3653 2454 3728 (Philipp.
2484 3652 2570 3725 ιι).
2616 3654 2981 3722 Quamobrem
3020 3654 3278 3711 exultavit
3311 3668 3459 3724 eum,
3485 3661 3542 3709 et
3565 3651 3784 3709 donavit

2187 3748 2262 3803 illi
2307 3761 2506 3803 nomen
2560 3762 2725 3816 super
2782 3761 2944 3802 omne
2993 3761 3214 3802 nomen.
3278 3744 3382 3814 Qui
3440 3746 3677 3815 loquitur
3732 3744 3783 3799 in

2188 3839 2399 3910 psalmo
2430 3856 2444 3893 :
2476 3838 2785 3895 Benedicam
2816 3837 3122 3908 Dominum,
3153 3838 3241 3906 qui
3262 3835 3437 3892 tribuit
3466 3834 3596 3890 mihi
3630 3834 3784 3890 intel-

2186 3936 2370 3990 lectum
2400 3932 2519 4007 (Ps.
2553 3952 2642 4003 xv,
2665 3935 2754 4005 7);
2793 3942 2850 3990 et
2876 3933 2946 3990 de
2978 3947 3089 4004 quo
3117 3932 3283 3989 David
3310 3931 3456 3988 canit
3487 3949 3501 3987 :
3538 3929 3643 3998 Qui
3670 3929 3784 3999 {erit

2186 4026 2343 4082 caelos
2386 4026 2442 4082 in
2486 4026 2747 4082 intellectu
2785 4025 2903 4099 (Ps.
2949 4040 3126 4083 cxxxv
3154 4071 3169 4095 ,
3229 4025 3309 4095 5).
3360 4025 3480 4095 Ipse
3520 4033 3606 4081 est
3643 4026 3783 4080 enim

2187 4119 2450 4190 sapientia
2499 4127 2663 4191 atque
2713 4119 3107 4191 intelligentia,
3160 4120 3249 4192 qui
3295 4119 3610 4191 proﬁciebat
3637 4119 3785 4191 quasi

2190 4227 2325 4282 puer
2352 4211 2512 4267 uitale
2545 4220 2714 4283 atque
2742 4211 3011 4282 sapientia
3045 4229 3057 4266 :
3089 4212 3159 4268 de
3197 4227 3302 4279 quo
3332 4211 3572 4283 loquitur
3601 4221 3657 4269 et
3684 4210 3783 4266 Pe-

2192 4314 2308 4361 trus
2341 4322 2355 4363 :
2388 4303 2530 4359 Deus
2549 4314 2756 4375 patrum
2780 4314 3075 4360 nostrorum
3094 4305 3401 4378 gloriﬁcauit
3422 4302 3623 4360 Filium
3642 4319 3783 4359 suum

2189 4398 2557 4468 .lesum,quem
2576 4413 2665 4453 uos
2684 4398 2890 4469 quidem
2906 4399 3217 4461 tradidistis,
3244 4408 3294 4452 et
3318 4398 3546 4472 negastis
3571 4401 3783 4469 autefa-
3857 4400 3868 4409 '

2189 4493 2320 4547 ciem
2341 4490 2503 4546 Pilati
2532 4489 2749 4547 uolentis
2780 4507 2896 4547 eum
2915 4492 3194 4550 dimittere.
3225 4492 3334 4549 Vos
3353 4503 3527 4549 autem
3552 4504 3784 4549 sanctum

483 4575 650 4646 addit,
683 4577 955 4649 cingulum
990 4582 1249 4650 veritatis,
1281 4592 1337 4637 et
1367 4580 1633 4637 calceatos
1664 4583 1829 4652 pedes
1862 4583 1913 4639 in
1947 4600 2085 4655 prae-
2114 4567 2165 4627 Ῐ)
2191 4596 2237 4641 et
2249 4588 2456 4658 justum
2486 4585 2713 4656 negastis
2733 4583 2871 4656 (Act.
2902 4600 2986 4654 ιιι,
3024 4586 3113 4655 15,
3139 4585 3262 4657 14),
3293 4587 3363 4643 de
3392 4602 3502 4658 quo
3530 4598 3587 4643 et
3627 4602 3784 4659 supra

484 4671 765 4740 paratione
788 4670 1064 4745 Evangelii
1088 4676 1254 4744 pacis.
1282 4674 1349 4731 Et
1373 4675 1429 4730 in
1448 4675 1554 4730 alio
1577 4674 1697 4730 loco
1721 4693 1734 4730 :
1758 4673 2087 4748 Deponentes

482 4778 604 4834 ergo
633 4780 790 4834 opera
832 4765 1189 4838 tenebrarum,
1232 4768 1513 4823 induantur
1549 4785 1696 4823 arma
1732 4770 1863 4825 lucis
1901 4771 2082 4844 (Rom.

485 4872 600 4927 xm,
644 4856 755 4930 13).
802 4858 1055 4930 Sequitur
1086 4878 1100 4915 :
1136 4861 1260 4917 Non
1302 4863 1357 4917 in
1387 4863 1609 4918 tumultu
1638 4865 1871 4935 exibitis,
1912 4882 2005 4921 nec
2032 4866 2087 4919 in

486 4951 613 5023 fuga
644 4951 1002 5025 properabitis.
1036 4953 1223 5025 Neque
1252 4957 1397 5010 enim
1429 4964 1484 5011 ut
1508 4955 1631 5012 victi
1663 4957 1732 5013 de
1757 4956 2082 5029 Jerusalem,

483 5041 581 5099 sed
618 5054 675 5099 ut
704 5044 937 5101 victores
977 5056 1321 5104 recesserunt
1352 5065 1366 5102 :
1401 5050 1579 5120 utqui
1616 5049 1856 5121 quotidie
1894 5049 2090 5121 pradi-

484 5145 671 5192 cantes
710 5137 764 5192 in
796 5136 1021 5208 Temple
1049 5139 1400 5210 Evangelium
1430 5140 1547 5212 Dei,
1589 5143 1756 5197 multa
1783 5142 1951 5198 millia
1987 5141 2086 5198 Ju-

485 5227 727 5284 daeorum
775 5228 977 5287 Christi
1024 5218 1569 5305 lideisubjecerant,
1611 5236 1773 5291 etiam
1828 5236 2087 5291 mundum

485 5319 633 5377 illius
652 5323 947 5395 Evangelio
967 5324 1334 5397 subjugarent.
1361 5327 1626 5383 Prasviuut
1653 5328 1799 5385 enim
1819 5328 2091 5385 habebant

486 5412 795 5489 Dominum,
818 5418 910 5490 qui
931 5432 1286 5492 congregaret
1307 5435 1423 5491 eos,
1451 5421 1619 5479 Deum
1640 5420 1830 5492 lsrael,
1858 5420 1961 5477 hoc
1980 5429 2084 5491 est,

2191 4694 2247 4734 sc
2256 4679 2455 4749 riptum
2471 4678 2839 4734 ostendimus:
2859 4678 2974 4751 Ego
2991 4681 3155 4749 testis,
3170 4680 3299 4736 dicit
3312 4679 3586 4751 Dominus,
3602 4691 3653 4738 et
3665 4699 3785 4756 puer

2190 4787 2343 4844 quem
2364 4771 2535 4842 elegi:
2554 4787 2713 4842 super
2729 4773 2903 4845 ipsum
2927 4774 3201 4846 stupebant
3223 4772 3433 4845 plurimi
3453 4775 3612 4846 (lsai.
3639 4790 3782 4842 mu,

2194 4864 2451 4933 10),cum
2477 4862 2626 4919 illius
2652 4863 2805 4934 signa
2824 4865 3224 4936 perspexerint.
3257 4864 3325 4922 Et
3341 4865 3468 4923 hinc
3493 4868 3600 4923 erit
3616 4868 3785 4938 majus

2196 4954 2539 5019 miraculum,
2564 4954 2709 5024 quod
2738 4955 3004 5026 inglorius
3027 4956 3135 5013 erit
3174 4957 3317 5014 inter
3338 4957 3785 5032 bominesuspec~

2197 5056 2284 5104 tus
2306 5048 2424 5120 ejus
2445 5066 2458 5102 ς
2480 5064 2586 5105 non
2606 5063 2716 5121 quo
2734 5048 2923 5105 forma:
2938 5049 3211 5121 signiticet
3228 5050 3556 5119 nuditatem,
3570 5053 3671 5110 sed
3682 5068 3785 5125 quo

2196 5142 2249 5199 in
2278 5140 2584 5198 humilitate
2614 5140 2827 5197 venerit
2870 5149 2928 5197 et
2974 5151 3318 5213 paupertate.
3352 5143 3455 5214 Qui
3483 5161 3610 5201 cum
3641 5147 3787 5203 dives

2194 5244 2360 5303 esset,
2396 5249 2494 5303 pro
2539 5234 2695 5291 nobis
2720 5250 2929 5308 pauper
2956 5235 3138 5294 lactus
3191 5246 3316 5305 est;
3349 5250 3403 5296 et
3433 5241 3785 5299 credentibus

2195 5327 2331 5383 dixit
2357 5343 2376 5382 :
2406 5325 2610 5383 Discite
2634 5345 2667 5382 a
2694 5345 2793 5398 me,
2824 5329 2950 5401 quia
2977 5329 3121 5386 mitis
3146 5346 3262 5385 sum
3301 5340 3351 5387 et
3378 5332 3592 5392 humilis
3635 5334 3782 5390 corde
3886 5362 3895 5370 -

2195 5419 2431 5495 (Matth.
2479 5438 2553 5491 ιι,
2591 5420 2700 5494 29)
2731 5440 2746 5478 :
2795 5423 2865 5480 de
2900 5438 3012 5494 quo
3042 5432 3099 5483 et
3139 5421 3397 5485 Clemens
3442 5430 3528 5486 vir
3567 5438 3785 5501 aposto-

555 5633 581 5712 ξι
612 5625 718 5681 Pro
755 5627 1156 5712 ‘Graacoverbo
1188 5633 1495 5712 bmpgoiai,
1521 5632 1668 5703 quod
1718 5631 2062 5712 substituunt

2181 5637 2418 5712 armcepti
2432 5646 2604 5692 sonat.

492 5710 646 5759 mss.,
678 5705 838 5775 antea
867 5702 1188 5779 eratminus
1217 5702 1505 5779 commodo
1529 5702 1694 5779 eensu
1720 5704 2058 5779 ὑπερϐᾴσιις,

2242 5705 2267 5788 ξ)
2295 5707 2480 5788 Malim
2509 5723 2631 5764 cum
2659 5707 2926 5777 Victurio,
2947 5718 3003 5766 et
3024 5709 3223 5770 Grieco
3244 5711 3642 5784 δοξασθήσεται,
3670 5715 3780 5788 glo-

484 5782 605 5837 quze
654 5783 757 5823 vox
788 5768 1006 5840 praprie
1049 5766 1528 5846 transgressionem,
1576 5772 1689 5830 sive
1734 5766 2063 5831 violationeni
2171 5777 2484 5847 riﬁcabitur.
