4096 6330
227 343 335 402 505

778 345 1430 404 COMMENTARIORUM
1470 345 1536 403 IN
1576 343 1808 402 ISAIAM
1848 344 2268 404 PROPHETAM
2309 349 2436 405 LIB.
2479 346 2622 406 XIV.
2664 347 2819 406 CAP.
2859 347 2992 405 LIII.

3442 343 3546 402 506

229 457 384 524 licus,
421 457 520 528 qui
565 468 696 530 post
728 459 945 516 Petrum
997 463 1298 518 Romanam
1341 461 1482 518 rexit
1514 460 1837 527 Ecclesiam,
1869 462 1920 524 Α
1949 460 2161 517 Domini
2192 464 2276 518 cui
2305 463 2588 518 revelatum
2632 467 2746 519 est?
2773 465 3056 520 raritatem
3100 460 3439 520 credentium
3475 461 3553 515 si-

227 551 420 608 scribit
478 552 551 608 ad
613 555 973 611 Corinthios:
1028 557 1316 628 Sceptrum
1351 565 1378 594 α
1413 555 1534 620 ,Dei
1581 555 1846 612 Dominus

227 644 392 716 613
422 642 598 701 Jesus
630 645 906 715 Christus,
941 667 1045 705 non
1092 652 1246 707 venit
1278 651 1333 706 in
1363 649 1624 719 jactantia
1656 664 1848 720 super-

230 736 360 804 biae,
394 753 526 794 cum
563 741 742 810 possit
782 743 988 812 omnia,
1041 747 1136 802 sed
1197 747 1250 802 in
1298 745 1631 801 humilitate.
1664 744 1848 802 Intan-

226 839 340 885 tum
367 841 427 885 ut
445 832 780 890 verberatus
796 851 825 890 a
844 837 1093 892 ministro
1119 838 1443 904 sacerdotis,
1467 837 1842 910 responderit:

229 923 273 977 si
300 924 439 979 male
464 924 678 981 locutus
703 944 838 993 sum,
866 946 1028 1000 argue
1047 933 1110 985 de
1133 945 1378 1000 peccato;
1408 931 1488 986 sin
1508 940 1678 985 autem
1699 931 1844 996 bene,

228 1016 355 1087 quid
387 1033 466 1071 me
491 1020 657 1074 aedis
681 1019 870 1091 (ileon.
899 1039 1031 1078 xvtu
1052 1022 1109 1095 )?
1141 1024 1348 1081 habens
1400 1025 1690 1081 duodecim
1735 1027 1847 1081 An-

229 1111 481 1180 gelorum
535 1114 733 1182 millia,
769 1132 892 1186 quae
922 1117 1071 1174 illius
1100 1120 1322 1176 nutibus
1369 1120 1678 1177 ohedirent.
1734 1119 1847 1178 Iste

227 1217 468 1279 asperget
495 1218 678 1280 gentes
707 1211 924 1278 multas,
955 1214 1228 1270 inundans
1254 1229 1348 1271 eas
1375 1217 1642 1286 sanguine
1661 1230 1761 1272 suo
1791 1225 1844 1272 et

229 1299 282 1354 in
315 1301 662 1370 baptismate
692 1304 787 1359 Dei
813 1319 1149 1364 consecratis
1171 1310 1444 1364 servituti.
1475 1308 1647 1379 Super
1677 1310 1845 1379 ipsum

230 1394 572 1449 continebant
600 1412 745 1468 reges
776 1415 833 1453 os
858 1415 1030 1466 suum,
1058 1409 1117 1456 et
1148 1402 1422 1472 principes
1463 1402 1675 1468 smculi,
1711 1416 1844 1472 quo-

231 1503 354 1543 rum
388 1492 574 1546 omnis
620 1493 888 1563 sapientia
926 1497 1104 1552 crucis
1151 1497 1536 1567 pratdicatione
1577 1496 1842 1552 subversa

229 1591 314 1638 est
349 1602 362 1638 :
394 1595 450 1640 et
484 1587 581 1656 qui
619 1602 726 1642 non
761 1587 1068 1647 habuerant
1090 1591 1289 1661 Legem
1335 1602 1390 1647 et
1430 1591 1756 1662 Prophetas,
1789 1600 1845 1648 et

227 1675 432 1744 quibus
463 1676 536 1733 de
558 1694 630 1735 eo
661 1695 769 1736 non
798 1681 974 1739 fuerat
1003 1685 1338 1752 nuntiatum,
1375 1686 1478 1756 ipsi
1501 1685 1760 1741 videbunt
1789 1694 1846 1742 et

229 1765 566 1840 intelligent.
606 1771 682 1826 De
719 1775 916 1844 quibus
961 1775 1206 1846 loquitur
1249 1786 1307 1833 et
1351 1777 1654 1834 Salvator:
1698 1775 1844 1831 Beati

1947 553 2169 625 gniﬁcat
2190 569 2257 610 ex
2287 554 2511 614 .ludacis.
2537 555 2805 626 Quodque
2831 557 3107 628 sequitur:
3139 553 3388 610 Ascendet
3408 554 3542 608 sicut

1949 649 2230 720 virgultum
2250 666 2423 704 coram
2449 665 2543 716 eo;
2577 665 2673 720 pro
2695 665 2804 722 quo
2831 649 2974 706 LXX
3000 647 3415 712 transtulerunt,
3435 647 3546 701 An-

1950 745 2292 800 nuntiauimus
2323 745 2452 800 sicut
2485 745 2757 817 parvulum
2795 762 2969 800 coram
2997 762 3055 800 eo
3098 763 3116 800 :
3155 759 3253 815 pro
3294 741 3541 814 virgulto,

1950 835 2330 906 Symmachus,
2362 852 2563 890 ramum
2586 839 2979 906 interpretatus
2995 848 3101 902 est,
3124 846 3184 892 ut
3203 842 3542 904 assumptum

1948 929 2264 986 ostenderet
2294 930 2570 986 hominem
2595 931 2684 1001 qui
2711 930 3062 1001 processitde
3086 941 3244 987 utero
3268 928 3546 1000 virginali.

1951 1024 2030 1080 De
2057 1041 2162 1095 quo
2205 1023 2400 1080 infert:
2436 1024 2585 1080 Sicut
2633 1024 2789 1079 radix
2820 1024 2884 1079 de
2911 1035 3048 1078 terra
3074 1006 3287 1078 sitienti.
3337 1021 3444 1077 Pro
3475 1021 3550 1076 si—

1947 1118 2115 1186 tienti,
2144 1118 2341 1188 Aquila
2372 1118 2766 1188 interpretatus
2791 1127 2897 1184 est,
2941 1117 3103 1185 invia,
3135 1126 3193 1171 ut
3220 1113 3550 1186 virginitatis

1947 1211 2288 1282 privilegium
2311 1210 2736 1278 demonstraret,
2767 1209 2909 1280 quod
2937 1209 3144 1280 absque
3170 1207 3287 1262 ullo
3308 1205 3549 1262 humano

1947 1305 2158 1361 semine
2196 1303 2264 1360 de
2289 1312 2440 1359 terra
2470 1305 2623 1374 prius
2653 1304 2793 1358 invia
2835 1303 2909 1357 sit
2938 1311 3178 1357 creatus.
3219 1299 3328 1355 Iste
3369 1307 3452 1354 est
3480 1297 3552 1354 de

1947 1414 2054 1470 quo
2083 1409 2136 1454 et
2165 1414 2330 1469 supra
2364 1398 2627 1469 legimus:
2655 1394 2808 1452 Exiet
2833 1399 2974 1468 virga
3006 1396 3068 1449 de
3095 1392 3271 1448 radice
3297 1391 3466 1458 Jesse,
3501 1400 3549 1445 et

1945 1492 2044 1562 ﬂos
2072 1491 2136 1545 de
2165 1490 2340 1545 radice
2365 1494 2476 1565 ejus
2506 1489 2746 1544 ascendet
2776 1487 2932 1561 (Isai.
2967 1504 3045 1558 ιι,
3079 1487 3159 1558 I);
3207 1497 3266 1541 ut
3299 1495 3321 1524 ο
3359 1483 3554 1539 nativi-

1949 1593 2112 1640 tatem
2135 1584 2257 1654 ejus
2288 1595 2344 1640 et
2369 1599 2656 1642 ascensum
2685 1583 2954 1654 signiticet
2995 1582 3046 1635 in
3075 1579 3301 1636 mundo:
3331 1577 3427 1634 Sin
3459 1592 3556 1631 au-

1950 1692 2056 1736 tem
2087 1695 2192 1735 non
2231 1679 2725 1749 habebatspeciem
2751 1693 2928 1749 neque
2957 1677 3222 1748 gloriam;
3253 1671 3349 1730 sed
3377 1672 3552 1728 forma
3631 1657 3636 1662 ’

1947 1775 2118 1845 ipsius
2145 1787 2263 1829 erat
2294 1773 2547 1845 ignobilis
2573 1783 2628 1829 et
2657 1771 2920 1828 deﬁciens
2951 1785 3064 1841 pra:
3088 1769 3218 1825 ﬁliis
3244 1767 3550 1836 hominum,

227 1862 317 1931 qui
334 1879 437 1917 non
463 1863 710 1921 viderunt
725 1879 773 1921 et
802 1870 1129 1925 crediderant
1153 1869 1344 1943 (Joan.
1366 1888 1457 1940 xx,
1480 1871 1600 1942 ‘29).
1627 1871 1685 1926 In
1708 1885 1844 1942 quo-
1872 1871 1920 1932 B
1948 1869 2063 1924 sive
2095 1877 2154 1922 ut
2196 1867 2427 1923 habetur
2468 1867 2521 1922 in
2569 1867 2824 1932 llebrzeo,
2856 1865 3128 1936 despectus
3160 1873 3205 1918 et
3238 1862 3550 1917 novissimus

230 1969 348 2009 rum
368 1958 808 2028 comparatione,
837 1961 1155 2018 .ludazorum
1174 1963 1373 2019 duritia
1399 1964 1840 2035 reprehenditur,

229 2045 322 2116 qui
371 2047 623 2105 \identes
654 2060 712 2105 et
752 2051 1058 2121 audientes,
1114 2054 1266 2111 Isaiae
1311 2056 1363 2111 in
1409 2071 1469 2112 se
1523 2055 1838 2111 vaticinium

229 2141 671 2212 compleverunt,
706 2145 940 2202 dicentis
973 2150 1208 2203 :Auditu
1259 2151 1507 2218 audietis,
1549 2161 1598 2205 et
1627 2168 1727 2205 non
1759 2152 1840 2204 iu-

226 2231 470 2304 telligetis
502 2249 520 2287 :
549 2243 602 2290 et
647 2237 875 2292 uidentes
925 2241 1210 2312 aspicietis,
1254 2251 1302 2296 et
1332 2258 1433 2297 non
1461 2242 1715 2298 videbitis.
1748 2241 1843 2297 In-

229 2338 523 2381 crassatum
551 2339 624 2382 est
653 2330 790 2384 enim
819 2347 908 2386 cor
952 2334 1131 2404 populi
1159 2335 1337 2406 hujus,
1393 2343 1439 2388 et
1461 2333 1678 2388 auribus
1718 2349 1839 2407 gra-

231 2419 359 2474 uiter
386 2421 678 2476 audierunt
707 2423 854 2495 (lsa.
891 2441 965 2491 vt,
1000 2427 1054 2494 9,
1086 2427 1212 2498 10).

291 2513 444 2586 (Cap.
468 2515 870 2574 LIII.—Vers.l
891 2535 988 2592 seq
1000 2519 1176 2593 .)Quis
1190 2523 1407 2576 credidit
1419 2525 1627 2577 auditui
1640 2525 1844 2579 nostra?

230 2617 273 2660 et
287 2608 558 2664 brachium
567 2609 776 2666 Domini
787 2613 870 2667 cui
881 2613 1158 2670 revelatum
1174 2616 1593 2672 est?Etascendet
1607 2618 1738 2672 sicut
1751 2619 1847 2672 uir-

230 2701 424 2771 gultum
435 2719 615 2756 coram
626 2705 906 2768 eo,etsicut
920 2709 1072 2763 radix
1083 2708 1146 2762 de
1157 2718 1296 2763 terra
1304 2709 1521 2764 sitienti:
1532 2727 1635 2764 non
1649 2719 1722 2766 est
1732 2728 1846 2784 spc-

231 2793 328 2847 cies
345 2795 412 2861 ei,
429 2811 596 2864 neque
609 2799 788 2853 decor:
813 2810 860 2853 et
875 2800 1245 2867 vidimuseum,
1263 2811 1311 2856 et
1331 2819 1432 2856 non
1447 2812 1557 2856 erat
1569 2812 1808 2873 aspectus
1826 2820 1844 2858 :

232 2898 276 2942 et
288 2889 704 2948 desiderauimus
714 2911 849 2948 eum.
862 2894 1170 2967 Despectam
1189 2909 1234 2952 et
1249 2897 1578 2952 novissimum
1593 2898 1841 2964 virorum,

233 2982 394 3036 virum
425 2984 692 3054 datorum,
724 2995 772 3040 et
802 2989 1046 3043 scientem
1077 2989 1467 3059 inﬁrmitatem;
1491 3000 1536 3044 et
1558 2991 1710 3062 quasi
1727 2991 1847 3045 abs—

233 3075 470 3132 conditus
493 3079 671 3133 uultus
710 3083 843 3153 ejus,
878 3091 925 3135 et
961 3082 1231 3153 despectus
1261 3098 1280 3137 :
1304 3084 1442 3137 unde
1468 3100 1561 3138 nec
1589 3086 1846 3155 reputavi-

233 3184 344 3222 mus
375 3187 512 3225 eum.
559 3170 686 3228 Vere
715 3173 993 3245 languores
1021 3186 1224 3232 nostros
1253 3178 1362 3249 ipse
1393 3178 1532 3244 tulit,
1565 3190 1610 3233 et
1639 3179 1847 3234 dolores

1945 1964 2193 2030 uirorum,
2227 1960 2504 2032 quomodo
2527 1961 2579 2015 in
2612 1960 2843 2016 Psalmis
2871 1959 3100 2014 dicitur:
3136 1957 3420 2026 Accingere
3440 1952 3554 2028 gla-

1946 2058 2032 2112 dio
2061 2068 2146 2111 tuo
2177 2073 2331 2129 super
2352 2057 2519 2127 femur
2551 2064 2717 2121 tuam,
2753 2053 3128 2124 potentissime,
3163 2049 3554 2122 pulchritudine

1943 2163 1992 2208 et
2048 2154 2232 2208 decore
2279 2162 2366 2206 tuo
2420 2151 2538 2224 (Ps.
2583 2166 2730 2215 xuv,
2775 2149 2860 2218 4)?
2890 2146 3048 2216 Quod
3091 2146 3248 2202 facile
3293 2144 3548 2200 solvitur.

1948 2249 2246 2318 Despectus
2303 2255 2423 2302 erat
2473 2255 2528 2303 et
2589 2245 2846 2317 ignobilis
2894 2242 3116 2314 quando
3173 2240 3444 2313 pendebat
3498 2239 3552 2295 in

1945 2357 2130 2410 cruce,
2161 2351 2216 2397 et
2243 2341 2419 2396 factus
2443 2355 2543 2412 pro
2567 2339 2728 2394 nobis
2761 2337 3134 2402 maledictum,
3161 2344 3384 2406 peccata
3419 2347 3550 2389 nos-

1949 2445 2029 2492 tra
2063 2435 2331 2506 portabat.
2362 2434 2428 2490 Et
2459 2433 2788 2504 loquebatur
2815 2431 2959 2486 Patri
2997 2447 3010 2483 :
3045 2429 3182 2485 Deus
3212 2426 3352 2482 Deus
3383 2442 3550 2495 meus,

1944 2547 2108 2602 quare
2138 2545 2218 2583 me
2246 2527 2567 2598 dereliquisti
2592 2524 2810 2598 (Matth.
2839 2538 3011 2589 xxvii,
3046 2520 3165 2592 46)?
3187 2521 3428 2592 lnclytus
3454 2533 3550 2572 au-

1950 2633 2056 2680 tem
2091 2632 2226 2688 erat,
2259 2632 2314 2677 et
2353 2621 2593 2676 decorus
2621 2626 2866 2688 aspectu,
2898 2612 3116 2686 quando
3145 2612 3211 2667 ad
3241 2611 3549 2683 passionem

1949 2717 2066 2788 ejus
2097 2726 2242 2772 tcrra
2264 2713 2617 2778 contremuit,
2647 2726 2778 2766 saxa
2811 2709 3028 2779 dirupta
3057 2715 3206 2774 sunt,
3235 2704 3550 2775 etfugiente

1948 2813 2083 2873 sole.
2115 2820 2376 2866 aeternam
2426 2817 2640 2864 noctem
2671 2805 2940 2861 elementa
2983 2803 3302 2857 timuerunt.
3335 2799 3414 2854 De
3442 2810 3554 2868 quo

1948 2915 2005 2962 et
2041 2918 2240 2974 sponsa
2291 2902 2345 2958 in
2386 2899 2614 2957 Cantica
2645 2899 2991 2954 Canticorum
3020 2912 3032 2948 :
3079 2892 3374 2949 Fratruelis
3404 2907 3550 2946 meus

1949 2999 2226 3065 candidus,
2259 3007 2305 3050 et
2334 2993 2672 3060 rubicundus,
2714 2993 2902 3048 electus
2929 2990 2993 3044 de
3023 2987 3253 3042 millibus
3283 2984 3458 3057 (Cant.
3491 2999 3547 3051 v,

1952 3091 2062 3162 10).
2091 3089 2370 3146 Candidus
2400 3085 2738 3159 plenitudine
2769 3099 2832 3140 ac
2862 3082 3099 3154 puritate
3123 3081 3386 3134 virtutum
3412 3120 3427 3144 ,
3461 3091 3552 3130 ru—

1949 3183 2220 3241 bicundus
2245 3184 2296 3237 in
2328 3182 2602 3252 passione,
2634 3179 2704 3235 de
2730 3193 2834 3250 qua
2867 3184 3057 3246 postea
3084 3173 3274 3230 lecturi
3304 3185 3495 3227 sumus
3528 3189 3543 3224 :

235 3274 434 3320 austros
468 3265 654 3339 [ναις.
683 3270 880 3340 repetit
906 3269 1037 3343 ipse]
1066 3273 1286 3344 portavit
1313 3289 1328 3327 :
1355 3282 1404 3327 et
1428 3290 1524 3328 nos
1552 3277 1846 3344 putavimus
1875 3277 1920 3341 C
1955 3280 2082 3348 Quis
2105 3288 2177 3333 est
2198 3280 2296 3333 iste
2321 3278 2409 3347 qui
2430 3275 2662 3331 ascendit
2691 3275 2754 3328 de
2791 3271 2978 3332 Edam,
3012 3269 3156 3342 fulua
3186 3265 3296 3341 [ΑΙ.
3332 3263 3556 3337 [uivida]

234 3375 348 3413 eum
389 3363 542 3436 quasi
583 3363 868 3434 leprosum,
901 3375 948 3420 et
974 3381 1276 3438 percussum
1301 3384 1332 3422 a
1362 3367 1494 3438 Deo,
1524 3378 1572 3423 et
1600 3369 1844 3425 humilia-

236 3459 361 3504 tam.
413 3452 556 3507 LXX
585 3472 597 3506 :
634 3452 878 3526 Domine,
921 3458 1036 3528 quis
1065 3458 1287 3513 credidit
1331 3460 1534 3516 auditui
1562 3471 1760 3532 nostro,
1795 3473 1841 3516 et

234 3541 496 3598 brachium
547 3543 765 3600 Domini
794 3549 878 3602 cui
923 3550 1206 3605 revelatam
1255 3553 1367 3607 est?
1409 3552 1842 3608 Annuntiavimus

232 3638 376 3706 quasi
419 3637 698 3706 parvulum
729 3641 784 3694 in
807 3653 1082 3714 conspectu
1109 3644 1226 3714 ejus
1251 3660 1269 3698 :
1295 3646 1428 3700 sicut
1453 3648 1608 3700 radix
1625 3647 1682 3700 in
1705 3657 1843 3702 terra

232 3730 439 3785 sitienti.
485 3729 610 3785 Non
653 3743 726 3787 est
765 3735 955 3806 species
1003 3736 1051 3789 ei
1097 3752 1257 3807 neque
1300 3737 1489 3809 gloria,
1528 3747 1577 3792 et
1621 3738 1843 3792 vidimus

231 3840 363 3892 eum,
397 3834 443 3881 et
473 3842 578 3880 non
607 3825 824 3881 habebat
857 3829 1077 3900 speciem
1106 3845 1268 3901 neque
1294 3831 1529 3884 decorem
1556 3847 1574 3884 :
1603 3831 1693 3884 sed
1722 3847 1843 3899 spe-

233 3917 329 3971 cies
369 3920 484 3990 ejus
510 3917 842 3988 inhonorata,
885 3929 932 3974 et
975 3921 1224 3991 deﬁciens
1250 3937 1360 3992 prce
1388 3922 1514 3990 ﬁliis
1550 3921 1840 3976 hominum.

245 4006 414 4064 Homo
436 4011 490 4064 in
517 4011 698 4081 plaga,
723 4021 770 4066 et
789 4013 954 4068 sciens
971 4018 1106 4085 ferre
1127 4014 1506 4084 inﬁrmitatem,
1525 4017 1646 4085 quia
1662 4031 1844 4069 aversa

238 4113 306 4155 est
351 4102 513 4172 facies
544 4105 683 4174 ejus,
713 4105 952 4178 despecta
983 4117 1030 4161 et
1055 4123 1159 4160 non
1185 4116 1451 4177 reputata.
1501 4107 1609 4164 Iste
1637 4117 1846 4180 peccata

240 4205 412 4249 nostra
455 4205 651 4266 portat,
688 4207 736 4251 et
775 4213 870 4269 pro
900 4199 1048 4254 nobis
1073 4200 1232 4265 dolet,
1279 4212 1326 4253 et
1370 4217 1462 4254 nos
1492 4203 1844 4272 reputavimus

242 4301 350 4342 tum
379 4290 578 4345 essein
605 4289 806 4360 dolore,
840 4303 888 4346 et
929 4293 981 4346 in
1026 4291 1182 4363 plaga
1209 4303 1254 4346 et
1288 4294 1340 4347 in
1377 4295 1683 4364 afflictione.
1715 4295 1845 4350 Post

239 4383 400 4438 verba
424 4384 625 4452 Patris,
651 4385 850 4456 quibus
879 4386 1047 4442 ﬁlium
1072 4403 1229 4442 suum
1263 4390 1470 4444 mundo
1499 4390 1848 4445 nuntiaverat

238 4491 358 4532 esse
401 4485 738 4546 venturum;
779 4489 837 4536 et
874 4492 1003 4538 ante
1045 4481 1364 4538 scandalum
1403 4485 1606 4553 crucis,
1639 4484 1709 4540 de
1739 4499 1848 4555 quo

240 4570 482 4630 dicturus
512 4584 669 4630 erat:
701 4573 971 4648 Inglorius
992 4579 1090 4633 erit
1117 4576 1144 4616 δ
1177 4589 1418 4645 aspectus
1441 4583 1572 4653 ejus,
1605 4590 1652 4634 et
1679 4582 1845 4652 forma

1948 3372 2246 3427 vestimenta
2268 3375 2378 3438 eius
2396 3386 2460 3424 ea:
2477 3367 2668 3433 Bosor;
2699 3368 2910 3422 electus
2928 3363 2995 3418 de
3023 3361 3266 3417 millibus
3289 3360 3343 3415 in
3367 3373 3554 3414 resur—

1946 3467 2280 3528 rectionem;
2312 3463 2478 3532 utqui
2507 3472 2621 3516 erat
2648 3457 3041 3531 primogenitus
3069 3456 3246 3509 omnis
3263 3460 3552 3520 creaturae,

1947 3556 2341 3630 primogenitus
2373 3554 2528 3610 ﬁeret
2558 3568 2623 3608 ex
2654 3552 2904 3606 mortuis.
2935 3547 3087 3615 Quod
3117 3555 3301 3600 autem
3344 3541 3506 3598 infert
3536 3557 3550 3596 :

1948 3653 2120 3708 Homo
2150 3654 2204 3706 in
2235 3652 2415 3704 dolore
2461 3658 2507 3702 et
2537 3649 2700 3702 sciens
2739 3650 2874 3715 ferre
2914 3642 3290 3712 inﬁrmitatem,
3324 3637 3440 3692 sive
3479 3637 3555 3690 υἱ-

1944 3763 2060 3801 rum
2089 3747 2346 3810 dolorum,
2390 3754 2434 3796 et
2462 3743 2702 3796 scientem
2734 3737 2759 3776 ά
2793 3738 3169 3809 inﬁrmitatem,
3205 3747 3395 3788 verum
3426 3745 3554 3785 cor-

1945 3855 2048 3910 pus
2070 3837 2325 3901 hominis,
2343 3846 2396 3892 et
2417 3850 2599 3890 veram
2618 3835 2967 3888 demonstrat
2983 3831 3243 3892 animam,
3266 3825 3357 3896 qui
3374 3823 3553 3879 sciens

1943 3931 2108 4004 615
2141 3930 2286 3986 ferre
2317 3928 2684 3990 inﬁrmitates,
2713 3939 2906 3980 omnes
2937 3937 3033 3977 eas
3065 3919 3360 3975 divinitate
3391 3932 3557 3988 supe-

1945 4026 2106 4079 ravit.
2143 4022 2211 4077 Et
2235 4021 2587 4078 absconditus
2627 4020 2803 4072 vultus
2846 4016 2994 4071 illius
3040 4023 3204 4083 atque
3233 4013 3548 4082 despectus,

1946 4124 2003 4170 ut
2053 4117 2290 4170 humano
2333 4127 2561 4182 corpore
2618 4109 2800 4165 divina
2835 4107 3075 4178 potentia
3123 4104 3422 4160 celaretur.
3471 4102 3550 4158 De

1945 4225 2054 4280 quo
2103 4225 2263 4279 supra
2305 4209 2512 4263 dit-tum
2557 4215 2641 4261 est
2675 4222 2686 4257 :
2739 4203 2817 4257 Tu
2859 4220 2912 4258 es
2945 4200 3084 4256 Deus
3113 4198 3463 4266 absconditus,
3509 4207 3556 4250 et

1946 4303 2312 4358 nesciebamus.
2339 4301 2441 4370 Qui
2483 4314 2614 4356 vere
2659 4299 2952 4368 languores
2981 4306 3206 4350 nostros
3230 4303 3284 4348 et
3331 4301 3554 4362 peccata

1948 4399 2206 4470 portavit,
2255 4405 2311 4453 et
2341 4411 2440 4466 pro
2484 4394 2641 4450 nobis
2685 4392 2853 4459 dolet,
2889 4405 2998 4445 non
3029 4388 3295 4459 putative,
3344 4385 3397 4440 id
3445 4392 3552 4449 est,

1951 4501 1975 4529 °
2001 4493 2060 4548 τὸ
2089 4489 2276 4558 δοκεῖν,
2332 4496 2390 4544 ut
2437 4497 2594 4542 vetus
2640 4494 2696 4540 et
2727 4500 2863 4539 nova
2894 4482 3121 4538 hzcresis
3168 4478 3552 4550 suspicantur;

1951 4585 2045 4638 sed
2075 4598 2204 4638 vere
2233 4582 2528 4636 cruciﬁxus
2553 4588 2655 4634 est.
2693 4577 2831 4632 Vere
2853 4575 3044 4642 doluit,
3077 4574 3266 4632 dicens
3295 4570 3552 4626 inEvan-

241 4670 350 4738 ‘1'!“
381 4667 553 4741 614
597 4685 708 4740 PWB
735 4669 862 4740 l5“is
903 4670 1191 4740 hominum,
1238 4672 1472 4743 gloriam
1505 4672 1848 4744 pra-miserat
1876 4671 1930 4731 D
1953 4679 2123 4749 gelio:
2161 4675 2344 4730 Tristis
2371 4683 2446 4728 est
2466 4673 2640 4726 anima
2669 4687 2784 4724 mea
2808 4685 2968 4739 usque
2996 4667 3065 4722 ad
3093 4675 3310 4720 mortem
3329 4662 3551 4735 (Matth.

243 4761 662 4815 resurrectionis
695 4777 708 4814 :
744 4759 1084 4815 Exaltabitur
1110 4771 1157 4816 et
1197 4761 1499 4830 elettabitur,
1538 4774 1585 4816 et
1612 4763 1848 4820 sublimis

243 4853 330 4906 erit
362 4854 520 4920 valde:
542 4871 562 4909 :
616 4864 674 4908 ιιι
707 4853 1021 4910 humilitate
1051 4856 1229 4910 crucis
1261 4857 1688 4912 resurrectionis
1728 4858 1844 4926 glo-

244 4944 373 5000 riam
403 4948 765 5018 praeveniret,
799 4948 1086 5021 respondit
1111 4949 1510 5018 Prophetarum
1553 4951 1760 5005 chorus
1789 4965 1850 5007 se

244 5038 493 5112 implesse
531 5041 797 5112 ofﬁcium,
828 5053 885 5099 et
910 5052 1172 5114 quantum
1218 5044 1270 5099 in
1310 5059 1370 5100 se
1409 5043 1530 5114 fuit,
1564 5045 1844 5101 brachium

247 5133 388 5191 illius
415 5148 580 5208 atque
599 5138 861 5193 virtutem
884 5138 1145 5193 omnibus
1170 5139 1471 5194 nuntiasse.
1504 5139 1562 5193 In
1581 5153 1648 5194 eo
1666 5149 1846 5194 autem

246 5228 382 5297 (ιιιοὰ
412 5231 544 5286 dicit
574 5247 586 5284 :
623 5229 756 5298 Quis
786 5233 1004 5288 credidit
1035 5232 1239 5287 auditui
1270 5239 1466 5298 nostra,
1501 5241 1548 5287 et
1579 5233 1849 5288 brachium

316 5399 340 5426 ιι
379 5389 436 5446 S.
482 5388 784 5446 Clementis
817 5391 985 5446 verba
1033 5400 1258 5446 suntex
1296 5389 1535 5457 Epistula
1585 5406 1602 5444 ι
1641 5389 1707 5444 ad
1735 5389 1841 5447 Co-

249 5460 474 5516 rinthios
505 5478 678 5532 usque
707 5461 774 5516 ad
807 5464 1031 5518 verbum
1085 5461 1376 5516 humilitate
1399 5479 1419 5516 :
1449 5478 1558 5516 non
1591 5476 1718 5516 vero
1756 5479 1846 5519 us-

247 5548 349 5603 que
377 5535 442 5587 ad
471 5534 863 5604 subsequentis
894 5535 1103 5606 periodi
1141 5533 1428 5602 obedircnt,
1455 5533 1599 5604 quod
1628 5533 1847 5590 Martia—

251 5620 396 5660 naeus
430 5606 662 5674 putavit.

317 5676 346 5713 ιτ
390 5676 554 5731 Addit
580 5675 858 5732 Victorius
883 5678 1018 5732 inter
1042 5680 1178 5733 viros
1205 5693 1270 5734 ex
1306 5676 1550 5747 Vulgata.

325 5758 343 5820 ἢ
380 5747 617 5820 fictor”
647 5757 702 5802 ut
724 5748 1004 5820 natiuitatis
1037 5752 1149 5820 ejus
1176 5766 1466 5806 ascensum.

282 5815 343 5904 vi"
372 5818 620 5904 .Verbum
671 5821 804 5889 ferre
847 5819 935 5876 hic
983 5815 1199 5893 quoque
1248 5821 1588 5879 interserunt
1618 5821 1849 5878 Ambro-

253 5899 386 5947 ξιιιηί
411 5899 546 5949 mss.

1953 4788 2114 4839 xxvr,
2157 4769 2278 4842 58).
2319 4769 2431 4824 Et:
2476 4766 2632 4820 Nunc
2671 4765 2846 4818 anima
2874 4779 2989 4816 mea
3019 4761 3226 4815 turbata
3265 4766 3340 4812 est
3367 4755 3552 4828 (Joan.

1951 4880 2048 4931 xu,
2080 4861 2198 4932 27).
2243 4861 2311 4915 Et
2364 4874 2463 4913 nos
2504 4857 2814 4926 putavimus
2854 4870 2978 4910 eum
3024 4868 3147 4908 esse
3187 4850 3550 4912 immundum,
3617 4911 3622 4915 _

1950 4955 2070 5011 sive
2098 4956 2149 5009 iu
2181 4953 2378 5021 dolore,
2407 4960 2463 5004 ut
2486 4949 2836 5020 Septuaginta
2869 4949 3288 5010 transtulerunt,
3315 4955 3413 5012 pro
3443 4952 3552 5008 quo

1951 5048 2147 5115 Aquila
2203 5055 2257 5101 et
2304 5043 2664 5117 Symmachus
2711 5048 3009 5112 posuerunt
3047 5041 3327 5108 leprosum,
3375 5033 3556 5089 Theo-

1949 5140 2120 5208 dotio,
2151 5139 2492 5210 ﬂagellatam.
2542 5136 2698 5204 Quod
2735 5136 2857 5190 aliis
2889 5133 3069 5188 verbis
3102 5127 3371 5185 Hebraico
3414 5125 3554 5180 idio-

1954 5227 2102 5289 mate
2129 5233 2272 5302 lepra
2303 5229 2643 5301 intelligitur,
2689 5230 2849 5300 juxta
2881 5226 3014 5282 illud
3059 5221 3202 5295 quod
3251 5220 3304 5274 in
3339 5217 3553 5289 psalmo
3636 5280 3646 5299 τ’

2023 5402 2046 5430 θ
2077 5394 2144 5448 Τὸ
2189 5392 2351 5456 δοκεῖν
2372 5433 2386 5456 ,
2421 5401 2530 5448 etc.
2576 5390 2857 5446 Miraberis
2899 5387 3244 5456 antiquorum
3278 5379 3550 5435 editorum

1957 5455 2346 5530 temeritatem,
2376 5455 2494 5532 qui
2523 5478 2621 5534 pro
2649 5465 2709 5518 τὸ
2738 5461 2925 5522 δοκεῖν,
2966 5455 3108 5525 quod
3142 5455 3329 5534 legunt
3357 5464 3548 5534 omnes

1955 5551 2089 5592 mss.
2118 5522 2357 5602 codices,
2395 5522 2552 5591 n'obi's
2581 5534 2885 5588 obtrudunt
2919 5522 3105 5602 vocem
3135 5522 3420 5602 conﬁctam
3455 5524 3550 5576 oio-

1953 5611 2148 5680 μὲνως,
2181 5623 2301 5678 qua:
2341 5595 2492 5680 iam
2525 5601 2994 5680 habet_aflinitatis
3032 5611 3154 5680 cum
3187 5595 3424 5680 lectiope
3451 5609 3547 5680 ge-

1957 5663 2148 5734 nuina.
2182 5663 2626 5749 I'IierOnymiana.
2678 5675 2959 5749 Signiﬁcat
3016 5677 3194 5722 autem
3240 5668 3309 5749 τὸΔ
3353 5663 3546 5749 deusta,

1952 5751 2106 5821 juxta
2163 5737 2584 5821 appareritiam,_
2623 5737 3215 5821 secuindum_apparerc
3254 5745 3316 5821 et
3343 5737 3545 5821 auderi.

1957 5807 2091 5878 Ilinc
2121 5807 2367 5876 veie'rum
2394 5807 2814 5874 Manichaeorum
2842 5826 2896 5868 et
2923 5813 3225 5866 'l‘urcarum
3254 5807 3549 5866 hodierno-

1958 5909 2078 5949 rum
2107 5907 2349 5950 errorem
2385 5889 2779 5960 redarguimus.
2823 5887 3092 5946 Momms.
