4096 6330
559 334 664 391 5οτ
1817 327 1879 388 8.
1924 325 2153 387 EUSEBI

2256 325 2609 389 IIEROHYMI

3766 329 3868 389 δυο

556 448 720 518 script
733 461 819 501 um
850 454 967 501 est:
1002 442 1069 499 Et
1097 444 1369 518 ﬂagellum
1391 460 1491 501 non
1521 443 1957 516 eppropinquabit
1981 442 2155 498 taber-
2183 443 2238 512 Α
2262 457 2379 503 oues
2406 443 2693 501 erratimus
2714 483 2732 512 ,
2758 451 2817 501 et
2846 443 3183 517 iudiguimus
3213 447 3593 513 misericordia
3628 448 3753 515 Dei,
3788 448 3869 505 di.

553 540 742 596 naequ
771 550 861 594 tuo
905 536 1025 612 (Ps.
1059 552 1148 601 xc,
1179 537 1291 609 10).
1339 536 1410 594 Et
1439 546 1528 594 est
1573 552 1770 593 sensus
1797 556 1808 594 :
1841 537 2156 597 Putavimus

558 650 682 690 eum
708 649 807 705 pro
830 632 1063 704 peccatis
1090 632 1205 689 suis
1233 647 1263 687 a
1296 632 1406 689 Deo
1422 646 1545 688 esse
1577 646 1915 702 percussum,
1947 632 2037 703 qui
2060 630 2160 687 liu-

560 728 798 784 miliatns
839 736 924 781 est
954 736 1179 796 propter
1226 741 1348 793 nos,
1382 737 1434 781 ct
1477 741 1600 781 cum
1631 724 1935 780 latronibus
1982 727 2161 783 cruci-

558 821 721 876 ﬁsus.
757 820 863 875 Pro
889 833 958 875 eo
1007 817 1154 890 quod
1197 817 1565 890 Symmachus
1595 817 1875 875 transtulit
1901 815 1923 838 ⁸
1950 816 2030 875 *εν
2056 818 2159 894 ἀφῇ
2192 900 2195 903 Ι

556 913 702 980 ὄντα,
722 917 829 972 hoc
845 925 948 981 est,
971 916 1026 972 in
1048 916 1230 986 lepra;
1258 914 1456 989 Aquila
1475 916 1656 988 posuit
1678 914 1946 991 ἀφημένων,
1972 914 2025 971 id
2049 924 2156 982 est,

554 1009 853 1082 leprosum:
880 1007 1027 1080 quod
1055 1020 1080 1051 α
1111 1010 1268 1065 multi
1301 1022 1412 1067 non
1442 1010 1832 1081 intelligentes,
1863 1016 2053 1077 putant
2079 1024 2163 1063 re-

558 1102 762 1167 lictum,
793 1111 849 1158 et
904 1102 998 1159 alii
1030 1102 1217 1175 legunt
1261 1105 1566 1179 καθήμενον,
1599 1103 1651 1158 id
1709 1112 1827 1172 est,
1875 1103 2158 1161 sedentem.

561 1196 618 1251 In
651 1196 921 1268 principio
949 1196 1196 1269 capituli,
1229 1198 1282 1253 in
1312 1213 1423 1270 quo
1444 1199 1596 1265 juxta
1622 1198 1979 1269 Septuaginta
2022 1197 2161 1254 dici-

560 1294 681 1343 tur:
703 1287 946 1358 Domine,
976 1289 1093 1361 quis
1112 1288 1332 1344 credidit
1351 1290 1555 1345 auditui
1584 1298 1760 1345 nostro
1783 1305 1803 1344 :
1823 1298 1871 1344 et
1894 1288 2162 1347 brachium

568 1382 778 1439 Domini
803 1385 889 1440 cui
915 1385 1195 1439 revelatum
1214 1395 1292 1440 est
1312 1384 1492 1453 (Rom.
1518 1386 1595 1457 ι),
1630 1400 1738 1456 quo
1765 1385 2078 1441 testimonio
2106 1396 2161 1442 et

560 1479 845 1549 apostolus
886 1479 1084 1535 Paulus
1112 1479 1283 1536 utitur
1309 1479 1376 1535 ad
1411 1479 1708 1548 Romanos,
1736 1479 2049 1536 edisserens
2097 1481 2158 1536 il-

566 1570 656 1626 lud
689 1586 854 1640 super
885 1572 1098 1628 Domini
1136 1574 1428 1644 passione:
1469 1571 1749 1637 Dominus,
1780 1574 1834 1628 in
1889 1572 2163 1632 Hebraico

564 1678 672 1718 non
700 1662 952 1731 habetur,
980 1664 1074 1719 sed
1100 1681 1198 1734 pro
1222 1666 1580 1738 intelligentia
1610 1680 1879 1737 personas,
1904 1667 1971 1723 ad
1998 1683 2160 1740 quam

562 1754 783 1819 dicitur,
807 1754 1053 1812 additum
1085 1768 1191 1815 est.

2261 544 2448 595 centes
2474 535 2526 590 iu
2556 536 2793 605 psalmo:
2824 537 3013 597 Erraoi
3028 540 3166 601 sicut
3187 541 3295 599 ovis
3322 542 3529 615 perdita
3552 540 3867 614 (Ριαινιιι,

2266 625 2416 698 liti);
2437 642 2559 697 qua:
2589 629 2641 685 iu
2664 626 2944 700 Evangelii
2978 632 3236 703 parabola
3269 633 3398 690 boui
3428 634 3680 691 Pastoris
3701 643 3866 709 atque

2263 718 2484 777 solliciti
2525 721 2771 779 humeris
2822 735 3100 796 reportata
3151 736 3237 785 est
3278 725 3500 799 (Matth.
3546 727 3727 799 sum).
3770 727 3871 796 Qui

2262 812 2375 873 sint
2396 823 2578 873 autem
2604 815 2723 873 istae
2747 830 2905 893 oves,
2930 833 3173 891 sequens
3196 836 3389 879 tersus
3409 820 3675 879 ostendit.
3702 820 3871 878 Datus

2263 906 2318 961 in
2347 906 2429 963 uia
2458 924 2553 963 sua
2575 909 2765 965 erravit
2781 926 2802 977 ;
2833 910 2949 973 sive
2974 912 3353 984 unusquisque
3380 915 3435 971 in
3462 914 3550 971 via
3574 927 3676 971 sua
3702 913 3870 971 decli-

2264 999 2433 1064 navit,
2483 1008 2539 1055 ut
2576 999 2855 1071 pr0prium
2884 1010 3212 1073 sequeretur
3251 1019 3523 1069 errorem.
3556 1013 3618 1063 et
3666 1015 3868 1067 rectam

2265 1094 2406 1155 riam
2434 1094 2720 1167 deserens,
2752 1098 2821 1153 de
2849 1099 3124 1159 Crueiliso
3150 1099 3365 1157 diversa
3396 1100 3660 1159 sentiret.
3696 1098 3873 1157 Dolui-

2266 1204 2365 1247 nus
2390 1198 2575 1246 autem
2604 1191 2780 1263 posuit
2806 1191 2859 1249 in
2888 1207 2949 1245 eo
2994 1192 3321 1263 iniquitatem
3354 1193 3588 1251 antatium
3615 1203 3870 1259 nostrum,

2264 1282 2381 1341 site
2399 1282 2615 1341 tradidit
2646 1300 2765 1345 eum
2796 1300 2893 1357 pro
2916 1287 3138 1358 peccatis
3162 1286 3388 1353 nostris;
3416 1285 3641 1357 utquod
3656 1296 3873 1357 propter

2266 1375 2698 1437 imbecillitatem
2740 1377 2936 1437 virium
2967 1380 3111 1437 ferre
3138 1393 3246 1439 non
3274 1388 3621 1450 poteramus.
3654 1392 3756 1449 pro
3780 1395 3874 1441 oo-

2264 1469 2351 1527 bis
2375 1469 2468 1531 ille
2497 1479 2767 1541 portaret,
2794 1472 2887 1543 qui
2907 1470 3112 1531 oblatus
3137 1480 3236 1541 est,
3268 1473 3391 1544 quia
3416 1473 3528 1544 ipse
3552 1473 3736 1533 voluit.
3758 1471 3872 1529 Non

2265 1565 2414 1625 enim
2460 1565 2788 1625 necessitate
2835 1581 3078 1637 crucem,
3120 1566 3216 1627 sed
3258 1568 3546 1625 voluntate
3589 1567 3870 1635 sustinuit,

2264 1656 2457 1715 dicens
2484 1657 2537 1712 in
2568 1659 2892 1731 Evangelia:
2925 1656 3153 1717 Calicem
3176 1676 3332 1731 quem
3356 1658 3487 1717 mihi
3516 1658 3667 1717 dedit
3694 1658 3871 1726 Pater,

2266 1766 2372 1805 non
2399 1750 2567 1809 bibam
2592 1749 2744 1809 illum
2775 1750 2958 1824 (Joan.
2988 1768 3143 1819 artu,
3178 1752 3297 1825 lt)?
3329 1753 3397 1811 Et
3432 1752 3503 1809 ad
3526 1751 3755 1815 Petrum
3783 1751 3871 1823 qui

633 1849 816 1921 (Fers.
848 1850 992 1924 6-1.)
1032 1851 1155 1922 Ipse
1182 1862 1358 1908 autem
1395 1854 1691 1909 vulneratus
1716 1864 1789 1909 est
1818 1864 2029 1929 propter
2050 1856 2156 1912 tui.
2186 1839 2238 1903 Β
2264 1845 2736 1905 scandaliaabatur
2764 1846 2793 1889 ιθ
2816 1863 2846 1907 a
2874 1849 3054 1909 crucis
3079 1848 3320 1918 nomine,
3350 1848 3477 1919 quia
3506 1864 3617 1905 nun
3651 1856 3872 1907 noverat

557 1944 779 2014 quitafes
823 1955 1051 2015 nostras,
1096 1947 1308 2001 attritus
1338 1955 1414 2001 est
1463 1956 1673 2019 propter
1713 1948 1907 2003 scelera
1958 1956 2159 2007 nostra.

561 2034 859 2107 Disciplina
883 2037 1027 2109 pacis
1057 2046 1248 2094 nostra:
1288 2054 1446 2111 super
1487 2054 1627 2107 enm,
1659 2048 1707 2094 et
1736 2038 1898 2094 livore
1933 2042 2048 2114 ejus
2073 2056 2163 2097 sa-

554 2132 669 2184 nati
696 2147 892 2186 sumus.
927 2131 1118 2187 Omnes
1161 2149 1255 2189 nos
1295 2133 1446 2201 quasi
1485 2149 1602 2189 oves
1642 2135 1950 2201 erravimus,
1999 2149 2161 2190 unus—

554 2225 769 2296 quisque
812 2224 865 2280 iu
908 2226 993 2282 ria
1018 2242 1111 2282 sua
1141 2223 1321 2298 [Vulg.
1369 2226 1505 2283 viam
1544 2223 1713 2299 suam]
1758 2226 2074 2283 declinauit:
2111 2238 2160 2283 et

560 2313 817 2372 Dominus
863 2318 1033 2388 posuit
1077 2320 1129 2374 in
1159 2335 1221 2375 eo
1262 2320 1585 2392 iniquitatem
1631 2322 1859 2377 omnium
1897 2330 2156 2377 nostrum.

563 2407 781 2466 Oblatas
806 2420 903 2477 est,
928 2411 1054 2484 quia
1090 2412 1203 2482 ipse
1230 2412 1413 2481 voluit,
1444 2421 1493 2469 et
1532 2429 1635 2467 non
1663 2414 1864 2485 aperuit
1894 2431 1953 2469 os
1978 2430 2155 2471 suum.

557 2500 733 2559 LXX:
769 2502 891 2576 Ipse
918 2514 1093 2565 autem
1130 2505 1427 2563 vulneratus
1453 2515 1529 2561 est
1554 2514 1767 2578 propter
1794 2517 2007 2579 peccata
2038 2522 2160 2563 uos-

552 2604 654 2663 tra,
681 2607 731 2652 et
760 2598 1054 2669 inﬁrmatus
1094 2608 1171 2655 est
1202 2610 1410 2670 propter
1434 2599 1733 2672 iniquitates
1772 2608 2001 2657 nostras.
2034 2598 2159 2655 Dis-

555 2691 753 2762 ciplina
771 2693 920 2765 pacis
947 2703 1138 2749 nostra
1162 2709 1319 2763 super
1345 2709 1461 2749 eum
1482 2710 1502 2749 :
1536 2693 1695 2749 livore
1723 2696 1837 2767 ejus
1863 2694 2035 2749 sanati
2064 2709 2157 2748 suo

553 2801 689 2840 mus.
740 2786 931 2841 Omnes
970 2786 1119 2859 quasi
1159 2803 1278 2842 oues
1305 2786 1611 2854 erravimus,
1655 2789 1812 2842 homo
1840 2787 1895 2842 in
1934 2788 2017 2843 aia
2059 2802 2159 2842 sua

550 2879 761 2934 merit.
814 2878 878 2933 Et
909 2877 1165 2935 Dominus
1209 2879 1425 2935 tradidit
1453 2895 1571 2935 eum
1599 2891 1810 2953 prapter
1852 2880 2155 2952 iniquitates

558 2981 788 3039 nostras,
833 2980 882 3025 et
924 2972 1039 3038 ipse
1088 2982 1298 3047 propter
1334 2973 1676 3045 antistium
1711 2990 1814 3033 non
1842 2975 2047 3045 aperuit
2099 2992 2156 3039 os

557 3079 728 3117 suum.
757 3061 888 3131 Nos,
918 3064 1112 3135 inquit,
1148 3066 1318 3140 616
1346 3067 1653 3138 putavimus
1679 3082 1803 3129 eum
1835 3069 2009 3127 virum
2040 3068 2155 3127 do—

556 3154 734 3210 lorum
761 3173 775 3209 :
800 3156 913 3211 sive
934 3156 1085 3226 juxta
1109 3157 1485 3231 Septuaginta,
1505 3160 1693 3217 essein
1719 3160 1929 3232 dolore,
1956 3171 2009 3219 et
2030 3176 2153 3233 pcr-

2264 1939 2608 2012 tnysteriutn,
2636 1950 2691 1996 et
2715 1940 2953 1997 humano
2977 1956 3183 2012 pavore
3197 1940 3536 2013 trepidabat:
3563 1938 3717 1997 Vade
3740 1947 3873 1997 retro

2262 2050 2363 2098 me,
2397 2032 2622 2098 Salano,
2645 2032 2953 2091 scandalum
2975 2051 3030 2089 es
3054 2032 3200 2103 mihi,
3226 2035 3351 2106 quia
3381 2050 3488 2090 non
3512 2033 3659 2106 sapis
3678 2049 3743 2089 ea
3762 2050 3874 2105 qua:

2262 2126 2363 2183 Dei
2386 2137 2525 2197 sunt,
2549 2127 2638 2183 sed
2666 2145 2784 2201 quat
2809 2130 3078 2189 hominum
3099 2128 3316 2200 (Matth.
3345 2145 3455 2197 avt,
3471 2128 3591 2200 33).
3616 2130 3873 2200 Alioquin

2261 2221 2311 2278 si
2335 2238 2442 2279 non
2476 2225 2693 2294 propria
2713 2223 2997 2281 voluntate
3023 2232 3174 2281 esset
3202 2222 3443 2291 oblatus,
3478 2222 3574 2292 qui
3628 2222 3873 2281 indicare

2260 2327 2316 2374 et
2350 2317 2649 2389 pra-dicere
2680 2326 2894 2388 poterat
2924 2317 3285 2389 proditorem,
3310 2317 3475 2390 817
3507 2324 3567 2373 et
3594 2316 3873 2388 Apustolis

2262 2410 2613 2482 loquebatur:
2651 2409 2843 2465 Omnes
2864 2427 2953 2469 vos
2980 2411 3035 2466 in
3064 2410 3161 2469 hac
3189 2420 3340 2465 nocte
3366 2411 3422 2464 in
3453 2426 3536 2465 nte
3565 2410 3869 2467 scandalum

2258 2504 2598 2571 sustinebitis,
2616 2514 2835 2576 poterat
2854 2519 2953 2560 eos
2974 2505 3067 2575 qui
3091 2503 3157 2563 ad
3179 2518 3241 2563 se
3271 2503 3427 2561 missi
3453 2504 3681 2565 {uenat
3705 2502 3871 2561 decli—

2260 2614 2416 2667 nare,
2444 2599 2647 2670 qnibus
2675 2599 2917 2655 occurrit
2943 2597 3268 2668 intrepidus,
3294 2606 3349 2657 et
3392 2597 3547 2655 ultro
3584 2613 3648 2655 se
3675 2597 3872 2655 obtulit

2258 2692 2448 2751 dicens
2481 2710 2495 2747 :
2528 2692 2691 2760 Quem
2721 2692 2957 2764 queritis
2990 2690 3176 2764 (Joan.
3226 2705 3383 2758 svnt,
3415 2690 3488 2760 Δ,
3516 2690 3602 2763 6)?
3625 2691 3731 2761 Qui
3762 2701 3869 2747 sta-

2260 2786 2355 2845 tim
2377 2784 2701 2843 ceciderunt
2722 2798 3057 2852 retrorsum;
3087 2799 3279 2841 vocem
3301 2784 3450 2843 enim
3467 2785 3762 2854 prasentis
3776 2783 3867 2840 Dei

2260 2879 2411 2941 ferre
2440 2897 2548 2939 non
2582 2889 2855 2950 poterant.
2890 2879 3233 2951 Pulchraque
3260 2878 3503 2937 addidit:
3522 2877 3593 2933 Et
3616 2896 3721 2937 neu
3742 2896 3838 2950 aps

2258 2975 2359 3029 ruit
2388 2990 2447 3031 os
2469 2990 2643 3033 situm.
2672 2972 2777 3042 Qui
2804 2972 3013 3031 dicenti
3044 2972 3261 3031 Pilato:
3296 2969 3433 3029 Mihi
3457 2987 3563 3029 nou
3609 2970 3867 3043 loqueris?

2259 3068 2435 3127 noluit
2460 3066 2815 3139 respondere.
2847 3068 2975 3125 Sive
3003 3066 3157 3139 juxta
3184 3066 3539 3138 Septuaginta
3575 3084 3590 3122 :
3624 3068 3864 3138 Anticus

2256 3180 2363 3219 non
2387 3163 2595 3235 aperuit
2618 3178 2698 3221 es.
2724 3161 2835 3221 Aut
2857 3161 3016 3233 juxta
3044 3160 3435 3234 Symmachum
3460 3159 3863 3219 et'l‘beodotio-

552 3261 770 3303 cassum
795 3265 824 3304 a
853 3249 990 3316 Deo,
1019 3259 1077 3307 et
1104 3253 1323 3323 propria
1356 3253 1639 3313 sustinere
1663 3262 1904 3323 peccata.
1938 3254 2034 3312 ille
2056 3271 2154 3313 au-
2179 3234 2228 3301 c
2261 3274 2405 3327 nem,
2431 3259 2653 3315 audiens
2676 3273 2782 3315 non
2805 3257 3013 3329 aperuit
3041 3272 3099 3313 os
3117 3272 3288 3313 suum.

554 3350 664 3397 tem
732 3343 1057 3399 vulneratus
1109 3352 1196 3400 est
1257 3356 1480 3416 propter
1536 3346 1851 3417 iniquitates
1913 3358 2152 3416 nostras.

552 3433 745 3489 dicens
788 3435 838 3489 in
882 3435 1092 3506 psalmo
1128 3454 1141 3491 :
1192 3433 1460 3493 Fuderunt
1496 3455 1680 3495 atauus
1724 3458 1863 3501 utens
1908 3452 1956 3499 st
2001 3443 2156 3514 pedes

553 3525 803 3598 (Ps.ssr,
838 3529 1026 3602 l8),nt
1052 3545 1154 3587 suo
1181 3532 1406 3589 vulnere
1436 3535 1662 3590 vulnera
1696 3544 1884 3595 nostra
1910 3547 2152 3610 curaret,

548 3630 599 3676 et
645 3625 853 3680 attritus
883 3634 974 3691 est,
1008 3625 1125 3682 sive
1152 3626 1449 3697 inﬁrmatus
1478 3639 1690 3703 propter
1722 3630 1921 3691 scelera
1949 3644 2153 3703 nostra,

552 3727 612 3774 ut
654 3718 827 3775 factus
860 3735 958 3791 pro
1010 3721 1167 3778 nobis
1218 3722 1592 3792 mali-dictum,
1642 3742 1744 3782 nos
1783 3727 2041 3787 liberaret
2084 3730 2154 3789 de

550 3810 861 3869 maledicto.
896 3813 1220 3871 Maledictus
1244 3815 1393 3871 enim
1422 3821 1603 3875 omnis
1632 3818 1799 3877 homo
1828 3822 1921 3892 qui
1949 3823 2156 3892 pendet

552 3902 606 3959 in
635 3905 782 3977 ligno
813 3905 995 3979 (Deut.
1028 3924 1147 3976 ut,
1176 3907 1355 3965 Galat.
1388 3912 1494 3983 ut).
1530 3909 1686 3971 Unde
1704 3913 1985 3988 disciplina
2008 3917 2155 3991 pacis

549 4012 740 4057 nostra:
761 4019 916 4072 super
943 4019 1058 4059 eum
1085 4015 1189 4061 est.
1218 4005 1372 4074 Quod
1400 4008 1549 4063 enim
1577 4023 1679 4065 nos
1703 4024 1804 4080 pro
1827 4014 2030 4069 nostris
2056 4013 2156 4069 de-

550 4090 812 4148 bebamus
841 4095 1149 4152 sceleribus
1176 4097 1472 4167 sustinere,
1502 4100 1595 4156 ille
1639 4116 1738 4171 pro
1770 4103 1930 4159 nobis
1962 4120 2153 4174 passus

551 4196 659 4251 est,
680 4187 975 4258 paciﬁcans
996 4204 1095 4260 per
1110 4191 1434 4261 sanguinem
1457 4193 1641 4250 cruris
1661 4209 1797 4262 suae,
1812 4198 1927 4252 sive
1951 4215 2074 4268 qua:
2097 4200 2151 4257 in

550 4278 984 4351 tcrra,sivequte
1001 4283 1054 4336 in
1070 4281 1224 4337 cmlis
1237 4295 1381 4341 sunt.
1406 4286 1527 4355 Ipse
1548 4297 1631 4343 est
1653 4288 1798 4343 enim
1815 4304 1917 4358 pas
1941 4302 2150 4359 nostra,

544 4370 1018 4442 quiteeitutraque
1041 4390 1229 4445 unum,
1255 4378 1564 4435 etmcdium
1584 4380 1848 4450 parietem
1874 4386 2150 4453 maceria,

540 4464 764 4519 solvens
776 4465 1119 4523 inimicitiam
1134 4471 1187 4525 in
1201 4485 1370 4527 carne
1388 4484 1561 4539 sua,et
1572 4474 1735 4529 livore
1749 4479 1861 4550 ejus
1871 4480 2044 4535 sanati
2059 4498 2150 4536 su-

548 4556 977 4631 mus(lt‘pltes.n).
990 4560 1067 4617 Es
1091 4578 1202 4634 quo
1225 4564 1569 4635 perspicuum
1582 4568 2042 4642 est,sicutcorpus
2054 4572 2154 4628 ila-

2330 3353 2517 3426 (i’ers.
2550 3354 2582 3409 7
2612 3351 2795 3424 seqq.)
2836 3351 2984 3411 Sicut
3015 3353 3126 3409 ovis
3168 3351 3237 3409 ad
3263 3351 3577 3409 occisionem
3623 3352 3860 3415 ducetur.

2257 3456 2305 3502 et
2327 3447 2481 3519 quasi
2502 3463 2671 3518 equus
2688 3460 2864 3503 terant
2895 3446 3135 3503 tondente
3155 3444 3341 3519 [γυιε.
3364 3442 3517 3501 addit
3539 3442 3619 3515 se]
3634 3443 3860 3498 obmute-

2256 3549 2385 3606 scet,
2415 3547 2465 3597 et
2494 3554 2598 3595 nou
2621 3539 2817 3610 aperiet
2845 3552 2902 3593 os
2926 3552 3101 3595 suum.
3123 3532 3204 3590 De
3229 3535 3479 3607 angustia
3495 3541 3545 3591 et
3574 3535 3640 3589 de
3660 3534 3860 3607 judicia

2254 3629 2489 3687 sublatus
2508 3638 2605 3689 est.
2622 3627 3016 3689 Geueratiauetn
3038 3629 3152 3699 ejus
3166 3630 3283 3699 quis
3304 3626 3605 3685 enarrabit?
3627 3627 3753 3698 quia
3773 3625 3860 3683 ab-

2253 3725 2445 3783 scissus
2466 3731 2539 3781 est
2560 3722 2626 3781 de
2644 3732 2780 3781 terra
2798 3723 3105 3779 viventium:
3128 3731 3337 3794 propter
3362 3720 3535 3777 scelus
3555 3719 3742 3792 populi
3763 3719 3859 3775 tusi

2261 3829 2283 3858 ο
2316 3817 2567 3890 percussit
2597 3832 2703 3877 eas.
2734 3813 2805 3873 Et
2834 3815 2975 3873 dabit
2998 3815 3184 3887 impios
3204 3830 3300 3889 pro
3328 3814 3628 3882 sepultura,
3653 3821 3703 3871 et
3730 3812 3859 3869 diri-

2256 3921 2356 3967 tem
2401 3926 2497 3984 pro
2538 3919 2702 3966 morte
2728 3925 2857 3965 sua:
2899 3925 2960 3967 ea
2983 3910 3125 3980 quod
3170 3907 3494 3980 iniquitatem
3522 3922 3629 3965 non
3660 3905 3855 3977 fecerit,

2254 4020 2418 4077 neque
2442 4002 2595 4060 dolus
2621 4005 2779 4076 fuerit
2808 4005 2862 4059 in
2885 4019 2972 4059 ore
3000 4006 3136 4076 ejus.
3172 4001 3239 4057 Et
3264 3999 3525 4057 Dominus
3546 4002 3712 4059 uoluit
3738 4016 3855 4057 cou-

2257 4108 2417 4153 terere
2433 4112 2551 4159 eum
2568 4097 2623 4153 in
2644 4096 2966 4168 infirmitate.
2990 4094 3171 4153 LXX:
3202 4094 3351 4152 Sicut
3372 4095 3481 4157 otiis
3504 4095 3575 4153 ad
3600 4095 3854 4151 victimant

2255 4189 2443 4245 ductus
2470 4198 2569 4254 est,
2609 4189 2811 4245 etticut
2858 4204 3026 4261 agnus
3056 4204 3232 4243 ceram
3274 4187 3521 4247 tondente
3561 4199 3758 4255 mutus,
3784 4186 3855 4241 sic

2256 4297 2359 4337 non
2389 4283 2594 4354 aperuit
2615 4297 2672 4338 os
2700 4298 2874 4337 suum.
2910 4281 2974 4339 In
2997 4281 3290 4339 humilitate
3305 4281 3575 4354 judicium
3597 4284 3715 4354 ejus
3736 4279 3853 4336 sub-

2253 4377 2419 4434 latum
2440 4390 2538 4436 est.
2560 4378 2956 4435 Getterationetn
2977 4379 3122 4436 illius
3144 4380 3263 4452 quis
3298 4378 3587 4447 enat'rabit,
3614 4381 3738 4451 quia
3759 4380 3852 4435 talo

2252 4472 2380 4529 litur
2400 4473 2464 4527 de
2482 4482 2621 4533 terra
2639 4474 2743 4531 vita
2761 4474 2913 4548 ejus?
2936 4473 3015 4529 Ab
3034 4474 3390 4547 iniquitatibus
3411 4474 3593 4547 populi
3614 4476 3712 4530 tusi
3731 4476 3854 4529 due-

2252 4574 2337 4621 tus
2363 4575 2436 4623 est
2476 4565 2545 4619 ad
2572 4578 2822 4631 mortem;
2850 4577 2899 4623 et
2924 4566 2954 4604 ά
2992 4568 3128 4625 dabo
3174 4566 3420 4637 pessimos
3449 4583 3548 4636 pro
3585 4569 3851 4637 sepultura

546 4647 809 4718 gellatum
837 4662 1002 4722 atque
1028 4654 1325 4710 laceratum
1355 4658 1507 4728 signa
1550 4657 1766 4729 injuriae
1795 4661 1848 4717 in
1878 4635 2144 4725 vibicibus
2174 4635 2231 4698 Β
2255 4661 2387 4730 ejus.
2419 4671 2466 4714 et
2496 4659 2675 4717 diuites
2714 4676 2807 4732 pro
2832 4669 2997 4719 metu
3022 4635 3188 4717 illi“;
3208 4658 3364 4725 συκέα
3390 4635 3717 4733 ίιιίςιιειαιὲηι
3750 4677 3849 4715 που

545 4756 613 4796 ac
642 4744 815 4799 livore
843 4749 1095 4814 portabat
1128 4767 1143 4805 :
1170 4750 1244 4806 ita
1269 4760 1325 4805 et
1354 4750 1589 4808 animam
1616 4768 1743 4811 vere
1767 4754 2007 4817 doluisse
2044 4775 2146 4829 pro

550 4835 732 4904 tionis,
766 4853 834 4893 ne
859 4854 926 4894 ex
961 4849 1116 4910 parte
1143 4844 1362 4912 veritas,
1391 4855 1448 4900 et
1489 4861 1556 4902 ex
1603 4858 1758 4918 parte
1800 4852 2144 4909 mendacium

546 4928 805 4985 credatur
830 4931 883 4986 in
912 4931 1132 4991 Christo
1161 4935 1346 5007 (Rom.
1376 4942 1480 5010 ut).
1514 4935 1729 5009 Omnes,
1762 4943 1957 5014 inquit,
1997 4948 2148 5017 quasi

619 5102 646 5133 ι
686 5093 769 5174 ξεν
794 5094 897 5174 ἁφῇ
924 5093 1083 5174 ὄντα..
1106 5105 1214 5174 etc.
1250 5098 1525 5174 puplicem
1560 5105 1612 5174 in
1646 5103 1751 5159 hoc
1783 5105 1905 5165 loco
1930 5108 2126 5166 llieroo

553 5167 701 5245 nytni
752 5166 960 5245 lap's'tim
989 5166 1545 5245 ethallucina'tionem
1572 5173 1984 5245 deprehendere
2024 5181 2126 5237 sibi

549 5236 840 5320 risose“,
871 5236 1126 5311 Capellus
1158 5240 1210 5294 in
1242 5238 1440 5320 Critica
1485 5259 1578 5297 sua
1613 5236 1802 5320 sacra,
1853 5236 2132 5320 exponens

549 5312 692 5366 isttnl
718 5309 871 5366 lsaia:
895 5309 1057 5381 caput
1083 5328 1175 5368 un
1196 5356 1209 5378 ,
1250 5314 1344 5368 scil
1381 5314 1550 5368 lrntra
1576 5316 1659 5370 vir
1687 5309 1883 5376 doctus
1914 5309 2132 5379 l'abora-

546 5384 647 5445 vit,
677 5392 737 5436 ut
757 5384 969 5456 ostendi
997 5385 1049 5439 in
1073 5382 1485 5456 Prolegomcnis
1507 5387 1574 5438 ad
1604 5398 1807 5444 tomum
1842 5390 1928 5447 Ill.
1959 5395 2139 5451 Caete-

545 5469 688 5515 rum.
723 5455 892 5511 editio
931 5455 1255 5513 Erasmiana
1302 5468 1489 5512 contra
1523 5457 1684 5513 ﬁdem
1716 5463 1956 5519 omnium
2002 5482 2136 5524 mss.

544 5524 794 5612 codicum
823 5529 1049 5612 mil-lavit
1080 5532 1247 5586 verba
1277 5530 1378 5603 ἁφῆ
1415 5539 1468 5585 et
1506 5529 1756 5605 ἁφημένον
1810 5535 1862 5588 in
1909 5537 2037 5612 ἀλγῇ
2082 5549 2138 5595 et

542 5597 842 5669 ἀλφήμενον.
874 5598 1143 5656 ΜΑιτιΑκ.
1320 5596 1331 5603 ’
1550 5596 1562 5605 ⁷
1611 5596 1621 5603 ’
1980 5596 1991 5612 ’
2012 5596 2021 5614 ¹

624 5669 913 5746 Enimvero
942 5713 956 5733 ,
1001 5674 1144 5741 quod
1186 5680 1428 5729 notatum
1468 5688 1687 5746 quoque
1735 5675 2141 5737 Mtintl’auconio

552 5750 662 5803 est,
689 5742 985 5819 secundum
1011 5758 1157 5811 eam,
1180 5761 1341 5813 quam
1374 5746 1459 5800 hic
1487 5742 1648 5801 habet
1664 5746 2143 5819 signiﬁcationem,

552 5810 945 5888 Ἶρι-ἀφημένων
964 5822 1049 5871 vix
1072 5810 1301 5886 usquam
1336 5819 1674 5888 reperiatur;
1698 5810 1976 5876 derivatur
2000 5810 2147 5880 cutim

562 5883 630 5941 ab
658 5882 914 5955 cirri-opai:
940 5903 1005 5943 es
1030 5903 1138 5960 quo
1160 5882 1288 5965 ’ὃιφγιὶν
1320 5882 1485 5963 atque
1516 5889 1643 5946 inde
1663 5889 1934 5965 ἁφημένος,
1966 5897 2018 5952 id
2042 5907 2147 5969 est,

2245 4751 2389 4823 fecit,
2418 4754 2765 4823 nequedolutu
2792 4755 2848 4809 in
2873 4768 3098 4809 oresuo:
3123 4752 3440 4808 “Dominus
3466 4755 3580 4808 uult
3606 4754 3849 4809 mundare

2246 4866 2359 4907 eum
2381 4866 2415 4905 a
2443 4847 2617 4923 plaga.
2644 4851 2757 4905 Hoc
2781 4849 3178 4916 testiinonium,
3215 4861 3341 4904 cum
3366 4847 3418 4901 in
3455 4846 3848 4917 ActibnsApo-

2246 4951 2516 5009 stolorum
2549 4945 2753 5017 reginae
2784 4941 3055 4999 Dandacis
3087 4938 3382 5001 Eunuchus
3412 4938 3587 4996 rbeda
3620 4939 3846 4997 vehere-

2231 5112 2409 5183 plaga,
2433 5116 2521 5183 aut
2549 5106 2691 5183 lepra
2714 5121 3004 5183 percussas.

2234 5172 2438 5236 ἷ--Πιιίρ
2466 5172 2893 5233 άντὶύιιῑίοἰιηηίς
2922 5173 3284 5247 grammatica:
3326 5172 3525 5243 reguli:
3555 5182 3836 5231 consonat.

2235 5253 2378 5312 Nihil
2410 5253 2629 5306 obstare
2657 5248 2872 5303 videtur
2911 5248 3037 5317 quin
3079 5248 3289 5317 legatur
3336 5249 3610 5319 ἀφήμενον,
3647 5248 3842 5319 seposi-

2238 5336 2367 5386 tum,
2393 5340 2421 5377 τι
2447 5322 2944 5391 praepositionem
2968 5329 3021 5375 et
3054 5318 3335 5391 ptttticipio
3570 5335 3584 5369 :
3615 5317 3841 5391 lcprosis

2239 5398 2383 5454 enim
2413 5388 2742 5449 commercio
2784 5388 3104 5447 etuteroruin
3155 5388 3434 5445 hominum
3476 5388 3830 5445 interdicendi

2238 5483 2444 5525 morem
2475 5466 2771 5521 obtinuisse
2801 5478 2959 5519 nemo
2991 5478 3096 5515 non
3127 5464 3249 5515 scit.
3294 5461 3393 5516 Eo.

2317 5539 2344 5578 δ
2375 5539 2599 5594 Brevius
2625 5537 3049 5604 cuneinninsque
3073 5536 3125 5588 in
3158 5550 3267 5587 uno
3303 5532 3672 5604 Ambrosiam
3709 5549 3839 5599 ms.,

2250 5609 2700 5667 scandalizabatur
2716 5606 2786 5661 ad
2795 5603 2974 5661 crucis
2989 5605 3312 5681 ing-teriam,
3336 5614 3381 5659 et
3411 5603 3642 5661 humano
3658 5618 3843 5676 parere

2254 5683 2563 5754 trepidabat.
2628 5753 2631 5754 ν
3100 5704 3109 5711 ν

2331 5731 2360 5793 5
2372 5731 2660 5809 consentit
2688 5751 2944 5807 chraus
2967 5760 3145 5823 textus
3170 5731 3277 5810 ⁸112⁸⁵)
3292 5759 3387 5815 ω
3408 5748 3726 5823 llieronym.
3748 5761 3841 5801 au-

2257 5835 2365 5881 tem
2394 5826 2595 5890 vcrsio,
2626 5824 2874 5893 percussit
2895 5839 3046 5878 eum:
3076 5822 3258 5891 ang.,
3292 5825 3544 5892 percussi.

2329 5895 2355 5934 ί¹
2387 5895 2537 5955 Unus
2566 5896 2850 5967 Ambros,
2882 5904 2929 5950 et
2989 5894 3130 5949 dabit
3158 5936 3173 5965 ,
3199 5901 3255 5949 et
3290 5893 3509 5967 quidem
3552 5893 3709 5951 δόσει
3746 5903 3840 5964 pro
