2002 3624
131 187 139 203 f

131 186 176 214 5M
383 181 711 211 COFIMENTARIOIH'M
733 183 764 210 IN
787 183 852 210 ιδΑι
863 182 902 208 \ll

963 181 1139 209 tthlIETAM
1162 181 1226 209 LIB.
1249 180 1318 209 XIV.
1340 181 1419 210 CAP.
1440 181 1507 210 Llll.

1716 180 1769 209 ΜΟ

131 250 167 271 tur
183 244 251 278 (.‘lcl.
269 250 312 270 vnt
327 247 351 270 et
365 243 464 277 seqq),
491 247 517 269 et
544 242 635 276 legens
650 241 709 271 non
736 241 913 276 intelligeret,
928 241 954 270 Α
969 245 1021 271 est,
1041 240 1190 267 secundum
1205 240 1292 267 illud:
1314 239 1380 273 Quis
1393 241 1507 276 sapiens,
1523 245 1545 267 rt
1560 240 1685 275 intelliget
1700 240 1772 268 lucc:

129 291 314 324 interpretante
339 288 465 324 Philippo
490 296 575 323 super
601 288 728 323 passione
752 293 781 315 et
805 287 916 315 nomine

130 335 278 367 Salvatoris,
303 334 446 367 intellexit.
464 339 491 361 et
514 333 606 361 statim
631 333 791 368 baptizatus,
812 333 837 360 in
853 333 916 367 agni

128 381 248 416 sanguine
269 388 347 415 quem
374 380 504 414 legebat,
522 380 563 406 vir
587 380 689 407 meruit
714 379 858 415 appellari,
889 384 917 406 et

128 434 139 448 ε
150 428 287 463 Apostolus
309 427 384 461 genti
397 427 558 462 [Ethiopum
576 427 678 455 missus
690 431 742 454 est.
758 426 810 460 Qui
835 427 916 461 igitur

127 476 223 502 oblatus
237 479 278 502 est
292 474 393 507 Pilato,
409 474 472 509 quia
491 474 549 509 ipse
567 473 670 506 voluit;
688 478 714 500 et
731 481 785 500 non
802 480 915 508 respon-

126 522 169 555 dit,
185 526 213 548 ut
239 520 389 555 patibulum
407 528 456 556 pro
472 521 550 548 nobis
575 520 720 547 dantnattts
743 520 913 552 ascenderet,

126 569 176 603 ipse
190 568 257 595 sicut
281 568 341 595 ovis
356 568 389 595 ad
411 567 577 595 occisiottem
602 567 700 595 ductus
716 573 768 599 est,
795 571 822 594 et
836 566 913 602 quasi

125 623 200 650 agnus
213 622 304 641 coram
317 614 450 642 tondente
465 614 611 641 obmutuit.
630 614 730 641 Etmim
747 614 842 649 pascha
855 622 914 640 uos-

124 667 182 689 trum
194 662 337 688 immolatus
347 667 384 688 cst
399 661 515 688 Christu:
532 661 558 696 (l
572 660 633 688 Cor.
650 660 689 697 v),
703 669 783 695 quem
794 660 914 688 Joannes

124 707 230 742 Baptista
247 707 433 739 monstrabat,
458 707 574 734 dicens:
594 706 659 733 Ecce
673 715 755 742 agnus
774 706 833 740 Dei,
857 714 914 734 ecce

123 754 160 789 qui
171 753 234 781 tollit
249 758 354 788 peccata
364 754 454 780 mundi
471 752 562 785 (Joau.
580 761 598 785 I,
616 753 675 788 9.9).
690 753 739 786 Qui
757 759 784 780 et
799 753 824 780 in
840 753 912 787 Apo-

123 801 213 837 calypsi
237 800 351 828 Joannis
377 800 572 835 Evangelistm,
599 808 685 836 agnus
707 801 814 828 occisus
839 808 912 835 smpe

122 852 275 875 memoratur
292 847 421 883 (Apocal.
443 847 486 882 v).
503 847 554 881 Qui
581 848 615 875 de
631 847 721 882 seipso
747 848 867 883 loquitur
883 848 910 875 in

121 893 225 921 Ieremia
244 893 353 929 (λεν-ειη.
367 895 416 930 xl).
533 894 588 929 Ego
602 899 688 921 autent
701 895 766 921 sicut
776 903 859 929 agnus
869 895 910 921 irt-

967 286 1125 323 intelligcns,
1139 292 1162 314 et
1177 293 1314 322 cognoscet
1329 296 1359 314 ea
1375 287 1453 322 (Osee
1467 295 1522 321 stv,
1540 286 1604 322 l0)?
1617 287 1663 314 Sin
1676 292 1768 314 autem

968 334 1088 369 prudens
1118 334 1204 361 lector
1221 334 1302 362 tacita
1328 334 1493 369 cogitatione
1513 333 1706 368 responderit:
1734 333 1770 361 Et

967 380 1104 416 quomodo
1119 381 1249 415 scriptum
1264 385 1305 408 est
1318 389 1324 406 :
1343 380 1428 407 Nemo
1448 380 1518 407 novit
1533 379 1633 407 Filium
1649 379 1701 407 nisi
1717 378 1769 407 Pa-

967 432 1021 454 ter:
1043 432 1066 454 et
1081 435 1154 454 nemo
1166 427 1249 463 619
1264 428 1333 453 novit
1354 426 1470 459 Patrem,
1493 427 1544 454 nisi
1566 426 1664 460 Filius,
1686 431 1711 454 et
1724 426 1768 454 cui

966 473 1075 500 voluerit
1093 473 1177 500 Filius
1192 475 1326 501 revelare!
1344 474 1376 500 Et
1398 474 1442 509 qui
1461 473 1536 500 novit
1551 473 1659 500 Patrem
1675 478 1702 501 et
1723 472 1769 501 Fi-

967 520 1043 551 liutn,
1061 520 1154 554 utique
1170 524 1197 547 et
1213 520 1398 553 generationis
1414 524 1504 555 potest
1526 528 1655 547 enarrare
1668 525 1769 556 myste—

965 567 1048 594 rium.
1071 566 1171 593 Audiat
1195 566 1267 593 aliud
1290 574 1353 594 esse
1377 575 1468 600 nosse,
1486 567 1557 593 aliud
1575 567 1678 602 eloqui,
1705 567 1768 602 quia

966 613 1123 648 frequenter
1131 620 1191 647 qum
1201 618 1292 640 mente
1298 612 1480 647 coneipintus,
1490 620 1617 640 sermone
1628 621 1659 639 ex
1665 612 1767 647 plicare

966 668 1018 687 non
1035 667 1192 694 possumus.
1208 660 1277 694 lirgo
1292 664 1319 687 ct
1330 660 1491 695 mysterium
1505 660 1602 686 divinae
1618 660 1767 687 nativitatis

965 707 991 733 ιιι
1004 714 1128 740 corpore,
1147 710 1261 740 possunt
1278 707 1377 738 sancti,
1402 706 1455 733 lide
1476 706 1561 740 magis
1576 713 1657 734 nosse
1682 714 1763 741 quam

964 753 1067 780 dicrre.
1084 753 1211 788 Alioquin
1228 758 1254 780 et
1270 754 1415 788 Apostolus
1430 759 1524 787 raptus
1539 753 1566 780 in
1583 754 1692 781 tertium
1707 762 1765 782 cut-

964 803 1018 829 ltnn
1035 807 1063 829 et
1076 803 1101 829 in
1117 802 1283 837 paradisum,
1299 803 1401 830 attdivit
1416 802 1498 829 verba
1512 810 1573 836 qum
1595 809 1764 836 nequaquam

964 849 1034 876 valet
1059 849 1174 876 humana
1197 849 1285 884 lingua
1309 849 1434 882 proferre
1457 848 1493 883 (ll
1505 848 1565 875 Cor.
1592 848 1650 883 χιι).
1668 848 1721 876 Sed
1737 852 1765 876 et

962 896 1078 930 Spiritus
1092 896 1244 931 interpellat
1258 903 1306 931 pro
1317 896 1397 923 nobis
1408 895 1555 929 gemitibus
1567 895 1763 923 inellabilihtts.

121 948 213 973 nocens,
228 945 253 967 et
268 941 361 967 ductus
377 941 410 967 ad
426 941 565 974 victimant,
583 941 738 968 nesciebam.
756 942 822 968 Cum
837 941 909 968 enim
926 942 949 971 B
964 942 1043 970 l~tius
1055 943 1146 978 igitur.
1157 942 1235 976 cujus
1245 943 1448 977 generationem
1459 947 1503 969 attt
1515 942 1616 972 nullus,
1628 947 1672 968 attt
1687 949 1764 969 rarus

121 986 225 1013 nesciret
242 992 396 1020 peccatum,
422 994 471 1021 pro
484 987 563 1014 nobis
588 992 727 1021 peccatum
754 987 843 1015 factus
868 993 910 1015 est.

121 1031 148 1066 (ll
161 1032 215 1059 Cor.
231 1032 268 1067 v).
282 1032 316 1060 Et
331 1033 402 1060 sicut
412 1040 498 1068 agntts
513 1041 574 1060 cum
590 1033 697 1060 ducitur
712 1034 745 1061 ad
759 1034 907 1068 victimam,

121 1087 165 1106 non
180 1084 313 1115 repugnat
328 1089 334 1106 :
351 1079 392 1107 sic
409 1080 454 1107 ille
469 1088 566 1114 passus
582 1085 623 1107 est
638 1081 779 1108 voluntate
790 1104 797 1114 ,
816 1087 844 1108 ut
860 1081 908 1109 de-

121 1130 222 1153 strueret
233 1134 295 1153 enm
309 1127 354 1161 qui
365 1126 463 1154 mortis
474 1127 591 1154 habebat
603 1128 746 1163 imperium
756 1128 851 1161 (Hebr.
863 1128 907 1163 ιι),

121 1172 253 1200 humilians
267 1180 299 1200 se
326 1182 411 1209 usque
426 1174 459 1201 ad
477 1180 604 1208 mortem,
623 1180 650 1202 et
674 1180 790 1202 mortem
817 1177 908 1203 crucis

120 1218 237 1255 (Philipp.
256 1219 298 1255 ιι).
317 1221 367 1248 llic
383 1229 468 1255 agnus
490 1227 543 1255 est,
561 1222 587 1249 in
604 1223 682 1256 cujus
706 1228 769 1258 typo
786 1223 909 1250 immola-

120 1264 187 1293 bitur
201 1274 296 1302 agnus,
315 1267 393 1302 cujus
417 1276 499 1296 cruor
515 1269 609 1297 linitns
631 1270 657 1296 in
674 1270 799 1305 postibus
814 1276 905 1298 exter-

120 1312 267 1341 minatorem
280 1314 394 1349 l'ugabat
405 1314 514 1351 {Egypti
525 1316 623 1351 (Exod.
637 1318 704 1353 xxn)
718 1326 724 1350 ;
742 1318 787 1351 qui
799 1326 851 1345 non
864 1326 905 1345 so‘

119 1359 166 1386 Iunt
181 1360 314 1395 sanguine
328 1368 378 1388 suo
389 1369 439 1389 nos
454 1362 581 1396 redemit,
599 1362 645 1390 sed
659 1367 685 1390 et
703 1364 774 1390 lanis
788 1365 906 1398 operuit,

121 1411 143 1433 ut
153 1407 266 1442 algentes
281 1408 459 1441 inﬁdelitate,
474 1416 522 1436 sua
536 1414 615 1437 veste
631 1410 805 1441 calefaceret,
820 1417 846 1438 et
861 1419 908 1438 au-

119 1452 227 1481 diremus
241 1454 406 1488 Apostolum
429 1455 508 1482 nobis
531 1456 710 1491 loquentem:
729 1457 860 1493 Quotquot
881 1459 907 1484 ix

120 1499 207 1527 (.‘lrislo
222 1501 349 1535 θηρήιαιὶ
371 1502 441 1534 estis,
459 1502 590 1529 Christum
607 1503 729 1530 imluistis
745 1503 846 1539 (Galat.
867 1512 905 1535 lll,

120 1545 167 1579 Ἦ).
185 1546 213 1573 Et
234 1547 259 1574 in
275 1547 334 1573 alio
350 1547 428 1574 locu:
455 1547 602 1575 lmluimini
619 1548 721 1577 Christo
737 1549 800 1577 Jesu
817 1551 905 1582 illum.

121 1599 168 1624 λιιι,
183 1593 235 1628 Η).
244 1593 381 1629 Quodque
393 1593 518 1629 sequitur
530 1604 537 1621 :
550 1594 590 1621 De
601 1596 722 1631 angustia
733 1601 756 1623 et
767 1597 907 1633 dejuitirio

962 997 1092 1016 enarrare
1108 994 1208 1024 potest,
1220 989 1326 1016 sublata
1342 990 1450 1016 estvita
1463 989 1497 1016 de
1510 993 1601 1021 terra;
1618 993 1648 1015 ut
1662 996 1763 1023 nequo-

961 1044 1043 1071 qnam
1059 1036 1085 1063 in
1103 1041 1184 1068 terra,
1203 1036 1249 1062 sed
1274 1036 1301 1062 in
1323 1036 1393 1063 cmlo
1407 1036 1520 1063 viveret.
1544 1035 1609 1063 Sire
1625 1035 1763 1062 abscissus

961 1088 1001 1110 est
1018 1082 1051 1109 de
1075 1088 1147 1110 terra
1164 1083 1324 1115 viventium,
1350 1087 1379 1109 ιιι
1403 1082 1563 1117 impleretur
1586 1082 1619 1109 de
1633 1089 1666 1109 eo
1689 1082 1762 1117 quod

961 1131 1090 1164 scriptum
1105 1135 1147 1157 est
1163 1131 1189 1157 itt
1203 1130 1364 1166 Apocalypsi
1375 1129 1504 1157 Joannis:
1520 1129 1576 1165 Ego
1590 1138 1646 1156 sum
1661 1129 1762 1165 primus

960 1183 984 1204 et
1000 1178 1152 1205 novissimus
1165 1186 1174 1204 :
1185 1178 1231 1213 qui
1251 1177 1374 1207 rivcbam,
1390 1182 1414 1204 et
1426 1185 1485 1204 sum
1503 1181 1619 1203 mortuus
1631 1185 1640 1203 :
1662 1181 1686 1203 et
1704 1184 1762 1203 ecce

960 1226 1014 1252 rivo
1028 1226 1054 1252 in
1069 1231 1192 1252 wlernum
1208 1225 1300 1260 (Apoc.
1314 1233 1378 1259 XVII,
1395 1225 1455 1259 I8);
1473 1229 1502 1251 nt
1514 1229 1572 1258 post
1585 1225 1667 1251 vitain
1679 1232 1761 1260 quam

960 1271 1027 1298 vixit
1043 1272 1068 1298 in
1087 1275 1156 1298 terra
1173 1275 1297 1298 mortuus
1315 1276 1406 1305 terras,
1422 1271 1500 1298 caelis
1516 1271 1620 1297 viveret
1633 1270 1657 1297 in
1679 1276 1760 1297 :rter-

960 1326 1034 1344 nttm.
1043 1317 1176 1352 Quodque
1185 1318 1319 1352 jungitur,
1333 1317 1443 1353 Propter
1454 1317 1538 1344 scelus
1551 1317 1641 1352 populi
1649 1316 1762 1352 inciper-

960 1364 1037 1391 cussit
1052 1372 1113 1396 cos;
1138 1365 1205 1396 sive,
1220 1364 1298 1399 juxta
1313 1363 1399 1396 LXX,
1416 1363 1447 1390 ab
1468 1364 1650 1399 iniquitatibus
1671 1363 1762 1398 populi

959 1411 1009 1437 mei
1025 1410 1117 1437 ductus
1133 1415 1169 1437 est
1183 1411 1218 1436 Iul
1237 1415 1356 1444 mortem,
1382 1409 1517 1445 duplirctu
1533 1417 1642 1436 sensum
1665 1408 1759 1436 habet.

960 1459 1013 1484 Ant
1028 1456 1098 1484 enim
1114 1462 1306 1492 persecutores
1320 1462 1348 1484 et
1364 1458 1511 1484 sceleratos
1533 1456 1625 1491 populi
1639 1457 1693 1490 sui,
1709 1463 1757 1483 sua

960 1509 1048 1531 tnorte
1064 1504 1199 1539 percussit
1213 1512 1219 1530 :
1243 1509 1289 1530 aut
1304 1508 1414 1538 propter
1430 1503 1644 1538 magnitudinem
1661 1511 1758 1537 pecca-

960 1556 1047 1577 torum
1060 1551 1164 1586 populi,
1179 1559 1257 1584 quem
1273 1557 1380 1585 semper
1395 1550 1560 1585 peculiarem
1573 1549 1680 1582 habuit,
1695 1549 1760 1577 duc-

960 1601 1003 1624 ttts
1018 1596 1050 1623 ad
1067 1601 1182 1625 mortem
1195 1602 1247 1628 est,
1264 1601 1290 1623 ut
1304 1596 1364 1623 illos
1377 1595 1410 1622 ad
1423 1596 1504 1622 vitam
1519 1602 1567 1622 sua
1579 1600 1665 1622 morte
1679 1603 1759 1622 revo-

121 1639 221 1667 sublatus
234 1646 287 1673 est;
307 1641 365 1667 sive
376 1645 403 1669 ut
416 1640 486 1668 LXX
501 1643 711 1675 transtulerunt,
723 1644 750 1670 in
761 1643 907 1672 humilitate
921 1641 943 1672 C
960 1648 1044 1672 caret.
1057 1643 1114 1677 Ipse
1123 1643 1195 1670 dedit
1204 1643 1313 1678 impios.
1323 1651 1371 1677 pro
1378 1643 1514 1677 sepultura
1522 1650 1569 1669 sua
1579 1650 1587 1674 ',
1597 1647 1624 1669 et
1635 1643 1756 1674 divitem,

117 1684 230 1718 iudicium
245 1687 303 1721 eius
319 1687 435 1715 ablatum
457 1693 502 1720 est,
526 1689 590 1715 illttd
615 1689 760 1724 signiﬁcat,
778 1691 850 1724 qttod
874 1691 907 1718 de

121 1733 280 1762 tribulatione
298 1738 381 1768 atque
399 1735 503 1769 jttdicio
516 1736 550 1762 ad
575 1736 681 1764 Patrem
707 1737 795 1764 vietor
810 1746 905 1765 ascen-

120 1779 195 1813 derit;
207 1782 261 1809 sive
272 1781 347 1816 qttod
360 1782 442 1817 judex
454 1783 588 1815 omnium,
601 1783 695 1817 judieii
710 1793 762 1810 non
775 1786 907 1819 repererit

120 1827 247 1854 veritatem
262 1836 268 1860 ;
286 1827 338 1854 sed
353 1828 457 1862 absque
471 1828 526 1856 ulla
541 1829 630 1863 culpa,
646 1830 782 1857 seditione
796 1830 907 1857 Judaeu-

121 1881 170 1901 rum
192 1880 218 1903 et
240 1875 322 1903 Pilati
339 1882 406 1903 voce
420 1875 565 1903 damnatus
585 1876 631 1904 sit.
656 1875 735 1904 Unde
760 1877 908 1907 admiratur

121 1920 251 1956 l'ropbeta,
268 1921 344 1957 quod
355 1923 476 1950 omnium
489 1922 562 1950 Deus
572 1930 602 1950 se
617 1922 761 1950 tradiderit
778 1923 905 1957 passioui.

121 1966 151 1993 lle
161 1975 210 2002 quo
221 1968 322 1996 Paulus
334 1968 454 2003 loquitur
466 1976 472 1994 :
490 1967 521 1996 Si
532 1969 599 1997 enim
610 1968 624 1988 ι)
638 1969 816 2002 credidissent,
834 1978 907 1996 mim-

118 2020 186 2046 qurtm
202 2013 343 2042 Dominum
367 2014 460 2050 gloria:
482 2015 671 2049 cruciﬁxissent
696 2015 720 2051 (l
739 2014 799 2042 Cor.
817 2024 845 2050 ιιΥ
868 2016 906 2050 8).

119 2059 254 2095 Sequitur:
279 2060 480 2089 Generatiouem
502 2064 558 2098 ejus
582 2063 638 2097 quis
661 2063 810 2090 enurrabit?
831 2063 907 2096 Quod

119 2107 251 2141 dupliciter
265 2108 447 2142 intelligitur:
472 2113 518 2135 aut
531 2110 604 2135 enim
625 2108 659 2136 de
683 2108 827 2136 divinitate
849 2110 908 2143 ejus

118 2154 292 2188 accipiendum
312 2159 364 2187 est,
386 2154 457 2189 quod
482 2154 649 2189 impossibile
673 2154 709 2180 sit
724 2154 823 2181 divinm
840 2155 909 2181 itali-

120 2201 198 2229 vitatis
211 2209 291 2234 nosse
306 2202 436 2238 mysteria
450 2210 457 2234 ;
471 2202 505 2230 de
519 2210 572 2237 qua
588 2202 645 2237 ipse
667 2202 786 2235 loquitur
800 2202 825 2229 in
842 2202 910 2230 Pro-

118 2248 209 2278 verbiis
216 2258 222 2275 :
230 2249 298 2277 Ante
305 2257 393 2277 omnes
403 2248 480 2276 colles
488 2250 618 2285 generauit
629 2257 669 2276 mc
681 2248 773 2285 (Prov.
783 2257 839 2282 vttt,
849 2249 907 2283 25);

115 2293 181 2328 juxta
192 2296 255 2325 illud
270 2296 344 2332 quod
360 2296 425 2324 alibi
440 2297 555 2331 legimus
568 2306 574 2324 :
593 2297 658 2329 Quis
669 2297 790 2332 cognovit
805 2306 908 2325 sensum

961 1698 1010 1725 pro
1024 1695 1111 1718 morte
1123 1697 1180 1720 sua.
1196 1690 1258 1717 Sive
1271 1689 1414 1723 pessimos,
1428 1697 1476 1720 pro
1488 1688 1628 1724 sepultura
1641 1689 1717 1722 ejus;
1732 1692 1760 1714 et

960 1738 1068 1770 divites,
1085 1746 1134 1773 pro
1150 1742 1236 1764 morte
1251 1737 1330 1771 ejus:
1347 1741 1493 1771 utrumque
1507 1736 1634 1771 populum
1655 1735 1758 1769 signiti-

959 1793 1036 1819 emus,
1051 1790 1078 1812 ut
1095 1785 1120 1812 in
1136 1784 1216 1811 malis
1231 1789 1256 1810 et
1272 1783 1408 1818 pessimis,
1425 1782 1472 1818 qui
1489 1787 1552 1809 ante
1570 1782 1616 1808 Dei
1634 1782 1757 1808 notitiam

960 1840 1013 1859 non
1027 1831 1162 1860 habebant
1177 1830 1264 1864 (Rom.
1280 1832 1329 1865 ιι),
1346 1830 1507 1857 ostendatur
1527 1829 1650 1863 gentium
1668 1828 1760 1855 multi-

960 1878 1041 1906 tudo:
1061 1878 1085 1904 iu
1098 1877 1239 1909 divitibus,
1251 1884 1367 1911 quorum
1380 1880 1438 1903 erat
1453 1875 1658 1902 'l‘estmnenttun
1670 1879 1697 1901 et
1709 1874 1759 1901 Le-

959 1923 1066 1960 gislatio
1087 1929 1111 1950 et
1128 1923 1280 1957 PI‘OpItcl‘J‘,
1303 1921 1433 1949 Judaieus
1456 1920 1572 1955 populus
1587 1920 1759 1947 demonstre-

960 1976 1013 1999 tttr.
1032 1971 1102 2004 Ergo
1116 1969 1217 1996 idcirco
1231 1975 1326 2003 passus
1342 1972 1383 1995 est
1397 1967 1528 1995 Dominus
1542 1972 1569 1995 et
1584 1967 1716 2001 sepultus,
1731 1970 1760 1993 ut

960 2025 992 2045 ex
1009 2022 1124 2050 utroque
1140 2015 1238 2050 popqu
1253 2015 1304 2042 sibi
1329 2014 1478 2042 Ecclesium
1494 2018 1681 2048 congregaret.
1697 2013 1760 2040 Sive

962 2065 1011 2091 hoc
1023 2064 1178 2094 dicendum,
1191 2062 1262 2097 quod
1277 2062 1388 2090 Scribas
1402 2066 1429 2089 et
1442 2061 1605 2091 l’haristros,
1621 2066 1631 2079 ε
1649 2067 1680 2087 ac
1693 2059 1760 2087 Sad-

961 2111 1079 2144 ducmos,
1094 2111 1251 2138 sacerdotes
1267 2114 1294 2137 et
1306 2109 1459 2144 pontiﬁces,
1475 2109 1520 2143 qui
1542 2109 1567 2136 in
1582 2109 1681 2143 populo
1697 2112 1760 2135 ante

961 2159 1123 2194 regnabant,
1138 2163 1166 2184 et
1180 2158 1270 2186 nintiis
1284 2157 1380 2191 opibus
1397 2156 1555 2188 allluebant,
1578 2160 1640 2190 post
1654 2155 1760 2183 Domini

961 2207 1114 2242 passionem
1131 2204 1259 2233 Romanis
1279 2204 1422 2232 tradiderit
1435 2204 1516 2237 Deus,
1532 2207 1560 2230 et
1574 2207 1682 2230 internas
1698 2201 1762 2228 sub—

958 2253 1056 2288 jeeerit
1070 2252 1203 2280 servituti.
1221 2251 1273 2280 Isto
1289 2258 1337 2286 pro
1359 2251 1439 2285 cujus
1453 2249 1593 2285 sepultura
1608 2253 1635 2276 et
1658 2253 1757 2280 morte,

962 2301 1037 2335 impii
1052 2300 1206 2334 divitesqne
1219 2303 1282 2325 sunt
1296 2297 1401 2330 traditi,
1423 2297 1593 2331 iniquitatem
1612 2304 1665 2322 non
1686 2294 1760 2327 fecit,

118 2341 229 2372 Domini:
242 2348 287 2371 aut
301 2343 360 2379 quis
375 2343 542 2371 consiliarius
557 2346 613 2381 ejus
628 2344 677 2378 {uit
690 2345 780 2381 (Rom.
794 2353 831 2377 ιιι,
843 2345 907 2380 54)?
922 2340 946 2371 Ι)
962 2354 1011 2374 nec
1025 2346 1104 2373 dolus
1129 2346 1254 2373 inventus
1267 2349 1310 2371 cst
1325 2344 1352 2371 in
1366 2351 1415 2370 ore
1438 2344 1508 2375 ejus.
1529 2341 1606 2375 Quod
1629 2341 1663 2368 de
1687 2340 1762 2367 nullo

116 2387 139 2415 id
152 2396 198 2423 est,
213 2390 322 2422 nullus;
336 2395 382 2416 aut
393 2390 427 2418 de
439 2394 518 2424 partu
532 2390 664 2424 Virginis,
677 2391 748 2425 quod
761 2391 908 2419 difﬁculter

116 2436 193 2468 possit
205 2437 316 2471 exponi.
336 2435 401 2465 Deui
412 2444 457 2470 (uc
467 2444 528 2465 cum
547 2437 637 2464 Maria:
653 2437 792 2465 diceretur
807 2437 841 2464 ab
852 2437 907 2465 An-

115 2483 185 2516 gelo:
202 2484 339 2520 Concipit's
354 2489 376 2511 et
387 2485 473 2520 paries
486 2484 580 2518 ﬁliuni,
595 2484 639 2511 illa
657 2484 796 2519 respondit
810 2493 815 2511 :
833 2483 908 2513 Unde

116 2529 171 2556 mihi
185 2531 242 2565 hoc,
257 2531 320 2566 quia
332 2532 416 2558 virum
431 2539 481 2558 non
493 2531 601 2566 cognoui
610 2533 621 2558 Ρ
633 2531 681 2558 (lui
698 2539 805 2559 rursum
821 2531 909 2566 Ange-

116 2574 170 2604 lus:
186 2577 313 2613 Spiritus,
327 2578 423 2613 ioquit,
440 2583 545 2605 sanctus
560 2578 642 2605 veniet
652 2585 729 2612 super
745 2582 779 2610 te,
791 2583 814 2605 et
826 2578 907 2605 uirtus

116 2623 234 2652 ditissimi
249 2626 410 2654 obumbrabit
425 2626 470 2654 tibi
485 2625 563 2661 (Luc.
586 2633 605 2658 ι,
627 2625 672 2660 51,
687 2626 730 2658 54,
748 2625 803 2660 55),
821 2630 851 2653 ιιι
866 2626 907 2653 vel

115 2670 267 2707 abAngelo,
285 2674 325 2700 vel
341 2673 374 2700 ab
392 2672 563 2708 Evangelista
579 2678 683 2701 tantum
698 2674 846 2701 nativitatis
860 2674 909 2701 hu—

113 2716 151 2751 ius
165 2725 335 2747 sacramenta
351 2720 488 2748 dicantur.
504 2720 586 2755 Cujus
600 2724 726 2748 narrator
750 2721 909 2751 rarissimus

114 2805 183 2834 ὂὼσω
198 2813 306 2836 veteres
318 2808 405 2837 ϐιωθί
420 2808 585 2844 lnterpretes
601 2809 808 2837 transtulerunt.

146 2844 234 2880 l{llaec
249 2844 359 2871 llieron.
376 2850 513 2880 acceperit
533 2853 565 2876 ex
590 2845 718 2874 Eusebio.
737 2846 782 2871 III).
797 2853 814 2872 ιι
836 2846 905 2872 llist.

114 2877 180 2905 Eccl.
194 2888 253 2913 cap.
273 2882 299 2912 l,
323 2880 367 2916 qui
390 2877 492 2915 pariter
507 2888 540 2907 ex
564 2880 666 2907 ll‘ett;t:0
685 2880 790 2912 didicit,
808 2881 853 2907 lib.
878 2889 905 2909 ιιι

113 2921 198 2948 contra
206 2916 341 2950 llaereses,
352 2917 620 2950 Missumlitlttuclttutt
633 2918 659 2951 in
671 2917 786 2951 rrgionrs
799 2916 905 2948 (Et/tio-

114 2952 159 2987 pt'w
176 2952 380 2988 prwdicaturum
404 2956 451 2980 ltoc
475 2954 542 2988 quod
565 2954 620 2989 ipse
643 2952 799 2980 crediderat.
826 2954 903 2981 Adde

959 2392 1069 2428 penitus
1079 2390 1310 2425 homiottntﬁm
1323 2389 1433 2423 intelligi
1447 2392 1549 2423 potest,
1566 2392 1595 2415 ιιι
1609 2394 1762 2422 necopere,

960 2447 1010 2467 nec
1015 2445 1142 2465 sermone
1151 2435 1425 2472 peecaverit,diccnte
1432 2434 1571 2468 Scriptura
1583 2444 1588 2460 :
1598 2433 1682 2461 Nemo
1692 2442 1764 2460 mutt-

960 2486 1008 2512 dus
1019 2493 1035 2511 a
1043 2484 1176 2514 sordibus,
1188 2491 1233 2509 nec
1246 2482 1269 2511 si
1277 2482 1356 2509 unius
1369 2480 1473 2515 quidem
1484 2480 1535 2507 diei
1545 2480 1621 2514 fuerit
1632 2472 1761 2513 vitifejus.

959 2532 1004 2565 Et,
1018 2539 1105 2557 ontncs
1117 2531 1182 2557 sicut
1198 2537 1255 2556 oves
1267 2528 1418 2560 erravimus,
1433 2526 1608 2561 unusquisque
1620 2525 1646 2552 in
1660 2525 1700 2551 uia
1713 2532 1762 2551 sua

960 2579 1097 2606 declinavit
1114 2577 1185 2612 (Job.
1200 2576 1282 2611 xxv):
1297 2575 1349 2602 nisi
1362 2574 1396 2602 de
1412 2574 1469 2607 illo,
1485 2574 1529 2608 qui
1545 2576 1654 2607 peccata
1669 2576 1761 2598 nestra

961 2625 1089 2662 portavit,
1105 2630 1131 2652 et
1154 2632 1203 2659 pro
1227 2622 1305 2650 llOlllS
1326 2622 1411 2654 dolet,
1428 2626 1454 2648 et
1473 2619 1632 2647 vulneratus
1648 2623 1690 2645 est
1714 2625 1764 2651 pro

961 2672 1151 2708 iniquitatibus
1173 2670 1284 2703 nostris,
1300 2674 1326 2697 et
1338 2668 1455 2696 al‘tlictus
1471 2671 1513 2694 est
1534 2670 1644 2701 propter
1658 2665 1762 2692 scelera

962 2725 1065 2752 nostra,
1080 2719 1158 2754 cujus
1170 2718 1255 2746 livore
1269 2717 1358 2745 sanati
1369 2723 1474 2744 smnus.
1486 2715 1574 2749 Super
1584 2722 1637 2749 quo
1649 2718 1676 2741 ct
1691 2714 1763 2748 prin-

961 2809 1178 2844 apocryphorum
1211 2808 1386 2839 testimonia,
1420 2806 1537 2834 Constit.
1573 2804 1700 2840 Apostnl.
1735 2813 1760 2832 ρ.

961 2853 1045 2878 XLVII,
1061 2852 1083 2872 cI
1102 2845 1330 2881 pseudo-Aluum.

996 2882 1008 2900 ι)
1028 2876 1171 2910 Victorius.
1186 2881 1373 2916 cogunrisenl,
1390 2886 1423 2906 ex
1437 2878 1533 2905 Grata)
1550 2881 1623 2904 lexltt
1635 2876 1758 2914 Eymo’uv.

997 2924 1007 2936 ο
1025 2917 1128 2949 Verius,
1146 2922 1173 2943 ut
1186 2918 1301 2950 videtur.
1314 2916 1520 2942 Sudducworttm
1532 2922 1629 2941 nomen
1644 2918 1758 2950 pluetcr:

959 2954 1069 2981 tuittunt
1082 2953 1269 2980 Atnbrosiansu
1282 2949 1394 2980 chartae.
