4096 6330
505 315 608 375 5H

1760 310 1818 367 S.
1864 308 2140 369 EUSEBII
2182 308 2566 366 HIERONYMI
3712 307 3814 367 είιε

503 447 635 504 eeps
687 429 1071 502 Apostolorum
1122 425 1318 483 Petrus
1377 425 1480 480 hoc
1530 424 1900 482 testimonium
1951 423 2100 480 edis-
2127 423 2498 496 Ainiquitates
2524 441 2700 480 eorum
2723 424 2830 497 ipse
2872 425 3129 495 portabit,
3159 439 3296 497 quas
3329 424 3408 480 illi
3452 432 3680 495 portare
3709 437 3812 480 non

507 536 720 587 serens,
752 521 828 576 ait
854 539 866 575 :
898 519 966 574 In
994 519 1090 574 hoc
1117 519 1251 573 enim
1279 518 1446 574 vocati
1482 517 1626 587 estis,
1650 517 1769 589 quia
1790 526 1836 572 et
1865 515 2100 572 Christus

506 633 690 689 passus
726 623 801 668 est
844 630 939 686 pro
969 613 1134 678 nobis,
1163 611 1460 682 relinquens
1498 609 1638 665 vobis
1681 610 1998 682 exemplum,
2045 617 2104 664 ut

505 708 794 781 sequamini
819 707 1035 780 vestigia
1076 707 1208 779 ejus.
1243 705 1342 772 Qui
1386 713 1651 774 peccatum
1677 719 1780 758 non
1830 704 1970 772 fecit,
2017 719 2106 756 nec

508 805 746 860 inventus
768 810 842 858 est
866 799 1018 856 dolus
1034 801 1087 855 in
1112 815 1200 855 ore
1223 799 1411 872 ipsius.
1429 797 1663 867 Quicum
1687 797 2102 865 malediceretur,

510 913 614 952 non
643 894 979 950 maledicebat
1003 910 1021 948 :
1049 903 1095 948 et
1126 909 1241 947 cum
1263 901 1548 965 pateretur,
1578 908 1681 946 non
1702 889 2110 945 comminabatur

517 987 574 1062 (Ι
601 987 746 1042 Petr.
776 1002 836 1056 ιι,
879 985 946 1042 21
971 997 1020 1041 et
1041 984 1230 1059 seqq.).
1267 986 1526 1040 Dominus
1551 995 1733 1040 autem
1759 982 1932 1039 voluit
1955 997 2109 1037 mun-

509 1081 642 1137 dare
685 1095 809 1136 eum
841 1095 870 1135 a
903 1080 1080 1150 plaga,
1130 1094 1292 1149 quam
1347 1077 1536 1133 lancea
1582 1076 1769 1132 militis
1817 1089 2111 1146 percussus

509 1185 822 1244 acceperat.
853 1173 986 1230 Sive
1005 1181 1294 1228 conterere
1325 1187 1448 1226 eum
1481 1171 1533 1225 in
1562 1169 1877 1225 inﬁrmitate
1906 1183 1971 1224 ac
1991 1168 2114 1223 vul-

512 1281 644 1324 nere
669 1283 681 1319 :
713 1266 782 1323 de
803 1281 908 1336 quo
935 1274 991 1322 et
1023 1267 1139 1334 ipse
1167 1264 1386 1320 dicebat
1410 1281 1423 1320 :
1459 1263 1714 1330 Quoniam
1739 1278 1889 1334 quem
1911 1271 1966 1317 tu
1995 1278 2112 1332 per-

509 1361 738 1427 cussisti,
771 1361 875 1432 ipsi
919 1360 1175 1430 persecuti
1197 1369 1330 1414 sunt
1362 1357 1480 1431 (Ps.
1525 1373 1712 1426 vattt,
1753 1357 1871 1427 27).
1906 1357 1972 1412 Et
2013 1371 2114 1427 per

507 1455 830 1511 Zachariam
850 1454 1094 1523 loquitur
1114 1453 1279 1510 Deus:
1311 1452 1604 1508 Percutiam
1620 1459 1904 1521 pastorem,
1930 1460 1978 1505 et
1998 1466 2114 1505 oves

512 1547 878 1619 dispergentur
905 1544 1091 1619 (Zach.
1126 1561 1256 1612 xm,
1301 1543 1377 1617 7).
1408 1543 1551 1615 Ergo
1582 1553 1640 1598 ut
1683 1551 1962 1613 pateretur
2005 1557 2112 1596 non

513 1639 615 1696 fuit
665 1640 1033 1706 necessitatis,
1081 1637 1178 1694 sed
1209 1636 1503 1692 voluntatis
1554 1636 1730 1690 Patris
1761 1645 1812 1690 et
1863 1649 1997 1703 suae,
2046 1634 2112 1690 ad

514 1747 676 1804 quem
699 1733 814 1802 ipse
837 1731 1084 1788 dicebat:
1108 1728 1273 1796 Deus,
1304 1740 1358 1783 ut
1377 1733 1596 1801 facerem
1621 1729 1928 1782 voluntatem
1948 1737 2112 1795 tuam,

512 1824 655 1880 uolui
681 1823 798 1894 (Ps.
823 1839 1008 1890 xxxix,
1042 1822 1122 1893 9).
1155 1823 1231 1879 De
1257 1837 1363 1894 quo
1385 1831 1441 1878 et
1467 1836 1629 1892 supra
1653 1821 1914 1893 legimus:
1955 1821 2116 1877 Obla-

513 1924 596 1970 tus
625 1926 721 1980 est,
751 1916 874 1984 quia
905 1915 1014 1985 ipse
1041 1915 1225 1969 uoluit.

583 2008 766 2083 (Vers.
793 2008 881 2074 10,
902 2010 922 2066 i
939 2007 1015 2080 1.)
1037 2008 1097 2064 Si
1111 2009 1340 2079 posuerit
1357 2023 1452 2079 pro
1467 2017 1676 2081 peccato
1697 2009 1924 2064 animum
1939 2026 2109 2080 suam,

509 2104 699 2159 videbit
727 2120 896 2159 semen
927 2103 1234 2177 lonngum,
1266 2111 1314 2156 et
1339 2102 1578 2156 uoluntas
1623 2101 1836 2157 Domini
1876 2105 1931 2157 in
1958 2119 2114 2158 manu

514 2201 627 2270 ejus
657 2196 930 2269 dirigetur.
964 2195 1070 2250 Pro
1097 2213 1158 2250 eo
1185 2196 1324 2268 quod
1352 2195 1659 2250 laboraverit
1688 2195 1870 2268 [Vulg.
1904 2195 2114 2251 labora-

511 2289 603 2363 uit]
637 2290 812 2344 anima
836 2293 972 2364 ejus,
1007 2289 1218 2356 videbit,
1247 2298 1294 2344 et
1316 2291 1641 2345 saturabitur
1659 2307 1678 2345 :
1709 2290 1996 2346 inscientia
2019 2308 2117 2346 sua

504 2385 815 2460 justi/icabit
829 2387 940 2456 ipse
952 2390 1128 2459 justus
1147 2403 1315 2442 servos
1327 2403 1466 2442 meos
1485 2385 1593 2459 [ΑΙ.
1614 2403 1790 2442 servus
1801 2385 1965 2459 meus]
1981 2388 2118 2442 mul-

513 2489 612 2547 tos,
628 2489 677 2534 et
698 2481 995 2550 iniquitates
1007 2498 1185 2537 eorum
1205 2483 1316 2554 ipse
1337 2482 1580 2552 portabit.
1598 2481 1742 2538 LXX
1760 2500 1772 2536 :
1797 2482 1857 2539 Si
1871 2483 2118 2538 dederitis

515 2589 611 2644 pro
656 2581 892 2646 peccato,
922 2575 1141 2630 “animo
1165 2587 1336 2630 uestra
1374 2575 1564 2631 uidebit
1593 2593 1764 2631 semen
1795 2580 2118 2650 longaevum:

515 2677 561 2732 et
590 2667 698 2724 uult
720 2667 976 2724 Dominus
1002 2671 1210 2741 auferre
1237 2671 1302 2727 de
1322 2671 1502 2727 dolore
1527 2673 1760 2728 animam
1785 2675 1918 2744 ejus,
1953 2682 2120 2728 osten-

517 2760 640 2816 dere
685 2763 729 2817 ei
757 2761 946 2828 lucem,
975 2773 1024 2817 et
1077 2767 1305 2836 formare
1352 2765 1771 2841 intelligentiam.
1819 2767 2120 2838 Justificare

509 2861 712 2930 justum
743 2859 868 2915 bene
888 2861 1186 2916 servientem
1219 2863 1396 2918 multis
1420 2881 1438 2917 :
1468 2871 1516 2918 et
1557 2873 1771 2936 peccata
1802 2879 1978 2918 eorum
2009 2864 2121 2935 ipse

519 2953 760 3024 portabit.
787 2952 949 3009 Juxta
980 2953 1299 3011 Hebraicum
1325 2957 1413 3012 hic
1432 2971 1626 3012 sensus
1655 2966 1768 3012 est:
1802 2959 1858 3013 Si
1883 2958 2124 3028 posuerit

522 3058 622 3113 pro
655 3055 874 3113 peccato
903 3047 1138 3104 animam
1180 3065 1335 3105 suam
1369 3050 1464 3106 ille
1493 3065 1651 3118 quem
1699 3050 1960 3106 Dominus
1987 3065 2122 3106 con-

438 3130 450 3142 “
523 3145 702 3193 terere
719 3139 906 3206 voluit,
933 3141 1046 3196 sive
1066 3143 1346 3209 mundare,
1369 3143 1772 3200 videbitsemen
1795 3146 2118 3216 longrcvum,

521 3231 664 3300 quod
712 3233 1000 3288 seminavit
1029 3237 1080 3290 in
1121 3236 1260 3292 bona
1291 3248 1462 3295 terra.
1493 3239 1568 3294 De
1607 3253 1714 3310 quo
1742 3239 1794 3295 in
1830 3240 2125 3312 Evangelio

524 3324 784 3392 scriptum
808 3335 890 3381 est
916 3345 927 3381 :
953 3327 1129 3384 Ezivit
1148 3331 1236 3401 qui
1255 3333 1473 3386 seminat
1500 3333 1791 3399 seminare;
1819 3341 1873 3386 et
1891 3334 2084 3389 iterum
2110 3351 2123 3388 :

527 3418 715 3475 Simile
734 3430 806 3474 est
821 3437 1035 3493 regnum
1058 3423 1301 3480 calorum
1323 3425 1520 3480 homini
1536 3428 1624 3494 qui
1651 3428 1921 3482 seminavit
1937 3429 2126 3483 bonum

524 3530 693 3569 semen
716 3516 770 3571 in
795 3534 920 3588 agro
949 3535 1046 3573 suo
1075 3519 1287 3592 (Matth.
1319 3537 1436 3589 xm,
1468 3521 1546 3594 5).
1574 3519 1641 3576 Et
1662 3524 1900 3578 voluntas
1919 3520 2131 3580 Domini

522 3609 578 3664 in
607 3627 762 3667 manu
791 3612 935 3667 illius
964 3614 1241 3688 dirigetur,
1271 3625 1330 3670 ut
1359 3615 1626 3687 quidquid
1655 3616 1816 3671 Pater
1845 3616 2037 3685 voluit,
2066 3619 2132 3674 il-

524 3704 626 3758 lius
657 3707 950 3762 virtutibus
978 3707 1289 3776 impleatur,
1317 3709 1548 3765 dicentis
1572 3708 1735 3782 621
1767 3709 1834 3764 ad
1876 3709 2088 3766 Patrem
2113 3730 2126 3766 :

527 3795 642 3869 Ego
665 3800 864 3853 servavi
892 3815 978 3854 eos
1015 3799 1069 3854 in
1098 3801 1305 3855 nomine
1331 3811 1419 3856 tuo
1445 3818 1574 3873 quos
1600 3803 1788 3856 dedisti
1815 3802 1964 3856 mihi.
2003 3801 2131 3857 Cus-

524 3891 706 3958 todivi,
754 3904 799 3946 et
843 3910 992 3948 nemo
1037 3909 1102 3948 ea:
1127 3894 1207 3948 Itis
1258 3895 1429 3965 periit,
1463 3895 1565 3950 nisi
1609 3896 1750 3964 ﬁlius
1802 3897 2125 3960 perditionis.

523 3984 704 4056 (Joan.
739 4001 850 4040 xvu
873 4031 887 4053 ,
919 3987 1030 4059 1'2).
1064 3988 1260 4043 Semen
1296 3997 1475 4043 autem
1523 3987 1728 4042 videbit
1753 3997 2041 4055 aeternum,
2075 3973 2136 4044 et.

528 4080 776 4134 voluntas
806 4079 982 4135 Patris
1017 4081 1072 4136 in
1117 4095 1281 4136 manu
1309 4082 1462 4137 illius
1489 4082 1791 4154 dirigetur:
1824 4083 1948 4154 quia
1978 4081 2128 4138 labo-

525 4173 667 4226 ravit
691 4174 870 4226 anima
902 4174 1022 4241 ejus
1053 4174 1226 4228 multo
1255 4184 1520 4244 tempore,
1566 4176 1812 4246 requiem
1846 4190 1952 4229 non
1984 4175 2134 4228 inve-

528 4267 686 4322 niens
709 4269 761 4321 in
792 4267 1020 4342 Judteis,
1051 4277 1106 4322 ct
1141 4268 1331 4324 dicens
1361 4271 1413 4325 in
1447 4269 1787 4338 Evangelio:
1821 4269 2014 4332 Vulpes
2054 4273 2134 4340 fo-

524 4375 646 4414 veas
693 4359 921 4412 habent:
973 4343 1025 4412 et
1058 4360 1285 4414 volucres
1325 4362 1463 4427 coeli,
1508 4362 1695 4416 nidos:
1742 4359 1916 4416 Filius
1959 4371 2132 4415 autem

529 4454 752 4507 hominis
785 4469 886 4506 non
915 4453 1063 4507 habet
1090 4455 1177 4508 ubi
1198 4464 1353 4525 caput
1384 4456 1598 4510 reclinet
1629 4453 1850 4526 (Matth.
1875 4469 1991 4517 vm,
2021 4455 2131 4526 10).

530 4547 601 4602 Et
624 4549 676 4600 in
708 4547 811 4602 hoc
840 4546 1033 4603 eodem
1062 4547 1328 4617 Propheta
1357 4566 1368 4601 :
1399 4547 1654 4604 Laboraui
1682 4550 1944 4604 sustinens
1976 4547 2130 4621 (Isai.

2208 525 2481 588 poterant,
2526 526 2580 573 et
2622 533 2854 588 quarum
2881 518 3123 589 pondere
3164 518 3634 590 opprimebantur.
3659 515 3816 572 Juxta

2209 609 2565 681 Septuaginta
2589 611 2693 666 hoc
2711 611 2911 667 dicitur
2935 629 2946 665 :
2977 612 3022 669 Ο
3040 628 3164 680 vos,
3194 620 3416 684 pr0pter
3437 625 3675 683 quorum
3699 624 3820 679 pec-

2210 713 2330 760 cata
2362 703 2534 759 Filius
2570 705 2663 760 Dei
2695 714 2786 762 est
2822 705 3019 762 ductus
3045 706 3113 762 ad
3148 715 3403 773 mortem,
3435 704 3531 777 qui
3573 703 3818 776 pessimi,

2210 798 2341 852 etin
2375 797 2519 852 malo
2549 797 2772 866 divites,
2805 799 2916 856 dati
2946 801 3078 856 estis
3107 815 3211 872 pro
3251 800 3534 870 sepultura
3557 807 3614 854 et
3647 807 3822 855 morte

2210 891 2348 960 ejus,
2375 891 2418 946 si
2443 892 2731 949 volueritis
2753 909 2916 965 agere
2939 895 3341 964 paenitentiam,
3371 903 3424 950 et
3445 909 3548 966 pro
3579 892 3822 964 peccatis

2211 985 2410 1041 vestris
2434 985 2634 1043 oﬂ‘erre
2651 988 2988 1044 sacriﬁcium
3014 989 3237 1059 placens
3259 989 3393 1055 Deo,
3418 987 3676 1056 spiritum
3695 1001 3824 1042 cono

2211 1079 2554 1145 tribulatum,
2585 1081 2790 1137 videbit
2829 1083 3008 1136 anima
3039 1091 3220 1138 vestra
3266 1097 3456 1138 semen
3489 1080 3638 1152 longi
3681 1089 3821 1135 tem-

2213 1173 2384 1243 poris,
2420 1173 2597 1242 ipsum
2627 1173 2912 1230 Dominum
2945 1175 3311 1230 Salvatorem.
3343 1175 3418 1230 De
3446 1188 3558 1244 quo
3589 1173 3646 1228 in
3673 1184 3824 1228 octo-

2212 1267 2422 1335 gesimo
2436 1275 2630 1322 octavo
2647 1267 2858 1336 psalmo
2877 1269 3123 1323 canitur:
3151 1267 3336 1323 Semen
3359 1271 3476 1340 ejus
3499 1268 3555 1321 in
3573 1275 3820 1321 teternum

2215 1368 2503 1428 permanet,
2538 1367 2587 1414 et
2615 1361 2832 1414 thronus
2857 1360 3002 1416 illius
3022 1361 3162 1416 sicut
3188 1361 3270 1414 sol
3299 1360 3352 1414 in
3379 1369 3661 1425 conspectu
3691 1374 3818 1414 meo.

2216 1448 2285 1504 Et
2315 1451 2510 1505 iterum
2538 1468 2552 1506 :
2586 1451 2788 1507 Ponam
2826 1453 2879 1507 in
2906 1454 3158 1508 saeculum
3195 1452 3375 1507 saeculi
3403 1468 3577 1508 semen
3609 1455 3742 1524 ejus,
3773 1461 3821 1506 et

2214 1544 2457 1597 thronum
2489 1543 2633 1598 illius
2672 1545 2803 1598 sicut
2829 1544 2938 1599 dies
2983 1543 3116 1600 caeli.
3161 1543 3316 1614 Quod
3357 1544 3484 1600 aliis
3515 1544 3710 1600 verbis
3753 1543 3821 1599 ad

2216 1635 2496 1708 Virginem
2529 1637 2745 1694 Gabriel
2793 1639 3074 1711 loquitur:
3109 1637 3247 1694 Ecce
3287 1641 3548 1711 concipies
3575 1639 3632 1693 in
3677 1649 3821 1694 utero

2216 1739 2265 1784 et
2289 1731 2456 1802 paries
2479 1747 2498 1784 :
2523 1731 2611 1800 qui
2655 1728 2828 1786 Filius
2851 1731 3106 1786 Altissimi
3129 1732 3414 1787 vocabitur.
3445 1731 3514 1786 Et
3558 1731 3703 1786 dabit
3741 1733 3820 1787 illi

2217 1819 2475 1878 Dominus
2499 1823 2741 1878 thronum
2770 1823 2940 1878 David
2980 1826 3145 1895 patris
3176 1826 3278 1892 sui,
3318 1833 3364 1879 et
3397 1823 3638 1896 regnabit
3668 1841 3822 1895 super

2143 1915 2192 1976 B
2219 1917 2426 1972 domum
2463 1917 2629 1974 Jacob
2661 1921 2717 1974 in
2748 1922 3113 1986 sempiternum
3133 1937 3152 1975 :
3191 1930 3237 1974 et
3266 1921 3411 1994 regni
3439 1923 3556 1993 ejus
3593 1937 3697 1974 non
3726 1921 3820 1975 erit

2216 2011 2338 2080 ﬁnis
2368 2011 2520 2084 (Luc.
2555 2029 2593 2079 ι,
2623 2014 2715 2080 51,
2739 2013 2857 2084 52).
2886 2013 3018 2069 Vult
3037 2014 3183 2069 enim
3213 2014 3478 2069 Dominus
3505 2011 3726 2069 auferre
3755 2011 3822 2068 de

2216 2104 2410 2161 dolore
2426 2106 2662 2161 animam
2687 2107 2823 2176 ejus,
2847 2107 2936 2178 qui
2954 2106 3168 2162 dixerat
3189 2126 3200 2161 :
3224 2105 3408 2160 Tristis
3430 2116 3504 2160 est
3523 2105 3699 2160 anima
3713 2121 3822 2160 mea

2218 2215 2383 2270 usque
2408 2200 2478 2254 ad
2505 2209 2718 2254 mortem
2745 2199 2962 2270 (Matth.
2996 2215 3144 2268 nm,
3173 2199 3287 2269 58),
3322 2207 3383 2256 ut
3407 2200 3590 2255 crucis
3628 2207 3822 2254 contu-

2219 2293 2381 2347 melia
2415 2293 2840 2349 resurrectionis
2867 2293 3039 2364 gloria
3070 2301 3431 2364 temperetur.
3467 2289 3538 2346 Et
3559 2292 3822 2346 ostendere

2219 2387 2265 2439 ei
2295 2386 2483 2450 lucem,
2521 2397 2574 2441 ut
2598 2401 2795 2443 omnes
2820 2402 2919 2458 per
2944 2401 3005 2442 se
3031 2385 3216 2442 videat
3238 2385 3596 2442 illuminatos.
3623 2381 3690 2438 Et
3719 2388 3825 2456 {or-

2218 2495 2358 2534 ntere
2396 2479 2760 2551 intelligentia,
2799 2481 3118 2536 subauditur
3149 2496 3296 2549 eum,
3341 2495 3509 2550 super
3537 2496 3700 2550 quem
3728 2481 3824 2536 de-

2221 2573 2498 2629 scenderit
2529 2575 2693 2647 622
2721 2574 2953 2645 spiritus
2987 2575 3272 2644 sapientia:
3297 2582 3354 2629 et
3395 2573 3728 2630 intellectus.
3759 2571 3827 2629 Et

2214 2669 2510 2740 justiﬁcare
2519 2671 2747 2739 justum,
2770 2670 2862 2741 qui
2888 2669 3028 2725 bene
3043 2668 3227 2724 multis
3245 2668 3535 2734 servierit;
3556 2682 3664 2723 non
3683 2667 3823 2722 enim

2221 2764 2370 2820 venit
2399 2775 2456 2818 ut
2487 2764 2899 2820 ministraretur
2927 2765 3000 2826 ei.
3034 2763 3129 2819 sed
3163 2773 3219 2816 ut
3247 2763 3588 2818 ministraret
3610 2759 3821 2830 (Matth.
3895 2755 3908 2768 ’“

2223 2858 2340 2929 xx),
2368 2857 2420 2912 in
2445 2857 2591 2913 Petri
2634 2857 2862 2928 pedibus
2896 2855 3079 2931 (Joan.
3127 2855 3267 2928 xui),
3322 2865 3646 2912 cunctorum
3687 2856 3830 2926 A[)0-

2223 2953 2490 3008 stolorum
2519 2960 2742 3021 peccata
2757 2952 3008 3008 abluens.
3037 2951 3139 3021 Qui
3162 2951 3412 3022 apparuit
3434 2949 3488 3006 in
3507 2965 3698 3014 carne,
3718 2950 3829 3020 ius-

2227 3045 2464 3100 tiﬁcatus
2484 3054 2569 3100 est
2599 3047 2652 3100 in
2680 3045 2891 3116 spiritu.
2925 3045 3004 3101 De
3028 3061 3139 3116 quo
3169 3043 3408 3101 etJudas
3437 3044 3686 3114 proditor
3706 3059 3832 3100 con-

2230 3138 2457 3193 litetur:
2493 3137 2732 3206 Peccavi,
2769 3139 2978 3193 tradens
3021 3138 3324 3211 sanguinem
3358 3139 3562 3210 justum
3609 3136 3826 3208 (Matth.

2230 3249 2398 3298 xxm,
2432 3235 2510 3304 4).
2546 3233 2613 3288 Ει
2640 3247 2778 3287 uxor
2802 3233 2958 3288 Pilati
2988 3251 3000 3287 :
3045 3231 3197 3288 Nihil
3227 3232 3318 3286 tibi
3345 3233 3411 3286 sit
3448 3242 3495 3286 et
3534 3233 3685 3302 justo
3719 3231 3830 3286 illi:

2229 3325 2396 3380 multa
2423 3327 2560 3380 enim
2585 3343 2736 3396 passa
2763 3343 2878 3381 sum
2897 3327 3050 3381 hodie
3071 3327 3124 3381 in
3147 3327 3342 3381 somnis
3364 3334 3580 3398 propter
3605 3343 3742 3381 eum.
3771 3326 3831 3382 Et

2232 3423 2531 3478 notandum
2581 3421 2724 3492 quod
2773 3439 2880 3478 non
2926 3423 3254 3494 iustiﬁcatus
3291 3423 3383 3484 sit.
3428 3431 3488 3477 ut
3527 3422 3596 3478 de
3625 3422 3828 3492 iniquo,

2227 3513 2405 3586 justus
2433 3514 2608 3571 fieret.
2636 3515 2742 3570 Sed
2768 3516 2951 3585 justus
2969 3515 3327 3586 justilicatur,
3353 3532 3461 3570 non
3487 3525 3543 3570 ut
3571 3515 3833 3586 inciperet

2231 3623 2356 3664 esse
2385 3607 2530 3678 quod
2575 3623 2681 3663 non
2723 3617 2872 3674 erat;
2906 3608 3000 3662 sed
3047 3607 3274 3679 utquod
3307 3616 3432 3663 erat
3459 3608 3714 3662 omnibus
3742 3621 3835 3678 ap-

2231 3715 2472 3776 pareret.
2507 3704 2614 3760 Iste
2635 3705 2816 3774 justus
2848 3718 2946 3773 pro
2973 3703 3172 3770 iniquis
3199 3717 3396 3774 passus
3428 3712 3534 3768 est,
3569 3712 3622 3756 ut
3643 3715 3834 3756 omnes

2233 3814 2335 3856 nos
2365 3799 2586 3856 oﬂ'erret
2620 3800 2748 3854 Deo.
2780 3799 2852 3852 De
2877 3811 2988 3868 quo
3024 3797 3224 3852 dicitur
3245 3797 3311 3852 ad
3342 3795 3560 3852 Judteos
3587 3813 3600 3849 :
3645 3793 3712 3849 Et
3750 3810 3836 3849 ne-

2232 3895 2393 3966 gastis
2427 3904 2662 3949 sanctum
2689 3903 2736 3948 et
2773 3894 3001 3964 justum,
3032 3903 3081 3946 et
3128 3891 3328 3964 petistis
3369 3902 3424 3944 ut
3451 3891 3532 3945 vir
3570 3890 3832 3945 homicida

2233 3990 2520 4044 donaretur
2537 3989 2675 4044 vobis
2695 3987 2834 4060 (Act.
2858 4004 2935 4052 ιιι,
2957 3987 3066 4058 14).
3096 3987 3164 4041 Et
3187 3994 3418 4058 peccata,
3443 3987 3639 4053 inquit,
3665 4003 3833 4042 eorum

2234 4086 2345 4154 ipse
2370 4085 2627 4155 portavit;
2651 4083 2803 4154 quasi
2838 4081 3082 4137 medicus
3113 4081 3401 4153 languores
3431 4081 3833 4153 :rgrotantium,

2235 4192 2345 4248 quo
2375 4178 2490 4232 sani
2533 4191 2640 4232 non
2689 4175 2957 4246 indigent,
3007 4189 3068 4231 se
3116 4174 3169 4230 hi
3197 4175 3286 4245 qui
3337 4174 3479 4230 male
3527 4190 3588 4230 se
3641 4173 3837 4230 habent

2238 4269 2391 4342 (Luc.
2427 4273 2504 4338 v).

2311 4360 2490 4432 (Vers.
2515 4361 2628 4432 i2.)
2653 4359 2781 4416 Ideo
2803 4361 3109 4433 dispertiam
3144 4361 3191 4414 ei
3220 4358 3508 4431 plurimos,
3541 4369 3590 4414 et
3625 4360 3836 4432 fortium

2237 4453 2428 4508 dividet
2454 4455 2624 4523 spolia
2649 4471 2667 4509 :
2695 4472 2790 4525 pro
2811 4473 2869 4510 eo
2889 4455 3027 4526 quod
3057 4453 3272 4509 tradidit
3295 4455 3349 4508 in
3371 4465 3590 4510 mortem
3614 4456 3837 4510 animum

2238 4565 2407 4615 suam,
2439 4561 2490 4604 et
2519 4566 2635 4602 cum
2667 4549 2935 4605 sceleratis
2961 4557 3232 4622 reputatus
3263 4559 3338 4604 est
3371 4557 3457 4604 :et
3492 4550 3606 4619 ipse
3631 4557 3838 4623 peccata

533 4657 572 4709 ι,
602 4642 714 4712 Μ).
738 4640 873 4710 Quia
903 4643 1065 4714 igitur
1095 4643 1381 4712 laboravit,
1411 4644 1614 4700 videbit
1644 4645 1915 4701 Ecclesias
1937 4643 1990 4698 in
2022 4653 2134 4699 toto
2159 4677 2214 4738 D
2239 4639 2525 4695 multorum
2547 4640 2689 4710 tulit,
2722 4652 2769 4696 et
2787 4659 2883 4712 pro
2907 4643 3373 4715 transgressoribus
3401 4643 3620 4714 rogavit.
3652 4640 3790 4696 LXX
3822 4659 3834 4694 :

532 4736 668 4790 orbe
697 4751 1050 4807 consurgere,
1077 4749 1132 4794 et
1157 4755 1344 4794 earum
1372 4738 1710 4795 saturabitur
1731 4739 1856 4795 fide.
1889 4738 2132 4807 Denique

531 4844 654 4883 cum
679 4829 929 4885 esuriens
958 4840 1014 4886 et
1037 4831 1232 4888 sitiens
1260 4815 1491 4890 sedisset
1522 4847 1690 4902 super
1719 4843 1944 4904 puteum
1966 4830 2133 4887 .lacob

531 4920 714 4995 (Joan.
743 4923 842 4994 tv),
886 4924 1127 4980 medium
1157 4926 1300 4980 diem
1331 4928 1446 4983 sole
1473 4934 1739 4996 torrente,
1773 4926 1971 4996 emptis
1997 4924 2134 4980 cibis

533 5018 610 5072 uti
640 5017 832 5084 noluit,
863 5019 988 5087 quia
1009 5017 1121 5088 jam
1149 5019 1528 5087 Samaritanus,
1559 5028 1613 5074 et
1641 5018 1893 5074 exeuntis
1917 5018 1985 5073 ad
2009 5033 2132 5074 eum

529 5111 769 5166 civitatis
785 5111 1005 5167 Sicbem
1026 5111 1130 5166 ﬁde
1155 5113 1383 5168 satiatus
1403 5125 1540 5168 erat.
1559 5114 1713 5167 Juxta
1737 5129 1896 5184 quem
1913 5128 2132 5169 sensum

532 5203 756 5260 dicebat
780 5206 924 5260 inter
953 5216 1076 5260 octo
1106 5206 1470 5264 beatitudines
1495 5224 1507 5260 :
1545 5206 1692 5261 Beati
1712 5211 1798 5279 qui
1828 5210 2063 5264 esuriunt
2087 5218 2134 5263 et

529 5298 712 5352 sitiunt
724 5299 988 5372 justitiam
1015 5297 1241 5370 (Matth.
1269 5315 1322 5368 ν,
1351 5300 1428 5367 6).
1462 5300 1516 5354 lu
1541 5302 1768 5355 scientia
1793 5316 1912 5368 sua,
1943 5301 1996 5356 id
2026 5310 2128 5368 est,

530 5389 585 5444 in
618 5390 889 5455 doctrina,
913 5389 1031 5460 ipse
1052 5390 1257 5462 justus,
1289 5391 1379 5456 qui
1407 5401 1682 5460 peccatum
1715 5406 1821 5446 non
1847 5392 1996 5460 fecit,
2033 5407 2134 5448 nec

533 5482 690 5539 dolus
718 5485 976 5540 inventus
999 5492 1084 5540 est
1114 5485 1165 5540 in
1199 5499 1297 5540 ore
1321 5485 1441 5554 ejus
1465 5501 1478 5538 :
1511 5495 1565 5540 et
1591 5498 1786 5539 servus
1815 5483 2015 5555 Patris,
2041 5485 2133 5557 qui

529 5577 760 5633 formam
793 5582 933 5634 servi
965 5589 1273 5649 acceperat,
1306 5591 1360 5637 et
1389 5579 1608 5635 Dmnini
1650 5580 1913 5636 servierat
1943 5581 2138 5635 volun-

531 5672 650 5736 tati,
685 5673 886 5728 multos
922 5674 1241 5743 justiiicabit
1284 5675 1351 5732 de
1385 5683 1497 5730 tote
1538 5674 1669 5730 orbe
1712 5672 2021 5730 credentes.
2067 5672 2136 5729 Et

2244 4733 2530 4802 Pr0pterea
2577 4737 2689 4807 ipse
2731 4736 3012 4807 possidebit
3043 4736 3268 4802 multos,
3301 4750 3348 4794 et
3378 4738 3592 4808 fortium
3641 4734 3830 4791 diuidet

2238 4832 2408 4902 spolia
2439 4847 2456 4884 :
2487 4847 2581 4902 pro
2629 4846 2688 4885 eo
2714 4829 2854 4900 quod
2907 4829 3259 4883 contaminata
3286 4840 3358 4883 est
3385 4831 3450 4890 in,
3471 4841 3636 4884 morte
3667 4831 3838 4884 anima

2240 4927 2349 4996 ejus
2378 4966 2391 4988 ,
2441 4932 2488 4978 et
2520 4939 2633 4976 cum
2680 4921 2874 4992 iniquis
2922 4929 3194 4991 reputatus
3224 4929 3299 4975 est
3331 4962 3346 4986 ,
3381 4929 3426 4974 et
3473 4922 3586 4991 ipse
3633 4931 3840 4994 peccata

2241 5020 2522 5075 multorum
2553 5016 2813 5089 suscepit,
2859 5025 2906 5070 et
2951 5026 3160 5088 propter
3189 5016 3494 5086 iniquitates
3524 5034 3707 5074 eorum
3738 5028 3841 5073 tra—

2241 5114 2382 5167 ditus
2413 5119 2508 5166 est.
2543 5111 2746 5166 Causas
2779 5107 2960 5164 reddit
2989 5123 3084 5162 cur
3125 5115 3246 5178 post
3303 5110 3616 5180 passionem
3675 5111 3840 5166 multa

2241 5207 2494 5262 Christus
2525 5206 2744 5275 praemia
2791 5213 3178 5274 consequatur.
3215 5203 3386 5275 Quia,
3421 5205 3628 5278 inquit,
3663 5224 3841 5278 passus

2237 5308 2329 5367 est,
2364 5310 2417 5354 et
2449 5297 2578 5354 fecit
2607 5297 2787 5353 omnia
2822 5313 2942 5366 qua!
2975 5299 3286 5368 praeteritus
3317 5313 3501 5354 sermo
3529 5299 3837 5368 descripsit,

2236 5403 2290 5450 et
2320 5393 2630 5466 iniquitates
2662 5393 2953 5449 multorum
2988 5395 3104 5464 ipse
3137 5393 3408 5461 portavit:
3441 5403 3730 5466 propterea
3763 5393 3841 5449 di—

2237 5491 2414 5545 vidam
2465 5489 2516 5546 ei
2569 5489 2866 5560 plurimos,
2910 5500 2970 5544 ut
3015 5505 3112 5557 pro
3170 5498 3321 5558 parte
3371 5489 3584 5544 Domini
3638 5489 3837 5557 Jacob,

2237 5592 2294 5639 et
2343 5583 2585 5640 funiculo
2641 5582 2974 5638 haereditatis
3023 5582 3170 5636 illius
3225 5582 3389 5637 Israel
3422 5628 3436 5653 ,
3507 5583 3733 5638 credant
3788 5583 3839 5637 in

2237 5691 2360 5734 eum
2391 5677 2459 5732 de
2501 5675 2730 5732 Oriente
2785 5683 2839 5731 et
2889 5673 3188 5731 Occidente
3253 5677 3538 5732 venientes
3573 5721 3586 5746 ,
3646 5685 3701 5732 et
3759 5689 3844 5731 re-

606 5822 632 5850 ⁸
655 5811 803 5869 Unus
834 5813 1211 5902 hmbrosians,
1335 5815 1582 5902 dederitis
1605 5832 1700 5888 pro
1729 5823 1939 5902 peccat'q
1960 5814 2188 5902 animum
2207 5825 2457 5902 .sestrq‘m,
2487 5811 2720 5902 videbitis
2759 5825 2928 5902 semen
2961 5809 3104 5902 longi
3109 5810 3400 5902 temporis:
3437 5818 3486 5864 et
3512 5810 3620 5902 pult
3666 5793 3840 5864 Domi;

533 5892 656 5954 nus,
692 5894 798 5939 etc.
832 5886 907 5941 Ae
953 5893 1102 5943 'certe
1148 5876 1402 5947 Altlinun‘i
1451 5876 1664 5959 aliaque
1710 5876 1968 5942 tientiulla
2001 5886 2338 5956 eitemplaria
2363 5885 2548 5941 Grates
2576 5885 2672 5938 hac
2698 5882 2839 5937 serie
2862 5876 3072 5952 legunt;
3106 5876 3235 5938 δῶθτέ
3255 5885 3346 5943 τήν
3371 5876 3574 5955 polii»);
