4096 6330
243 335 351 394 515
795 333 1456 393 COWMENTARIUBUM
1499 331 1563 390 IN
1603 331 1842 390 ISAIAM
1882 331 2305 390 ΡΙὶΟΡΗΕΤΑΜ
2344 333 2472 390 LIB.
2516 333 2634 390 XV.
2675 333 2830 392 CAP.
2870 333 3008 391 LIV.
3453 339 3562 395 5M

240 453 510 510 cumbant
546 455 602 510 in
635 469 806 527 regno
836 455 929 510 Dei
961 470 1085 510 cum
1119 453 1416 521 Abraham,
1468 452 1619 508 Isaac
1666 461 1722 506 et
1767 449 1858 506 Ja-
1883 454 1932 516 Α
1963 449 2145 506 dicare
2175 451 2400 521 captivis
2434 452 2806 507 remissionem
2835 498 2848 518 ,
2901 462 2956 507 ct
3004 450 3268 522 captivam
3319 450 3468 521 prius
3524 465 3554 505 a

239 549 342 604 cob
377 548 606 621 (Matth.
643 549 761 619 vm)
797 568 809 602 :
842 549 1068 620 impleto
1098 548 1191 603 illo
1221 546 1365 618 quod
1415 546 1680 618 scriptum
1711 555 1795 600 est
1839 562 1854 600 :

239 642 471 699 Postulo
502 661 536 698 a
572 661 674 711 me,
709 652 754 700 et
785 644 915 698 dabo
944 643 1035 698 tibi
1064 651 1237 714 gentes
1267 641 1619 696 hereditatem
1665 647 1808 693 tuam
1835 678 1852 706 ,

237 746 285 791 et
314 738 706 808 possessionem
737 747 881 791 tuam
943 737 1187 791 terminos
1219 746 1370 790 terrte
1398 733 1520 808 (Ps.
1556 750 1616 799 ιι,
1647 732 1727 803 8).
1780 733 1858 789 De

239 844 345 900 quo
375 837 434 884 et
470 829 528 883 in
585 829 694 884 hoc
741 828 935 885 eodem
969 826 1241 897 Propheta
1272 825 1489 898 legitur,
1529 822 1646 878 Erit
1700 822 1858 878 radix

236 921 386 978 Iesse
419 940 439 978 :
469 931 523 978 et
554 924 645 994 qui
677 932 909 994 resurget
939 931 994 976 ut
1025 923 1348 994 principetur
1375 919 1627 992 gentium,
1658 920 1713 973 in
1742 920 1856 989 ipso

236 1027 406 1091 gentes
436 1019 731 1089 sperabunt
781 1017 950 1090 (Isai.
984 1033 1060 1086 ιιι,
1098 1015 1164 1071 10
1187 1015 1227 1086 ).
1264 1015 1358 1070 lsti
1405 1025 1588 1069 autem
1640 1011 1856 1084 plurimi

237 1111 518 1182 quondam
551 1127 584 1168 a
616 1111 849 1168 fortibus
873 1110 1230 1174 tenebantur;
1265 1118 1317 1164 et
1347 1109 1450 1164 sub
1480 1107 1663 1179 Specie
1688 1107 1856 1162 asina

238 1214 292 1261 et
322 1205 486 1276 pulli,
524 1206 734 1261 multos
765 1203 1041 1260 habebant
1073 1203 1338 1270 dominos,
1370 1201 1571 1273 quibus
1599 1201 1857 1256 dixerunt

237 1300 486 1374 Apostoli
525 1318 540 1355 :
576 1299 835 1356 Dominus
863 1315 948 1354 eos
978 1299 1294 1354 necessarios
1316 1297 1464 1352 habet
1490 1295 1705 1366 (Matth.
1737 1311 1852 1364 xm,

237 1395 314 1465 3).
339 1395 446 1461 Qui
481 1394 660 1451 fortes
713 1405 870 1450 erant
915 1402 1203 1466 antequam
1259 1391 1512 1447 Christus
1559 1390 1854 1445 humanum

237 1501 439 1557 corpus
487 1499 819 1558 assumeret,
870 1497 924 1544 et
955 1487 1093 1543 forte
1124 1496 1384 1558 superato
1406 1530 1422 1554 ,
1455 1484 1716 1554 diriperet
1758 1483 1857 1539 do-

238 1595 383 1635 mum
409 1581 558 1650 ejus.
590 1580 836 1636 Praedam
859 1595 989 1650 ergo
1022 1579 1244 1634 fortium
1271 1577 1552 1647 Apostolis
1582 1576 1698 1631 suis
1747 1588 1858 1630 tra-

161 1671 164 1674 ’
239 1674 378 1730 didit
407 1685 581 1746 atque
612 1674 800 1730 divisit
835 1720 848 1742 ,
896 1681 955 1728 ut
984 1673 1176 1729 Petrus
1198 1719 1210 1742 ,
1273 1670 1506 1727 Jacobus
1534 1715 1547 1737 ,
1591 1677 1644 1725 et
1691 1669 1856 1742 623

240 1767 504 1838 Joannes,
538 1767 855 1822 circumcisi
887 1766 1073 1836 populi
1102 1764 1373 1835 principes
1400 1763 1611 1831 ﬁerent,
1636 1771 1689 1816 et
1718 1762 1857 1815 Pau-

1959 544 2180 601 diabolo
2223 555 2384 616 atque
2441 545 2780 602 daemonibus
2833 546 2985 602 duxit
3033 547 3438 617 captivitatem,
3501 555 3559 602 et

1959 637 2108 693 dedit
2139 653 2258 693 eam
2290 637 2434 693 dono
2486 637 2801 696 hominibus
2833 650 2996 710 atque
3024 639 3398 708 credentibus,
3431 639 3556 711 quia

1960 729 2182 786 tradidit
2203 731 2255 786 in
2288 742 2520 786 mortem
2553 731 2794 788 animam
2823 747 3000 802 suam,
3035 741 3090 789 et
3119 748 3241 788 cum
3273 731 3558 788 sceleratis

1956 825 2070 880 sive
2103 824 2305 895 iniquis
2352 831 2641 895 reputatus
2671 837 2754 881 est
2784 824 2827 897 (l
2861 824 2982 880 Cor.
3015 824 3116 899 tx).
3142 825 3200 883 Si
3227 827 3374 881 enim
3405 825 3554 896 Aro-

1956 918 2132 974 stolus
2160 918 2279 988 ejus
2326 917 2411 973 his
2442 919 2532 988 qui
2563 929 2718 974 erant
2748 920 2865 976 sine
2899 919 3035 992 lege,
3063 919 3234 976 factus
3292 927 3376 975 est
3401 918 3556 990 quasi

1956 1013 2122 1086 625.
2146 1014 2264 1069 sine
2294 1013 2412 1084 lege
2439 1029 2454 1078 ;
2505 1028 2627 1069 cum
2662 1028 2769 1069 non
2804 1025 2946 1070 esset
2977 1015 3096 1070 sine
3149 1015 3264 1086 lege
3290 1059 3304 1082 ,
3339 1013 3433 1070 sed
3464 1027 3555 1070 es-

1956 1117 2042 1165 set
2063 1109 2114 1162 iu
2148 1109 2264 1179 lege
2288 1106 2494 1164 Christi
2531 1123 2736 1180 :quare
2767 1123 2876 1163 non
2903 1117 2958 1164 et
2987 1109 3238 1164 Christus
3292 1123 3415 1164 cum
3448 1108 3550 1164 ini-

1957 1202 2080 1273 quis
2109 1211 2390 1272 reputatus
2421 1202 2531 1269 sit,
2567 1210 2623 1256 ut
2657 1201 2871 1272 iniquos
2911 1200 3207 1257 redimeret
3244 1217 3273 1256 a
3307 1210 3552 1272 peccato,

1957 1305 2013 1353 et
2059 1295 2315 1352 omnibus
2369 1296 2549 1350 omnia
2581 1295 2756 1364 fieret,
2793 1304 2851 1350 ut
2877 1311 3067 1352 omnes
3096 1295 3274 1351 salvos
3303 1295 3556 1353 faceret?

1957 1389 2184 1446 Peccata
2215 1390 2359 1446 enim
2393 1398 2577 1444 nostra
2605 1389 2838 1459 portavit
2868 1389 2918 1443 in
2949 1404 3177 1459 corpore
3198 1405 3300 1444 suo
3329 1389 3374 1460 (Ι
3407 1387 3552 1444 Petr.

1955 1483 2039 1561 ιι),
2101 1483 2244 1554 ligno
2308 1483 2484 1538 crucis
2537 1482 2764 1553 afligens
2795 1498 2890 1550 ea,
2925 1491 2984 1537 ut
3039 1482 3248 1538 deleret
3279 1481 3558 1553 chirogra-

1959 1578 2124 1646 pltum
2161 1621 2173 1643 ,
2226 1575 2373 1646 quod
2426 1574 2645 1631 diabolo
2675 1584 2730 1630 et
2758 1575 2971 1646 angelis
3012 1575 3157 1630 illius
3209 1574 3554 1644 feceramus,

1957 1670 2220 1740 scriptum
2256 1668 2506 1725 manibus
2535 1669 2754 1738 animm,
2789 1669 2842 1723 id
2874 1677 2980 1737 est,
3019 1671 3280 1740 operibus
3309 1668 3445 1739 ejus.
3483 1668 3563 1724 De

1958 1764 2156 1834 quibus
2187 1763 2389 1818 Paulus
2419 1763 2700 1832 apostolus
2719 1762 2962 1831 loquitur
2996 1780 3008 1814 :
3045 1760 3113 1816 Et
3163 1778 3252 1817 vos
3279 1777 3395 1816 cum
3425 1777 3561 1816 esse-

242 1861 323 1916 lus
353 1870 408 1916 et
441 1859 728 1916 Barnabas
785 1859 1134 1915 mitterentur
1164 1857 1231 1912 ad
1260 1863 1454 1928 gentes
1485 1900 1498 1924 ,
1537 1855 1670 1909 locis
1699 1899 1713 1921 ,
1746 1867 1856 1908 non
1887 1851 1936 1912 B
1965 1859 2029 1912 tis
2049 1859 2240 1911 mortui
2267 1858 2320 1910 in
2342 1858 2586 1928 peccatis,
2611 1866 2659 1910 et
2689 1856 2742 1910 in
2765 1856 3036 1911 desideriis
3063 1857 3257 1923 carnis,
3290 1857 3458 1912 vivere
3485 1861 3561 1926 te.

239 1955 424 2011 animo
457 1958 706 2026 separati
743 1999 756 2024 ,
791 1963 846 2010 et
875 1954 975 2010 sub
1007 1968 1118 2009 uno
1150 1952 1384 2008 Domino
1415 1953 1467 2006 in
1501 1950 1711 2006 diversa
1745 1959 1858 2003 sta-

238 2059 356 2106 rent
388 2049 535 2118 aCie,
570 2057 631 2103 ut
660 2048 893 2120 agminis
923 2048 1204 2118 utriusque
1234 2042 1485 2113 victoria,
1520 2041 1853 2113 triumphum

240 2143 524 2214 erigerent
579 2141 876 2200 Salvatori.
924 2143 1004 2197 Ex
1037 2156 1144 2212 quo
1172 2140 1263 2210 qui
1291 2139 1743 2210 dispensatoriam
1775 2137 1856 2191 in-

241 2245 323 2292 ter
355 2238 587 2292 Petrum
619 2245 674 2292 et
704 2236 927 2291 Paulum
962 2235 1370 2291 contentionem
1403 2233 1540 2301 (Act.
1577 2233 1694 2300 xv).
1725 2247 1855 2289 vere

243 2327 424 2384 dicunt
455 2327 706 2399 jurgium
743 2327 914 2383 fuisse
943 2338 1106 2398 atque
1133 2336 1413 2382 certamen
1439 2370 1453 2394 ,
1487 2333 1548 2380 ut
1596 2323 1855 2394 blasphe-

245 2425 408 2478 manti
443 2423 762 2495 Porpltyrio
791 2422 1127 2478 satisfaciant
1161 2440 1172 2476 :
1221 2431 1276 2478 et
1318 2422 1521 2478 veteris
1558 2420 1720 2492 Legis
1750 2435 1856 2474 cte-

244 2519 516 2574 remonias
548 2519 604 2573 in
662 2517 908 2573 Ecclesia
961 2515 1207 2584 ChriSIi,
1271 2532 1301 2571 a
1350 2517 1520 2587 stirpe
1579 2515 1854 2571 credentis

243 2609 405 2667 Israel
439 2619 700 2667 asserunt
727 2626 853 2666 esse
882 2609 1206 2679 servandas,
1239 2609 1438 2666 debent
1468 2617 1522 2666 et
1551 2624 1771 2664 auream
1800 2608 1853 2664 in

243 2706 388 2761 mille
419 2707 586 2762 annis
627 2714 957 2777 exspectare
985 2705 1286 2762 Jerusalem
1309 2751 1322 2774 ,
1382 2715 1437 2762 ut
1471 2705 1718 2761 victimas
1749 2706 1851 2760 im-

246 2796 471 2867 molent,
507 2805 564 2854 et
592 2798 1059 2853 circumcidantur
1084 2844 1098 2868 ,
1132 2809 1189 2853 ut
1223 2798 1274 2853 in
1303 2797 1531 2853 sabbato
1584 2799 1810 2853 sedeant
1835 2842 1850 2867 ,

244 2889 543 2959 dormiant,
578 2899 916 2959 saturentur,
954 2891 1315 2960 inebrientur,
1351 2899 1405 2947 et
1433 2899 1657 2961 surgant
1707 2889 1856 2946 lude-

246 2998 324 3053 re,
355 2985 453 3056 qui
485 2984 648 3041 ludus
679 2984 909 3040 oll’endit
936 2985 1125 3042 Deum.
1151 2986 1264 3040 Hoc
1295 2986 1530 3040 diximus
1563 2999 1780 3056 pr0pter
1801 2986 1853 3041 id

247 3077 388 3146 quod
423 3093 573 3134 nunc
620 3077 978 3150 prophetatur
1011 3097 1024 3135 :
1060 3079 1130 3134 Et
1179 3081 1390 3151 fortium
1437 3079 1629 3135 dividet
1685 3081 1855 3152 spolia

249 3166 346 3239 (Is.
379 3186 498 3239 LIII,
527 3169 642 3242 l2).
675 3169 832 3226 Juxta
866 3171 1003 3227 illud
1033 3172 1176 3244 quod
1210 3173 1260 3228 in
1293 3172 1400 3228 alio
1443 3173 1562 3228 loco
1591 3173 1850 3244 scriptum

1960 1952 2029 2004 cit
2051 1967 2169 2004 cum
2201 1948 2432 2015 Christo,
2463 1949 2666 2004 donans
2719 1950 2864 2004 nobis
2894 1951 3065 2004 omnia
3111 1964 3342 2020 peccata.
3377 1947 3444 2003 Et
3472 1950 3562 2004 de-

1960 2046 2072 2100 lens
2095 2045 2234 2116 quod
2255 2045 2525 2100 adversum
2549 2061 2639 2100 nos
2666 2054 2775 2098 erat
2801 2044 3210 2116 chirographum
3234 2087 3248 2111 ,
3271 2045 3408 2114 quod
3451 2054 3564 2099 erat

1959 2141 2280 2193 contrarium
2311 2139 2496 2203 nobis;
2541 2149 2589 2194 et
2620 2140 2790 2208 ipsum
2823 2140 2940 2193 tulit
2983 2141 3048 2194 de
3095 2139 3265 2194 medio
3292 2185 3306 2208 ,
3352 2139 3562 2212 afﬁgens

1960 2233 2093 2288 illud
2120 2233 2259 2287 cruci
2286 2234 2557 2305 :spolians
2585 2233 2926 2305 principatus,
2962 2243 3007 2287 et
3031 2241 3314 2306 potestates
3338 2234 3564 2289 dehone-

1959 2329 2109 2382 stavit
2136 2373 2149 2396 ,
2210 2329 2530 2398 conﬁdenter
2557 2327 2883 2399 triumphans
2914 2327 2977 2383 de
3000 2328 3074 2382 eis
3101 2326 3264 2399 (Eph.
3299 2343 3337 2397 ι,
3364 2327 3434 2394 2;
3468 2327 3563 2382 Co-

1960 2424 2087 2478 loss.
2123 2439 2182 2493 ιι,
2218 2424 2308 2491 ll,
2345 2422 2453 2495 15).
2487 2423 2706 2494 lniquos
2735 2431 2916 2478 autem
2949 2438 3074 2478 cum
3126 2422 3324 2494 quibus
3351 2431 3566 2493 reputa-

1959 2526 2047 2574 tus
2101 2527 2204 2586 est,
2261 2518 2475 2573 Marcus
2538 2516 2892 2587 Evangelista
2959 2516 3205 2572 latrones
3264 2515 3560 2585 intelligit,

1959 2609 2250 2666 scribens:
2290 2608 2360 2663 Et
2413 2610 2784 2680 cruci/inserunt
2832 2625 2950 2663 cum
2997 2625 3058 2664 eo
3105 2610 3236 2664 duos
3290 2609 3514 2663 latrones
3541 2623 3562 2663 .'

1959 2721 2122 2758 unum
2143 2721 2175 2757 a
2203 2703 2417 2769 dextris,
2451 2713 2499 2758 et
2534 2704 2752 2758 alterum
2773 2721 2805 2757 a
2829 2703 3072 2758 sinistris.
3115 2701 3184 2756 Et
3214 2703 3432 2774 impleta
3490 2711 3565 2758 est

1960 2799 2236 2869 Scriptura
2289 2814 2408 2870 qua:
2451 2799 2576 2852 dicit
2611 2813 2629 2852 :
2669 2796 2888 2852 Etcum
2931 2797 3125 2868 iniquis
3175 2808 3444 2868 reputatus
3493 2805 3567 2852 est

1960 2889 2157 2963 (Marc.
2193 2906 2285 2959 xv,
2318 2888 2432 2963 27).
2466 2889 2618 2958 Quod
2657 2901 2678 2929 ο
2713 2899 2770 2946 et
2799 2889 2963 2945 altius
2995 2889 3221 2961 intelligi
3256 2899 3456 2962 potest,
3481 2888 3566 2945 di-

1959 2993 2115 3040 cente
2145 2983 2213 3039 de
2244 2983 2541 3052 semetipso
2589 2982 2872 3038 Domino:
2920 2981 3212 3053 Reputatus
3278 2999 3394 3038 sum
3442 2997 3562 3036 cum

1959 3076 2384 3132 descendentibus
2414 3077 2471 3131 in
2510 3077 2684 3131 lacum
2715 3092 2735 3131 :
2760 3080 2930 3149 [actus
2961 3092 3076 3130 sum
3117 3077 3248 3131 sicut
3275 3074 3429 3130 homo
3457 3075 3567 3130 sine

1959 3172 2221 3241 adiutorio
2241 3173 2374 3227 inter
2398 3180 2628 3228 mortuos
2656 3171 2782 3226 liber
2837 3169 2960 3244 (Ps.
2997 3186 3211 3226 Lxxxvn
3238 3169 3364 3242 Η).
3415 3169 3558 3227 Vere

249 3271 330 3318 est
359 3282 373 3318 :
412 3263 547 3319 Cum
577 3264 827 3320 divideret
859 3266 1074 3320 calcatis
1098 3275 1124 3303 ἰ
1151 3283 1294 3338 reges
1325 3267 1378 3321 in
1403 3284 1482 3322 ea.
1519 3267 1579 3322 Et
1615 3268 1851 3323 iterum:
1885 3259 1932 3324 C
1963 3265 2106 3321 enim
2139 3272 2423 3336 reputatus
2462 3274 2548 3320 est
2603 3265 2748 3320 inter
2780 3274 3100 3336 peccatores
3129 3272 3186 3320 et
3215 3262 3430 3341 iniquos
3460 3309 3474 3332 ,
3508 3273 3568 3320 ut

249 3355 361 3413 Rex
389 3359 642 3413 virtutum
675 3357 872 3428 dilecti,
904 3370 954 3414 et
982 3360 1169 3432 speciei
1217 3360 1402 3415 domus
1431 3361 1656 3415 dividere
1685 3361 1856 3432 spolia

251 3445 366 3520 (Ps.
405 3465 576 3518 vatt,
613 3449 726 3520 13).
763 3449 1006 3522 Denique
1037 3467 1201 3523 super
1231 3452 1400 3508 Paulo
1429 3454 1678 3526 apostolo
1703 3500 1715 3523 ,
1765 3455 1856 3526 qui

250 3539 315 3597 de
345 3543 489 3599 tribu
522 3541 803 3614 Benjamin
835 3555 951 3600 erat
977 3590 990 3614 ,
1047 3544 1201 3616 juxta
1253 3546 1576 3603 Hebraicum
1607 3547 1800 3604 dicitur
1838 3565 1852 3603 :

249 3631 525 3711 Benjamin
556 3637 713 3706 lupus
742 3652 914 3703 rapax
938 3654 957 3692 :
985 3655 1133 3694 mane
1163 3638 1391 3694 comedet
1424 3638 1475 3709 δ,
1510 3650 1556 3694 et
1587 3640 1656 3693 ad
1683 3656 1857 3711 vespe-

251 3746 366 3786 rum
393 3731 590 3786 dividet
611 3733 782 3803 spolia
803 3731 956 3804 (Gen.
992 3749 1142 3803 thx,
1173 3733 1288 3804 27).
1322 3734 1397 3789 De
1426 3734 1624 3805 quibus
1653 3744 1708 3791 et
1730 3743 1857 3790 ante

247 3824 356 3895 jam
387 3827 632 3883 diximus
670 3845 682 3881 :
715 3826 1053 3883 Ltetabuntur
1079 3828 1135 3883 in
1165 3838 1440 3900 conspectu
1472 3839 1557 3883 tuo
1579 3873 1592 3896 ,
1615 3829 1748 3884 sicut
1767 3828 1857 3899 qui

257 3921 501 3980 laztantur
523 3925 578 3979 in
609 3940 775 3980 messe
798 3969 813 3994 ,
847 3934 896 3980 et
925 3925 1056 3979 sicut
1086 3925 1177 3996 qui
1205 3924 1438 3978 dividunt
1495 3924 1664 3992 spolia
1697 3921 1854 3995 (lsai.

254 4029 324 4085 ts,
351 4019 430 4088 3),
457 4017 513 4073 in
545 4025 659 4072 toto
699 4018 832 4073 orbe
861 4017 968 4072 sibi
998 4015 1200 4073 Christi
1237 4015 1508 4072 Ecclesias
1531 4015 1855 4071 dividentes.

254 4107 549 4182 Propterea
591 4109 823 4181 accipiet
850 4117 1044 4182 gentes
1097 4107 1383 4180 plurimas,
1416 4109 1506 4180 qui
1537 4107 1688 4163 venit
1717 4123 1857 4178 pra:-

323 4259 350 4288 ἰ
389 4249 516 4319 Pro,
547 4265 690 4320 reges
737 4247 880 4318 quod
933 4263 1073 4320 mss.
1106 4248 1421 4320 reStituunt,
1462 4247 1660 4303 lectum
1703 4257 1859 4303 antea

257 4329 336 4377 est
360 4333 560 4392 gentes,
584 4319 1042 4392 quemadmodum
1065 4319 1118 4375 in
1138 4320 1286 4376 nullo
1308 4319 1514 4388 uSpiam
1539 4327 1635 4374 aut
1656 4329 1858 4386 textus,

257 4405 345 4450 aut
369 4393 688 4451 versiouum
717 4394 1061 4464 antiquarum
1084 4392 1222 4448 libro
1250 4393 1453 4473 scimus
1478 4392 1736 4448 inveniri.

251 4535 584 4554 h—

1961 3357 2315 3414 descenderet
2342 3357 2409 3412 ad
2443 3356 2716 3413 infernum
2747 3373 2760 3422 ;
2793 3355 2884 3428 qui
2935 3356 2987 3411 in
3038 3356 3227 3412 multis
3256 3355 3568 3427 Scriptura-

1959 3469 2079 3511 rum
2103 3453 2238 3508 locis
2261 3461 2483 3508 vocatur
2509 3453 2681 3520 lacus,
2717 3461 2769 3508 et
2791 3452 3007 3507 vinctos
3030 3451 3084 3506 in
3113 3467 3335 3508 carcere
3367 3450 3567 3507 libera-

1958 3557 2061 3604 ret.
2111 3548 2213 3616 Qui
2245 3547 2476 3602 traditus
2505 3556 2590 3602 est
2622 3555 2845 3618 propter
2873 3555 3097 3618 peccata
3131 3554 3342 3616 nostra,
3395 3555 3451 3602 et
3479 3562 3568 3604 τευ

1958 3641 2199 3698 surrexit
2229 3651 2449 3711 propter
2475 3641 2920 3712 justiticationem
2954 3649 3199 3697 nostram
3255 3639 3431 3711 (Rom.
3466 3638 3562 3711 tv).

1958 3734 2255 3806 Tantaeque
2281 3733 2588 3789 clementia:
2619 3734 2758 3801 fuit,
2783 3742 2844 3788 ut
2892 3747 2990 3804 pro
3039 3731 3562 3802 transgressoribus,

1961 3828 2128 3884 immo
2160 3842 2258 3897 pro
2307 3824 2748 3898 persecutoribus
2773 3826 2888 3880 suis
2915 3833 3134 3896 rogaret
3163 3824 3216 3879 in
3259 3838 3420 3880 cruce
3444 3868 3459 3892 ,
3508 3831 3565 3880 et

1963 3919 2173 3976 diceret
2197 3937 2208 3972 :
2236 3917 2416 3985 Pater,
2459 3920 2666 3990 ignosce
2709 3917 2816 3972 illis
2845 3933 2864 3972 :
2890 3917 3030 3988 quod
3059 3917 3195 3972 enim
3215 3918 3444 3988 faciunt,
3474 3931 3566 3971 ne-

1963 4013 2131 4068 sciunt
2169 4009 2323 4085 (Luc.
2355 4027 2504 4079 xxut,
2539 4011 2655 4082 54).

2039 4245 2068 4285 b
2092 4245 2575 4321 .Αάἀίι.νίςιοτὶυε
2603 4250 2830 4321 predum
2864 4264 2930 4306 ex
2956 4264 3114 4307 sacro
3143 4259 3316 4308 textu.
3537 4253 3559 4262 “

2045 4328 2066 4357 ο
2092 4318 2242 4375 Unus
2261 4318 2632 4391 Ambrosiam,
2648 4321 2785 4394 quod
2801 4330 2848 4377 et
2864 4323 2998 4378 alias
3014 4323 3232 4395 intelligi
3249 4333 3435 4396 potest,
3452 4333 3562 4383 etc.
3645 4369 3650 4373 .

881 4650 1360 4761 LIBER
1433 4650 2125 4760 DECIMUS
2212 4650 2928 4778 QUINTUS.

319 4936 935 5013 Μετώπα,
960 4937 1337 5006 Eustochium,
1361 4937 1570 4994 dixisse
1593 4952 1680 4993 me
1701 4936 1854 5007 novi,
1882 4938 1936 4998 D
1963 4937 2230 4994 brteorum
2275 4937 2431 4996 libris
2465 4957 2478 4994 :
2511 4946 2568 4995 et
2614 4937 2770 4997 ﬁnita
2802 4945 3088 5002 contentio
3127 4955 3234 5004 est.
3275 4947 3389 5004 Hoc
3425 4946 3566 5002 dixi.

258 5035 554 5106 Apostolos
575 5041 632 5089 et
658 5032 1032 5104 Evangelistas
1066 5031 1396 5103 ubicumque
1435 5031 1504 5088 de
1547 5031 1720 5088 veteri
1762 5030 1852 5086 ln-
1957 5048 2099 5101 mus,
2129 5032 2254 5103 quia
2281 5047 2527 5104 praesens
2570 5035 2873 5106 capitulum
2905 5053 3030 5096 cum
3082 5041 3134 5096 in
3185 5055 3352 5098 sensu
3394 5057 3561 5096 unum

257 5137 569 5184 strumento
598 5135 810 5197 ponunt
837 5125 1173 5193 testimonia,
1204 5123 1252 5179 si
1281 5124 1423 5180 inter
1446 5124 1772 5180 llebraieum
1801 5131 1858 5179 et
1955 5127 2048 5194 sit,
2083 5127 2137 5182 in
2168 5127 2353 5183 verbis
2381 5127 2681 5200 discrepat.
2713 5130 2760 5186 Α
2791 5133 2947 5203 cujus
2975 5134 3364 5205 explanatione
3399 5134 3563 5205 quin-

258 5218 616 5290 Septuaginta
641 5219 789 5273 nulla
816 5217 1112 5274 diversitas
1135 5217 1228 5284 sit,
1255 5217 1337 5272 vel
1357 5217 1489 5284 suis,
1515 5216 1601 5271 vel
1625 5217 1857 5288 Septua-
1957 5229 2042 5276 tus
2072 5229 2198 5292 post
2220 5219 2496 5278 decimum
2521 5223 2575 5279 in
2598 5222 2794 5280 Isaiam
2824 5226 2962 5284 liber
2991 5228 3202 5299 incipit.

257 5315 402 5384 ginta
431 5315 798 5384 lnterpretum
826 5313 1009 5369 verbis
1032 5313 1108 5368 uti
1135 5310 1349 5367 solitos.
1369 5311 1468 5368 Sin
1492 5322 1674 5368 autem
1700 5313 1860 5368 aliter

259 5407 310 5462 in
343 5408 634 5475 Hebraico,
661 5407 892 5463 aliterin
917 5405 1087 5462 veteri
1118 5405 1357 5461 editione
1385 5421 1584 5461 sensus
1611 5413 1714 5474 est,
1748 5405 1859 5461 He-

261 5499 502 5556 braicum
530 5498 730 5570 magis,
755 5514 916 5570 quam
941 5497 1293 5570 Septuaginta
1317 5497 1652 5569 lnterprctes
1679 5497 1858 5568 sequi.

264 5591 532 5666 Denique,
563 5601 624 5647 ut
656 5606 756 5648 nos
787 5592 958 5647 multa
993 5591 1335 5648 ostendimus
1363 5592 1612 5662 posuisse
1657 5605 1753 5646 eos
1795 5605 1863 5646 ex
1963 5590 2210 5658 quoniam
2233 5589 2407 5660 plures
2434 5589 2533 5658 ﬁlii
2559 5590 2797 5657 deserta,
2822 5589 2990 5660 magis
3010 5605 3167 5658 quam
3193 5590 3307 5659 ejus
3327 5604 3444 5659 qui:
3463 5589 3566 5644 ha-

263 5686 517 5756 llebrazo,
569 5701 692 5758 quae
749 5687 801 5740 in
856 5684 1214 5757 Septuaginta
1267 5701 1374 5741 non
1431 5684 1730 5752 habentur;
1784 5683 1865 5739 sic
1967 5683 2110 5739 bebat
2131 5683 2756 5753 virum,dicitDominus.
2777 5681 3202 5752 LXX:La:tare,
3221 5681 3433 5751 sterilis,
3453 5699 3571 5754 quin

177 5811 185 5820 -
263 5781 442 5836 :cmuli
492 5779 671 5836 nostri
711 5779 945 5836 doceant
987 5789 1266 5852 assumpta
1317 5780 1500 5850 aliqua
1538 5778 1607 5836 de
1637 5778 1866 5850 Septua-
1966 5795 2072 5834 non
2098 5779 2241 5849 paris
2268 5794 2518 5851 :erumpe
2553 5785 2602 5831 et
2629 5777 2821 5840 clama,
2862 5791 2983 5848 qua:
3022 5794 3126 5833 non
3150 5776 3380 5851 parturis
3403 5779 3568 5849 :quia

269 5873 418 5943 ginta
479 5865 821 5940 testimonia,
869 5889 988 5944 quae
1028 5889 1136 5929 non
1189 5881 1316 5929 sunt
1361 5872 1470 5944 [ΑΙ.
1513 5870 1642 5946 sint]
1682 5872 1734 5927 in
1764 5871 1870 5927 lle-
1971 5872 2142 5943 plures
2174 5871 2271 5940 ﬁlii
2293 5871 2526 5938 desertte,
2557 5869 2724 5941 magis
2745 5885 2903 5941 quam
2932 5874 3183 5945 ejusque:
3209 5870 3359 5929 habet
3381 5871 3566 5930 virum.

2033 5399 2198 5473 (Cap.
2241 5399 2376 5457 LIV.
2409 5430 2481 5442 --
2516 5401 2677 5459 Vers.
2709 5403 2801 5474 1.)
2831 5403 3037 5470 Lauda,
3061 5403 3275 5472 sterilis,
3307 5418 3427 5474 qua
3459 5419 3564 5459 non

1965 5495 2103 5566 paris
2135 5511 2154 5549 :
2183 5495 2405 5550 decanta
2434 5493 2643 5550 laudem
2669 5506 2716 5550 et
2743 5495 2913 5564 hinni,
2938 5511 3055 5567 qua:
3075 5512 3178 5550 non
3201 5494 3523 5569 parturiebas
3547 5512 3569 5552 :

3837 6289 3922 6307 1-
