  <div class='ocr_page' id='page_1' title='image "/cluster/home/n/w/nwhite01/storage/ocr_20150623/24/hvd.32044015471386/263.png"; bbox 0 0 2002 3575; ppageno 0'>
   <div class='ocr_carea' id='block_1_1' title="bbox 275 172 329 203">
    <p class='ocr_par' dir='ltr' id='par_1_1' title="bbox 275 172 329 203">
     <span class='ocr_line' id='line_1_1' title="bbox 275 172 329 203; baseline -0.019 0"><span class='ocrx_word' id='word_1_1' title='bbox 275 172 329 203; x_wconf 68' lang='lat' dir='ltr'><strong>MS</strong></span> 
     </span>
    </p>
   </div>
   <div class='ocr_carea' id='block_1_2' title="bbox 903 166 1873 206">
    <p class='ocr_par' dir='ltr' id='par_1_2' title="bbox 903 166 1873 206">
     <span class='ocr_line' id='line_1_2' title="bbox 903 166 1873 206; baseline 0.006 -7"><span class='ocrx_word' id='word_1_2' title='bbox 903 170 931 199; x_wconf 76' lang='grc' dir='ltr'><strong>Β.</strong></span> <span class='ocrx_word' id='word_1_3' title='bbox 954 166 1089 199; x_wconf 79' lang='lat' dir='ltr'><strong>EUSEBII</strong></span> <span class='ocrx_word' id='word_1_4' title='bbox 1109 169 1298 199; x_wconf 71' lang='lat' dir='ltr'><strong>HIERONYMI</strong></span> <span class='ocrx_word' id='word_1_5' title='bbox 1836 178 1873 206; x_wconf 70' lang='lat' dir='ltr'><strong>BM</strong></span> 
     </span>
    </p>
   </div>
   <div class='ocr_carea' id='block_1_3' title="bbox 277 226 1875 268">
    <p class='ocr_par' dir='ltr' id='par_1_3' title="bbox 277 226 1875 268">
     <span class='ocr_line' id='line_1_3' title="bbox 277 226 1875 268; baseline 0.001 -10"><span class='ocrx_word' id='word_1_6' title='bbox 277 231 352 258; x_wconf 68' lang='lat' dir='ltr'><strong>Dixit</strong></span> <span class='ocrx_word' id='word_1_7' title='bbox 367 231 435 258; x_wconf 75' lang='lat' dir='ltr'><strong>enim</strong></span> <span class='ocrx_word' id='word_1_8' title='bbox 447 230 585 257; x_wconf 76' lang='lat' dir='ltr'><strong>Dominus.</strong></span> <span class='ocrx_word' id='word_1_9' title='bbox 599 228 780 265; x_wconf 81' lang='lat' dir='ltr'><strong>Symmachus</strong></span> <span class='ocrx_word' id='word_1_10' title='bbox 797 229 869 256; x_wconf 86' lang='lat' dir='ltr'><strong>hunc</strong></span> <span class='ocrx_word' id='word_1_11' title='bbox 884 228 974 256; x_wconf 88' lang='lat' dir='ltr'><strong>locum</strong></span> <span class='ocrx_word' id='word_1_12' title='bbox 987 229 1022 256; x_wconf 87' lang='lat' dir='ltr'><strong>ita</strong></span> <span class='ocrx_word' id='word_1_13' title='bbox 1036 229 1075 255; x_wconf 91' lang='lat' dir='ltr'><strong>iu-</strong></span> <span class='ocrx_word' id='word_1_14' title='bbox 1090 228 1116 260; x_wconf 78' lang='grc' dir='ltr'><strong>Α</strong></span> <span class='ocrx_word' id='word_1_15' title='bbox 1130 232 1166 256; x_wconf 77' lang='lat' dir='ltr'><strong>est</strong></span> <span class='ocrx_word' id='word_1_16' title='bbox 1181 231 1302 255; x_wconf 65' lang='lat' dir='ltr'><strong>meretrix</strong></span> <span class='ocrx_word' id='word_1_17' title='bbox 1317 227 1408 255; x_wconf 80' lang='lat' dir='ltr'><strong>civitas</strong></span> <span class='ocrx_word' id='word_1_18' title='bbox 1421 227 1521 263; x_wconf 77' lang='lat' dir='ltr'><strong>ﬁdelis,</strong></span> <span class='ocrx_word' id='word_1_19' title='bbox 1536 226 1609 256; x_wconf 38' lang='lat' dir='ltr'><strong>Sion.</strong></span> <span class='ocrx_word' id='word_1_20' title='bbox 1619 229 1689 264; x_wconf 84' lang='lat' dir='ltr'><strong>plena</strong></span> <span class='ocrx_word' id='word_1_21' title='bbox 1701 230 1828 263; x_wconf 73' lang='lat' dir='ltr'><strong>judicii.‘iu</strong></span> <span class='ocrx_word' id='word_1_22' title='bbox 1838 243 1875 268; x_wconf 84' lang='lat' dir='ltr'><strong>qua</strong></span> 
     </span>
    </p>
   </div>
   <div class='ocr_carea' id='block_1_4' title="bbox 277 275 1075 312">
    <p class='ocr_par' dir='ltr' id='par_1_4' title="bbox 277 275 1075 312">
     <span class='ocr_line' id='line_1_4' title="bbox 277 275 1075 312; baseline -0.003 -8"><span class='ocrx_word' id='word_1_23' title='bbox 277 281 441 312; x_wconf 83' lang='lat' dir='ltr'><strong>tcrpretatus</strong></span> <span class='ocrx_word' id='word_1_24' title='bbox 456 282 497 304; x_wconf 86' lang='lat' dir='ltr'><strong>est</strong></span> <span class='ocrx_word' id='word_1_25' title='bbox 513 285 519 303; x_wconf 76' lang='grc' dir='ltr'>ε</span> <span class='ocrx_word' id='word_1_26' title='bbox 537 276 648 309; x_wconf 72' lang='grc' dir='ltr'><strong>ιωιανε,</strong></span> <span class='ocrx_word' id='word_1_27' title='bbox 669 276 776 310; x_wconf 81' lang='lat' dir='ltr'><strong>sterilis,</strong></span> <span class='ocrx_word' id='word_1_28' title='bbox 789 284 847 311; x_wconf 65' lang='lat' dir='ltr'><strong>qua’</strong></span> <span class='ocrx_word' id='word_1_29' title='bbox 865 284 917 302; x_wconf 84' lang='lat' dir='ltr'><strong>nou</strong></span> <span class='ocrx_word' id='word_1_30' title='bbox 943 275 1075 310; x_wconf 72' lang='lat' dir='ltr'><strong>peperisti.</strong></span> 
     </span>
    </p>
   </div>
   <div class='ocr_carea' id='block_1_5' title="bbox 275 322 1077 358">
    <p class='ocr_par' dir='ltr' id='par_1_5' title="bbox 275 322 1077 358">
     <span class='ocr_line' id='line_1_5' title="bbox 275 322 1077 358; baseline -0.002 -7"><span class='ocrx_word' id='word_1_31' title='bbox 275 323 367 351; x_wconf 82' lang='lat' dir='ltr'><strong><em>Gaude</em></strong></span> <span class='ocrx_word' id='word_1_32' title='bbox 381 323 409 350; x_wconf 84' lang='lat' dir='ltr'><strong>in</strong></span> <span class='ocrx_word' id='word_1_33' title='bbox 426 323 593 355; x_wconf 67' lang='lat' dir='ltr'><strong>exultatione,</strong></span> <span class='ocrx_word' id='word_1_34' title='bbox 615 327 636 350; x_wconf 86' lang='lat' dir='ltr'><strong>et</strong></span> <span class='ocrx_word' id='word_1_35' title='bbox 658 322 743 355; x_wconf 88' lang='lat' dir='ltr'><strong>hiuui,</strong></span> <span class='ocrx_word' id='word_1_36' title='bbox 764 330 822 357; x_wconf 76' lang='lat' dir='ltr'><strong>qua:</strong></span> <span class='ocrx_word' id='word_1_37' title='bbox 848 330 898 349; x_wconf 84' lang='lat' dir='ltr'><strong>non</strong></span> <span class='ocrx_word' id='word_1_38' title='bbox 920 323 1077 358; x_wconf 72' lang='lat' dir='ltr'><strong>partui-isti:</strong></span> 
     </span>
    </p>
   </div>
   <div class='ocr_carea' id='block_1_6' title="bbox 276 369 1078 405">
    <p class='ocr_par' dir='ltr' id='par_1_6' title="bbox 276 369 1078 405">
     <span class='ocr_line' id='line_1_6' title="bbox 276 369 1078 405; baseline -0.001 -9"><span class='ocrx_word' id='word_1_39' title='bbox 276 369 370 397; x_wconf 79' lang='lat' dir='ltr'><strong>Plures</strong></span> <span class='ocrx_word' id='word_1_40' title='bbox 382 370 449 396; x_wconf 83' lang='lat' dir='ltr'><strong>enim</strong></span> <span class='ocrx_word' id='word_1_41' title='bbox 461 370 510 404; x_wconf 85' lang='lat' dir='ltr'><strong>ﬁlii</strong></span> <span class='ocrx_word' id='word_1_42' title='bbox 522 370 667 404; x_wconf 63' lang='lat' dir='ltr'><strong>dissipatur,</strong></span> <span class='ocrx_word' id='word_1_43' title='bbox 685 370 768 405; x_wconf 76' lang='lat' dir='ltr'><strong>magis</strong></span> <span class='ocrx_word' id='word_1_44' title='bbox 786 377 864 404; x_wconf 82' lang='lat' dir='ltr'><strong>quant</strong></span> <span class='ocrx_word' id='word_1_45' title='bbox 880 371 936 405; x_wconf 78' lang='lat' dir='ltr'><strong>ejus</strong></span> <span class='ocrx_word' id='word_1_46' title='bbox 951 377 1008 404; x_wconf 67' lang='lat' dir='ltr'><strong>quin</strong></span> <span class='ocrx_word' id='word_1_47' title='bbox 1023 374 1078 396; x_wconf 84' lang='lat' dir='ltr'><strong>erat</strong></span> 
     </span>
    </p>
   </div>
   <div class='ocr_carea' id='block_1_7' title="bbox 276 415 1079 451">
    <p class='ocr_par' dir='ltr' id='par_1_7' title="bbox 276 415 1079 451">
     <span class='ocr_line' id='line_1_7' title="bbox 276 415 1079 451; baseline -0.002 -7"><span class='ocrx_word' id='word_1_48' title='bbox 276 417 324 444; x_wconf 72' lang='lat' dir='ltr'><strong>sub</strong></span> <span class='ocrx_word' id='word_1_49' title='bbox 348 416 413 443; x_wconf 80' lang='lat' dir='ltr'><strong>viro.</strong></span> <span class='ocrx_word' id='word_1_50' title='bbox 433 416 453 443; x_wconf 82' lang='lat' dir='ltr'><strong>A</strong></span> <span class='ocrx_word' id='word_1_51' title='bbox 475 423 528 451; x_wconf 82' lang='lat' dir='ltr'><strong>quo</strong></span> <span class='ocrx_word' id='word_1_52' title='bbox 546 415 702 443; x_wconf 85' lang='lat' dir='ltr'><strong>Theodotio</strong></span> <span class='ocrx_word' id='word_1_53' title='bbox 717 420 745 444; x_wconf 88' lang='lat' dir='ltr'><strong>et</strong></span> <span class='ocrx_word' id='word_1_54' title='bbox 761 415 857 450; x_wconf 80' lang='lat' dir='ltr'><strong>Aquila</strong></span> <span class='ocrx_word' id='word_1_55' title='bbox 875 420 976 451; x_wconf 76' lang='lat' dir='ltr'><strong>praeter</strong></span> <span class='ocrx_word' id='word_1_56' title='bbox 993 423 1079 450; x_wconf 83' lang='lat' dir='ltr'><strong>pauca</strong></span> 
     </span>
    </p>
   </div>
   <div class='ocr_carea' id='block_1_8' title="bbox 275 462 1077 498">
    <p class='ocr_par' dir='ltr' id='par_1_8' title="bbox 275 462 1077 498">
     <span class='ocr_line' id='line_1_8' title="bbox 275 462 1077 498; baseline -0.002 -8"><span class='ocrx_word' id='word_1_57' title='bbox 275 464 359 491; x_wconf 80' lang='lat' dir='ltr'><strong>verba</strong></span> <span class='ocrx_word' id='word_1_58' title='bbox 382 471 436 490; x_wconf 92' lang='lat' dir='ltr'><strong>non</strong></span> <span class='ocrx_word' id='word_1_59' title='bbox 457 463 626 498; x_wconf 87' lang='lat' dir='ltr'><strong>dlscrepant.</strong></span> <span class='ocrx_word' id='word_1_60' title='bbox 645 463 711 491; x_wconf 83' lang='lat' dir='ltr'><strong>Post</strong></span> <span class='ocrx_word' id='word_1_61' title='bbox 728 463 896 490; x_wconf 85' lang='lat' dir='ltr'><strong>nativitatem</strong></span> <span class='ocrx_word' id='word_1_62' title='bbox 914 462 1077 495; x_wconf 68' lang='lat' dir='ltr'><strong>Salvatoris,</strong></span> 
     </span>
    </p>
   </div>
   <div class='ocr_carea' id='block_1_9' title="bbox 279 508 1078 545">
    <p class='ocr_par' dir='ltr' id='par_1_9' title="bbox 279 508 1078 545">
     <span class='ocr_line' id='line_1_9' title="bbox 279 508 1078 545; baseline -0.006 -6"><span class='ocrx_word' id='word_1_63' title='bbox 279 515 306 539; x_wconf 88' lang='lat' dir='ltr'><strong>et</strong></span> <span class='ocrx_word' id='word_1_64' title='bbox 325 510 447 538; x_wconf 82' lang='lat' dir='ltr'><strong>ordinem</strong></span> <span class='ocrx_word' id='word_1_65' title='bbox 468 510 530 537; x_wconf 74' lang='lat' dir='ltr'><strong>vitm</strong></span> <span class='ocrx_word' id='word_1_66' title='bbox 546 515 627 545; x_wconf 86' lang='lat' dir='ltr'><strong>atque</strong></span> <span class='ocrx_word' id='word_1_67' title='bbox 643 510 784 542; x_wconf 87' lang='lat' dir='ltr'><strong>virtutum,</strong></span> <span class='ocrx_word' id='word_1_68' title='bbox 805 509 961 544; x_wconf 72' lang='lat' dir='ltr'><strong>passionem</strong></span> <span class='ocrx_word' id='word_1_69' title='bbox 977 508 1078 541; x_wconf 86' lang='lat' dir='ltr'><strong>crucis,</strong></span> 
     </span>
    </p>
   </div>
   <div class='ocr_carea' id='block_1_10' title="bbox 278 556 1078 592">
    <p class='ocr_par' dir='ltr' id='par_1_10' title="bbox 278 556 1078 592">
     <span class='ocr_line' id='line_1_10' title="bbox 278 556 1078 592; baseline -0.005 -7"><span class='ocrx_word' id='word_1_70' title='bbox 278 563 305 586; x_wconf 87' lang='lat' dir='ltr'><strong>et</strong></span> <span class='ocrx_word' id='word_1_71' title='bbox 329 557 541 586; x_wconf 79' lang='lat' dir='ltr'><strong>resurrectionis</strong></span> <span class='ocrx_word' id='word_1_72' title='bbox 562 558 688 592; x_wconf 79' lang='lat' dir='ltr'><strong>gloriam,</strong></span> <span class='ocrx_word' id='word_1_73' title='bbox 704 556 814 591; x_wconf 86' lang='lat' dir='ltr'><strong>quando</strong></span> <span class='ocrx_word' id='word_1_74' title='bbox 834 564 940 591; x_wconf 85' lang='lat' dir='ltr'><strong>ponens</strong></span> <span class='ocrx_word' id='word_1_75' title='bbox 961 556 1078 582; x_wconf 85' lang='lat' dir='ltr'><strong>animum</strong></span> 
     </span>
    </p>
   </div>
   <div class='ocr_carea' id='block_1_11' title="bbox 278 601 1079 638">
    <p class='ocr_par' dir='ltr' id='par_1_11' title="bbox 278 601 1079 638">
     <span class='ocr_line' id='line_1_11' title="bbox 278 601 1079 638; baseline -0.004 -6"><span class='ocrx_word' id='word_1_76' title='bbox 278 612 367 638; x_wconf 86' lang='lat' dir='ltr'><strong>suam,</strong></span> <span class='ocrx_word' id='word_1_77' title='bbox 380 604 447 631; x_wconf 90' lang='lat' dir='ltr'><strong>vidit</strong></span> <span class='ocrx_word' id='word_1_78' title='bbox 464 612 557 632; x_wconf 81' lang='lat' dir='ltr'><strong>semen</strong></span> <span class='ocrx_word' id='word_1_79' title='bbox 574 604 739 638; x_wconf 69' lang='lat' dir='ltr'><strong>longaevum,</strong></span> <span class='ocrx_word' id='word_1_80' title='bbox 752 608 779 630; x_wconf 91' lang='lat' dir='ltr'><strong>et</strong></span> <span class='ocrx_word' id='word_1_81' title='bbox 793 602 819 630; x_wconf 90' lang='lat' dir='ltr'><strong>in</strong></span> <span class='ocrx_word' id='word_1_82' title='bbox 836 603 949 630; x_wconf 79' lang='lat' dir='ltr'><strong>scientia</strong></span> <span class='ocrx_word' id='word_1_83' title='bbox 961 609 1009 629; x_wconf 84' lang='lat' dir='ltr'><strong>sua</strong></span> <span class='ocrx_word' id='word_1_84' title='bbox 1021 601 1079 635; x_wconf 82' lang='lat' dir='ltr'><strong>ipso</strong></span> 
     </span>
    </p>
   </div>
   <div class='ocr_carea' id='block_1_12' title="bbox 274 648 1076 688">
    <p class='ocr_par' dir='ltr' id='par_1_12' title="bbox 274 648 1076 688">
     <span class='ocr_line' id='line_1_12' title="bbox 274 648 1076 688; baseline -0.006 -8"><span class='ocrx_word' id='word_1_85' title='bbox 274 653 365 688; x_wconf 85' lang='lat' dir='ltr'><strong>justus</strong></span> <span class='ocrx_word' id='word_1_86' title='bbox 380 652 537 687; x_wconf 75' lang='lat' dir='ltr'><strong>iustiﬁcavit</strong></span> <span class='ocrx_word' id='word_1_87' title='bbox 553 652 696 686; x_wconf 87' lang='lat' dir='ltr'><strong>plurimos,</strong></span> <span class='ocrx_word' id='word_1_88' title='bbox 709 656 735 678; x_wconf 85' lang='lat' dir='ltr'><strong>et</strong></span> <span class='ocrx_word' id='word_1_89' title='bbox 752 650 863 678; x_wconf 78' lang='lat' dir='ltr'><strong>fortium</strong></span> <span class='ocrx_word' id='word_1_90' title='bbox 876 650 969 677; x_wconf 87' lang='lat' dir='ltr'><strong>divisit</strong></span> <span class='ocrx_word' id='word_1_91' title='bbox 979 648 1076 684; x_wconf 83' lang='lat' dir='ltr'><strong>spolia,</strong></span> 
     </span>
    </p>
   </div>
   <div class='ocr_carea' id='block_1_13' title="bbox 277 696 1077 735">
    <p class='ocr_par' dir='ltr' id='par_1_13' title="bbox 277 696 1077 735">
     <span class='ocr_line' id='line_1_13' title="bbox 277 696 1077 735; baseline -0.006 -8"><span class='ocrx_word' id='word_1_92' title='bbox 277 706 305 728; x_wconf 88' lang='lat' dir='ltr'><strong>et</strong></span> <span class='ocrx_word' id='word_1_93' title='bbox 329 705 379 735; x_wconf 88' lang='lat' dir='ltr'><strong>pro</strong></span> <span class='ocrx_word' id='word_1_94' title='bbox 395 699 648 735; x_wconf 80' lang='lat' dir='ltr'><strong>transgressoribus</strong></span> <span class='ocrx_word' id='word_1_95' title='bbox 666 698 779 733; x_wconf 81' lang='lat' dir='ltr'><strong>rogavit,</strong></span> <span class='ocrx_word' id='word_1_96' title='bbox 797 698 866 725; x_wconf 82' lang='lat' dir='ltr'><strong>dans</strong></span> <span class='ocrx_word' id='word_1_97' title='bbox 887 698 975 725; x_wconf 87' lang='lat' dir='ltr'><strong>locum</strong></span> <span class='ocrx_word' id='word_1_98' title='bbox 989 696 1077 731; x_wconf 65' lang='lat' dir='ltr'><strong>poeni-</strong></span> 
     </span>
    </p>
   </div>
   <div class='ocr_carea' id='block_1_14' title="bbox 277 743 1078 781">
    <p class='ocr_par' dir='ltr' id='par_1_14' title="bbox 277 743 1078 781">
     <span class='ocr_line' id='line_1_14' title="bbox 277 743 1078 781; baseline -0.006 -7"><span class='ocrx_word' id='word_1_99' title='bbox 277 748 381 781; x_wconf 71' lang='lat' dir='ltr'><strong>tentiaa,</strong></span> <span class='ocrx_word' id='word_1_100' title='bbox 395 747 494 774; x_wconf 81' lang='lat' dir='ltr'><strong>transit</strong></span> <span class='ocrx_word' id='word_1_101' title='bbox 508 746 542 774; x_wconf 90' lang='lat' dir='ltr'><strong>ad</strong></span> <span class='ocrx_word' id='word_1_102' title='bbox 559 746 731 774; x_wconf 84' lang='lat' dir='ltr'><strong>vocationem</strong></span> <span class='ocrx_word' id='word_1_103' title='bbox 745 745 878 780; x_wconf 76' lang='lat' dir='ltr'><strong>gentium,</strong></span> <span class='ocrx_word' id='word_1_104' title='bbox 893 750 919 772; x_wconf 89' lang='lat' dir='ltr'><strong>et</strong></span> <span class='ocrx_word' id='word_1_105' title='bbox 933 744 978 778; x_wconf 88' lang='lat' dir='ltr'><strong>qui</strong></span> <span class='ocrx_word' id='word_1_106' title='bbox 991 743 1017 770; x_wconf 90' lang='lat' dir='ltr'><strong>in</strong></span> <span class='ocrx_word' id='word_1_107' title='bbox 1030 743 1078 769; x_wconf 88' lang='lat' dir='ltr'><strong>illo</strong></span> 
     </span>
    </p>
   </div>
   <div class='ocr_carea' id='block_1_15' title="bbox 274 789 1076 827">
    <p class='ocr_par' dir='ltr' id='par_1_15' title="bbox 274 789 1076 827">
     <span class='ocr_line' id='line_1_15' title="bbox 274 789 1076 827; baseline -0.006 -7"><span class='ocrx_word' id='word_1_108' title='bbox 274 794 330 821; x_wconf 88' lang='lat' dir='ltr'><strong>sint</strong></span> <span class='ocrx_word' id='word_1_109' title='bbox 345 793 488 825; x_wconf 80' lang='lat' dir='ltr'><strong>credituri,</strong></span> <span class='ocrx_word' id='word_1_110' title='bbox 503 793 585 827; x_wconf 83' lang='lat' dir='ltr'><strong>pleno</strong></span> <span class='ocrx_word' id='word_1_111' title='bbox 600 799 730 820; x_wconf 84' lang='lat' dir='ltr'><strong>sermone</strong></span> <span class='ocrx_word' id='word_1_112' title='bbox 743 790 889 819; x_wconf 83' lang='lat' dir='ltr'><strong>describit.</strong></span> <span class='ocrx_word' id='word_1_113' title='bbox 907 790 995 824; x_wconf 79' lang='lat' dir='ltr'><strong>Quem</strong></span> <span class='ocrx_word' id='word_1_114' title='bbox 1015 789 1076 824; x_wconf 92' lang='lat' dir='ltr'><strong>qui-</strong></span> 
     </span>
    </p>
   </div>
   <div class='ocr_carea' id='block_1_16' title="bbox 276 836 1078 874">
    <p class='ocr_par' dir='ltr' id='par_1_16' title="bbox 276 836 1078 874">
     <span class='ocr_line' id='line_1_16' title="bbox 276 836 1078 874; baseline -0.007 -6"><span class='ocrx_word' id='word_1_115' title='bbox 276 839 339 868; x_wconf 91' lang='lat' dir='ltr'><strong>dem</strong></span> <span class='ocrx_word' id='word_1_116' title='bbox 354 840 442 867; x_wconf 83' lang='lat' dir='ltr'><strong>locum</strong></span> <span class='ocrx_word' id='word_1_117' title='bbox 457 844 485 867; x_wconf 86' lang='lat' dir='ltr'><strong>et</strong></span> <span class='ocrx_word' id='word_1_118' title='bbox 502 839 641 874; x_wconf 80' lang='lat' dir='ltr'><strong>apostolus</strong></span> <span class='ocrx_word' id='word_1_119' title='bbox 655 838 755 865; x_wconf 83' lang='lat' dir='ltr'><strong>Paulus</strong></span> <span class='ocrx_word' id='word_1_120' title='bbox 769 837 820 865; x_wconf 87' lang='lat' dir='ltr'><strong>sub</strong></span> <span class='ocrx_word' id='word_1_121' title='bbox 837 836 946 864; x_wconf 82' lang='lat' dir='ltr'><strong>nomine</strong></span> <span class='ocrx_word' id='word_1_122' title='bbox 960 836 1036 863; x_wconf 74' lang='lat' dir='ltr'><strong>Sane</strong></span> <span class='ocrx_word' id='word_1_123' title='bbox 1050 840 1078 862; x_wconf 89' lang='lat' dir='ltr'><strong>et</strong></span> 
     </span>
    </p>
   </div>
   <div class='ocr_carea' id='block_1_17' title="bbox 248 881 1075 920">
    <p class='ocr_par' dir='ltr' id='par_1_17' title="bbox 248 881 1075 920">
     <span class='ocr_line' id='line_1_17' title="bbox 248 881 1075 920; baseline -0.008 -6"><span class='ocrx_word' id='word_1_124' title='bbox 248 890 251 896; x_wconf 83' lang='lat'>‘</span> <span class='ocrx_word' id='word_1_125' title='bbox 275 886 360 920; x_wconf 84' lang='lat' dir='ltr'><strong>Isaac,</strong></span> <span class='ocrx_word' id='word_1_126' title='bbox 377 886 461 913; x_wconf 79' lang='lat' dir='ltr'><strong>refert</strong></span> <span class='ocrx_word' id='word_1_127' title='bbox 477 886 509 913; x_wconf 79' lang='lat' dir='ltr'><strong>ad</strong></span> <span class='ocrx_word' id='word_1_128' title='bbox 529 886 679 913; x_wconf 76' lang='lat' dir='ltr'><strong>Ecclesium</strong></span> <span class='ocrx_word' id='word_1_129' title='bbox 697 884 802 920; x_wconf 79' lang='lat' dir='ltr'><strong>(Galat.</strong></span> <span class='ocrx_word' id='word_1_130' title='bbox 827 891 863 917; x_wconf 85' lang='lat' dir='ltr'><strong>tv,</strong></span> <span class='ocrx_word' id='word_1_131' title='bbox 880 883 914 910; x_wconf 66' lang='lat'><strong>97</strong></span> <span class='ocrx_word' id='word_1_132' title='bbox 934 887 959 910; x_wconf 85' lang='lat' dir='ltr'><strong>et</strong></span> <span class='ocrx_word' id='word_1_133' title='bbox 979 881 1075 917; x_wconf 74' lang='lat' dir='ltr'><strong>seqq),</strong></span> 
     </span>
    </p>
   </div>
   <div class='ocr_carea' id='block_1_18' title="bbox 1124 274 1874 313">
    <p class='ocr_par' dir='ltr' id='par_1_18' title="bbox 1124 274 1874 313">
     <span class='ocr_line' id='line_1_18' title="bbox 1124 274 1874 313; baseline 0.011 -15"><span class='ocrx_word' id='word_1_134' title='bbox 1124 274 1227 310; x_wconf 66' lang='lat' dir='ltr'><strong>justiti“</strong></span> <span class='ocrx_word' id='word_1_135' title='bbox 1249 274 1370 301; x_wconf 74' lang='lat' dir='ltr'><strong>dormivit</strong></span> <span class='ocrx_word' id='word_1_136' title='bbox 1384 274 1410 301; x_wconf 83' lang='lat' dir='ltr'><strong>in</strong></span> <span class='ocrx_word' id='word_1_137' title='bbox 1423 282 1463 305; x_wconf 82' lang='lat' dir='ltr'><strong>ea,</strong></span> <span class='ocrx_word' id='word_1_138' title='bbox 1481 282 1549 301; x_wconf 87' lang='lat' dir='ltr'><strong>nunc</strong></span> <span class='ocrx_word' id='word_1_139' title='bbox 1568 279 1651 301; x_wconf 81' lang='lat' dir='ltr'><strong>autent</strong></span> <span class='ocrx_word' id='word_1_140' title='bbox 1673 275 1772 313; x_wconf 74' lang='lat' dir='ltr'><strong>latrones</strong></span> <span class='ocrx_word' id='word_1_141' title='bbox 1784 277 1850 313; x_wconf 78' lang='lat' dir='ltr'><strong>(luti.</strong></span> <span class='ocrx_word' id='word_1_142' title='bbox 1860 288 1874 312; x_wconf 89' lang='grc' dir='ltr'>ι,</span> 
     </span>
    </p>
   </div>
   <div class='ocr_carea' id='block_1_19' title="bbox 1128 320 1877 356">
    <p class='ocr_par' dir='ltr' id='par_1_19' title="bbox 1128 320 1877 356">
     <span class='ocr_line' id='line_1_19' title="bbox 1128 320 1877 356; baseline 0.007 -9"><span class='ocrx_word' id='word_1_143' title='bbox 1128 320 1161 347; x_wconf 77' lang='lat'><strong>21</strong></span> <span class='ocrx_word' id='word_1_144' title='bbox 1176 320 1196 356; x_wconf 95' lang='lat'><strong>).</strong></span> <span class='ocrx_word' id='word_1_145' title='bbox 1213 321 1266 348; x_wconf 92' lang='lat' dir='ltr'><strong>Sed</strong></span> <span class='ocrx_word' id='word_1_146' title='bbox 1282 325 1308 348; x_wconf 89' lang='lat' dir='ltr'><strong>et</strong></span> <span class='ocrx_word' id='word_1_147' title='bbox 1324 320 1375 348; x_wconf 92' lang='lat' dir='ltr'><strong>hoc</strong></span> <span class='ocrx_word' id='word_1_148' title='bbox 1392 320 1540 348; x_wconf 88' lang='lat' dir='ltr'><strong>nolandunt</strong></span> <span class='ocrx_word' id='word_1_149' title='bbox 1553 320 1624 356; x_wconf 87' lang='lat' dir='ltr'><strong>quod</strong></span> <span class='ocrx_word' id='word_1_150' title='bbox 1634 322 1731 356; x_wconf 80' lang='lat' dir='ltr'><strong>quando</strong></span> <span class='ocrx_word' id='word_1_151' title='bbox 1741 323 1796 351; x_wconf 80' lang='lat' dir='ltr'><strong>dicit</strong></span> <span class='ocrx_word' id='word_1_152' title='bbox 1810 333 1815 351; x_wconf 93' lang='lat'>:</span> <span class='ocrx_word' id='word_1_153' title='bbox 1829 324 1877 352; x_wconf 82' lang='lat' dir='ltr'><strong>Pht-</strong></span> 
     </span>
    </p>
   </div>
   <div class='ocr_carea' id='block_1_20' title="bbox 1129 369 1876 406">
    <p class='ocr_par' dir='ltr' id='par_1_20' title="bbox 1129 369 1876 406">
     <span class='ocr_line' id='line_1_20' title="bbox 1129 369 1876 406; baseline 0.005 -11"><span class='ocrx_word' id='word_1_154' title='bbox 1129 376 1169 395; x_wconf 71' lang='grc' dir='ltr'><strong>νει</strong></span> <span class='ocrx_word' id='word_1_155' title='bbox 1184 369 1233 404; x_wconf 87' lang='lat' dir='ltr'><strong>ﬁlii</strong></span> <span class='ocrx_word' id='word_1_156' title='bbox 1249 369 1366 401; x_wconf 71' lang='lat' dir='ltr'><strong>desertw,</strong></span> <span class='ocrx_word' id='word_1_157' title='bbox 1385 369 1468 404; x_wconf 80' lang='lat' dir='ltr'><strong>utagis</strong></span> <span class='ocrx_word' id='word_1_158' title='bbox 1490 377 1568 404; x_wconf 85' lang='lat' dir='ltr'><strong>quam</strong></span> <span class='ocrx_word' id='word_1_159' title='bbox 1588 370 1653 405; x_wconf 86' lang='lat' dir='ltr'><strong>ejus,</strong></span> <span class='ocrx_word' id='word_1_160' title='bbox 1668 378 1719 405; x_wconf 83' lang='lat' dir='ltr'><strong>quw</strong></span> <span class='ocrx_word' id='word_1_161' title='bbox 1732 371 1876 406; x_wconf 74' lang='lat' dir='ltr'><strong>habetvirum,</strong></span> 
     </span>
    </p>
   </div>
   <div class='ocr_carea' id='block_1_21' title="bbox 1130 415 1879 452">
    <p class='ocr_par' dir='ltr' id='par_1_21' title="bbox 1130 415 1879 452">
     <span class='ocr_line' id='line_1_21' title="bbox 1130 415 1879 452; baseline 0.005 -10"><span class='ocrx_word' id='word_1_162' title='bbox 1130 420 1183 442; x_wconf 91' lang='lat' dir='ltr'><strong>n0u</strong></span> <span class='ocrx_word' id='word_1_163' title='bbox 1200 415 1310 450; x_wconf 85' lang='lat' dir='ltr'><strong>penitus</strong></span> <span class='ocrx_word' id='word_1_164' title='bbox 1326 423 1461 451; x_wconf 79' lang='lat' dir='ltr'><strong>synagoga</strong></span> <span class='ocrx_word' id='word_1_165' title='bbox 1479 415 1639 443; x_wconf 81' lang='lat' dir='ltr'><strong>excludatur</strong></span> <span class='ocrx_word' id='word_1_166' title='bbox 1652 424 1664 443; x_wconf 80' lang='grc' dir='ltr'><strong>ιι</strong></span> <span class='ocrx_word' id='word_1_167' title='bbox 1679 424 1747 452; x_wconf 87' lang='lat' dir='ltr'><strong>partu</strong></span> <span class='ocrx_word' id='word_1_168' title='bbox 1758 426 1764 451; x_wconf 90' lang='lat'>;</span> <span class='ocrx_word' id='word_1_169' title='bbox 1777 418 1815 446; x_wconf 79' lang='lat' dir='ltr'><strong>sed</strong></span> <span class='ocrx_word' id='word_1_170' title='bbox 1829 419 1879 446; x_wconf 86' lang='lat' dir='ltr'><strong>mul-</strong></span> 
     </span>
    </p>
   </div>
   <div class='ocr_carea' id='block_1_22' title="bbox 1131 461 1877 501">
    <p class='ocr_par' dir='ltr' id='par_1_22' title="bbox 1131 461 1877 501">
     <span class='ocr_line' id='line_1_22' title="bbox 1131 461 1877 501; baseline 0.007 -13"><span class='ocrx_word' id='word_1_171' title='bbox 1131 461 1217 489; x_wconf 91' lang='lat' dir='ltr'><strong>titudo</strong></span> <span class='ocrx_word' id='word_1_172' title='bbox 1232 462 1255 489; x_wconf 89' lang='lat' dir='ltr'><strong>ei</strong></span> <span class='ocrx_word' id='word_1_173' title='bbox 1272 462 1393 497; x_wconf 81' lang='lat' dir='ltr'><strong>gentium</strong></span> <span class='ocrx_word' id='word_1_174' title='bbox 1408 463 1579 497; x_wconf 64' lang='lat' dir='ltr'><strong>praeferatur.</strong></span> <span class='ocrx_word' id='word_1_175' title='bbox 1604 463 1636 490; x_wconf 82' lang='lat' dir='ltr'><strong>Et</strong></span> <span class='ocrx_word' id='word_1_176' title='bbox 1650 463 1703 498; x_wconf 82' lang='lat' dir='ltr'><strong>ipsa</strong></span> <span class='ocrx_word' id='word_1_177' title='bbox 1715 465 1778 492; x_wconf 86' lang='lat' dir='ltr'><strong>enim</strong></span> <span class='ocrx_word' id='word_1_178' title='bbox 1791 465 1811 492; x_wconf 80' lang='lat' dir='ltr'><strong>in</strong></span> <span class='ocrx_word' id='word_1_179' title='bbox 1825 466 1877 501; x_wconf 80' lang='lat' dir='ltr'><strong>Apo-</strong></span> 
     </span>
    </p>
   </div>
   <div class='ocr_carea' id='block_1_23' title="bbox 1131 507 1877 546">
    <p class='ocr_par' dir='ltr' id='par_1_23' title="bbox 1131 507 1877 546">
     <span class='ocr_line' id='line_1_23' title="bbox 1131 507 1877 546; baseline 0.008 -12"><span class='ocrx_word' id='word_1_180' title='bbox 1131 507 1220 541; x_wconf 80' lang='lat' dir='ltr'><strong>swlis,</strong></span> <span class='ocrx_word' id='word_1_181' title='bbox 1238 512 1266 535; x_wconf 86' lang='lat' dir='ltr'><strong>et</strong></span> <span class='ocrx_word' id='word_1_182' title='bbox 1282 516 1330 543; x_wconf 88' lang='lat' dir='ltr'><strong>per</strong></span> <span class='ocrx_word' id='word_1_183' title='bbox 1344 509 1492 544; x_wconf 80' lang='lat' dir='ltr'><strong>Apostolus</strong></span> <span class='ocrx_word' id='word_1_184' title='bbox 1507 510 1622 544; x_wconf 88' lang='lat' dir='ltr'><strong>priunun</strong></span> <span class='ocrx_word' id='word_1_185' title='bbox 1640 511 1755 545; x_wconf 83' lang='lat' dir='ltr'><strong>populum</strong></span> <span class='ocrx_word' id='word_1_186' title='bbox 1768 513 1843 546; x_wconf 84' lang='lat' dir='ltr'><strong>genuit</strong></span> <span class='ocrx_word' id='word_1_187' title='bbox 1853 513 1877 540; x_wconf 82' lang='lat' dir='ltr'><strong>de</strong></span> 
     </span>
    </p>
   </div>
   <div class='ocr_carea' id='block_1_24' title="bbox 1130 553 1879 593">
    <p class='ocr_par' dir='ltr' id='par_1_24' title="bbox 1130 553 1879 593">
     <span class='ocr_line' id='line_1_24' title="bbox 1130 553 1879 593; baseline 0.004 -11"><span class='ocrx_word' id='word_1_188' title='bbox 1130 553 1242 582; x_wconf 75' lang='lat' dir='ltr'><strong>Judmis.</strong></span> <span class='ocrx_word' id='word_1_189' title='bbox 1272 554 1349 583; x_wconf 87' lang='lat' dir='ltr'><strong>Unde</strong></span> <span class='ocrx_word' id='word_1_190' title='bbox 1369 555 1422 582; x_wconf 85' lang='lat' dir='ltr'><strong>duo</strong></span> <span class='ocrx_word' id='word_1_191' title='bbox 1445 556 1637 590; x_wconf 81' lang='lat' dir='ltr'><strong>Apostolorum</strong></span> <span class='ocrx_word' id='word_1_192' title='bbox 1662 557 1781 591; x_wconf 78' lang='lat' dir='ltr'><strong>principes</strong></span> <span class='ocrx_word' id='word_1_193' title='bbox 1798 559 1879 593; x_wconf 75' lang='lat' dir='ltr'><strong>agtuiua</strong></span> 
     </span>
    </p>
   </div>
   <div class='ocr_carea' id='block_1_25' title="bbox 1130 599 1880 635">
    <p class='ocr_par' dir='ltr' id='par_1_25' title="bbox 1130 599 1880 635">
     <span class='ocr_line' id='line_1_25' title="bbox 1130 599 1880 635; baseline 0.005 -7"><span class='ocrx_word' id='word_1_194' title='bbox 1130 599 1181 628; x_wconf 83' lang='lat' dir='ltr'><strong>sibi</strong></span> <span class='ocrx_word' id='word_1_195' title='bbox 1195 600 1366 629; x_wconf 81' lang='lat' dir='ltr'><strong>credentium</strong></span> <span class='ocrx_word' id='word_1_196' title='bbox 1384 602 1410 629; x_wconf 89' lang='lat' dir='ltr'><strong>iu</strong></span> <span class='ocrx_word' id='word_1_197' title='bbox 1431 601 1552 635; x_wconf 79' lang='lat' dir='ltr'><strong>Christo,</strong></span> <span class='ocrx_word' id='word_1_198' title='bbox 1573 602 1779 631; x_wconf 84' lang='lat' dir='ltr'><strong>Circumcisiouis</strong></span> <span class='ocrx_word' id='word_1_199' title='bbox 1794 605 1880 632; x_wconf 84' lang='lat' dir='ltr'><strong>etGeu-</strong></span> 
     </span>
    </p>
   </div>
   <div class='ocr_carea' id='block_1_26' title="bbox 1132 648 1879 684">
    <p class='ocr_par' dir='ltr' id='par_1_26' title="bbox 1132 648 1879 684">
     <span class='ocr_line' id='line_1_26' title="bbox 1132 648 1879 684; baseline 0.005 -10"><span class='ocrx_word' id='word_1_200' title='bbox 1132 649 1196 674; x_wconf 89' lang='lat' dir='ltr'><strong>tium</strong></span> <span class='ocrx_word' id='word_1_201' title='bbox 1222 648 1386 681; x_wconf 79' lang='lat' dir='ltr'><strong>diviserunt,</strong></span> <span class='ocrx_word' id='word_1_202' title='bbox 1411 654 1438 675; x_wconf 93' lang='lat' dir='ltr'><strong>ut</strong></span> <span class='ocrx_word' id='word_1_203' title='bbox 1462 656 1495 676; x_wconf 73' lang='lat' dir='ltr'><strong>ex</strong></span> <span class='ocrx_word' id='word_1_204' title='bbox 1520 653 1636 684; x_wconf 83' lang='lat' dir='ltr'><strong>utroque</strong></span> <span class='ocrx_word' id='word_1_205' title='bbox 1663 650 1754 684; x_wconf 89' lang='lat' dir='ltr'><strong>popqu</strong></span> <span class='ocrx_word' id='word_1_206' title='bbox 1777 650 1879 678; x_wconf 66' lang='lat' dir='ltr'><strong>desertam</strong></span> 
     </span>
    </p>
   </div>
   <div class='ocr_carea' id='block_1_27' title="bbox 1131 695 1880 733">
    <p class='ocr_par' dir='ltr' id='par_1_27' title="bbox 1131 695 1880 733">
     <span class='ocr_line' id='line_1_27' title="bbox 1131 695 1880 733; baseline 0.004 -12"><span class='ocrx_word' id='word_1_207' title='bbox 1131 695 1205 729; x_wconf 57' lang='lat' dir='ltr'><strong>prius</strong></span> <span class='ocrx_word' id='word_1_208' title='bbox 1222 700 1303 730; x_wconf 87' lang='lat' dir='ltr'><strong>atque</strong></span> <span class='ocrx_word' id='word_1_209' title='bbox 1321 696 1513 731; x_wconf 79' lang='lat' dir='ltr'><strong>pauperculam</strong></span> <span class='ocrx_word' id='word_1_210' title='bbox 1532 696 1616 733; x_wconf 66' lang='grc'><strong>028</strong></span> <span class='ocrx_word' id='word_1_211' title='bbox 1631 696 1784 725; x_wconf 70' lang='lat' dir='ltr'><strong>mdiftcarem</strong></span> <span class='ocrx_word' id='word_1_212' title='bbox 1798 697 1880 725; x_wconf 40' lang='lat' dir='ltr'><strong>Jerusa-</strong></span> 
     </span>
    </p>
   </div>
   <div class='ocr_carea' id='block_1_28' title="bbox 1131 742 1881 778">
    <p class='ocr_par' dir='ltr' id='par_1_28' title="bbox 1131 742 1881 778">
     <span class='ocr_line' id='line_1_28' title="bbox 1131 742 1881 778; baseline 0.005 -10"><span class='ocrx_word' id='word_1_213' title='bbox 1131 742 1193 769; x_wconf 85' lang='lat' dir='ltr'><strong>lem.</strong></span> <span class='ocrx_word' id='word_1_214' title='bbox 1207 742 1283 776; x_wconf 82' lang='lat' dir='ltr'><strong>Quod</strong></span> <span class='ocrx_word' id='word_1_215' title='bbox 1303 748 1395 770; x_wconf 84' lang='lat' dir='ltr'><strong>autem</strong></span> <span class='ocrx_word' id='word_1_216' title='bbox 1417 743 1578 771; x_wconf 80' lang='lat' dir='ltr'><strong>llehraicum</strong></span> <span class='ocrx_word' id='word_1_217' title='bbox 1595 751 1644 778; x_wconf 90' lang='lat' dir='ltr'><strong>pro</strong></span> <span class='ocrx_word' id='word_1_218' title='bbox 1662 744 1763 777; x_wconf 56' lang='lat' dir='ltr'><strong>laetitia,</strong></span> <span class='ocrx_word' id='word_1_219' title='bbox 1785 744 1881 772; x_wconf 76' lang='lat' dir='ltr'><strong>hinnitum</strong></span> 
     </span>
    </p>
   </div>
   <div class='ocr_carea' id='block_1_29' title="bbox 1130 789 1883 826">
    <p class='ocr_par' dir='ltr' id='par_1_29' title="bbox 1130 789 1883 826">
     <span class='ocr_line' id='line_1_29' title="bbox 1130 789 1883 826; baseline 0.003 -11"><span class='ocrx_word' id='word_1_220' title='bbox 1130 790 1229 824; x_wconf 81' lang='lat' dir='ltr'><strong>posuit,</strong></span> <span class='ocrx_word' id='word_1_221' title='bbox 1241 789 1330 824; x_wconf 79' lang='lat' dir='ltr'><strong>gaudii</strong></span> <span class='ocrx_word' id='word_1_222' title='bbox 1342 790 1476 825; x_wconf 82' lang='lat' dir='ltr'><strong>signiﬁcat</strong></span> <span class='ocrx_word' id='word_1_223' title='bbox 1489 791 1712 826; x_wconf 79' lang='lat' dir='ltr'><strong>magnitudinem,</strong></span> <span class='ocrx_word' id='word_1_224' title='bbox 1724 791 1748 817; x_wconf 91' lang='lat' dir='ltr'><strong>in</strong></span> <span class='ocrx_word' id='word_1_225' title='bbox 1763 791 1883 818; x_wconf 83' lang='lat' dir='ltr'><strong>similitudi-</strong></span> 
     </span>
    </p>
   </div>
   <div class='ocr_carea' id='block_1_30' title="bbox 1130 836 1882 872">
    <p class='ocr_par' dir='ltr' id='par_1_30' title="bbox 1130 836 1882 872">
     <span class='ocr_line' id='line_1_30' title="bbox 1130 836 1882 872; baseline 0.001 -10"><span class='ocrx_word' id='word_1_226' title='bbox 1130 843 1191 863; x_wconf 66' lang='lat' dir='ltr'><strong>nem</strong></span> <span class='ocrx_word' id='word_1_227' title='bbox 1213 836 1364 863; x_wconf 88' lang='lat' dir='ltr'><strong>hinnientis</strong></span> <span class='ocrx_word' id='word_1_228' title='bbox 1386 837 1448 872; x_wconf 88' lang='lat' dir='ltr'><strong>equi</strong></span> <span class='ocrx_word' id='word_1_229' title='bbox 1473 836 1505 864; x_wconf 87' lang='lat' dir='ltr'><strong>ad</strong></span> <span class='ocrx_word' id='word_1_230' title='bbox 1534 837 1685 864; x_wconf 80' lang='lat' dir='ltr'><strong>victoriam.</strong></span> <span class='ocrx_word' id='word_1_231' title='bbox 1706 837 1741 864; x_wconf 88' lang='lat' dir='ltr'><strong>De</strong></span> <span class='ocrx_word' id='word_1_232' title='bbox 1760 845 1805 872; x_wconf 88' lang='lat' dir='ltr'><strong>quo</strong></span> <span class='ocrx_word' id='word_1_233' title='bbox 1816 838 1836 864; x_wconf 91' lang='lat' dir='ltr'><strong>iu</strong></span> <span class='ocrx_word' id='word_1_234' title='bbox 1846 837 1882 865; x_wconf 73' lang='lat' dir='ltr'><strong>loli</strong></span> 
     </span>
    </p>
   </div>
   <div class='ocr_carea' id='block_1_31' title="bbox 1130 883 1883 919">
    <p class='ocr_par' dir='ltr' id='par_1_31' title="bbox 1130 883 1883 919">
     <span class='ocr_line' id='line_1_31' title="bbox 1130 883 1883 919; baseline 0.003 -10"><span class='ocrx_word' id='word_1_235' title='bbox 1130 883 1236 917; x_wconf 88' lang='lat' dir='ltr'><strong>plenius</strong></span> <span class='ocrx_word' id='word_1_236' title='bbox 1255 883 1386 910; x_wconf 84' lang='lat' dir='ltr'><strong>scribitur</strong></span> <span class='ocrx_word' id='word_1_237' title='bbox 1401 883 1478 919; x_wconf 83' lang='lat' dir='ltr'><strong>(Job.</strong></span> <span class='ocrx_word' id='word_1_238' title='bbox 1496 892 1575 912; x_wconf 79' lang='lat' dir='ltr'><strong>xxxtx</strong></span> <span class='ocrx_word' id='word_1_239' title='bbox 1587 883 1607 919; x_wconf 93' lang='lat'><strong>).</strong></span> <span class='ocrx_word' id='word_1_240' title='bbox 1627 884 1700 911; x_wconf 84' lang='lat' dir='ltr'><strong>Hunc</strong></span> <span class='ocrx_word' id='word_1_241' title='bbox 1716 884 1794 912; x_wconf 89' lang='lat' dir='ltr'><strong>locum</strong></span> <span class='ocrx_word' id='word_1_242' title='bbox 1816 889 1883 911; x_wconf 69' lang='lat' dir='ltr'><strong>etca-</strong></span> 
     </span>
    </p>
   </div>
   <div class='ocr_carea' id='block_1_32' title="bbox 278 928 1883 968">
    <p class='ocr_par' dir='ltr' id='par_1_32' title="bbox 278 928 1883 968">
     <span class='ocr_line' id='line_1_32' title="bbox 278 928 1883 968; baseline -0.002 -8"><span class='ocrx_word' id='word_1_243' title='bbox 278 933 351 968; x_wconf 90' lang='lat' dir='ltr'><strong>quod</strong></span> <span class='ocrx_word' id='word_1_244' title='bbox 367 934 442 967; x_wconf 88' lang='lat' dir='ltr'><strong>prior</strong></span> <span class='ocrx_word' id='word_1_245' title='bbox 458 933 573 968; x_wconf 87' lang='lat' dir='ltr'><strong>populus</strong></span> <span class='ocrx_word' id='word_1_246' title='bbox 598 932 631 959; x_wconf 85' lang='lat' dir='ltr'><strong>de</strong></span> <span class='ocrx_word' id='word_1_247' title='bbox 650 936 743 959; x_wconf 85' lang='lat' dir='ltr'><strong>monte</strong></span> <span class='ocrx_word' id='word_1_248' title='bbox 760 931 824 959; x_wconf 78' lang='lat' dir='ltr'><strong>Sina</strong></span> <span class='ocrx_word' id='word_1_249' title='bbox 841 935 869 958; x_wconf 87' lang='lat' dir='ltr'><strong>et</strong></span> <span class='ocrx_word' id='word_1_250' title='bbox 883 930 954 965; x_wconf 85' lang='lat' dir='ltr'><strong>Agar</strong></span> <span class='ocrx_word' id='word_1_251' title='bbox 975 928 1077 956; x_wconf 85' lang='lat' dir='ltr'><strong>serviat</strong></span> <span class='ocrx_word' id='word_1_252' title='bbox 1092 932 1116 963; x_wconf 79' lang='grc' dir='ltr'><strong>Β</strong></span> <span class='ocrx_word' id='word_1_253' title='bbox 1131 934 1196 959; x_wconf 75' lang='lat' dir='ltr'><strong>tera.</strong></span> <span class='ocrx_word' id='word_1_254' title='bbox 1214 938 1273 965; x_wconf 74' lang='lat' dir='ltr'><strong>qua;</strong></span> <span class='ocrx_word' id='word_1_255' title='bbox 1289 935 1450 965; x_wconf 82' lang='lat' dir='ltr'><strong>sequuntur,</strong></span> <span class='ocrx_word' id='word_1_256' title='bbox 1466 930 1552 958; x_wconf 65' lang='lat' dir='ltr'><strong>Judaei</strong></span> <span class='ocrx_word' id='word_1_257' title='bbox 1570 935 1598 957; x_wconf 85' lang='lat' dir='ltr'><strong>et</strong></span> <span class='ocrx_word' id='word_1_258' title='bbox 1614 930 1698 958; x_wconf 86' lang='lat' dir='ltr'><strong>nostri</strong></span> <span class='ocrx_word' id='word_1_259' title='bbox 1711 929 1883 965; x_wconf 76' lang='lat' dir='ltr'><strong>judaizontesad</strong></span> 
     </span>
    </p>
   </div>
   <div class='ocr_carea' id='block_1_33' title="bbox 276 974 1078 1013">
    <p class='ocr_par' dir='ltr' id='par_1_33' title="bbox 276 974 1078 1013">
     <span class='ocr_line' id='line_1_33' title="bbox 276 974 1078 1013; baseline -0.007 -6"><span class='ocrx_word' id='word_1_260' title='bbox 276 986 339 1007; x_wconf 82' lang='lat' dir='ltr'><strong>cum</strong></span> <span class='ocrx_word' id='word_1_261' title='bbox 352 979 413 1005; x_wconf 80' lang='lat' dir='ltr'><strong>ﬁliis</strong></span> <span class='ocrx_word' id='word_1_262' title='bbox 430 979 501 1011; x_wconf 82' lang='lat' dir='ltr'><strong>suis;</strong></span> <span class='ocrx_word' id='word_1_263' title='bbox 517 986 636 1013; x_wconf 86' lang='lat' dir='ltr'><strong>sequens</strong></span> <span class='ocrx_word' id='word_1_264' title='bbox 650 982 740 1004; x_wconf 82' lang='lat' dir='ltr'><strong>autem</strong></span> <span class='ocrx_word' id='word_1_265' title='bbox 757 977 826 1004; x_wconf 87' lang='lat' dir='ltr'><strong>liber</strong></span> <span class='ocrx_word' id='word_1_266' title='bbox 843 976 874 1003; x_wconf 86' lang='lat' dir='ltr'><strong>sit</strong></span> <span class='ocrx_word' id='word_1_267' title='bbox 886 999 892 1009; x_wconf 90' lang='lat'><strong>,</strong></span> <span class='ocrx_word' id='word_1_268' title='bbox 905 975 939 1003; x_wconf 88' lang='lat' dir='ltr'><strong>de</strong></span> <span class='ocrx_word' id='word_1_269' title='bbox 949 982 1003 1010; x_wconf 88' lang='lat' dir='ltr'><strong>quo</strong></span> <span class='ocrx_word' id='word_1_270' title='bbox 1013 974 1078 1002; x_wconf 87' lang='lat' dir='ltr'><strong>dicit</strong></span> 
     </span>
    </p>
   </div>
   <div class='ocr_carea' id='block_1_34' title="bbox 277 1024 1077 1059">
    <p class='ocr_par' dir='ltr' id='par_1_34' title="bbox 277 1024 1077 1059">
     <span class='ocr_line' id='line_1_34' title="bbox 277 1024 1077 1059; baseline -0.006 -6"><span class='ocrx_word' id='word_1_271' title='bbox 277 1026 361 1053; x_wconf 88' lang='lat' dir='ltr'><strong>Isaias</strong></span> <span class='ocrx_word' id='word_1_272' title='bbox 379 1034 385 1052; x_wconf 80' lang='grc' dir='ltr'><strong>ι</strong></span> <span class='ocrx_word' id='word_1_273' title='bbox 404 1025 515 1059; x_wconf 83' lang='lat' dir='ltr'><strong>Latare,</strong></span> <span class='ocrx_word' id='word_1_274' title='bbox 533 1025 640 1058; x_wconf 75' lang='lat' dir='ltr'><strong>sterilis,</strong></span> <span class='ocrx_word' id='word_1_275' title='bbox 657 1032 715 1058; x_wconf 67' lang='lat' dir='ltr'><strong>qua:</strong></span> <span class='ocrx_word' id='word_1_276' title='bbox 739 1032 790 1051; x_wconf 86' lang='lat' dir='ltr'><strong>non</strong></span> <span class='ocrx_word' id='word_1_277' title='bbox 813 1024 883 1058; x_wconf 74' lang='lat' dir='ltr'><strong>paris</strong></span> <span class='ocrx_word' id='word_1_278' title='bbox 900 1030 1031 1057; x_wconf 80' lang='lat' dir='ltr'><strong>:erumpe</strong></span> <span class='ocrx_word' id='word_1_279' title='bbox 1054 1027 1077 1049; x_wconf 87' lang='lat' dir='ltr'><strong>et</strong></span> 
     </span>
    </p>
   </div>
   <div class='ocr_carea' id='block_1_35' title="bbox 275 1068 1076 1106">
    <p class='ocr_par' dir='ltr' id='par_1_35' title="bbox 275 1068 1076 1106">
     <span class='ocr_line' id='line_1_35' title="bbox 275 1068 1076 1106; baseline -0.004 -8"><span class='ocrx_word' id='word_1_280' title='bbox 275 1071 372 1104; x_wconf 79' lang='lat' dir='ltr'><strong>tlanitt,</strong></span> <span class='ocrx_word' id='word_1_281' title='bbox 392 1079 450 1106; x_wconf 73' lang='lat' dir='ltr'><strong>qua:</strong></span> <span class='ocrx_word' id='word_1_282' title='bbox 471 1080 523 1098; x_wconf 87' lang='lat' dir='ltr'><strong>non</strong></span> <span class='ocrx_word' id='word_1_283' title='bbox 542 1071 656 1106; x_wconf 54' lang='lat' dir='ltr'><strong>parturit</strong></span> <span class='ocrx_word' id='word_1_284' title='bbox 674 1079 682 1097; x_wconf 94' lang='lat'><em>:</em></span> <span class='ocrx_word' id='word_1_285' title='bbox 697 1070 758 1106; x_wconf 96' lang='lat' dir='ltr'><strong>quia</strong></span> <span class='ocrx_word' id='word_1_286' title='bbox 777 1070 863 1105; x_wconf 82' lang='lat' dir='ltr'><strong>plures</strong></span> <span class='ocrx_word' id='word_1_287' title='bbox 887 1069 937 1103; x_wconf 81' lang='lat' dir='ltr'><strong>ﬁlii</strong></span> <span class='ocrx_word' id='word_1_288' title='bbox 959 1068 1076 1101; x_wconf 75' lang='lat' dir='ltr'><strong>(lesertte,</strong></span> 
     </span>
    </p>
   </div>
   <div class='ocr_carea' id='block_1_36' title="bbox 275 1115 1078 1155">
    <p class='ocr_par' dir='ltr' id='par_1_36' title="bbox 275 1115 1078 1155">
     <span class='ocr_line' id='line_1_36' title="bbox 275 1115 1078 1155; baseline -0.004 -10"><span class='ocrx_word' id='word_1_289' title='bbox 275 1120 358 1154; x_wconf 73' lang='lat' dir='ltr'><strong>inagis</strong></span> <span class='ocrx_word' id='word_1_290' title='bbox 372 1127 450 1154; x_wconf 88' lang='lat' dir='ltr'><strong>quam</strong></span> <span class='ocrx_word' id='word_1_291' title='bbox 471 1120 528 1155; x_wconf 81' lang='lat' dir='ltr'><strong>ejus</strong></span> <span class='ocrx_word' id='word_1_292' title='bbox 549 1127 606 1155; x_wconf 72' lang='lat' dir='ltr'><strong>qutv</strong></span> <span class='ocrx_word' id='word_1_293' title='bbox 630 1118 703 1145; x_wconf 61' lang='lat' dir='ltr'><strong>habet</strong></span> <span class='ocrx_word' id='word_1_294' title='bbox 727 1118 829 1150; x_wconf 80' lang='lat' dir='ltr'><strong>virum;</strong></span> <span class='ocrx_word' id='word_1_295' title='bbox 847 1121 873 1145; x_wconf 88' lang='lat' dir='ltr'><strong>et</strong></span> <span class='ocrx_word' id='word_1_296' title='bbox 888 1116 979 1144; x_wconf 87' lang='lat' dir='ltr'><strong>statim</strong></span> <span class='ocrx_word' id='word_1_297' title='bbox 996 1124 1002 1142; x_wconf 94' lang='lat'>:</span> <span class='ocrx_word' id='word_1_298' title='bbox 1022 1115 1078 1143; x_wconf 77' lang='lat' dir='ltr'><strong>Nos</strong></span> 
     </span>
    </p>
   </div>
   <div class='ocr_carea' id='block_1_37' title="bbox 275 1163 1078 1201">
    <p class='ocr_par' dir='ltr' id='par_1_37' title="bbox 275 1163 1078 1201">
     <span class='ocr_line' id='line_1_37' title="bbox 275 1163 1078 1201; baseline -0.005 -9"><span class='ocrx_word' id='word_1_299' title='bbox 275 1170 372 1199; x_wconf 78' lang='lat' dir='ltr'><strong>autent,</strong></span> <span class='ocrx_word' id='word_1_300' title='bbox 393 1165 492 1199; x_wconf 82' lang='lat' dir='ltr'><strong>inquit,</strong></span> <span class='ocrx_word' id='word_1_301' title='bbox 510 1167 615 1201; x_wconf 76' lang='lat' dir='ltr'><strong>fratres,</strong></span> <span class='ocrx_word' id='word_1_302' title='bbox 637 1164 781 1192; x_wconf 71' lang='lat' dir='ltr'><strong>secundum</strong></span> <span class='ocrx_word' id='word_1_303' title='bbox 805 1163 881 1190; x_wconf 79' lang='lat' dir='ltr'><strong>hanc</strong></span> <span class='ocrx_word' id='word_1_304' title='bbox 895 1163 977 1198; x_wconf 63' lang='grc'><strong>627</strong></span> <span class='ocrx_word' id='word_1_305' title='bbox 989 1170 1078 1197; x_wconf 87' lang='lat' dir='ltr'><strong>repro-</strong></span> 
     </span>
    </p>
   </div>
   <div class='ocr_carea' id='block_1_38' title="bbox 275 1210 1077 1246">
    <p class='ocr_par' dir='ltr' id='par_1_38' title="bbox 275 1210 1077 1246">
     <span class='ocr_line' id='line_1_38' title="bbox 275 1210 1077 1246; baseline -0.004 -8"><span class='ocrx_word' id='word_1_306' title='bbox 275 1212 408 1239; x_wconf 79' lang='lat' dir='ltr'><strong>missionis</strong></span> <span class='ocrx_word' id='word_1_307' title='bbox 423 1212 471 1246; x_wconf 87' lang='lat' dir='ltr'><strong>ﬁlii</strong></span> <span class='ocrx_word' id='word_1_308' title='bbox 485 1220 584 1239; x_wconf 70' lang='lat' dir='ltr'><strong>sumus.</strong></span> <span class='ocrx_word' id='word_1_309' title='bbox 598 1211 652 1239; x_wconf 85' lang='lat' dir='ltr'><strong>Sed</strong></span> <span class='ocrx_word' id='word_1_310' title='bbox 664 1212 728 1240; x_wconf 82' lang='lat' dir='ltr'><strong>sicut</strong></span> <span class='ocrx_word' id='word_1_311' title='bbox 739 1216 799 1238; x_wconf 74' lang='lat' dir='ltr'><strong>tunc</strong></span> <span class='ocrx_word' id='word_1_312' title='bbox 810 1211 855 1245; x_wconf 88' lang='lat' dir='ltr'><strong>qui</strong></span> <span class='ocrx_word' id='word_1_313' title='bbox 866 1210 1007 1237; x_wconf 76' lang='lat' dir='ltr'><strong>secundum</strong></span> <span class='ocrx_word' id='word_1_314' title='bbox 1022 1217 1077 1235; x_wconf 79' lang='lat' dir='ltr'><strong>car-</strong></span> 
     </span>
    </p>
   </div>
   <div class='ocr_carea' id='block_1_39' title="bbox 274 1256 1078 1294">
    <p class='ocr_par' dir='ltr' id='par_1_39' title="bbox 274 1256 1078 1294">
     <span class='ocr_line' id='line_1_39' title="bbox 274 1256 1078 1294; baseline -0.005 -8"><span class='ocrx_word' id='word_1_315' title='bbox 274 1268 333 1286; x_wconf 88' lang='lat' dir='ltr'><strong>nem</strong></span> <span class='ocrx_word' id='word_1_316' title='bbox 347 1265 423 1286; x_wconf 79' lang='lat' dir='ltr'><strong>natus</strong></span> <span class='ocrx_word' id='word_1_317' title='bbox 438 1264 485 1292; x_wconf 77' lang='lat' dir='ltr'><strong>est,</strong></span> <span class='ocrx_word' id='word_1_318' title='bbox 502 1258 702 1294; x_wconf 74' lang='lat' dir='ltr'><strong>persequebatur</strong></span> <span class='ocrx_word' id='word_1_319' title='bbox 714 1265 789 1289; x_wconf 79' lang='lat' dir='ltr'><strong>eum,</strong></span> <span class='ocrx_word' id='word_1_320' title='bbox 804 1258 848 1293; x_wconf 90' lang='lat' dir='ltr'><strong>qui</strong></span> <span class='ocrx_word' id='word_1_321' title='bbox 863 1256 1006 1284; x_wconf 72' lang='lat' dir='ltr'><strong>secundant</strong></span> <span class='ocrx_word' id='word_1_322' title='bbox 1025 1256 1078 1291; x_wconf 85' lang='lat' dir='ltr'><strong>spi-</strong></span> 
     </span>
    </p>
   </div>
   <div class='ocr_carea' id='block_1_40' title="bbox 273 1302 1078 1339">
    <p class='ocr_par' dir='ltr' id='par_1_40' title="bbox 273 1302 1078 1339">
     <span class='ocr_line' id='line_1_40' title="bbox 273 1302 1078 1339; baseline -0.004 -7"><span class='ocrx_word' id='word_1_323' title='bbox 273 1307 353 1333; x_wconf 83' lang='lat' dir='ltr'><strong>ritum</strong></span> <span class='ocrx_word' id='word_1_324' title='bbox 369 1314 378 1332; x_wconf 92' lang='lat'><em>:</em></span> <span class='ocrx_word' id='word_1_325' title='bbox 392 1306 428 1332; x_wconf 86' lang='lat' dir='ltr'><strong>ita</strong></span> <span class='ocrx_word' id='word_1_326' title='bbox 444 1311 468 1332; x_wconf 81' lang='lat' dir='ltr'><strong>et</strong></span> <span class='ocrx_word' id='word_1_327' title='bbox 484 1313 564 1332; x_wconf 83' lang='lat' dir='ltr'><strong>nunc.</strong></span> <span class='ocrx_word' id='word_1_328' title='bbox 588 1305 641 1332; x_wconf 86' lang='lat' dir='ltr'><strong>Sed</strong></span> <span class='ocrx_word' id='word_1_329' title='bbox 660 1304 722 1339; x_wconf 79' lang='lat' dir='ltr'><strong>quid</strong></span> <span class='ocrx_word' id='word_1_330' title='bbox 745 1304 809 1331; x_wconf 77' lang='lat' dir='ltr'><strong>dicit</strong></span> <span class='ocrx_word' id='word_1_331' title='bbox 831 1303 991 1338; x_wconf 75' lang='lat' dir='ltr'><strong>Scriptura?</strong></span> <span class='ocrx_word' id='word_1_332' title='bbox 1004 1302 1078 1338; x_wconf 82' lang='lat' dir='ltr'><strong>Ejice</strong></span> 
     </span>
    </p>
   </div>
   <div class='ocr_carea' id='block_1_41' title="bbox 273 1349 1078 1388">
    <p class='ocr_par' dir='ltr' id='par_1_41' title="bbox 273 1349 1078 1388">
     <span class='ocr_line' id='line_1_41' title="bbox 273 1349 1078 1388; baseline -0.006 -8"><span class='ocrx_word' id='word_1_333' title='bbox 273 1354 395 1381; x_wconf 80' lang='lat' dir='ltr'><strong>unrillum</strong></span> <span class='ocrx_word' id='word_1_334' title='bbox 411 1358 434 1380; x_wconf 83' lang='lat' dir='ltr'><strong>et</strong></span> <span class='ocrx_word' id='word_1_335' title='bbox 448 1351 533 1387; x_wconf 81' lang='lat' dir='ltr'><strong>ﬁlium</strong></span> <span class='ocrx_word' id='word_1_336' title='bbox 547 1353 613 1388; x_wconf 71' lang='lat' dir='ltr'><strong>ejus.</strong></span> <span class='ocrx_word' id='word_1_337' title='bbox 633 1351 696 1379; x_wconf 79' lang='lat' dir='ltr'><strong>Non</strong></span> <span class='ocrx_word' id='word_1_338' title='bbox 710 1352 776 1378; x_wconf 81' lang='lat' dir='ltr'><strong>enim</strong></span> <span class='ocrx_word' id='word_1_339' title='bbox 790 1351 870 1378; x_wconf 72' lang='lat' dir='ltr'><strong>[neres</strong></span> <span class='ocrx_word' id='word_1_340' title='bbox 886 1350 935 1377; x_wconf 82' lang='lat' dir='ltr'><strong>erit</strong></span> <span class='ocrx_word' id='word_1_341' title='bbox 950 1349 1019 1384; x_wconf 85' lang='lat' dir='ltr'><strong>ﬁlius</strong></span> <span class='ocrx_word' id='word_1_342' title='bbox 1031 1357 1078 1375; x_wconf 86' lang='lat' dir='ltr'><strong>au-</strong></span> 
     </span>
    </p>
   </div>
   <div class='ocr_carea' id='block_1_42' title="bbox 272 1399 1076 1435">
    <p class='ocr_par' dir='ltr' id='par_1_42' title="bbox 272 1399 1076 1435">
     <span class='ocr_line' id='line_1_42' title="bbox 272 1399 1076 1435; baseline -0.007 -7"><span class='ocrx_word' id='word_1_343' title='bbox 272 1401 341 1428; x_wconf 72' lang='lat' dir='ltr'><strong>tilla!</strong></span> <span class='ocrx_word' id='word_1_344' title='bbox 357 1409 416 1428; x_wconf 79' lang='lat' dir='ltr'><strong>cum</strong></span> <span class='ocrx_word' id='word_1_345' title='bbox 429 1400 485 1435; x_wconf 80' lang='lat' dir='ltr'><strong>ﬁlio</strong></span> <span class='ocrx_word' id='word_1_346' title='bbox 497 1399 595 1428; x_wconf 74' lang='lat' dir='ltr'><strong>liberte.</strong></span> <span class='ocrx_word' id='word_1_347' title='bbox 613 1399 669 1426; x_wconf 81' lang='lat' dir='ltr'><strong>Nos</strong></span> <span class='ocrx_word' id='word_1_348' title='bbox 685 1404 789 1431; x_wconf 77' lang='lat' dir='ltr'><strong>autem,</strong></span> <span class='ocrx_word' id='word_1_349' title='bbox 802 1400 908 1433; x_wconf 76' lang='lat' dir='ltr'><strong>fratres,</strong></span> <span class='ocrx_word' id='word_1_350' title='bbox 922 1405 973 1424; x_wconf 88' lang='lat' dir='ltr'><strong>non</strong></span> <span class='ocrx_word' id='word_1_351' title='bbox 990 1404 1076 1423; x_wconf 82' lang='lat' dir='ltr'><strong>smnus</strong></span> 
     </span>
    </p>
   </div>
   <div class='ocr_carea' id='block_1_43' title="bbox 273 1443 1077 1482">
    <p class='ocr_par' dir='ltr' id='par_1_43' title="bbox 273 1443 1077 1482">
     <span class='ocr_line' id='line_1_43' title="bbox 273 1443 1077 1482; baseline -0.006 -8"><span class='ocrx_word' id='word_1_352' title='bbox 273 1447 323 1482; x_wconf 86' lang='lat' dir='ltr'><strong>ﬁlii</strong></span> <span class='ocrx_word' id='word_1_353' title='bbox 346 1447 465 1478; x_wconf 68' lang='lat' dir='ltr'><strong>aue-illm,</strong></span> <span class='ocrx_word' id='word_1_354' title='bbox 491 1446 537 1474; x_wconf 84' lang='lat' dir='ltr'><strong>sed</strong></span> <span class='ocrx_word' id='word_1_355' title='bbox 557 1446 646 1473; x_wconf 68' lang='lat' dir='ltr'><strong>libera:</strong></span> <span class='ocrx_word' id='word_1_356' title='bbox 662 1453 734 1480; x_wconf 81' lang='lat' dir='ltr'><strong>:qua</strong></span> <span class='ocrx_word' id='word_1_357' title='bbox 760 1444 878 1472; x_wconf 84' lang='lat' dir='ltr'><strong>libertate</strong></span> <span class='ocrx_word' id='word_1_358' title='bbox 899 1443 1004 1470; x_wconf 74' lang='lat' dir='ltr'><strong>domvit</strong></span> <span class='ocrx_word' id='word_1_359' title='bbox 1030 1450 1077 1469; x_wconf 79' lang='lat' dir='ltr'><strong>uos</strong></span> 
     </span>
    </p>
   </div>
   <div class='ocr_carea' id='block_1_44' title="bbox 274 1489 1077 1528">
    <p class='ocr_par' dir='ltr' id='par_1_44' title="bbox 274 1489 1077 1528">
     <span class='ocr_line' id='line_1_44' title="bbox 274 1489 1077 1528; baseline -0.005 -9"><span class='ocrx_word' id='word_1_360' title='bbox 274 1493 393 1521; x_wconf 65' lang='lat' dir='ltr'><strong>tibi-istm</strong></span> <span class='ocrx_word' id='word_1_361' title='bbox 408 1493 514 1524; x_wconf 77' lang='lat' dir='ltr'><strong>(Colat.</strong></span> <span class='ocrx_word' id='word_1_362' title='bbox 531 1501 569 1525; x_wconf 84' lang='lat' dir='ltr'><strong>tv,</strong></span> <span class='ocrx_word' id='word_1_363' title='bbox 583 1493 618 1519; x_wconf 76' lang='lat'><strong>‘27</strong></span> <span class='ocrx_word' id='word_1_364' title='bbox 632 1491 733 1528; x_wconf 62' lang='grc' dir='ltr'><strong>καφ).</strong></span> <span class='ocrx_word' id='word_1_365' title='bbox 749 1491 777 1519; x_wconf 87' lang='lat' dir='ltr'><strong>Si</strong></span> <span class='ocrx_word' id='word_1_366' title='bbox 794 1491 876 1526; x_wconf 82' lang='lat' dir='ltr'><strong>igitur</strong></span> <span class='ocrx_word' id='word_1_367' title='bbox 895 1497 943 1517; x_wconf 90' lang='lat' dir='ltr'><strong>vas</strong></span> <span class='ocrx_word' id='word_1_368' title='bbox 965 1489 1077 1516; x_wconf 87' lang='lat' dir='ltr'><strong>electio-</strong></span> 
     </span>
    </p>
   </div>
   <div class='ocr_carea' id='block_1_45' title="bbox 272 1535 1076 1574">
    <p class='ocr_par' dir='ltr' id='par_1_45' title="bbox 272 1535 1076 1574">
     <span class='ocr_line' id='line_1_45' title="bbox 272 1535 1076 1574; baseline -0.006 -7"><span class='ocrx_word' id='word_1_369' title='bbox 272 1540 326 1574; x_wconf 81' lang='lat' dir='ltr'><strong>nis,</strong></span> <span class='ocrx_word' id='word_1_370' title='bbox 354 1547 497 1567; x_wconf 80' lang='lat' dir='ltr'><strong>assumens</strong></span> <span class='ocrx_word' id='word_1_371' title='bbox 521 1539 555 1566; x_wconf 88' lang='lat' dir='ltr'><strong>de</strong></span> <span class='ocrx_word' id='word_1_372' title='bbox 581 1538 648 1565; x_wconf 80' lang='lat' dir='ltr'><strong>lsaiu</strong></span> <span class='ocrx_word' id='word_1_373' title='bbox 678 1537 879 1570; x_wconf 80' lang='lat' dir='ltr'><strong>testimonium,</strong></span> <span class='ocrx_word' id='word_1_374' title='bbox 909 1535 981 1571; x_wconf 91' lang='lat' dir='ltr'><strong>quod</strong></span> <span class='ocrx_word' id='word_1_375' title='bbox 1005 1542 1076 1562; x_wconf 91' lang='lat' dir='ltr'><strong>nunc</strong></span> 
     </span>
    </p>
   </div>
   <div class='ocr_carea' id='block_1_46' title="bbox 274 1581 1077 1618">
    <p class='ocr_par' dir='ltr' id='par_1_46' title="bbox 274 1581 1077 1618">
     <span class='ocr_line' id='line_1_46' title="bbox 274 1581 1077 1618; baseline -0.007 -5"><span class='ocrx_word' id='word_1_376' title='bbox 274 1585 408 1613; x_wconf 83' lang='lat' dir='ltr'><strong>habemus</strong></span> <span class='ocrx_word' id='word_1_377' title='bbox 437 1586 463 1613; x_wconf 93' lang='lat' dir='ltr'><strong>in</strong></span> <span class='ocrx_word' id='word_1_378' title='bbox 491 1585 632 1618; x_wconf 84' lang='lat' dir='ltr'><strong>manibus,</strong></span> <span class='ocrx_word' id='word_1_379' title='bbox 660 1584 693 1611; x_wconf 86' lang='lat' dir='ltr'><strong>ad</strong></span> <span class='ocrx_word' id='word_1_380' title='bbox 730 1582 954 1618; x_wconf 83' lang='lat' dir='ltr'><strong>repromissionis</strong></span> <span class='ocrx_word' id='word_1_381' title='bbox 983 1581 1077 1609; x_wconf 87' lang='lat' dir='ltr'><strong>retulit</strong></span> 
     </span>
    </p>
   </div>
   <div class='ocr_carea' id='block_1_47' title="bbox 271 1631 1110 1667">
    <p class='ocr_par' dir='ltr' id='par_1_47' title="bbox 271 1631 1110 1667">
     <span class='ocr_line' id='line_1_47' title="bbox 271 1631 1110 1667; baseline -0.004 -7"><span class='ocrx_word' id='word_1_382' title='bbox 271 1633 356 1667; x_wconf 81' lang='lat' dir='ltr'><strong>ﬁlios,</strong></span> <span class='ocrx_word' id='word_1_383' title='bbox 372 1638 399 1661; x_wconf 84' lang='lat' dir='ltr'><strong>et</strong></span> <span class='ocrx_word' id='word_1_384' title='bbox 415 1633 449 1661; x_wconf 83' lang='lat' dir='ltr'><strong>ad</strong></span> <span class='ocrx_word' id='word_1_385' title='bbox 466 1633 617 1660; x_wconf 70' lang='lat' dir='ltr'><strong>Ecclesium</strong></span> <span class='ocrx_word' id='word_1_386' title='bbox 636 1632 669 1659; x_wconf 91' lang='lat' dir='ltr'><strong>dc</strong></span> <span class='ocrx_word' id='word_1_387' title='bbox 686 1631 824 1667; x_wconf 77' lang='lat' dir='ltr'><strong>gentibus,</strong></span> <span class='ocrx_word' id='word_1_388' title='bbox 841 1639 889 1658; x_wconf 87' lang='lat' dir='ltr'><strong>seu</strong></span> <span class='ocrx_word' id='word_1_389' title='bbox 905 1638 938 1657; x_wconf 78' lang='lat' dir='ltr'><strong>ex</strong></span> <span class='ocrx_word' id='word_1_390' title='bbox 959 1634 1074 1664; x_wconf 84' lang='lat' dir='ltr'><strong>utroque</strong></span> <span class='ocrx_word' id='word_1_391' title='bbox 1088 1633 1110 1664; x_wconf 74' lang='grc' dir='ltr'><strong>Ο</strong></span> 
     </span>
    </p>
   </div>
   <div class='ocr_carea' id='block_1_48' title="bbox 271 1676 1074 1716">
    <p class='ocr_par' dir='ltr' id='par_1_48' title="bbox 271 1676 1074 1716">
     <span class='ocr_line' id='line_1_48' title="bbox 271 1676 1074 1716; baseline -0.005 -10"><span class='ocrx_word' id='word_1_392' title='bbox 271 1679 374 1716; x_wconf 89' lang='lat' dir='ltr'><strong>populo</strong></span> <span class='ocrx_word' id='word_1_393' title='bbox 390 1683 581 1715; x_wconf 79' lang='lat' dir='ltr'><strong>congregatum</strong></span> <span class='ocrx_word' id='word_1_394' title='bbox 592 1700 598 1712; x_wconf 93' lang='lat'><strong>,</strong></span> <span class='ocrx_word' id='word_1_395' title='bbox 616 1687 677 1714; x_wconf 71' lang='lat' dir='ltr'><strong>qum</strong></span> <span class='ocrx_word' id='word_1_396' title='bbox 698 1678 807 1706; x_wconf 81' lang='lat' dir='ltr'><strong>deserta</strong></span> <span class='ocrx_word' id='word_1_397' title='bbox 822 1678 848 1705; x_wconf 89' lang='lat' dir='ltr'><strong>in</strong></span> <span class='ocrx_word' id='word_1_398' title='bbox 862 1676 964 1705; x_wconf 82' lang='lat' dir='ltr'><strong>Juda-is</strong></span> <span class='ocrx_word' id='word_1_399' title='bbox 987 1677 1074 1703; x_wconf 83' lang='lat' dir='ltr'><strong>fuerat</strong></span> 
     </span>
    </p>
   </div>
   <div class='ocr_carea' id='block_1_49' title="bbox 271 1722 1072 1761">
    <p class='ocr_par' dir='ltr' id='par_1_49' title="bbox 271 1722 1072 1761">
     <span class='ocr_line' id='line_1_49' title="bbox 271 1722 1072 1761; baseline -0.004 -8"><span class='ocrx_word' id='word_1_400' title='bbox 271 1730 299 1753; x_wconf 90' lang='lat' dir='ltr'><strong>et</strong></span> <span class='ocrx_word' id='word_1_401' title='bbox 315 1725 423 1760; x_wconf 86' lang='lat' dir='ltr'><strong>relicta,</strong></span> <span class='ocrx_word' id='word_1_402' title='bbox 442 1733 503 1761; x_wconf 65' lang='lat' dir='ltr'><strong>quae</strong></span> <span class='ocrx_word' id='word_1_403' title='bbox 518 1725 606 1753; x_wconf 89' lang='lat' dir='ltr'><strong>virum</strong></span> <span class='ocrx_word' id='word_1_404' title='bbox 624 1733 677 1752; x_wconf 92' lang='lat' dir='ltr'><strong>non</strong></span> <span class='ocrx_word' id='word_1_405' title='bbox 694 1724 830 1752; x_wconf 86' lang='lat' dir='ltr'><strong>habuerat</strong></span> <span class='ocrx_word' id='word_1_406' title='bbox 844 1724 940 1756; x_wconf 89' lang='lat' dir='ltr'><strong>Deum,</strong></span> <span class='ocrx_word' id='word_1_407' title='bbox 957 1730 1006 1750; x_wconf 90' lang='lat' dir='ltr'><strong>nec</strong></span> <span class='ocrx_word' id='word_1_408' title='bbox 1021 1722 1072 1750; x_wconf 61' lang='grc' dir='ltr'><strong>[ιιι⁴</strong></span> 
     </span>
    </p>
   </div>
   <div class='ocr_carea' id='block_1_50' title="bbox 271 1770 1074 1808">
    <p class='ocr_par' dir='ltr' id='par_1_50' title="bbox 271 1770 1074 1808">
     <span class='ocr_line' id='line_1_50' title="bbox 271 1770 1074 1808; baseline -0.002 -9"><span class='ocrx_word' id='word_1_409' title='bbox 271 1780 333 1808; x_wconf 86' lang='lat' dir='ltr'><strong>gem</strong></span> <span class='ocrx_word' id='word_1_410' title='bbox 349 1776 496 1807; x_wconf 83' lang='lat' dir='ltr'><strong>occeperat</strong></span> <span class='ocrx_word' id='word_1_411' title='bbox 512 1779 562 1800; x_wconf 88' lang='lat' dir='ltr'><strong>nec</strong></span> <span class='ocrx_word' id='word_1_412' title='bbox 577 1771 738 1807; x_wconf 79' lang='lat' dir='ltr'><strong>Prophetas,</strong></span> <span class='ocrx_word' id='word_1_413' title='bbox 755 1773 814 1806; x_wconf 87' lang='lat' dir='ltr'><strong>ipsa</strong></span> <span class='ocrx_word' id='word_1_414' title='bbox 831 1771 936 1798; x_wconf 85' lang='lat' dir='ltr'><strong>ratione</strong></span> <span class='ocrx_word' id='word_1_415' title='bbox 954 1770 1074 1805; x_wconf 86' lang='lat' dir='ltr'><strong>compel-</strong></span> 
     </span>
    </p>
   </div>
   <div class='ocr_carea' id='block_1_51' title="bbox 270 1817 1072 1853">
    <p class='ocr_par' dir='ltr' id='par_1_51' title="bbox 270 1817 1072 1853">
     <span class='ocr_line' id='line_1_51' title="bbox 270 1817 1072 1853; baseline -0.002 -8"><span class='ocrx_word' id='word_1_416' title='bbox 270 1817 352 1845; x_wconf 91' lang='lat' dir='ltr'><strong>limur</strong></span> <span class='ocrx_word' id='word_1_417' title='bbox 369 1818 446 1853; x_wconf 83' lang='lat' dir='ltr'><strong>sequi</strong></span> <span class='ocrx_word' id='word_1_418' title='bbox 468 1817 583 1853; x_wconf 81' lang='lat' dir='ltr'><strong>vestigia</strong></span> <span class='ocrx_word' id='word_1_419' title='bbox 606 1817 792 1853; x_wconf 71' lang='lat' dir='ltr'><strong>prrecessoris,</strong></span> <span class='ocrx_word' id='word_1_420' title='bbox 805 1822 833 1844; x_wconf 85' lang='lat' dir='ltr'><strong>et</strong></span> <span class='ocrx_word' id='word_1_421' title='bbox 852 1817 990 1844; x_wconf 88' lang='lat' dir='ltr'><strong>desertam</strong></span> <span class='ocrx_word' id='word_1_422' title='bbox 1012 1823 1072 1843; x_wconf 88' lang='lat' dir='ltr'><strong>eam</strong></span> 
     </span>
    </p>
   </div>
   <div class='ocr_carea' id='block_1_52' title="bbox 268 1863 1071 1900">
    <p class='ocr_par' dir='ltr' id='par_1_52' title="bbox 268 1863 1071 1900">
     <span class='ocr_line' id='line_1_52' title="bbox 268 1863 1071 1900; baseline -0.004 -8"><span class='ocrx_word' id='word_1_423' title='bbox 268 1865 371 1899; x_wconf 85' lang='lat' dir='ltr'><strong>dicere,</strong></span> <span class='ocrx_word' id='word_1_424' title='bbox 403 1864 438 1892; x_wconf 88' lang='lat' dir='ltr'><strong>de</strong></span> <span class='ocrx_word' id='word_1_425' title='bbox 469 1873 520 1900; x_wconf 88' lang='lat' dir='ltr'><strong>qua</strong></span> <span class='ocrx_word' id='word_1_426' title='bbox 549 1872 630 1900; x_wconf 88' lang='lat' dir='ltr'><strong>supra</strong></span> <span class='ocrx_word' id='word_1_427' title='bbox 658 1864 710 1900; x_wconf 80' lang='lat' dir='ltr'><strong>(Ad</strong></span> <span class='ocrx_word' id='word_1_428' title='bbox 735 1873 794 1898; x_wconf 77' lang='lat' dir='ltr'><strong>cap.</strong></span> <span class='ocrx_word' id='word_1_429' title='bbox 818 1863 913 1898; x_wconf 77' lang='lat' dir='ltr'><strong>xxxvi)</strong></span> <span class='ocrx_word' id='word_1_430' title='bbox 937 1863 1071 1898; x_wconf 85' lang='lat' dir='ltr'><strong>legimus:</strong></span> 
     </span>
    </p>
   </div>
   <div class='ocr_carea' id='block_1_53' title="bbox 270 1910 1073 1947">
    <p class='ocr_par' dir='ltr' id='par_1_53' title="bbox 270 1910 1073 1947">
     <span class='ocr_line' id='line_1_53' title="bbox 270 1910 1073 1947; baseline -0.001 -9"><span class='ocrx_word' id='word_1_431' title='bbox 270 1912 383 1945; x_wconf 65' lang='lat' dir='ltr'><strong>Lretare,</strong></span> <span class='ocrx_word' id='word_1_432' title='bbox 397 1912 508 1945; x_wconf 68' lang='lat' dir='ltr'><strong>deserta,</strong></span> <span class='ocrx_word' id='word_1_433' title='bbox 525 1917 552 1939; x_wconf 84' lang='lat' dir='ltr'><strong>et</strong></span> <span class='ocrx_word' id='word_1_434' title='bbox 570 1912 673 1947; x_wconf 82' lang='lat' dir='ltr'><strong>reliqua</strong></span> <span class='ocrx_word' id='word_1_435' title='bbox 690 1911 732 1939; x_wconf 91' lang='lat' dir='ltr'><strong>his</strong></span> <span class='ocrx_word' id='word_1_436' title='bbox 748 1911 858 1938; x_wconf 85' lang='lat' dir='ltr'><strong>similia.</strong></span> <span class='ocrx_word' id='word_1_437' title='bbox 876 1910 916 1938; x_wconf 89' lang='lat' dir='ltr'><strong>De</strong></span> <span class='ocrx_word' id='word_1_438' title='bbox 931 1918 984 1945; x_wconf 86' lang='lat' dir='ltr'><strong>qua</strong></span> <span class='ocrx_word' id='word_1_439' title='bbox 1000 1915 1027 1937; x_wconf 86' lang='lat' dir='ltr'><strong>et</strong></span> <span class='ocrx_word' id='word_1_440' title='bbox 1046 1910 1073 1937; x_wconf 93' lang='lat' dir='ltr'><strong>in</strong></span> 
     </span>
    </p>
   </div>
   <div class='ocr_carea' id='block_1_54' title="bbox 266 1957 1073 1993">
    <p class='ocr_par' dir='ltr' id='par_1_54' title="bbox 266 1957 1073 1993">
     <span class='ocr_line' id='line_1_54' title="bbox 266 1957 1073 1993; baseline -0.004 -7"><span class='ocrx_word' id='word_1_441' title='bbox 266 1958 384 1986; x_wconf 74' lang='lat' dir='ltr'><strong>Ieremia</strong></span> <span class='ocrx_word' id='word_1_442' title='bbox 401 1958 533 1993; x_wconf 84' lang='lat' dir='ltr'><strong>scriptum</strong></span> <span class='ocrx_word' id='word_1_443' title='bbox 547 1963 636 1986; x_wconf 77' lang='lat' dir='ltr'><strong>estex</strong></span> <span class='ocrx_word' id='word_1_444' title='bbox 652 1965 768 1993; x_wconf 86' lang='lat' dir='ltr'><strong>persona</strong></span> <span class='ocrx_word' id='word_1_445' title='bbox 793 1957 839 1985; x_wconf 86' lang='lat' dir='ltr'><strong>Dei</strong></span> <span class='ocrx_word' id='word_1_446' title='bbox 859 1966 864 1984; x_wconf 93' lang='lat'>:</span> <span class='ocrx_word' id='word_1_447' title='bbox 889 1957 978 1983; x_wconf 83' lang='lat' dir='ltr'><strong>Vacua</strong></span> <span class='ocrx_word' id='word_1_448' title='bbox 1001 1958 1073 1991; x_wconf 80' lang='lat' dir='ltr'><strong>facta</strong></span> 
     </span>
    </p>
   </div>
   <div class='ocr_carea' id='block_1_55' title="bbox 265 2003 1072 2041">
    <p class='ocr_par' dir='ltr' id='par_1_55' title="bbox 265 2003 1072 2041">
     <span class='ocr_line' id='line_1_55' title="bbox 265 2003 1072 2041; baseline -0.004 -8"><span class='ocrx_word' id='word_1_449' title='bbox 265 2011 303 2033; x_wconf 83' lang='lat' dir='ltr'><strong>est</strong></span> <span class='ocrx_word' id='word_1_450' title='bbox 317 2013 375 2041; x_wconf 77' lang='lat' dir='ltr'><strong>qute</strong></span> <span class='ocrx_word' id='word_1_451' title='bbox 388 2005 503 2041; x_wconf 80' lang='lat' dir='ltr'><strong>pariebat</strong></span> <span class='ocrx_word' id='word_1_452' title='bbox 518 2010 633 2040; x_wconf 80' lang='lat' dir='ltr'><strong>septem,</strong></span> <span class='ocrx_word' id='word_1_453' title='bbox 648 2005 740 2040; x_wconf 78' lang='lat' dir='ltr'><strong>defecit</strong></span> <span class='ocrx_word' id='word_1_454' title='bbox 759 2009 784 2031; x_wconf 86' lang='lat' dir='ltr'><strong>et</strong></span> <span class='ocrx_word' id='word_1_455' title='bbox 800 2005 887 2031; x_wconf 76' lang='lat' dir='ltr'><strong>artiora</strong></span> <span class='ocrx_word' id='word_1_456' title='bbox 907 2005 973 2038; x_wconf 73' lang='lat' dir='ltr'><strong>ejus.</strong></span> <span class='ocrx_word' id='word_1_457' title='bbox 997 2003 1072 2030; x_wconf 80' lang='lat' dir='ltr'><strong>Occi-</strong></span> 
     </span>
    </p>
   </div>
   <div class='ocr_carea' id='block_1_56' title="bbox 265 2050 1071 2086">
    <p class='ocr_par' dir='ltr' id='par_1_56' title="bbox 265 2050 1071 2086">
     <span class='ocr_line' id='line_1_56' title="bbox 265 2050 1071 2086; baseline -0.001 -8"><span class='ocrx_word' id='word_1_458' title='bbox 265 2052 303 2078; x_wconf 85' lang='lat' dir='ltr'><strong>dit</strong></span> <span class='ocrx_word' id='word_1_459' title='bbox 314 2053 338 2079; x_wconf 87' lang='lat' dir='ltr'><strong>ei</strong></span> <span class='ocrx_word' id='word_1_460' title='bbox 350 2051 390 2079; x_wconf 66' lang='lat' dir='ltr'><strong>sul</strong></span> <span class='ocrx_word' id='word_1_461' title='bbox 402 2052 489 2078; x_wconf 85' lang='lat' dir='ltr'><strong>adhuc</strong></span> <span class='ocrx_word' id='word_1_462' title='bbox 504 2051 609 2078; x_wconf 84' lang='lat' dir='ltr'><strong>meridie</strong></span> <span class='ocrx_word' id='word_1_463' title='bbox 621 2052 629 2086; x_wconf 94' lang='lat'><strong>(</strong></span> <span class='ocrx_word' id='word_1_464' title='bbox 642 2051 739 2078; x_wconf 82' lang='lat' dir='ltr'><strong>Jerem.</strong></span> <span class='ocrx_word' id='word_1_465' title='bbox 753 2059 796 2083; x_wconf 88' lang='lat' dir='ltr'><strong>xv,</strong></span> <span class='ocrx_word' id='word_1_466' title='bbox 811 2051 862 2086; x_wconf 83' lang='lat'><strong>9).</strong></span> <span class='ocrx_word' id='word_1_467' title='bbox 878 2051 909 2077; x_wconf 79' lang='lat' dir='ltr'><strong>Et.</strong></span> <span class='ocrx_word' id='word_1_468' title='bbox 921 2051 946 2077; x_wconf 93' lang='lat' dir='ltr'><strong>iu</strong></span> <span class='ocrx_word' id='word_1_469' title='bbox 963 2050 1071 2078; x_wconf 86' lang='lat' dir='ltr'><strong>Samue-</strong></span> 
     </span>
    </p>
   </div>
   <div class='ocr_carea' id='block_1_57' title="bbox 267 2098 1071 2134">
    <p class='ocr_par' dir='ltr' id='par_1_57' title="bbox 267 2098 1071 2134">
     <span class='ocr_line' id='line_1_57' title="bbox 267 2098 1071 2134; baseline -0.001 -8"><span class='ocrx_word' id='word_1_470' title='bbox 267 2099 301 2126; x_wconf 87' lang='lat' dir='ltr'><strong>lis</strong></span> <span class='ocrx_word' id='word_1_471' title='bbox 317 2099 455 2126; x_wconf 87' lang='lat' dir='ltr'><strong>voluminc</strong></span> <span class='ocrx_word' id='word_1_472' title='bbox 470 2108 476 2126; x_wconf 87' lang='lat'><strong>:</strong></span> <span class='ocrx_word' id='word_1_473' title='bbox 492 2099 595 2125; x_wconf 80' lang='lat' dir='ltr'><strong>Stcrilis</strong></span> <span class='ocrx_word' id='word_1_474' title='bbox 615 2099 712 2134; x_wconf 85' lang='lat' dir='ltr'><strong>peperit</strong></span> <span class='ocrx_word' id='word_1_475' title='bbox 733 2104 843 2133; x_wconf 73' lang='lat' dir='ltr'><strong>srplcm,</strong></span> <span class='ocrx_word' id='word_1_476' title='bbox 857 2103 880 2125; x_wconf 87' lang='lat' dir='ltr'><strong>ct</strong></span> <span class='ocrx_word' id='word_1_477' title='bbox 892 2098 1071 2134; x_wconf 67' lang='lat' dir='ltr'><strong>qum/iubebat</strong></span> 
     </span>
    </p>
   </div>
   <div class='ocr_carea' id='block_1_58' title="bbox 268 2144 1071 2180">
    <p class='ocr_par' dir='ltr' id='par_1_58' title="bbox 268 2144 1071 2180">
     <span class='ocr_line' id='line_1_58' title="bbox 268 2144 1071 2180; baseline 0.001 -9"><span class='ocrx_word' id='word_1_478' title='bbox 268 2145 334 2179; x_wconf 80' lang='lat' dir='ltr'><strong>ﬁlios</strong></span> <span class='ocrx_word' id='word_1_479' title='bbox 348 2145 445 2180; x_wconf 77' lang='lat' dir='ltr'><strong>plures,</strong></span> <span class='ocrx_word' id='word_1_480' title='bbox 466 2145 597 2179; x_wconf 77' lang='lat' dir='ltr'><strong>inﬁrmata</strong></span> <span class='ocrx_word' id='word_1_481' title='bbox 616 2150 653 2172; x_wconf 80' lang='lat' dir='ltr'><strong>est</strong></span> <span class='ocrx_word' id='word_1_482' title='bbox 673 2145 700 2180; x_wconf 87' lang='lat' dir='ltr'><strong>(l</strong></span> <span class='ocrx_word' id='word_1_483' title='bbox 718 2144 782 2180; x_wconf 76' lang='lat' dir='ltr'><strong>Reg.</strong></span> <span class='ocrx_word' id='word_1_484' title='bbox 798 2152 828 2178; x_wconf 87' lang='lat' dir='ltr'><strong>tt,</strong></span> <span class='ocrx_word' id='word_1_485' title='bbox 844 2144 889 2180; x_wconf 81' lang='lat'><strong>5).</strong></span> <span class='ocrx_word' id='word_1_486' title='bbox 906 2145 938 2172; x_wconf 81' lang='lat' dir='ltr'><strong>Et</strong></span> <span class='ocrx_word' id='word_1_487' title='bbox 954 2145 980 2172; x_wconf 93' lang='lat' dir='ltr'><strong>in</strong></span> <span class='ocrx_word' id='word_1_488' title='bbox 996 2145 1071 2172; x_wconf 47' lang='lat' dir='ltr'><strong>Psal.</strong></span> 
     </span>
    </p>
   </div>
   <div class='ocr_carea' id='block_1_59' title="bbox 265 2190 1070 2225">
    <p class='ocr_par' dir='ltr' id='par_1_59' title="bbox 265 2190 1070 2225">
     <span class='ocr_line' id='line_1_59' title="bbox 265 2190 1070 2225; baseline 0 -8"><span class='ocrx_word' id='word_1_489' title='bbox 265 2190 317 2217; x_wconf 87' lang='lat' dir='ltr'><strong>mis</strong></span> <span class='ocrx_word' id='word_1_490' title='bbox 332 2200 338 2217; x_wconf 75' lang='grc' dir='ltr'><strong>ε</strong></span> <span class='ocrx_word' id='word_1_491' title='bbox 355 2190 405 2224; x_wconf 81' lang='lat' dir='ltr'><strong>Qui</strong></span> <span class='ocrx_word' id='word_1_492' title='bbox 425 2190 543 2217; x_wconf 82' lang='lat' dir='ltr'><strong>habitare</strong></span> <span class='ocrx_word' id='word_1_493' title='bbox 558 2191 621 2225; x_wconf 78' lang='lat' dir='ltr'><strong>facit</strong></span> <span class='ocrx_word' id='word_1_494' title='bbox 638 2191 751 2218; x_wconf 79' lang='lat' dir='ltr'><strong>sterilem</strong></span> <span class='ocrx_word' id='word_1_495' title='bbox 772 2192 798 2218; x_wconf 87' lang='lat' dir='ltr'><strong>iu</strong></span> <span class='ocrx_word' id='word_1_496' title='bbox 813 2191 901 2224; x_wconf 90' lang='lat' dir='ltr'><strong>domo,</strong></span> <span class='ocrx_word' id='word_1_497' title='bbox 919 2197 1026 2218; x_wconf 85' lang='lat' dir='ltr'><strong>matrem</strong></span> <span class='ocrx_word' id='word_1_498' title='bbox 1041 2192 1070 2225; x_wconf 84' lang='lat' dir='ltr'><strong>ﬁ-</strong></span> 
     </span>
    </p>
   </div>
   <div class='ocr_carea' id='block_1_60' title="bbox 266 2237 1068 2273">
    <p class='ocr_par' dir='ltr' id='par_1_60' title="bbox 266 2237 1068 2273">
     <span class='ocr_line' id='line_1_60' title="bbox 266 2237 1068 2273; baseline -0.001 -8"><span class='ocrx_word' id='word_1_499' title='bbox 266 2238 360 2265; x_wconf 86' lang='lat' dir='ltr'><strong>liorum</strong></span> <span class='ocrx_word' id='word_1_500' title='bbox 384 2238 513 2264; x_wconf 69' lang='lat' dir='ltr'><strong>lwtantcut</strong></span> <span class='ocrx_word' id='word_1_501' title='bbox 538 2237 635 2273; x_wconf 81' lang='lat' dir='ltr'><strong>(l’sal.</strong></span> <span class='ocrx_word' id='word_1_502' title='bbox 658 2245 731 2271; x_wconf 83' lang='lat' dir='ltr'><strong>cxu,</strong></span> <span class='ocrx_word' id='word_1_503' title='bbox 758 2238 804 2273; x_wconf 87' lang='lat'><strong>9).</strong></span> <span class='ocrx_word' id='word_1_504' title='bbox 837 2238 947 2272; x_wconf 86' lang='lat' dir='ltr'><strong>Septem</strong></span> <span class='ocrx_word' id='word_1_505' title='bbox 978 2242 1068 2266; x_wconf 89' lang='lat' dir='ltr'><strong>autem</strong></span> 
     </span>
    </p>
   </div>
   <div class='ocr_carea' id='block_1_61' title="bbox 266 2283 1067 2320">
    <p class='ocr_par' dir='ltr' id='par_1_61' title="bbox 266 2283 1067 2320">
     <span class='ocr_line' id='line_1_61' title="bbox 266 2283 1067 2320; baseline 0 -9"><span class='ocrx_word' id='word_1_506' title='bbox 266 2284 343 2311; x_wconf 70' lang='lat' dir='ltr'><strong>ﬁlios</strong></span> <span class='ocrx_word' id='word_1_507' title='bbox 354 2283 455 2311; x_wconf 87' lang='lat' dir='ltr'><strong>dicitur</strong></span> <span class='ocrx_word' id='word_1_508' title='bbox 473 2284 602 2319; x_wconf 81' lang='lat' dir='ltr'><strong>genuisse</strong></span> <span class='ocrx_word' id='word_1_509' title='bbox 616 2291 765 2319; x_wconf 82' lang='lat' dir='ltr'><strong>synagoga,</strong></span> <span class='ocrx_word' id='word_1_510' title='bbox 784 2290 893 2319; x_wconf 82' lang='lat' dir='ltr'><strong>propter</strong></span> <span class='ocrx_word' id='word_1_511' title='bbox 907 2286 1067 2320; x_wconf 88' lang='lat' dir='ltr'><strong>mysterium</strong></span> 
     </span>
    </p>
   </div>
   <div class='ocr_carea' id='block_1_62' title="bbox 1129 975 1883 1012">
    <p class='ocr_par' dir='ltr' id='par_1_62' title="bbox 1129 975 1883 1012">
     <span class='ocr_line' id='line_1_62' title="bbox 1129 975 1883 1012; baseline 0.001 -9"><span class='ocrx_word' id='word_1_512' title='bbox 1129 975 1283 1004; x_wconf 85' lang='lat' dir='ltr'><strong>Jerusalem</strong></span> <span class='ocrx_word' id='word_1_513' title='bbox 1299 976 1431 1009; x_wconf 84' lang='lat' dir='ltr'><strong>referunt,</strong></span> <span class='ocrx_word' id='word_1_514' title='bbox 1444 984 1525 1012; x_wconf 87' lang='lat' dir='ltr'><strong>quam</strong></span> <span class='ocrx_word' id='word_1_515' title='bbox 1544 977 1642 1004; x_wconf 63' lang='lat' dir='ltr'><strong>dicunt</strong></span> <span class='ocrx_word' id='word_1_516' title='bbox 1658 977 1683 1004; x_wconf 92' lang='lat' dir='ltr'><strong>in</strong></span> <span class='ocrx_word' id='word_1_517' title='bbox 1699 977 1767 1004; x_wconf 86' lang='lat' dir='ltr'><strong>mille</strong></span> <span class='ocrx_word' id='word_1_518' title='bbox 1783 984 1883 1004; x_wconf 72' lang='lat' dir='ltr'><strong>annorum</strong></span> 
     </span>
    </p>
   </div>
   <div class='ocr_carea' id='block_1_63' title="bbox 1129 1023 1884 1059">
    <p class='ocr_par' dir='ltr' id='par_1_63' title="bbox 1129 1023 1884 1059">
     <span class='ocr_line' id='line_1_63' title="bbox 1129 1023 1884 1059; baseline -0.001 -9"><span class='ocrx_word' id='word_1_519' title='bbox 1129 1031 1213 1058; x_wconf 83' lang='lat' dir='ltr'><strong>regno</strong></span> <span class='ocrx_word' id='word_1_520' title='bbox 1226 1023 1443 1058; x_wconf 82' lang='lat' dir='ltr'><strong>instaurandum,</strong></span> <span class='ocrx_word' id='word_1_521' title='bbox 1458 1029 1486 1052; x_wconf 83' lang='lat' dir='ltr'><strong>et</strong></span> <span class='ocrx_word' id='word_1_522' title='bbox 1501 1024 1626 1053; x_wconf 89' lang='lat' dir='ltr'><strong>eamdem</strong></span> <span class='ocrx_word' id='word_1_523' title='bbox 1644 1031 1701 1052; x_wconf 87' lang='lat' dir='ltr'><strong>esse</strong></span> <span class='ocrx_word' id='word_1_524' title='bbox 1712 1032 1765 1059; x_wconf 62' lang='lat' dir='ltr'><strong>quin</strong></span> <span class='ocrx_word' id='word_1_525' title='bbox 1775 1024 1835 1059; x_wconf 87' lang='lat' dir='ltr'><strong>prius</strong></span> <span class='ocrx_word' id='word_1_526' title='bbox 1850 1024 1884 1049; x_wconf 88' lang='lat' dir='ltr'><strong>ha-</strong></span> 
     </span>
    </p>
   </div>
   <div class='ocr_carea' id='block_1_64' title="bbox 1129 1069 1884 1105">
    <p class='ocr_par' dir='ltr' id='par_1_64' title="bbox 1129 1069 1884 1105">
     <span class='ocr_line' id='line_1_64' title="bbox 1129 1069 1884 1105; baseline -0.001 -8"><span class='ocrx_word' id='word_1_527' title='bbox 1129 1069 1187 1097; x_wconf 88' lang='lat' dir='ltr'><strong>buit</strong></span> <span class='ocrx_word' id='word_1_528' title='bbox 1211 1070 1314 1102; x_wconf 88' lang='lat' dir='ltr'><strong>virum,</strong></span> <span class='ocrx_word' id='word_1_529' title='bbox 1337 1075 1364 1097; x_wconf 91' lang='lat' dir='ltr'><strong>et</strong></span> <span class='ocrx_word' id='word_1_530' title='bbox 1388 1075 1480 1105; x_wconf 86' lang='lat' dir='ltr'><strong>postea</strong></span> <span class='ocrx_word' id='word_1_531' title='bbox 1511 1070 1613 1099; x_wconf 85' lang='lat' dir='ltr'><strong>habere</strong></span> <span class='ocrx_word' id='word_1_532' title='bbox 1641 1071 1756 1105; x_wconf 77' lang='lat' dir='ltr'><strong>desierit,</strong></span> <span class='ocrx_word' id='word_1_533' title='bbox 1781 1070 1884 1104; x_wconf 78' lang='lat' dir='ltr'><strong>multoque</strong></span> 
     </span>
    </p>
   </div>
   <div class='ocr_carea' id='block_1_65' title="bbox 1129 1116 1883 1153">
    <p class='ocr_par' dir='ltr' id='par_1_65' title="bbox 1129 1116 1883 1153">
     <span class='ocr_line' id='line_1_65' title="bbox 1129 1116 1883 1153; baseline -0.001 -10"><span class='ocrx_word' id='word_1_534' title='bbox 1129 1117 1221 1151; x_wconf 85' lang='lat' dir='ltr'><strong>plures</strong></span> <span class='ocrx_word' id='word_1_535' title='bbox 1235 1116 1360 1144; x_wconf 79' lang='lat' dir='ltr'><strong>habitura</strong></span> <span class='ocrx_word' id='word_1_536' title='bbox 1377 1119 1412 1144; x_wconf 89' lang='lat' dir='ltr'><strong>sit</strong></span> <span class='ocrx_word' id='word_1_537' title='bbox 1434 1118 1505 1145; x_wconf 88' lang='lat' dir='ltr'><strong>lilios</strong></span> <span class='ocrx_word' id='word_1_538' title='bbox 1522 1123 1581 1153; x_wconf 86' lang='lat' dir='ltr'><strong>post</strong></span> <span class='ocrx_word' id='word_1_539' title='bbox 1594 1118 1743 1151; x_wconf 85' lang='lat' dir='ltr'><strong>repudium,</strong></span> <span class='ocrx_word' id='word_1_540' title='bbox 1754 1125 1821 1153; x_wconf 86' lang='lat' dir='ltr'><strong>quam</strong></span> <span class='ocrx_word' id='word_1_541' title='bbox 1830 1117 1883 1151; x_wconf 85' lang='lat' dir='ltr'><strong>prius</strong></span> 
     </span>
    </p>
   </div>
   <div class='ocr_carea' id='block_1_66' title="bbox 1130 1163 1883 1199">
    <p class='ocr_par' dir='ltr' id='par_1_66' title="bbox 1130 1163 1883 1199">
     <span class='ocr_line' id='line_1_66' title="bbox 1130 1163 1883 1199; baseline -0.001 -9"><span class='ocrx_word' id='word_1_542' title='bbox 1130 1163 1224 1191; x_wconf 84' lang='lat' dir='ltr'><strong>habuit</strong></span> <span class='ocrx_word' id='word_1_543' title='bbox 1237 1171 1287 1191; x_wconf 85' lang='lat' dir='ltr'><strong>suo</strong></span> <span class='ocrx_word' id='word_1_544' title='bbox 1301 1164 1370 1191; x_wconf 90' lang='lat' dir='ltr'><strong>viro.</strong></span> <span class='ocrx_word' id='word_1_545' title='bbox 1393 1164 1460 1192; x_wconf 83' lang='lat' dir='ltr'><strong>Cum</strong></span> <span class='ocrx_word' id='word_1_546' title='bbox 1488 1165 1632 1199; x_wconf 72' lang='lat' dir='ltr'><strong>perspicue</strong></span> <span class='ocrx_word' id='word_1_547' title='bbox 1653 1165 1761 1192; x_wconf 83' lang='lat' dir='ltr'><strong>duarum</strong></span> <span class='ocrx_word' id='word_1_548' title='bbox 1776 1164 1883 1191; x_wconf 85' lang='lat' dir='ltr'><strong>mulierum</strong></span> 
     </span>
    </p>
   </div>
   <div class='ocr_carea' id='block_1_67' title="bbox 1129 1208 1884 1246">
    <p class='ocr_par' dir='ltr' id='par_1_67' title="bbox 1129 1208 1884 1246">
     <span class='ocr_line' id='line_1_67' title="bbox 1129 1208 1884 1246; baseline 0 -11"><span class='ocrx_word' id='word_1_549' title='bbox 1129 1215 1247 1244; x_wconf 89' lang='lat' dir='ltr'><strong>ponatur</strong></span> <span class='ocrx_word' id='word_1_550' title='bbox 1269 1210 1447 1245; x_wconf 84' lang='lat' dir='ltr'><strong>comparatio,</strong></span> <span class='ocrx_word' id='word_1_551' title='bbox 1462 1210 1521 1246; x_wconf 82' lang='lat' dir='ltr'><strong>ejus</strong></span> <span class='ocrx_word' id='word_1_552' title='bbox 1536 1218 1596 1246; x_wconf 69' lang='lat' dir='ltr'><strong>qua:</strong></span> <span class='ocrx_word' id='word_1_553' title='bbox 1619 1211 1704 1238; x_wconf 92' lang='lat' dir='ltr'><strong>virum</strong></span> <span class='ocrx_word' id='word_1_554' title='bbox 1723 1210 1804 1237; x_wconf 86' lang='lat' dir='ltr'><strong>huhuit</strong></span> <span class='ocrx_word' id='word_1_555' title='bbox 1820 1213 1841 1236; x_wconf 87' lang='lat' dir='ltr'><strong>et</strong></span> <span class='ocrx_word' id='word_1_556' title='bbox 1855 1208 1884 1235; x_wconf 85' lang='lat' dir='ltr'><strong>di-</strong></span> 
     </span>
    </p>
   </div>
   <div class='ocr_carea' id='block_1_68' title="bbox 1129 1255 1884 1292">
    <p class='ocr_par' dir='ltr' id='par_1_68' title="bbox 1129 1255 1884 1292">
     <span class='ocr_line' id='line_1_68' title="bbox 1129 1255 1884 1292; baseline -0.003 -10"><span class='ocrx_word' id='word_1_557' title='bbox 1129 1256 1213 1282; x_wconf 68' lang='lat' dir='ltr'><strong>missa</strong></span> <span class='ocrx_word' id='word_1_558' title='bbox 1228 1261 1280 1289; x_wconf 77' lang='lat' dir='ltr'><strong>est,</strong></span> <span class='ocrx_word' id='word_1_559' title='bbox 1301 1261 1329 1284; x_wconf 87' lang='lat' dir='ltr'><strong>et</strong></span> <span class='ocrx_word' id='word_1_560' title='bbox 1351 1257 1409 1291; x_wconf 88' lang='lat' dir='ltr'><strong>ejus</strong></span> <span class='ocrx_word' id='word_1_561' title='bbox 1434 1265 1495 1292; x_wconf 81' lang='lat' dir='ltr'><strong>qme</strong></span> <span class='ocrx_word' id='word_1_562' title='bbox 1520 1264 1629 1291; x_wconf 58' lang='lat' dir='ltr'><strong>semper</strong></span> <span class='ocrx_word' id='word_1_563' title='bbox 1652 1258 1753 1284; x_wconf 84' lang='lat' dir='ltr'><strong>deserta</strong></span> <span class='ocrx_word' id='word_1_564' title='bbox 1775 1261 1799 1283; x_wconf 80' lang='lat' dir='ltr'><strong>et</strong></span> <span class='ocrx_word' id='word_1_565' title='bbox 1812 1255 1884 1289; x_wconf 78' lang='lat' dir='ltr'><strong>absque</strong></span> 
     </span>
    </p>
   </div>
   <div class='ocr_carea' id='block_1_69' title="bbox 1130 1300 1884 1338">
    <p class='ocr_par' dir='ltr' id='par_1_69' title="bbox 1130 1300 1884 1338">
     <span class='ocr_line' id='line_1_69' title="bbox 1130 1300 1884 1338; baseline -0.001 -10"><span class='ocrx_word' id='word_1_566' title='bbox 1130 1302 1190 1328; x_wconf 89' lang='lat' dir='ltr'><strong>viro</strong></span> <span class='ocrx_word' id='word_1_567' title='bbox 1214 1301 1274 1329; x_wconf 90' lang='lat' dir='ltr'><strong>fuit.</strong></span> <span class='ocrx_word' id='word_1_568' title='bbox 1297 1302 1351 1329; x_wconf 88' lang='lat' dir='ltr'><strong>Nec</strong></span> <span class='ocrx_word' id='word_1_569' title='bbox 1373 1303 1526 1330; x_wconf 85' lang='lat' dir='ltr'><strong>mirandum</strong></span> <span class='ocrx_word' id='word_1_570' title='bbox 1541 1303 1575 1331; x_wconf 85' lang='lat' dir='ltr'><strong>de</strong></span> <span class='ocrx_word' id='word_1_571' title='bbox 1589 1303 1707 1337; x_wconf 71' lang='lat' dir='ltr'><strong>Judais,</strong></span> <span class='ocrx_word' id='word_1_572' title='bbox 1723 1310 1821 1338; x_wconf 88' lang='lat' dir='ltr'><strong>quorum</strong></span> <span class='ocrx_word' id='word_1_573' title='bbox 1834 1300 1884 1328; x_wconf 81' lang='lat' dir='ltr'><strong>oculi</strong></span> 
     </span>
    </p>
   </div>
   <div class='ocr_carea' id='block_1_70' title="bbox 1128 1346 1885 1385">
    <p class='ocr_par' dir='ltr' id='par_1_70' title="bbox 1128 1346 1885 1385">
     <span class='ocr_line' id='line_1_70' title="bbox 1128 1346 1885 1385; baseline -0.001 -10"><span class='ocrx_word' id='word_1_574' title='bbox 1128 1356 1263 1384; x_wconf 79' lang='lat' dir='ltr'><strong>auresque</strong></span> <span class='ocrx_word' id='word_1_575' title='bbox 1279 1354 1343 1376; x_wconf 90' lang='lat' dir='ltr'><strong>sunt</strong></span> <span class='ocrx_word' id='word_1_576' title='bbox 1357 1349 1465 1383; x_wconf 68' lang='lat' dir='ltr'><strong>clausae,</strong></span> <span class='ocrx_word' id='word_1_577' title='bbox 1481 1350 1504 1377; x_wconf 89' lang='lat' dir='ltr'><strong>si</strong></span> <span class='ocrx_word' id='word_1_578' title='bbox 1519 1354 1644 1385; x_wconf 80' lang='lat' dir='ltr'><strong>apertam</strong></span> <span class='ocrx_word' id='word_1_579' title='bbox 1662 1358 1713 1377; x_wconf 89' lang='lat' dir='ltr'><strong>non</strong></span> <span class='ocrx_word' id='word_1_580' title='bbox 1729 1349 1822 1377; x_wconf 82' lang='lat' dir='ltr'><strong>videant</strong></span> <span class='ocrx_word' id='word_1_581' title='bbox 1834 1346 1885 1375; x_wconf 79' lang='lat' dir='ltr'><strong>veti-</strong></span> 
     </span>
    </p>
   </div>
   <div class='ocr_carea' id='block_1_71' title="bbox 1129 1394 1884 1433">
    <p class='ocr_par' dir='ltr' id='par_1_71' title="bbox 1129 1394 1884 1433">
     <span class='ocr_line' id='line_1_71' title="bbox 1129 1394 1884 1433; baseline -0.004 -10"><span class='ocrx_word' id='word_1_582' title='bbox 1129 1400 1221 1423; x_wconf 75' lang='lat' dir='ltr'><strong>tatem.</strong></span> <span class='ocrx_word' id='word_1_583' title='bbox 1240 1396 1277 1423; x_wconf 84' lang='lat' dir='ltr'><strong>De</strong></span> <span class='ocrx_word' id='word_1_584' title='bbox 1291 1396 1456 1424; x_wconf 84' lang='lat' dir='ltr'><strong>Christianis</strong></span> <span class='ocrx_word' id='word_1_585' title='bbox 1479 1397 1544 1432; x_wconf 90' lang='lat' dir='ltr'><strong>quid</strong></span> <span class='ocrx_word' id='word_1_586' title='bbox 1566 1398 1672 1433; x_wconf 85' lang='lat' dir='ltr'><strong>loquar,</strong></span> <span class='ocrx_word' id='word_1_587' title='bbox 1694 1397 1787 1429; x_wconf 84' lang='lat' dir='ltr'><strong>nescio,</strong></span> <span class='ocrx_word' id='word_1_588' title='bbox 1805 1395 1840 1430; x_wconf 85' lang='lat' dir='ltr'><strong>qui</strong></span> <span class='ocrx_word' id='word_1_589' title='bbox 1855 1394 1884 1421; x_wconf 90' lang='lat' dir='ltr'><strong>di-</strong></span> 
     </span>
    </p>
   </div>
   <div class='ocr_carea' id='block_1_72' title="bbox 1128 1441 1885 1479">
    <p class='ocr_par' dir='ltr' id='par_1_72' title="bbox 1128 1441 1885 1479">
     <span class='ocr_line' id='line_1_72' title="bbox 1128 1441 1885 1479; baseline -0.003 -9"><span class='ocrx_word' id='word_1_590' title='bbox 1128 1448 1207 1470; x_wconf 82' lang='lat' dir='ltr'><strong>cente</strong></span> <span class='ocrx_word' id='word_1_591' title='bbox 1222 1443 1365 1478; x_wconf 78' lang='lat' dir='ltr'><strong>Apostolo,</strong></span> <span class='ocrx_word' id='word_1_592' title='bbox 1378 1451 1436 1479; x_wconf 72' lang='lat' dir='ltr'><strong>qua:</strong></span> <span class='ocrx_word' id='word_1_593' title='bbox 1448 1449 1506 1470; x_wconf 85' lang='lat' dir='ltr'><strong>sunt</strong></span> <span class='ocrx_word' id='word_1_594' title='bbox 1518 1444 1660 1479; x_wconf 76' lang='lat' dir='ltr'><strong>allegorica</strong></span> <span class='ocrx_word' id='word_1_595' title='bbox 1673 1448 1698 1471; x_wconf 91' lang='lat' dir='ltr'><strong>et</strong></span> <span class='ocrx_word' id='word_1_596' title='bbox 1713 1443 1743 1471; x_wconf 87' lang='lat' dir='ltr'><strong>ad</strong></span> <span class='ocrx_word' id='word_1_597' title='bbox 1759 1443 1804 1470; x_wconf 87' lang='lat' dir='ltr'><strong>duo</strong></span> <span class='ocrx_word' id='word_1_598' title='bbox 1817 1441 1885 1469; x_wconf 73' lang='lat' dir='ltr'><strong>Testa-</strong></span> 
     </span>
    </p>
   </div>
   <div class='ocr_carea' id='block_1_73' title="bbox 1129 1490 1884 1527">
    <p class='ocr_par' dir='ltr' id='par_1_73' title="bbox 1129 1490 1884 1527">
     <span class='ocr_line' id='line_1_73' title="bbox 1129 1490 1884 1527; baseline -0.003 -11"><span class='ocrx_word' id='word_1_599' title='bbox 1129 1495 1231 1523; x_wconf 81' lang='lat' dir='ltr'><strong>menta,</strong></span> <span class='ocrx_word' id='word_1_600' title='bbox 1248 1494 1326 1517; x_wconf 85' lang='lat' dir='ltr'><strong>vetus</strong></span> <span class='ocrx_word' id='word_1_601' title='bbox 1340 1494 1366 1518; x_wconf 91' lang='lat' dir='ltr'><strong>et</strong></span> <span class='ocrx_word' id='word_1_602' title='bbox 1382 1497 1480 1517; x_wconf 91' lang='lat' dir='ltr'><strong>novmu</strong></span> <span class='ocrx_word' id='word_1_603' title='bbox 1493 1513 1499 1524; x_wconf 93' lang='lat'><strong>,</strong></span> <span class='ocrx_word' id='word_1_604' title='bbox 1518 1491 1612 1519; x_wconf 88' lang='lat' dir='ltr'><strong>Saram</strong></span> <span class='ocrx_word' id='word_1_605' title='bbox 1634 1491 1754 1527; x_wconf 78' lang='lat' dir='ltr'><strong>Agarque</strong></span> <span class='ocrx_word' id='word_1_606' title='bbox 1774 1490 1884 1519; x_wconf 70' lang='lat' dir='ltr'><strong>referente,</strong></span> 
     </span>
    </p>
   </div>
   <div class='ocr_carea' id='block_1_74' title="bbox 1128 1533 1885 1571">
    <p class='ocr_par' dir='ltr' id='par_1_74' title="bbox 1128 1533 1885 1571">
     <span class='ocr_line' id='line_1_74' title="bbox 1128 1533 1885 1571; baseline -0.003 -9"><span class='ocrx_word' id='word_1_607' title='bbox 1128 1534 1229 1562; x_wconf 66' lang='lat' dir='ltr'><strong>Juda&#39;is</strong></span> <span class='ocrx_word' id='word_1_608' title='bbox 1245 1535 1355 1563; x_wconf 79' lang='lat' dir='ltr'><strong>tradunt</strong></span> <span class='ocrx_word' id='word_1_609' title='bbox 1372 1544 1486 1571; x_wconf 82' lang='lat' dir='ltr'><strong>manus,</strong></span> <span class='ocrx_word' id='word_1_610' title='bbox 1505 1541 1677 1565; x_wconf 76' lang='lat' dir='ltr'><strong>terrenarum</strong></span> <span class='ocrx_word' id='word_1_611' title='bbox 1700 1537 1726 1565; x_wconf 90' lang='lat' dir='ltr'><strong>in</strong></span> <span class='ocrx_word' id='word_1_612' title='bbox 1748 1536 1811 1564; x_wconf 87' lang='lat' dir='ltr'><strong>mille</strong></span> <span class='ocrx_word' id='word_1_613' title='bbox 1831 1533 1885 1561; x_wconf 77' lang='lat' dir='ltr'><strong>quit</strong></span> 
     </span>
    </p>
   </div>
   <div class='ocr_carea' id='block_1_75' title="bbox 1127 1582 1458 1617">
    <p class='ocr_par' dir='ltr' id='par_1_75' title="bbox 1127 1582 1458 1617">
     <span class='ocr_line' id='line_1_75' title="bbox 1127 1582 1458 1617; baseline 0.006 -9"><span class='ocrx_word' id='word_1_614' title='bbox 1127 1582 1264 1609; x_wconf 78' lang='lat' dir='ltr'><strong>desiderio</strong></span> <span class='ocrx_word' id='word_1_615' title='bbox 1279 1582 1458 1617; x_wconf 90' lang='lat' dir='ltr'><strong>voluptatum.</strong></span> 
     </span>
    </p>
   </div>
   <div class='ocr_carea' id='block_1_76' title="bbox 1164 1627 1884 1665">
    <p class='ocr_par' dir='ltr' id='par_1_76' title="bbox 1164 1627 1884 1665">
     <span class='ocr_line' id='line_1_76' title="bbox 1164 1627 1884 1665; baseline -0.003 -9"><span class='ocrx_word' id='word_1_616' title='bbox 1164 1628 1260 1664; x_wconf 86' lang='lat' dir='ltr'><strong>(Vers.</strong></span> <span class='ocrx_word' id='word_1_617' title='bbox 1274 1629 1303 1662; x_wconf 73' lang='grc'><strong>2,</strong></span> <span class='ocrx_word' id='word_1_618' title='bbox 1319 1629 1364 1664; x_wconf 77' lang='grc'><strong>5.)</strong></span> <span class='ocrx_word' id='word_1_619' title='bbox 1380 1628 1471 1657; x_wconf 86' lang='lat' dir='ltr'><strong>Dilata</strong></span> <span class='ocrx_word' id='word_1_620' title='bbox 1486 1630 1573 1657; x_wconf 77' lang='lat' dir='ltr'><strong>locum</strong></span> <span class='ocrx_word' id='word_1_621' title='bbox 1585 1631 1691 1659; x_wconf 83' lang='lat' dir='ltr'><strong>tentorii</strong></span> <span class='ocrx_word' id='word_1_622' title='bbox 1704 1630 1777 1663; x_wconf 73' lang='lat' dir='ltr'><strong>tui,et</strong></span> <span class='ocrx_word' id='word_1_623' title='bbox 1787 1627 1848 1665; x_wconf 72' lang='lat' dir='ltr'><strong>pellit</strong></span> <span class='ocrx_word' id='word_1_624' title='bbox 1858 1630 1884 1652; x_wconf 78' lang='grc' dir='ltr'>ια-</span> 
     </span>
    </p>
   </div>
   <div class='ocr_carea' id='block_1_77' title="bbox 1126 1676 1885 1714">
    <p class='ocr_par' dir='ltr' id='par_1_77' title="bbox 1126 1676 1885 1714">
     <span class='ocr_line' id='line_1_77' title="bbox 1126 1676 1885 1714; baseline 0.001 -11"><span class='ocrx_word' id='word_1_625' title='bbox 1126 1677 1323 1704; x_wconf 82' lang='lat' dir='ltr'><strong>bernaculorum</strong></span> <span class='ocrx_word' id='word_1_626' title='bbox 1339 1683 1443 1705; x_wconf 87' lang='lat' dir='ltr'><strong>tuorum</strong></span> <span class='ocrx_word' id='word_1_627' title='bbox 1456 1679 1565 1706; x_wconf 71' lang='lat' dir='ltr'><strong>extende</strong></span> <span class='ocrx_word' id='word_1_628' title='bbox 1581 1687 1590 1706; x_wconf 86' lang='lat'><strong>.&#39;</strong></span> <span class='ocrx_word' id='word_1_629' title='bbox 1606 1687 1640 1706; x_wconf 83' lang='lat' dir='ltr'><strong>ue</strong></span> <span class='ocrx_word' id='word_1_630' title='bbox 1654 1686 1744 1714; x_wconf 81' lang='lat' dir='ltr'><strong>parcas</strong></span> <span class='ocrx_word' id='word_1_631' title='bbox 1758 1678 1847 1710; x_wconf 69' lang='lat' dir='ltr'><strong>:lonyot</strong></span> <span class='ocrx_word' id='word_1_632' title='bbox 1856 1676 1885 1708; x_wconf 69' lang='grc' dir='ltr'><strong>[σε</strong></span> 
     </span>
    </p>
   </div>
   <div class='ocr_carea' id='block_1_78' title="bbox 1125 1723 1885 1759">
    <p class='ocr_par' dir='ltr' id='par_1_78' title="bbox 1125 1723 1885 1759">
     <span class='ocr_line' id='line_1_78' title="bbox 1125 1723 1885 1759; baseline -0.001 -9"><span class='ocrx_word' id='word_1_633' title='bbox 1125 1723 1257 1759; x_wconf 72' lang='lat' dir='ltr'><strong>[utriculos</strong></span> <span class='ocrx_word' id='word_1_634' title='bbox 1273 1729 1330 1751; x_wconf 77' lang='lat' dir='ltr'><strong>tuos</strong></span> <span class='ocrx_word' id='word_1_635' title='bbox 1340 1745 1347 1757; x_wconf 89' lang='lat'><strong>,</strong></span> <span class='ocrx_word' id='word_1_636' title='bbox 1360 1730 1385 1751; x_wconf 83' lang='lat' dir='ltr'><strong>ct</strong></span> <span class='ocrx_word' id='word_1_637' title='bbox 1408 1725 1494 1752; x_wconf 70' lang='lat' dir='ltr'><strong>clavos</strong></span> <span class='ocrx_word' id='word_1_638' title='bbox 1509 1730 1566 1753; x_wconf 79' lang='lat' dir='ltr'><strong>tuos</strong></span> <span class='ocrx_word' id='word_1_639' title='bbox 1581 1725 1726 1754; x_wconf 75' lang='lat' dir='ltr'><strong>consolitla.</strong></span> <span class='ocrx_word' id='word_1_640' title='bbox 1738 1724 1773 1751; x_wconf 79' lang='lat' dir='ltr'><strong>Ad</strong></span> <span class='ocrx_word' id='word_1_641' title='bbox 1786 1724 1885 1750; x_wconf 66' lang='lat' dir='ltr'><strong>dmum</strong></span> 
     </span>
    </p>
   </div>
   <div class='ocr_carea' id='block_1_79' title="bbox 1125 1770 1885 1807">
    <p class='ocr_par' dir='ltr' id='par_1_79' title="bbox 1125 1770 1885 1807">
     <span class='ocr_line' id='line_1_79' title="bbox 1125 1770 1885 1807; baseline 0 -10"><span class='ocrx_word' id='word_1_642' title='bbox 1125 1771 1192 1797; x_wconf 90' lang='lat' dir='ltr'><strong>enim</strong></span> <span class='ocrx_word' id='word_1_643' title='bbox 1210 1776 1232 1797; x_wconf 85' lang='lat' dir='ltr'><strong>et</strong></span> <span class='ocrx_word' id='word_1_644' title='bbox 1248 1771 1283 1797; x_wconf 90' lang='lat' dir='ltr'><strong>ad</strong></span> <span class='ocrx_word' id='word_1_645' title='bbox 1299 1770 1388 1798; x_wconf 63' lang='lat' dir='ltr'><strong>larvam</strong></span> <span class='ocrx_word' id='word_1_646' title='bbox 1408 1772 1570 1807; x_wconf 80' lang='lat' dir='ltr'><strong>penetrabis,</strong></span> <span class='ocrx_word' id='word_1_647' title='bbox 1588 1778 1612 1799; x_wconf 87' lang='lat' dir='ltr'><strong>et</strong></span> <span class='ocrx_word' id='word_1_648' title='bbox 1631 1780 1715 1800; x_wconf 79' lang='lat' dir='ltr'><strong>semen</strong></span> <span class='ocrx_word' id='word_1_649' title='bbox 1738 1776 1800 1798; x_wconf 70' lang='lat' dir='ltr'><strong>tuum</strong></span> <span class='ocrx_word' id='word_1_650' title='bbox 1821 1772 1885 1804; x_wconf 63' lang='lat' dir='ltr'><strong>gent“</strong></span> 
     </span>
    </p>
   </div>
   <div class='ocr_carea' id='block_1_80' title="bbox 1124 1812 1884 1852">
    <p class='ocr_par' dir='ltr' id='par_1_80' title="bbox 1124 1812 1884 1852">
     <span class='ocr_line' id='line_1_80' title="bbox 1124 1812 1884 1852; baseline -0.004 -8"><span class='ocrx_word' id='word_1_651' title='bbox 1124 1818 1303 1852; x_wconf 79' lang='lat' dir='ltr'><strong>Iuvreditubit,</strong></span> <span class='ocrx_word' id='word_1_652' title='bbox 1320 1824 1344 1846; x_wconf 81' lang='lat' dir='ltr'><strong>et</strong></span> <span class='ocrx_word' id='word_1_653' title='bbox 1364 1819 1480 1847; x_wconf 82' lang='lat' dir='ltr'><strong>civitates</strong></span> <span class='ocrx_word' id='word_1_654' title='bbox 1504 1820 1623 1847; x_wconf 82' lang='lat' dir='ltr'><strong>desertas</strong></span> <span class='ocrx_word' id='word_1_655' title='bbox 1642 1818 1797 1847; x_wconf 77' lang='lat' dir='ltr'><strong>iubabitobit.</strong></span> <span class='ocrx_word' id='word_1_656' title='bbox 1817 1812 1884 1843; x_wconf 65' lang='lat' dir='ltr'><strong>LXX:</strong></span> 
     </span>
    </p>
   </div>
   <div class='ocr_carea' id='block_1_81' title="bbox 1125 1864 1885 1902">
    <p class='ocr_par' dir='ltr' id='par_1_81' title="bbox 1125 1864 1885 1902">
     <span class='ocr_line' id='line_1_81' title="bbox 1125 1864 1885 1902; baseline -0.008 -11"><span class='ocrx_word' id='word_1_657' title='bbox 1125 1864 1215 1891; x_wconf 88' lang='lat' dir='ltr'><strong>Dilata</strong></span> <span class='ocrx_word' id='word_1_658' title='bbox 1229 1865 1315 1892; x_wconf 76' lang='lat' dir='ltr'><strong>lorum</strong></span> <span class='ocrx_word' id='word_1_659' title='bbox 1329 1865 1491 1893; x_wconf 80' lang='lat' dir='ltr'><strong>tabernaculi</strong></span> <span class='ocrx_word' id='word_1_660' title='bbox 1509 1866 1558 1899; x_wconf 85' lang='lat' dir='ltr'><strong>tui,</strong></span> <span class='ocrx_word' id='word_1_661' title='bbox 1574 1871 1598 1893; x_wconf 74' lang='lat' dir='ltr'><strong>et</strong></span> <span class='ocrx_word' id='word_1_662' title='bbox 1612 1867 1695 1902; x_wconf 75' lang='lat' dir='ltr'><strong>pelles</strong></span> <span class='ocrx_word' id='word_1_663' title='bbox 1709 1865 1835 1892; x_wconf 65' lang='lat' dir='ltr'><strong>aulicorum</strong></span> <span class='ocrx_word' id='word_1_664' title='bbox 1845 1865 1885 1886; x_wconf 77' lang='lat' dir='ltr'><strong>tuo-</strong></span> 
     </span>
    </p>
   </div>
   <div class='ocr_carea' id='block_1_82' title="bbox 1123 1908 1886 1949">
    <p class='ocr_par' dir='ltr' id='par_1_82' title="bbox 1123 1908 1886 1949">
     <span class='ocr_line' id='line_1_82' title="bbox 1123 1908 1886 1949; baseline -0.001 -11"><span class='ocrx_word' id='word_1_665' title='bbox 1123 1919 1182 1938; x_wconf 87' lang='lat' dir='ltr'><strong>rum</strong></span> <span class='ocrx_word' id='word_1_666' title='bbox 1208 1912 1269 1947; x_wconf 77' lang='lat' dir='ltr'><strong>fige,</strong></span> <span class='ocrx_word' id='word_1_667' title='bbox 1295 1921 1326 1939; x_wconf 84' lang='lat' dir='ltr'><strong>uc</strong></span> <span class='ocrx_word' id='word_1_668' title='bbox 1347 1921 1451 1948; x_wconf 78' lang='lat' dir='ltr'><strong>parcas.</strong></span> <span class='ocrx_word' id='word_1_669' title='bbox 1472 1912 1604 1941; x_wconf 67' lang='lat' dir='ltr'><strong>Protendo</strong></span> <span class='ocrx_word' id='word_1_670' title='bbox 1627 1912 1770 1949; x_wconf 70' lang='lat' dir='ltr'><strong>funiculus,</strong></span> <span class='ocrx_word' id='word_1_671' title='bbox 1786 1915 1806 1937; x_wconf 76' lang='lat' dir='ltr'><strong>st</strong></span> <span class='ocrx_word' id='word_1_672' title='bbox 1825 1908 1886 1935; x_wconf 69' lang='lat' dir='ltr'><strong>dum</strong></span> 
     </span>
    </p>
   </div>
   <div class='ocr_carea' id='block_1_83' title="bbox 1124 1953 1884 1993">
    <p class='ocr_par' dir='ltr' id='par_1_83' title="bbox 1124 1953 1884 1993">
     <span class='ocr_line' id='line_1_83' title="bbox 1124 1953 1884 1993; baseline 0.001 -9"><span class='ocrx_word' id='word_1_673' title='bbox 1124 1962 1181 1984; x_wconf 85' lang='lat' dir='ltr'><strong>tuos</strong></span> <span class='ocrx_word' id='word_1_674' title='bbox 1197 1959 1318 1993; x_wconf 75' lang='lat' dir='ltr'><strong>conferta</strong></span> <span class='ocrx_word' id='word_1_675' title='bbox 1333 1959 1418 1985; x_wconf 79' lang='lat' dir='ltr'><strong>adhuc</strong></span> <span class='ocrx_word' id='word_1_676' title='bbox 1436 1959 1464 1986; x_wconf 86' lang='lat' dir='ltr'><strong>in</strong></span> <span class='ocrx_word' id='word_1_677' title='bbox 1479 1959 1588 1993; x_wconf 72' lang='lat' dir='ltr'><strong>dextris,</strong></span> <span class='ocrx_word' id='word_1_678' title='bbox 1609 1965 1635 1987; x_wconf 85' lang='lat' dir='ltr'><strong>et</strong></span> <span class='ocrx_word' id='word_1_679' title='bbox 1655 1960 1681 1986; x_wconf 90' lang='lat' dir='ltr'><strong>in</strong></span> <span class='ocrx_word' id='word_1_680' title='bbox 1700 1957 1802 1986; x_wconf 74' lang='lat' dir='ltr'><strong>sinistris</strong></span> <span class='ocrx_word' id='word_1_681' title='bbox 1816 1953 1884 1985; x_wconf 72' lang='grc' dir='ltr'>ιιιιαια.</span> 
     </span>
    </p>
   </div>
   <div class='ocr_carea' id='block_1_84' title="bbox 1125 2002 1887 2041">
    <p class='ocr_par' dir='ltr' id='par_1_84' title="bbox 1125 2002 1887 2041">
     <span class='ocr_line' id='line_1_84' title="bbox 1125 2002 1887 2041; baseline -0.004 -11"><span class='ocrx_word' id='word_1_682' title='bbox 1125 2009 1149 2031; x_wconf 85' lang='lat' dir='ltr'><strong>et</strong></span> <span class='ocrx_word' id='word_1_683' title='bbox 1163 2012 1248 2031; x_wconf 84' lang='lat' dir='ltr'><strong>semen</strong></span> <span class='ocrx_word' id='word_1_684' title='bbox 1264 2010 1335 2031; x_wconf 88' lang='lat' dir='ltr'><strong>tuum</strong></span> <span class='ocrx_word' id='word_1_685' title='bbox 1354 2005 1494 2040; x_wconf 75' lang='lat' dir='ltr'><strong>possidebit</strong></span> <span class='ocrx_word' id='word_1_686' title='bbox 1521 2011 1608 2041; x_wconf 79' lang='lat' dir='ltr'><strong>gentes</strong></span> <span class='ocrx_word' id='word_1_687' title='bbox 1618 2027 1626 2039; x_wconf 92' lang='lat'><strong>,</strong></span> <span class='ocrx_word' id='word_1_688' title='bbox 1644 2010 1667 2033; x_wconf 77' lang='lat' dir='ltr'><strong>et</strong></span> <span class='ocrx_word' id='word_1_689' title='bbox 1683 2005 1789 2032; x_wconf 75' lang='lat' dir='ltr'><strong>civitates</strong></span> <span class='ocrx_word' id='word_1_690' title='bbox 1802 2002 1887 2029; x_wconf 67' lang='lat' dir='ltr'><strong>desertas</strong></span> 
     </span>
    </p>
   </div>
   <div class='ocr_carea' id='block_1_85' title="bbox 1123 2050 1887 2087">
    <p class='ocr_par' dir='ltr' id='par_1_85' title="bbox 1123 2050 1887 2087">
     <span class='ocr_line' id='line_1_85' title="bbox 1123 2050 1887 2087; baseline -0.005 -10"><span class='ocrx_word' id='word_1_691' title='bbox 1123 2050 1242 2078; x_wconf 80' lang='lat' dir='ltr'><strong>habitare</strong></span> <span class='ocrx_word' id='word_1_692' title='bbox 1254 2053 1344 2087; x_wconf 72' lang='lat' dir='ltr'><strong>(acies.</strong></span> <span class='ocrx_word' id='word_1_693' title='bbox 1355 2052 1404 2079; x_wconf 75' lang='lat' dir='ltr'><strong>Cui</strong></span> <span class='ocrx_word' id='word_1_694' title='bbox 1422 2052 1528 2080; x_wconf 76' lang='lat' dir='ltr'><strong>dixerat</strong></span> <span class='ocrx_word' id='word_1_695' title='bbox 1539 2061 1546 2079; x_wconf 88' lang='lat'><strong>:</strong></span> <span class='ocrx_word' id='word_1_696' title='bbox 1559 2052 1666 2086; x_wconf 88' lang='lat' dir='ltr'><strong>Lauda,</strong></span> <span class='ocrx_word' id='word_1_697' title='bbox 1683 2051 1887 2084; x_wconf 70' lang='lat' dir='ltr'><strong>stt‘rilis,qttttt:0ll</strong></span> 
     </span>
    </p>
   </div>
   <div class='ocr_carea' id='block_1_86' title="bbox 1123 2091 1886 2134">
    <p class='ocr_par' dir='ltr' id='par_1_86' title="bbox 1123 2091 1886 2134">
     <span class='ocr_line' id='line_1_86' title="bbox 1123 2091 1886 2134; baseline -0.009 -10"><span class='ocrx_word' id='word_1_698' title='bbox 1123 2099 1211 2133; x_wconf 84' lang='lat' dir='ltr'><strong>paris;</strong></span> <span class='ocrx_word' id='word_1_699' title='bbox 1225 2106 1316 2133; x_wconf 82' lang='lat' dir='ltr'><strong>rumpe</strong></span> <span class='ocrx_word' id='word_1_700' title='bbox 1332 2099 1450 2132; x_wconf 70' lang='lat' dir='ltr'><strong>vincula,</strong></span> <span class='ocrx_word' id='word_1_701' title='bbox 1468 2098 1568 2134; x_wconf 90' lang='lat' dir='ltr'><strong>quibus</strong></span> <span class='ocrx_word' id='word_1_702' title='bbox 1582 2100 1660 2134; x_wconf 88' lang='lat' dir='ltr'><strong>prius</strong></span> <span class='ocrx_word' id='word_1_703' title='bbox 1675 2095 1805 2126; x_wconf 79' lang='lat' dir='ltr'><strong>tenebatis</strong></span> <span class='ocrx_word' id='word_1_704' title='bbox 1816 2091 1886 2121; x_wconf 77' lang='lat' dir='ltr'><strong>astric-</strong></span> 
     </span>
    </p>
   </div>
   <div class='ocr_carea' id='block_1_87' title="bbox 1123 2138 1888 2181">
    <p class='ocr_par' dir='ltr' id='par_1_87' title="bbox 1123 2138 1888 2181">
     <span class='ocr_line' id='line_1_87' title="bbox 1123 2138 1888 2181; baseline 0.001 -10"><span class='ocrx_word' id='word_1_705' title='bbox 1123 2148 1160 2178; x_wconf 87' lang='lat' dir='ltr'><strong>ta,</strong></span> <span class='ocrx_word' id='word_1_706' title='bbox 1173 2150 1196 2172; x_wconf 74' lang='lat' dir='ltr'><strong>et</strong></span> <span class='ocrx_word' id='word_1_707' title='bbox 1211 2144 1295 2172; x_wconf 84' lang='lat' dir='ltr'><strong>clama</strong></span> <span class='ocrx_word' id='word_1_708' title='bbox 1319 2146 1345 2173; x_wconf 89' lang='lat' dir='ltr'><strong>in</strong></span> <span class='ocrx_word' id='word_1_709' title='bbox 1371 2146 1575 2174; x_wconf 89' lang='lat' dir='ltr'><strong>confessionem</strong></span> <span class='ocrx_word' id='word_1_710' title='bbox 1601 2147 1723 2179; x_wconf 87' lang='lat' dir='ltr'><strong>Domini,</strong></span> <span class='ocrx_word' id='word_1_711' title='bbox 1742 2152 1796 2181; x_wconf 75' lang='lat' dir='ltr'><strong>qua:</strong></span> <span class='ocrx_word' id='word_1_712' title='bbox 1813 2138 1888 2169; x_wconf 62' lang='lat' dir='ltr'><strong>liberos</strong></span> 
     </span>
    </p>
   </div>
   <div class='ocr_carea' id='block_1_88' title="bbox 1123 2186 1888 2230">
    <p class='ocr_par' dir='ltr' id='par_1_88' title="bbox 1123 2186 1888 2230">
     <span class='ocr_line' id='line_1_88' title="bbox 1123 2186 1888 2230; baseline -0.005 -12"><span class='ocrx_word' id='word_1_713' title='bbox 1123 2200 1176 2218; x_wconf 85' lang='lat' dir='ltr'><strong>non</strong></span> <span class='ocrx_word' id='word_1_714' title='bbox 1195 2191 1324 2225; x_wconf 83' lang='lat' dir='ltr'><strong>habebas,</strong></span> <span class='ocrx_word' id='word_1_715' title='bbox 1348 2201 1418 2221; x_wconf 91' lang='lat' dir='ltr'><strong>nunc</strong></span> <span class='ocrx_word' id='word_1_716' title='bbox 1435 2194 1524 2221; x_wconf 86' lang='lat' dir='ltr'><strong>eidem</strong></span> <span class='ocrx_word' id='word_1_717' title='bbox 1545 2194 1706 2230; x_wconf 61' lang='lat' dir='ltr'><strong>praecipitur</strong></span> <span class='ocrx_word' id='word_1_718' title='bbox 1722 2193 1747 2220; x_wconf 88' lang='lat' dir='ltr'><strong>in</strong></span> <span class='ocrx_word' id='word_1_719' title='bbox 1761 2186 1888 2219; x_wconf 75' lang='lat' dir='ltr'><strong>similitudi-</strong></span> 
     </span>
    </p>
   </div>
   <div class='ocr_carea' id='block_1_89' title="bbox 1122 2235 1888 2277">
    <p class='ocr_par' dir='ltr' id='par_1_89' title="bbox 1122 2235 1888 2277">
     <span class='ocr_line' id='line_1_89' title="bbox 1122 2235 1888 2277; baseline -0.005 -11"><span class='ocrx_word' id='word_1_720' title='bbox 1122 2246 1184 2267; x_wconf 90' lang='lat' dir='ltr'><strong>nem</strong></span> <span class='ocrx_word' id='word_1_721' title='bbox 1212 2240 1381 2268; x_wconf 83' lang='lat' dir='ltr'><strong>tabernaculi</strong></span> <span class='ocrx_word' id='word_1_722' title='bbox 1415 2241 1517 2277; x_wconf 84' lang='lat' dir='ltr'><strong>Moysi,</strong></span> <span class='ocrx_word' id='word_1_723' title='bbox 1547 2242 1619 2277; x_wconf 90' lang='lat' dir='ltr'><strong>quod</strong></span> <span class='ocrx_word' id='word_1_724' title='bbox 1657 2241 1790 2277; x_wconf 87' lang='lat' dir='ltr'><strong>quondam</strong></span> <span class='ocrx_word' id='word_1_725' title='bbox 1819 2235 1888 2263; x_wconf 73' lang='lat' dir='ltr'><strong>habuit</strong></span> 
     </span>
    </p>
   </div>
   <div class='ocr_carea' id='block_1_90' title="bbox 1122 2282 1888 2323">
    <p class='ocr_par' dir='ltr' id='par_1_90' title="bbox 1122 2282 1888 2323">
     <span class='ocr_line' id='line_1_90' title="bbox 1122 2282 1888 2323; baseline -0.003 -10"><span class='ocrx_word' id='word_1_726' title='bbox 1122 2287 1226 2322; x_wconf 67' lang='lat' dir='ltr'><strong>(Exod.</strong></span> <span class='ocrx_word' id='word_1_727' title='bbox 1257 2288 1357 2323; x_wconf 77' lang='lat' dir='ltr'><strong>xxxvi)</strong></span> <span class='ocrx_word' id='word_1_728' title='bbox 1383 2288 1409 2315; x_wconf 92' lang='lat' dir='ltr'><strong>iu</strong></span> <span class='ocrx_word' id='word_1_729' title='bbox 1443 2289 1567 2321; x_wconf 85' lang='lat' dir='ltr'><strong>deserto,</strong></span> <span class='ocrx_word' id='word_1_730' title='bbox 1594 2294 1626 2316; x_wconf 88' lang='lat' dir='ltr'><strong>ut</strong></span> <span class='ocrx_word' id='word_1_731' title='bbox 1654 2289 1749 2317; x_wconf 76' lang='lat' dir='ltr'><strong>dilatet</strong></span> <span class='ocrx_word' id='word_1_732' title='bbox 1773 2282 1888 2314; x_wconf 78' lang='lat' dir='ltr'><strong>tentorium</strong></span> 
     </span>
    </p>
   </div>
   <div class='ocr_carea' id='block_1_91' title="bbox 267 2330 1889 2369">
    <p class='ocr_par' dir='ltr' id='par_1_91' title="bbox 267 2330 1889 2369">
     <span class='ocr_line' id='line_1_91' title="bbox 267 2330 1889 2369; baseline -0.002 -12"><span class='ocrx_word' id='word_1_733' title='bbox 267 2330 446 2358; x_wconf 89' lang='lat' dir='ltr'><strong>hebdomadis</strong></span> <span class='ocrx_word' id='word_1_734' title='bbox 458 2335 485 2357; x_wconf 87' lang='lat' dir='ltr'><strong>et</strong></span> <span class='ocrx_word' id='word_1_735' title='bbox 496 2330 612 2365; x_wconf 87' lang='lat' dir='ltr'><strong>sabbati,</strong></span> <span class='ocrx_word' id='word_1_736' title='bbox 626 2331 669 2357; x_wconf 82' lang='lat' dir='ltr'><strong>cui</strong></span> <span class='ocrx_word' id='word_1_737' title='bbox 680 2331 755 2365; x_wconf 76' lang='lat' dir='ltr'><strong>prlor</strong></span> <span class='ocrx_word' id='word_1_738' title='bbox 768 2330 883 2365; x_wconf 84' lang='lat' dir='ltr'><strong>populus</strong></span> <span class='ocrx_word' id='word_1_739' title='bbox 896 2330 983 2358; x_wconf 80' lang='lat' dir='ltr'><strong>fuerat</strong></span> <span class='ocrx_word' id='word_1_740' title='bbox 997 2331 1063 2358; x_wconf 40' lang='lat' dir='ltr'><strong>obli‘</strong></span> <span class='ocrx_word' id='word_1_741' title='bbox 1078 2331 1105 2362; x_wconf 89' lang='lat' dir='ltr'><strong>D</strong></span> <span class='ocrx_word' id='word_1_742' title='bbox 1117 2336 1207 2367; x_wconf 83' lang='lat' dir='ltr'><strong>suum,</strong></span> <span class='ocrx_word' id='word_1_743' title='bbox 1227 2334 1368 2369; x_wconf 73' lang='lat' dir='ltr'><strong>pollesque</strong></span> <span class='ocrx_word' id='word_1_744' title='bbox 1388 2335 1537 2367; x_wconf 76' lang='lat' dir='ltr'><strong>disloulet;</strong></span> <span class='ocrx_word' id='word_1_745' title='bbox 1559 2339 1585 2363; x_wconf 89' lang='lat' dir='ltr'><strong>ct</strong></span> <span class='ocrx_word' id='word_1_746' title='bbox 1606 2335 1747 2363; x_wconf 80' lang='lat' dir='ltr'><strong>funiculus</strong></span> <span class='ocrx_word' id='word_1_747' title='bbox 1761 2332 1831 2361; x_wconf 82' lang='lat' dir='ltr'><strong>faciat</strong></span> <span class='ocrx_word' id='word_1_748' title='bbox 1849 2330 1889 2355; x_wconf 90' lang='lat' dir='ltr'><strong>lon-</strong></span> 
     </span>
    </p>
   </div>
   <div class='ocr_carea' id='block_1_92' title="bbox 265 2372 1065 2413">
    <p class='ocr_par' dir='ltr' id='par_1_92' title="bbox 265 2372 1065 2413">
     <span class='ocr_line' id='line_1_92' title="bbox 265 2372 1065 2413; baseline 0.001 -9"><span class='ocrx_word' id='word_1_749' title='bbox 265 2382 354 2413; x_wconf 84' lang='lat' dir='ltr'><strong>gatus.</strong></span> <span class='ocrx_word' id='word_1_750' title='bbox 378 2377 441 2405; x_wconf 84' lang='lat' dir='ltr'><strong>Sive</strong></span> <span class='ocrx_word' id='word_1_751' title='bbox 469 2384 518 2413; x_wconf 91' lang='lat' dir='ltr'><strong>pro</strong></span> <span class='ocrx_word' id='word_1_752' title='bbox 542 2376 660 2412; x_wconf 87' lang='lat' dir='ltr'><strong>seplem,</strong></span> <span class='ocrx_word' id='word_1_753' title='bbox 685 2377 779 2412; x_wconf 90' lang='lat' dir='ltr'><strong>plures</strong></span> <span class='ocrx_word' id='word_1_754' title='bbox 800 2372 969 2413; x_wconf 82' lang='lat' dir='ltr'><strong>intelligendi</strong></span> <span class='ocrx_word' id='word_1_755' title='bbox 992 2382 1065 2413; x_wconf 86' lang='lat' dir='ltr'><strong>sunt,</strong></span> 
     </span>
    </p>
   </div>
   <div class='ocr_carea' id='block_1_93' title="bbox 264 2424 1066 2460">
    <p class='ocr_par' dir='ltr' id='par_1_93' title="bbox 264 2424 1066 2460">
     <span class='ocr_line' id='line_1_93' title="bbox 264 2424 1066 2460; baseline 0 -8"><span class='ocrx_word' id='word_1_756' title='bbox 264 2425 341 2460; x_wconf 83' lang='lat' dir='ltr'><strong>juxta</strong></span> <span class='ocrx_word' id='word_1_757' title='bbox 356 2424 462 2452; x_wconf 83' lang='lat' dir='ltr'><strong>Hebraei</strong></span> <span class='ocrx_word' id='word_1_758' title='bbox 475 2424 611 2451; x_wconf 87' lang='lat' dir='ltr'><strong>sermonis</strong></span> <span class='ocrx_word' id='word_1_759' title='bbox 626 2424 843 2459; x_wconf 79' lang='lat' dir='ltr'><strong>ambiguitatem,</strong></span> <span class='ocrx_word' id='word_1_760' title='bbox 857 2432 911 2459; x_wconf 86' lang='lat' dir='ltr'><strong>quo</strong></span> <span class='ocrx_word' id='word_1_761' title='bbox 927 2429 955 2452; x_wconf 85' lang='lat' dir='ltr'><strong>ct</strong></span> <span class='ocrx_word' id='word_1_762' title='bbox 969 2424 1066 2452; x_wconf 89' lang='lat' dir='ltr'><strong>sabba-</strong></span> 
     </span>
    </p>
   </div>
   <div class='ocr_carea' id='block_1_94' title="bbox 266 2469 1064 2506">
    <p class='ocr_par' dir='ltr' id='par_1_94' title="bbox 266 2469 1064 2506">
     <span class='ocr_line' id='line_1_94' title="bbox 266 2469 1064 2506; baseline -0.001 -8"><span class='ocrx_word' id='word_1_763' title='bbox 266 2475 323 2498; x_wconf 92' lang='lat' dir='ltr'><strong>tum</strong></span> <span class='ocrx_word' id='word_1_764' title='bbox 338 2469 509 2506; x_wconf 84' lang='lat' dir='ltr'><strong>siguilicutur</strong></span> <span class='ocrx_word' id='word_1_765' title='bbox 524 2474 551 2498; x_wconf 89' lang='lat' dir='ltr'><strong>et</strong></span> <span class='ocrx_word' id='word_1_766' title='bbox 567 2470 674 2505; x_wconf 86' lang='lat' dir='ltr'><strong>plures.</strong></span> <span class='ocrx_word' id='word_1_767' title='bbox 696 2470 732 2497; x_wconf 85' lang='lat' dir='ltr'><strong>De</strong></span> <span class='ocrx_word' id='word_1_768' title='bbox 748 2477 801 2505; x_wconf 91' lang='lat' dir='ltr'><strong>quo</strong></span> <span class='ocrx_word' id='word_1_769' title='bbox 822 2470 847 2497; x_wconf 94' lang='lat' dir='ltr'><strong>in</strong></span> <span class='ocrx_word' id='word_1_770' title='bbox 869 2470 1064 2499; x_wconf 84' lang='lat' dir='ltr'><strong>llebraicarum</strong></span> 
     </span>
    </p>
   </div>
   <div class='ocr_carea' id='block_1_95' title="bbox 263 2517 1064 2552">
    <p class='ocr_par' dir='ltr' id='par_1_95' title="bbox 263 2517 1064 2552">
     <span class='ocr_line' id='line_1_95' title="bbox 263 2517 1064 2552; baseline 0 -7"><span class='ocrx_word' id='word_1_771' title='bbox 263 2518 451 2552; x_wconf 68' lang='lat' dir='ltr'><strong>Quaestionum</strong></span> <span class='ocrx_word' id='word_1_772' title='bbox 475 2517 562 2551; x_wconf 81' lang='lat' dir='ltr'><strong>libro,</strong></span> <span class='ocrx_word' id='word_1_773' title='bbox 584 2525 665 2552; x_wconf 86' lang='lat' dir='ltr'><strong>quem</strong></span> <span class='ocrx_word' id='word_1_774' title='bbox 690 2517 717 2544; x_wconf 92' lang='lat' dir='ltr'><strong>in</strong></span> <span class='ocrx_word' id='word_1_775' title='bbox 738 2517 867 2545; x_wconf 86' lang='lat' dir='ltr'><strong>Genesim</strong></span> <span class='ocrx_word' id='word_1_776' title='bbox 892 2517 1064 2552; x_wconf 86' lang='lat' dir='ltr'><strong>scripsimus,</strong></span> 
     </span>
    </p>
   </div>
   <div class='ocr_carea' id='block_1_96' title="bbox 263 2563 1064 2601">
    <p class='ocr_par' dir='ltr' id='par_1_96' title="bbox 263 2563 1064 2601">
     <span class='ocr_line' id='line_1_96' title="bbox 263 2563 1064 2601; baseline -0.002 -8"><span class='ocrx_word' id='word_1_777' title='bbox 263 2566 372 2601; x_wconf 88' lang='lat' dir='ltr'><strong>plenius</strong></span> <span class='ocrx_word' id='word_1_778' title='bbox 391 2565 494 2593; x_wconf 88' lang='lat' dir='ltr'><strong>dictum</strong></span> <span class='ocrx_word' id='word_1_779' title='bbox 513 2568 566 2592; x_wconf 83' lang='lat' dir='ltr'><strong>est.</strong></span> <span class='ocrx_word' id='word_1_780' title='bbox 585 2563 649 2591; x_wconf 68' lang='lat' dir='ltr'><strong>llmc</strong></span> <span class='ocrx_word' id='word_1_781' title='bbox 664 2571 730 2599; x_wconf 88' lang='lat' dir='ltr'><strong>ergo</strong></span> <span class='ocrx_word' id='word_1_782' title='bbox 748 2572 808 2599; x_wconf 67' lang='lat' dir='ltr'><strong>quas</strong></span> <span class='ocrx_word' id='word_1_783' title='bbox 825 2564 956 2599; x_wconf 87' lang='lat' dir='ltr'><strong>quamdiu</strong></span> <span class='ocrx_word' id='word_1_784' title='bbox 977 2564 1064 2592; x_wconf 86' lang='lat' dir='ltr'><strong>virum</strong></span> 
     </span>
    </p>
   </div>
   <div class='ocr_carea' id='block_1_97' title="bbox 263 2611 1064 2647">
    <p class='ocr_par' dir='ltr' id='par_1_97' title="bbox 263 2611 1064 2647">
     <span class='ocr_line' id='line_1_97' title="bbox 263 2611 1064 2647; baseline -0.001 -7"><span class='ocrx_word' id='word_1_785' title='bbox 263 2614 378 2641; x_wconf 75' lang='lat' dir='ltr'><strong>habebat</strong></span> <span class='ocrx_word' id='word_1_786' title='bbox 399 2613 497 2644; x_wconf 85' lang='lat' dir='ltr'><strong>Deum,</strong></span> <span class='ocrx_word' id='word_1_787' title='bbox 522 2618 680 2639; x_wconf 87' lang='lat' dir='ltr'><strong>sermonem</strong></span> <span class='ocrx_word' id='word_1_788' title='bbox 696 2611 831 2643; x_wconf 86' lang='lat' dir='ltr'><strong>divinum,</strong></span> <span class='ocrx_word' id='word_1_789' title='bbox 853 2616 881 2639; x_wconf 86' lang='lat' dir='ltr'><strong>et</strong></span> <span class='ocrx_word' id='word_1_790' title='bbox 895 2611 1064 2647; x_wconf 76' lang='lat' dir='ltr'><strong>Legijuueta</strong></span> 
     </span>
    </p>
   </div>
   <div class='ocr_carea' id='block_1_98' title="bbox 264 2657 1064 2694">
    <p class='ocr_par' dir='ltr' id='par_1_98' title="bbox 264 2657 1064 2694">
     <span class='ocr_line' id='line_1_98' title="bbox 264 2657 1064 2694; baseline -0.004 -7"><span class='ocrx_word' id='word_1_791' title='bbox 264 2665 334 2692; x_wconf 82' lang='lat' dir='ltr'><strong>erat,</strong></span> <span class='ocrx_word' id='word_1_792' title='bbox 347 2659 497 2694; x_wconf 85' lang='lat' dir='ltr'><strong>generabat</strong></span> <span class='ocrx_word' id='word_1_793' title='bbox 513 2658 568 2685; x_wconf 90' lang='lat' dir='ltr'><strong>Deo</strong></span> <span class='ocrx_word' id='word_1_794' title='bbox 584 2657 716 2692; x_wconf 91' lang='lat' dir='ltr'><strong>plurimos</strong></span> <span class='ocrx_word' id='word_1_795' title='bbox 733 2657 803 2684; x_wconf 89' lang='lat' dir='ltr'><strong>lilios</strong></span> <span class='ocrx_word' id='word_1_796' title='bbox 821 2666 827 2684; x_wconf 94' lang='lat'>:</span> <span class='ocrx_word' id='word_1_797' title='bbox 843 2657 951 2692; x_wconf 84' lang='lat' dir='ltr'><strong>quando</strong></span> <span class='ocrx_word' id='word_1_798' title='bbox 971 2661 1064 2684; x_wconf 81' lang='lat' dir='ltr'><strong>autent</strong></span> 
     </span>
    </p>
   </div>
   <div class='ocr_carea' id='block_1_99' title="bbox 263 2705 1063 2742">
    <p class='ocr_par' dir='ltr' id='par_1_99' title="bbox 263 2705 1063 2742">
     <span class='ocr_line' id='line_1_99' title="bbox 263 2705 1063 2742; baseline -0.003 -8"><span class='ocrx_word' id='word_1_799' title='bbox 263 2708 368 2742; x_wconf 86' lang='lat' dir='ltr'><strong>accepit</strong></span> <span class='ocrx_word' id='word_1_800' title='bbox 393 2706 514 2734; x_wconf 85' lang='lat' dir='ltr'><strong>libellum</strong></span> <span class='ocrx_word' id='word_1_801' title='bbox 531 2705 655 2740; x_wconf 65' lang='lat' dir='ltr'><strong>repudii,</strong></span> <span class='ocrx_word' id='word_1_802' title='bbox 674 2709 701 2732; x_wconf 86' lang='lat' dir='ltr'><strong>et</strong></span> <span class='ocrx_word' id='word_1_803' title='bbox 715 2706 822 2732; x_wconf 80' lang='lat' dir='ltr'><strong>vocanti</strong></span> <span class='ocrx_word' id='word_1_804' title='bbox 838 2705 898 2732; x_wconf 85' lang='lat' dir='ltr'><strong>viro</strong></span> <span class='ocrx_word' id='word_1_805' title='bbox 915 2705 1004 2733; x_wconf 92' lang='lat' dir='ltr'><strong>noluit</strong></span> <span class='ocrx_word' id='word_1_806' title='bbox 1020 2713 1063 2733; x_wconf 87' lang='lat' dir='ltr'><strong>re-</strong></span> 
     </span>
    </p>
   </div>
   <div class='ocr_carea' id='block_1_100' title="bbox 262 2750 1062 2788">
    <p class='ocr_par' dir='ltr' id='par_1_100' title="bbox 262 2750 1062 2788">
     <span class='ocr_line' id='line_1_100' title="bbox 262 2750 1062 2788; baseline -0.003 -7"><span class='ocrx_word' id='word_1_807' title='bbox 262 2754 409 2788; x_wconf 74' lang='lat' dir='ltr'><strong>Spoudere,</strong></span> <span class='ocrx_word' id='word_1_808' title='bbox 423 2758 450 2781; x_wconf 83' lang='lat' dir='ltr'><strong>et</strong></span> <span class='ocrx_word' id='word_1_809' title='bbox 464 2752 584 2780; x_wconf 85' lang='lat' dir='ltr'><strong>audivit:</strong></span> <span class='ocrx_word' id='word_1_810' title='bbox 598 2750 671 2778; x_wconf 73' lang='lat' dir='ltr'><strong>Filia</strong></span> <span class='ocrx_word' id='word_1_811' title='bbox 687 2752 777 2778; x_wconf 73' lang='lat' dir='ltr'><strong>matris</strong></span> <span class='ocrx_word' id='word_1_812' title='bbox 789 2757 841 2779; x_wconf 64' lang='lat' dir='ltr'><strong>tum</strong></span> <span class='ocrx_word' id='word_1_813' title='bbox 858 2757 885 2778; x_wconf 80' lang='lat' dir='ltr'><strong>tu</strong></span> <span class='ocrx_word' id='word_1_814' title='bbox 899 2761 935 2785; x_wconf 75' lang='lat' dir='ltr'><strong>ea,</strong></span> <span class='ocrx_word' id='word_1_815' title='bbox 948 2760 1006 2788; x_wconf 75' lang='lat' dir='ltr'><strong>qua:</strong></span> <span class='ocrx_word' id='word_1_816' title='bbox 1018 2752 1062 2779; x_wconf 85' lang='lat' dir='ltr'><strong>de-</strong></span> 
     </span>
    </p>
   </div>
   <div class='ocr_carea' id='block_1_101' title="bbox 261 2799 1060 2837">
    <p class='ocr_par' dir='ltr' id='par_1_101' title="bbox 261 2799 1060 2837">
     <span class='ocr_line' id='line_1_101' title="bbox 261 2799 1060 2837; baseline -0.004 -8"><span class='ocrx_word' id='word_1_817' title='bbox 261 2803 388 2837; x_wconf 80' lang='lat' dir='ltr'><strong>reliquiin</strong></span> <span class='ocrx_word' id='word_1_818' title='bbox 402 2802 485 2828; x_wconf 79' lang='lat' dir='ltr'><strong>virum</strong></span> <span class='ocrx_word' id='word_1_819' title='bbox 500 2806 572 2828; x_wconf 85' lang='lat' dir='ltr'><strong>tuum</strong></span> <span class='ocrx_word' id='word_1_820' title='bbox 586 2800 596 2835; x_wconf 93' lang='lat'><strong>(</strong></span> <span class='ocrx_word' id='word_1_821' title='bbox 610 2799 704 2827; x_wconf 71' lang='grc' dir='ltr'>Ειιτιι.</span> <span class='ocrx_word' id='word_1_822' title='bbox 727 2807 784 2833; x_wconf 80' lang='lat' dir='ltr'><strong>xvr,</strong></span> <span class='ocrx_word' id='word_1_823' title='bbox 804 2800 837 2828; x_wconf 84' lang='grc'><strong>15</strong></span> <span class='ocrx_word' id='word_1_824' title='bbox 850 2800 870 2835; x_wconf 79' lang='grc'><strong>);</strong></span> <span class='ocrx_word' id='word_1_825' title='bbox 888 2800 921 2827; x_wconf 81' lang='lat' dir='ltr'><strong>Et</strong></span> <span class='ocrx_word' id='word_1_826' title='bbox 937 2800 1035 2827; x_wconf 89' lang='lat' dir='ltr'><strong>iterum</strong></span> <span class='ocrx_word' id='word_1_827' title='bbox 1053 2809 1060 2826; x_wconf 88' lang='lat'><strong>:</strong></span> 
     </span>
    </p>
   </div>
   <div class='ocr_carea' id='block_1_102' title="bbox 262 2847 1061 2882">
    <p class='ocr_par' dir='ltr' id='par_1_102' title="bbox 262 2847 1061 2882">
     <span class='ocr_line' id='line_1_102' title="bbox 262 2847 1061 2882; baseline -0.003 -7"><span class='ocrx_word' id='word_1_828' title='bbox 262 2849 324 2876; x_wconf 80' lang='lat' dir='ltr'><strong>Non</strong></span> <span class='ocrx_word' id='word_1_829' title='bbox 352 2853 379 2875; x_wconf 85' lang='lat' dir='ltr'><strong>ut</strong></span> <span class='ocrx_word' id='word_1_830' title='bbox 404 2847 543 2875; x_wconf 83' lang='lat' dir='ltr'><strong>Dominum</strong></span> <span class='ocrx_word' id='word_1_831' title='bbox 571 2850 611 2875; x_wconf 75' lang='lat' dir='ltr'><strong>me</strong></span> <span class='ocrx_word' id='word_1_832' title='bbox 638 2847 756 2874; x_wconf 76' lang='lat' dir='ltr'><strong>uocasti:</strong></span> <span class='ocrx_word' id='word_1_833' title='bbox 771 2854 850 2881; x_wconf 80' lang='lat' dir='ltr'><strong>neque</strong></span> <span class='ocrx_word' id='word_1_834' title='bbox 872 2851 900 2873; x_wconf 83' lang='lat' dir='ltr'><strong>ut</strong></span> <span class='ocrx_word' id='word_1_835' title='bbox 915 2852 1015 2882; x_wconf 82' lang='lat' dir='ltr'><strong>patrem</strong></span> <span class='ocrx_word' id='word_1_836' title='bbox 1037 2851 1061 2874; x_wconf 84' lang='lat' dir='ltr'><strong>et</strong></span> 
     </span>
    </p>
   </div>
   <div class='ocr_carea' id='block_1_103' title="bbox 259 2893 1060 2931">
    <p class='ocr_par' dir='ltr' id='par_1_103' title="bbox 259 2893 1060 2931">
     <span class='ocr_line' id='line_1_103' title="bbox 259 2893 1060 2931; baseline 0 -9"><span class='ocrx_word' id='word_1_837' title='bbox 259 2896 402 2931; x_wconf 75' lang='lat' dir='ltr'><strong>principem</strong></span> <span class='ocrx_word' id='word_1_838' title='bbox 416 2894 573 2929; x_wconf 76' lang='lat' dir='ltr'><strong>virginitatis</strong></span> <span class='ocrx_word' id='word_1_839' title='bbox 588 2899 639 2921; x_wconf 79' lang='lat' dir='ltr'><strong>me</strong></span> <span class='ocrx_word' id='word_1_840' title='bbox 653 2893 768 2929; x_wconf 64' lang='lat' dir='ltr'><strong>(dorem.</strong></span> <span class='ocrx_word' id='word_1_841' title='bbox 783 2901 823 2927; x_wconf 84' lang='lat' dir='ltr'><strong>nt,</strong></span> <span class='ocrx_word' id='word_1_842' title='bbox 838 2893 876 2928; x_wconf 74' lang='grc'><strong>4)</strong></span> <span class='ocrx_word' id='word_1_843' title='bbox 894 2902 900 2920; x_wconf 90' lang='lat'><strong><em>:</em></strong></span> <span class='ocrx_word' id='word_1_844' title='bbox 917 2897 1060 2928; x_wconf 69' lang='lat' dir='ltr'><strong>propterea</strong></span> 
     </span>
    </p>
   </div>
   <div class='ocr_carea' id='block_1_104' title="bbox 260 2939 1060 2976">
    <p class='ocr_par' dir='ltr' id='par_1_104' title="bbox 260 2939 1060 2976">
     <span class='ocr_line' id='line_1_104' title="bbox 260 2939 1060 2976; baseline -0.003 -6"><span class='ocrx_word' id='word_1_845' title='bbox 260 2942 287 2970; x_wconf 83' lang='lat' dir='ltr'><strong>iu</strong></span> <span class='ocrx_word' id='word_1_846' title='bbox 309 2944 360 2970; x_wconf 77' lang='lat' dir='ltr'><strong>hoc</strong></span> <span class='ocrx_word' id='word_1_847' title='bbox 375 2941 472 2969; x_wconf 75' lang='lat' dir='ltr'><strong>eodem</strong></span> <span class='ocrx_word' id='word_1_848' title='bbox 494 2940 629 2976; x_wconf 76' lang='lat' dir='ltr'><strong>PrOphetu</strong></span> <span class='ocrx_word' id='word_1_849' title='bbox 655 2940 792 2976; x_wconf 83' lang='lat' dir='ltr'><strong>plangitur</strong></span> <span class='ocrx_word' id='word_1_850' title='bbox 808 2950 815 2967; x_wconf 83' lang='lat'><strong><em>;</em></strong></span> <span class='ocrx_word' id='word_1_851' title='bbox 832 2939 969 2973; x_wconf 84' lang='lat' dir='ltr'><strong>Quomodo</strong></span> <span class='ocrx_word' id='word_1_852' title='bbox 991 2942 1060 2976; x_wconf 78' lang='lat' dir='ltr'><strong>facta</strong></span> 
     </span>
    </p>
   </div>
   <div class='ocr_carea' id='block_1_105' title="bbox 1118 2376 1887 2417">
    <p class='ocr_par' dir='ltr' id='par_1_105' title="bbox 1118 2376 1887 2417">
     <span class='ocr_line' id='line_1_105' title="bbox 1118 2376 1887 2417; baseline 0 -11"><span class='ocrx_word' id='word_1_853' title='bbox 1118 2380 1220 2415; x_wconf 84' lang='lat' dir='ltr'><strong>giorcs,</strong></span> <span class='ocrx_word' id='word_1_854' title='bbox 1236 2380 1263 2407; x_wconf 80' lang='lat' dir='ltr'><strong>e&#39;t</strong></span> <span class='ocrx_word' id='word_1_855' title='bbox 1279 2380 1381 2414; x_wconf 86' lang='lat' dir='ltr'><strong>clavos,</strong></span> <span class='ocrx_word' id='word_1_856' title='bbox 1397 2382 1495 2417; x_wconf 88' lang='lat' dir='ltr'><strong>quibus</strong></span> <span class='ocrx_word' id='word_1_857' title='bbox 1507 2378 1644 2410; x_wconf 67' lang='lat' dir='ltr'><strong>formatur</strong></span> <span class='ocrx_word' id='word_1_858' title='bbox 1661 2389 1743 2411; x_wconf 86' lang='lat' dir='ltr'><strong>omne</strong></span> <span class='ocrx_word' id='word_1_859' title='bbox 1761 2376 1887 2408; x_wconf 52' lang='lat' dir='ltr'><strong>teutm‘iumt</strong></span> 
     </span>
    </p>
   </div>
   <div class='ocr_carea' id='block_1_106' title="bbox 1119 2422 1890 2462">
    <p class='ocr_par' dir='ltr' id='par_1_106' title="bbox 1119 2422 1890 2462">
     <span class='ocr_line' id='line_1_106' title="bbox 1119 2422 1890 2462; baseline -0.008 -8"><span class='ocrx_word' id='word_1_860' title='bbox 1119 2425 1147 2454; x_wconf 90' lang='lat' dir='ltr'><strong>in</strong></span> <span class='ocrx_word' id='word_1_861' title='bbox 1162 2427 1245 2454; x_wconf 86' lang='lat' dir='ltr'><strong>altum</strong></span> <span class='ocrx_word' id='word_1_862' title='bbox 1266 2427 1377 2462; x_wconf 84' lang='lat' dir='ltr'><strong>deligat,</strong></span> <span class='ocrx_word' id='word_1_863' title='bbox 1395 2433 1422 2455; x_wconf 88' lang='lat' dir='ltr'><strong>et</strong></span> <span class='ocrx_word' id='word_1_864' title='bbox 1442 2429 1565 2462; x_wconf 85' lang='lat' dir='ltr'><strong>roboret,</strong></span> <span class='ocrx_word' id='word_1_865' title='bbox 1593 2437 1629 2456; x_wconf 88' lang='lat' dir='ltr'><strong>ne</strong></span> <span class='ocrx_word' id='word_1_866' title='bbox 1657 2433 1795 2456; x_wconf 73' lang='lat' dir='ltr'><strong>ventorum</strong></span> <span class='ocrx_word' id='word_1_867' title='bbox 1808 2422 1890 2452; x_wconf 82' lang='lat' dir='ltr'><strong>ﬂatibus</strong></span> 
     </span>
    </p>
   </div>
   <div class='ocr_carea' id='block_1_107' title="bbox 1116 2469 1890 2510">
    <p class='ocr_par' dir='ltr' id='par_1_107' title="bbox 1116 2469 1890 2510">
     <span class='ocr_line' id='line_1_107' title="bbox 1116 2469 1890 2510; baseline -0.001 -10"><span class='ocrx_word' id='word_1_868' title='bbox 1116 2473 1276 2508; x_wconf 82' lang='lat' dir='ltr'><strong>dissipetur.</strong></span> <span class='ocrx_word' id='word_1_869' title='bbox 1292 2474 1332 2501; x_wconf 85' lang='lat' dir='ltr'><strong>Ad</strong></span> <span class='ocrx_word' id='word_1_870' title='bbox 1351 2474 1530 2510; x_wconf 78' lang='lat' dir='ltr'><strong>dextramque</strong></span> <span class='ocrx_word' id='word_1_871' title='bbox 1545 2479 1673 2510; x_wconf 77' lang='lat' dir='ltr'><strong>penetret</strong></span> <span class='ocrx_word' id='word_1_872' title='bbox 1685 2479 1715 2503; x_wconf 86' lang='lat' dir='ltr'><strong>et</strong></span> <span class='ocrx_word' id='word_1_873' title='bbox 1725 2469 1890 2502; x_wconf 63' lang='lat' dir='ltr'><strong>Iinlstﬂmiel</strong></span> 
     </span>
    </p>
   </div>
   <div class='ocr_carea' id='block_1_108' title="bbox 1119 2514 1888 2555">
    <p class='ocr_par' dir='ltr' id='par_1_108' title="bbox 1119 2514 1888 2555">
     <span class='ocr_line' id='line_1_108' title="bbox 1119 2514 1888 2555; baseline -0.007 -9"><span class='ocrx_word' id='word_1_874' title='bbox 1119 2527 1291 2555; x_wconf 83' lang='lat' dir='ltr'><strong>nequaquam</strong></span> <span class='ocrx_word' id='word_1_875' title='bbox 1306 2519 1412 2548; x_wconf 68' lang='lat' dir='ltr'><strong>Iudaici</strong></span> <span class='ocrx_word' id='word_1_876' title='bbox 1433 2521 1602 2549; x_wconf 79' lang='lat' dir='ltr'><strong>tabernacull</strong></span> <span class='ocrx_word' id='word_1_877' title='bbox 1623 2522 1748 2549; x_wconf 76' lang='lat' dir='ltr'><strong>imitetur</strong></span> <span class='ocrx_word' id='word_1_878' title='bbox 1765 2514 1888 2553; x_wconf 76' lang='lat' dir='ltr'><strong>angustias,</strong></span> 
     </span>
    </p>
   </div>
   <div class='ocr_carea' id='block_1_109' title="bbox 1118 2565 1889 2603">
    <p class='ocr_par' dir='ltr' id='par_1_109' title="bbox 1118 2565 1889 2603">
     <span class='ocr_line' id='line_1_109' title="bbox 1118 2565 1889 2603; baseline 0.005 -9"><span class='ocrx_word' id='word_1_879' title='bbox 1118 2567 1191 2603; x_wconf 90' lang='lat' dir='ltr'><strong>quod</strong></span> <span class='ocrx_word' id='word_1_880' title='bbox 1212 2573 1322 2595; x_wconf 87' lang='lat' dir='ltr'><strong>centum</strong></span> <span class='ocrx_word' id='word_1_881' title='bbox 1345 2567 1524 2603; x_wconf 83' lang='lat' dir='ltr'><strong>longitudinis</strong></span> <span class='ocrx_word' id='word_1_882' title='bbox 1552 2569 1725 2602; x_wconf 65' lang='lat' dir='ltr'><strong>cubitorum;</strong></span> <span class='ocrx_word' id='word_1_883' title='bbox 1740 2571 1769 2596; x_wconf 79' lang='lat' dir='ltr'><strong>et</strong></span> <span class='ocrx_word' id='word_1_884' title='bbox 1783 2565 1889 2601; x_wconf 53' lang='lat' dir='ltr'><strong>quum&quot;</strong></span> 
     </span>
    </p>
   </div>
   <div class='ocr_carea' id='block_1_110' title="bbox 1115 2610 1890 2651">
    <p class='ocr_par' dir='ltr' id='par_1_110' title="bbox 1115 2610 1890 2651">
     <span class='ocr_line' id='line_1_110' title="bbox 1115 2610 1890 2651; baseline -0.005 -9"><span class='ocrx_word' id='word_1_885' title='bbox 1115 2614 1189 2649; x_wconf 87' lang='lat' dir='ltr'><strong>ginta</strong></span> <span class='ocrx_word' id='word_1_886' title='bbox 1218 2614 1370 2642; x_wconf 86' lang='lat' dir='ltr'><strong>latitudinis</strong></span> <span class='ocrx_word' id='word_1_887' title='bbox 1393 2615 1543 2649; x_wconf 80' lang='lat' dir='ltr'><strong>ambiebat,</strong></span> <span class='ocrx_word' id='word_1_888' title='bbox 1573 2624 1625 2644; x_wconf 89' lang='lat' dir='ltr'><strong>nec</strong></span> <span class='ocrx_word' id='word_1_889' title='bbox 1655 2615 1760 2651; x_wconf 77' lang='lat' dir='ltr'><strong>Templi</strong></span> <span class='ocrx_word' id='word_1_890' title='bbox 1783 2610 1890 2640; x_wconf 75' lang='lat' dir='ltr'><strong>brevitate</strong></span> 
     </span>
    </p>
   </div>
   <div class='ocr_carea' id='block_1_111' title="bbox 1115 2659 1888 2696">
    <p class='ocr_par' dir='ltr' id='par_1_111' title="bbox 1115 2659 1888 2696">
     <span class='ocr_line' id='line_1_111' title="bbox 1115 2659 1888 2696; baseline -0.003 -10"><span class='ocrx_word' id='word_1_891' title='bbox 1115 2659 1268 2692; x_wconf 78' lang='lat' dir='ltr'><strong>claudatur,</strong></span> <span class='ocrx_word' id='word_1_892' title='bbox 1282 2659 1355 2695; x_wconf 89' lang='lat' dir='ltr'><strong>quod</strong></span> <span class='ocrx_word' id='word_1_893' title='bbox 1370 2661 1508 2696; x_wconf 75' lang='lat' dir='ltr'><strong>sexaginta</strong></span> <span class='ocrx_word' id='word_1_894' title='bbox 1518 2661 1610 2690; x_wconf 80' lang='lat' dir='ltr'><strong>cubita</strong></span> <span class='ocrx_word' id='word_1_895' title='bbox 1625 2661 1781 2689; x_wconf 71' lang='lat' dir='ltr'><strong>habebatin</strong></span> <span class='ocrx_word' id='word_1_896' title='bbox 1792 2659 1888 2692; x_wconf 67' lang='lat' dir='ltr'><strong>longum,</strong></span> 
     </span>
    </p>
   </div>
   <div class='ocr_carea' id='block_1_112' title="bbox 1115 2706 1889 2742">
    <p class='ocr_par' dir='ltr' id='par_1_112' title="bbox 1115 2706 1889 2742">
     <span class='ocr_line' id='line_1_112' title="bbox 1115 2706 1889 2742; baseline -0.003 -8"><span class='ocrx_word' id='word_1_897' title='bbox 1115 2711 1143 2734; x_wconf 90' lang='lat' dir='ltr'><strong>et</strong></span> <span class='ocrx_word' id='word_1_898' title='bbox 1158 2708 1250 2742; x_wconf 81' lang='lat' dir='ltr'><strong>viginti</strong></span> <span class='ocrx_word' id='word_1_899' title='bbox 1268 2708 1294 2734; x_wconf 93' lang='lat' dir='ltr'><strong>in</strong></span> <span class='ocrx_word' id='word_1_900' title='bbox 1311 2708 1406 2735; x_wconf 87' lang='lat' dir='ltr'><strong>latutu.</strong></span> <span class='ocrx_word' id='word_1_901' title='bbox 1420 2708 1473 2736; x_wconf 84' lang='lat' dir='ltr'><strong>Sed</strong></span> <span class='ocrx_word' id='word_1_902' title='bbox 1486 2708 1520 2736; x_wconf 85' lang='lat' dir='ltr'><strong>ad</strong></span> <span class='ocrx_word' id='word_1_903' title='bbox 1531 2709 1675 2737; x_wconf 75' lang='lat' dir='ltr'><strong>dexteram</strong></span> <span class='ocrx_word' id='word_1_904' title='bbox 1690 2713 1719 2737; x_wconf 83' lang='lat' dir='ltr'><strong>et</strong></span> <span class='ocrx_word' id='word_1_905' title='bbox 1731 2708 1762 2736; x_wconf 90' lang='lat' dir='ltr'><strong>ad</strong></span> <span class='ocrx_word' id='word_1_906' title='bbox 1775 2706 1889 2734; x_wconf 74' lang='lat' dir='ltr'><strong>sia&#39;uIrnm</strong></span> 
     </span>
    </p>
   </div>
   <div class='ocr_carea' id='block_1_113' title="bbox 1113 2753 1890 2792">
    <p class='ocr_par' dir='ltr' id='par_1_113' title="bbox 1113 2753 1890 2792">
     <span class='ocr_line' id='line_1_113' title="bbox 1113 2753 1890 2792; baseline 0.005 -11"><span class='ocrx_word' id='word_1_907' title='bbox 1113 2754 1205 2781; x_wconf 90' lang='lat' dir='ltr'><strong>locum</strong></span> <span class='ocrx_word' id='word_1_908' title='bbox 1221 2762 1319 2789; x_wconf 84' lang='lat' dir='ltr'><strong>capere</strong></span> <span class='ocrx_word' id='word_1_909' title='bbox 1334 2762 1368 2782; x_wconf 88' lang='lat' dir='ltr'><strong>ne</strong></span> <span class='ocrx_word' id='word_1_910' title='bbox 1381 2760 1472 2782; x_wconf 82' lang='lat' dir='ltr'><strong>cesset</strong></span> <span class='ocrx_word' id='word_1_911' title='bbox 1487 2755 1592 2790; x_wconf 66' lang='lat' dir='ltr'><strong>(Emori.</strong></span> <span class='ocrx_word' id='word_1_912' title='bbox 1609 2764 1688 2783; x_wconf 79' lang='lat' dir='ltr'><strong>uvtt</strong></span> <span class='ocrx_word' id='word_1_913' title='bbox 1699 2756 1721 2792; x_wconf 59' lang='lat' dir='ltr'><strong>)a</strong></span> <span class='ocrx_word' id='word_1_914' title='bbox 1735 2755 1774 2782; x_wconf 79' lang='lat' dir='ltr'><strong>Ac</strong></span> <span class='ocrx_word' id='word_1_915' title='bbox 1789 2759 1819 2780; x_wconf 84' lang='lat' dir='ltr'><strong>ne</strong></span> <span class='ocrx_word' id='word_1_916' title='bbox 1832 2753 1890 2785; x_wconf 62' lang='grc' dir='ltr'><strong>μηδ’</strong></span> 
     </span>
    </p>
   </div>
   <div class='ocr_carea' id='block_1_114' title="bbox 1115 2798 1888 2836">
    <p class='ocr_par' dir='ltr' id='par_1_114' title="bbox 1115 2798 1888 2836">
     <span class='ocr_line' id='line_1_114' title="bbox 1115 2798 1888 2836; baseline -0.005 -9"><span class='ocrx_word' id='word_1_917' title='bbox 1115 2809 1176 2828; x_wconf 83' lang='lat' dir='ltr'><strong>inus</strong></span> <span class='ocrx_word' id='word_1_918' title='bbox 1194 2802 1246 2828; x_wconf 88' lang='lat' dir='ltr'><strong>hoc</strong></span> <span class='ocrx_word' id='word_1_919' title='bbox 1263 2801 1340 2836; x_wconf 77' lang='lat' dir='ltr'><strong>juxta</strong></span> <span class='ocrx_word' id='word_1_920' title='bbox 1360 2801 1485 2829; x_wconf 83' lang='lat' dir='ltr'><strong>frivolam</strong></span> <span class='ocrx_word' id='word_1_921' title='bbox 1511 2802 1693 2830; x_wconf 68' lang='lat' dir='ltr'><strong>llebrmorum</strong></span> <span class='ocrx_word' id='word_1_922' title='bbox 1713 2798 1888 2830; x_wconf 78' lang='lat' dir='ltr'><strong>contentionem</strong></span> 
     </span>
    </p>
   </div>
   <div class='ocr_carea' id='block_1_115' title="bbox 1115 2842 1889 2885">
    <p class='ocr_par' dir='ltr' id='par_1_115' title="bbox 1115 2842 1889 2885">
     <span class='ocr_line' id='line_1_115' title="bbox 1115 2842 1889 2885; baseline 0 -9"><span class='ocrx_word' id='word_1_923' title='bbox 1115 2849 1169 2876; x_wconf 89' lang='lat' dir='ltr'><strong>dici</strong></span> <span class='ocrx_word' id='word_1_924' title='bbox 1183 2849 1217 2876; x_wconf 85' lang='lat' dir='ltr'><strong>de</strong></span> <span class='ocrx_word' id='word_1_925' title='bbox 1234 2849 1317 2882; x_wconf 81' lang='lat' dir='ltr'><strong>Sion,</strong></span> <span class='ocrx_word' id='word_1_926' title='bbox 1336 2857 1397 2884; x_wconf 72' lang='lat' dir='ltr'><strong>qum</strong></span> <span class='ocrx_word' id='word_1_927' title='bbox 1419 2850 1445 2876; x_wconf 91' lang='lat' dir='ltr'><strong>in</strong></span> <span class='ocrx_word' id='word_1_928' title='bbox 1470 2849 1614 2885; x_wconf 81' lang='lat' dir='ltr'><strong>antiquum</strong></span> <span class='ocrx_word' id='word_1_929' title='bbox 1643 2855 1745 2878; x_wconf 81' lang='lat' dir='ltr'><strong>stutum</strong></span> <span class='ocrx_word' id='word_1_930' title='bbox 1764 2856 1777 2874; x_wconf 77' lang='lat' dir='ltr'><strong>a</strong></span> <span class='ocrx_word' id='word_1_931' title='bbox 1799 2842 1889 2874; x_wconf 63' lang='lat' dir='ltr'><strong>Domino</strong></span> 
     </span>
    </p>
   </div>
   <div class='ocr_carea' id='block_1_116' title="bbox 1115 2887 1889 2932">
    <p class='ocr_par' dir='ltr' id='par_1_116' title="bbox 1115 2887 1889 2932">
     <span class='ocr_line' id='line_1_116' title="bbox 1115 2887 1889 2932; baseline -0.005 -9"><span class='ocrx_word' id='word_1_932' title='bbox 1115 2895 1285 2923; x_wconf 79' lang='lat' dir='ltr'><strong>restituendo</strong></span> <span class='ocrx_word' id='word_1_933' title='bbox 1301 2896 1347 2927; x_wconf 81' lang='lat' dir='ltr'><strong>sit,</strong></span> <span class='ocrx_word' id='word_1_934' title='bbox 1367 2895 1443 2930; x_wconf 89' lang='lat' dir='ltr'><strong>ponit</strong></span> <span class='ocrx_word' id='word_1_935' title='bbox 1460 2896 1635 2925; x_wconf 82' lang='lat' dir='ltr'><strong>manifestius</strong></span> <span class='ocrx_word' id='word_1_936' title='bbox 1653 2896 1727 2932; x_wconf 78' lang='lat' dir='ltr'><strong>quod</strong></span> <span class='ocrx_word' id='word_1_937' title='bbox 1743 2894 1834 2922; x_wconf 79' lang='lat' dir='ltr'><strong>latebat</strong></span> <span class='ocrx_word' id='word_1_938' title='bbox 1847 2899 1852 2916; x_wconf 76' lang='grc' dir='ltr'><strong>ι</strong></span> <span class='ocrx_word' id='word_1_939' title='bbox 1864 2887 1889 2915; x_wconf 70' lang='lat' dir='ltr'><strong>Et</strong></span> 
     </span>
    </p>
   </div>
   <div class='ocr_carea' id='block_1_117' title="bbox 1114 2935 1888 2980">
    <p class='ocr_par' dir='ltr' id='par_1_117' title="bbox 1114 2935 1888 2980">
     <span class='ocr_line' id='line_1_117' title="bbox 1114 2935 1888 2980; baseline 0 -12"><span class='ocrx_word' id='word_1_940' title='bbox 1114 2948 1200 2968; x_wconf 79' lang='lat' dir='ltr'><strong>semen</strong></span> <span class='ocrx_word' id='word_1_941' title='bbox 1226 2946 1298 2969; x_wconf 70' lang='lat' dir='ltr'><strong>tuum</strong></span> <span class='ocrx_word' id='word_1_942' title='bbox 1321 2947 1408 2977; x_wconf 71' lang='lat' dir='ltr'><strong>gentes</strong></span> <span class='ocrx_word' id='word_1_943' title='bbox 1433 2942 1606 2971; x_wconf 75' lang='lat' dir='ltr'><strong>btereditabit.</strong></span> <span class='ocrx_word' id='word_1_944' title='bbox 1619 2943 1705 2980; x_wconf 53' lang='grc' dir='ltr'><strong>δίο</strong></span> <span class='ocrx_word' id='word_1_945' title='bbox 1719 2942 1815 2977; x_wconf 76' lang='lat' dir='ltr'><strong>Deque</strong></span> <span class='ocrx_word' id='word_1_946' title='bbox 1832 2939 1855 2966; x_wconf 67' lang='grc' dir='ltr'><strong>ει</strong></span> <span class='ocrx_word' id='word_1_947' title='bbox 1868 2935 1888 2962; x_wconf 69' lang='lat' dir='ltr'><strong>in</strong></span> 
     </span>
    </p>
   </div>
   <div class='ocr_carea' id='block_1_118' title="bbox 1055 3190 1947 3333">
    <p class='ocr_par' dir='ltr' id='par_1_118' title="bbox 1055 3190 1947 3333">
     <span class='ocr_line' id='line_1_118' title="bbox 1055 3190 1947 3333; baseline -0.001 1"><span class='ocrx_word' id='word_1_948' title='bbox 1107 3190 1947 3333; x_wconf 35' lang='grc' dir='ltr'><strong>ἠή-</strong></span> 
     </span>
    </p>
   </div>
  </div>
