  <div class='ocr_page' id='page_1' title='image "/cluster/home/n/w/nwhite01/storage/ocr_20150623/24/hvd.32044015471386/265.png"; bbox 0 0 4096 6330; ppageno 0'>
   <div class='ocr_carea' id='block_1_1' title="bbox 527 299 635 358">
    <p class='ocr_par' dir='ltr' id='par_1_1' title="bbox 527 299 635 358">
     <span class='ocr_line' id='line_1_1' title="bbox 527 299 635 358; baseline -0.019 0"><span class='ocrx_word' id='word_1_1' title='bbox 527 299 635 358; x_wconf 79' lang='grc'><strong>519</strong></span> 
     </span>
    </p>
   </div>
   <div class='ocr_carea' id='block_1_2' title="bbox 1811 292 2601 353">
    <p class='ocr_par' dir='ltr' id='par_1_2' title="bbox 1811 292 2601 353">
     <span class='ocr_line' id='line_1_2' title="bbox 1811 292 2601 353; baseline -0.004 0"><span class='ocrx_word' id='word_1_2' title='bbox 1811 294 1872 353; x_wconf 90' lang='lat' dir='ltr'><strong>S.</strong></span> <span class='ocrx_word' id='word_1_3' title='bbox 1917 293 2181 352; x_wconf 77' lang='lat' dir='ltr'><strong>EUSEBII</strong></span> <span class='ocrx_word' id='word_1_4' title='bbox 2223 292 2601 351; x_wconf 75' lang='lat' dir='ltr'><strong>lllEliONYMl</strong></span> 
     </span>
    </p>
   </div>
   <div class='ocr_carea' id='block_1_3' title="bbox 3735 299 3837 359">
    <p class='ocr_par' dir='ltr' id='par_1_3' title="bbox 3735 299 3837 359">
     <span class='ocr_line' id='line_1_3' title="bbox 3735 299 3837 359; baseline 0 -2"><span class='ocrx_word' id='word_1_5' title='bbox 3735 299 3837 359; x_wconf 64' lang='lat'><strong>510</strong></span> 
     </span>
    </p>
   </div>
   <div class='ocr_carea' id='block_1_4' title="bbox 523 413 3840 488">
    <p class='ocr_par' dir='ltr' id='par_1_4' title="bbox 523 413 3840 488">
     <span class='ocr_line' id='line_1_4' title="bbox 523 413 3840 488; baseline 0.002 -22"><span class='ocrx_word' id='word_1_6' title='bbox 523 414 669 488; x_wconf 86' lang='lat' dir='ltr'><strong>quod</strong></span> <span class='ocrx_word' id='word_1_7' title='bbox 701 421 812 482; x_wconf 89' lang='lat' dir='ltr'><strong>est,</strong></span> <span class='ocrx_word' id='word_1_8' title='bbox 841 413 1082 472; x_wconf 91' lang='lat' dir='ltr'><strong>omnium</strong></span> <span class='ocrx_word' id='word_1_9' title='bbox 1115 414 1206 486; x_wconf 91' lang='lat' dir='ltr'><strong>qui</strong></span> <span class='ocrx_word' id='word_1_10' title='bbox 1254 423 1542 471; x_wconf 86' lang='lat' dir='ltr'><strong>morantur</strong></span> <span class='ocrx_word' id='word_1_11' title='bbox 1587 431 1641 471; x_wconf 88' lang='lat' dir='ltr'><strong>tn</strong></span> <span class='ocrx_word' id='word_1_12' title='bbox 1675 424 1843 471; x_wconf 88' lang='lat' dir='ltr'><strong>terra.</strong></span> <span class='ocrx_word' id='word_1_13' title='bbox 1903 417 1979 472; x_wconf 86' lang='lat' dir='ltr'><strong>Ex</strong></span> <span class='ocrx_word' id='word_1_14' title='bbox 2013 431 2123 487; x_wconf 90' lang='lat' dir='ltr'><strong>quo</strong></span> <span class='ocrx_word' id='word_1_15' title='bbox 2153 423 2198 482; x_wconf 82' lang='grc' dir='ltr'><strong>Α</strong></span> <span class='ocrx_word' id='word_1_16' title='bbox 2228 429 2332 483; x_wconf 90' lang='lat' dir='ltr'><strong>que</strong></span> <span class='ocrx_word' id='word_1_17' title='bbox 2369 417 2680 486; x_wconf 79' lang='lat' dir='ltr'><strong>porrigere,</strong></span> <span class='ocrx_word' id='word_1_18' title='bbox 2735 423 2791 472; x_wconf 90' lang='lat' dir='ltr'><strong>et</strong></span> <span class='ocrx_word' id='word_1_19' title='bbox 2837 415 3110 472; x_wconf 77' lang='lat' dir='ltr'><strong>invidenti</strong></span> <span class='ocrx_word' id='word_1_20' title='bbox 3170 416 3358 488; x_wconf 80' lang='lat' dir='ltr'><strong>fratri,</strong></span> <span class='ocrx_word' id='word_1_21' title='bbox 3404 416 3562 487; x_wconf 89' lang='lat' dir='ltr'><strong>juxta</strong></span> <span class='ocrx_word' id='word_1_22' title='bbox 3616 415 3840 472; x_wconf 90' lang='lat' dir='ltr'><strong>alterius</strong></span> 
     </span>
    </p>
   </div>
   <div class='ocr_carea' id='block_1_5' title="bbox 528 509 2127 582">
    <p class='ocr_par' dir='ltr' id='par_1_5' title="bbox 528 509 2127 582">
     <span class='ocr_line' id='line_1_5' title="bbox 528 509 2127 582; baseline -0.001 -16"><span class='ocrx_word' id='word_1_23' title='bbox 528 510 814 580; x_wconf 83' lang='lat' dir='ltr'><strong>perSpicue</strong></span> <span class='ocrx_word' id='word_1_24' title='bbox 845 518 1015 580; x_wconf 90' lang='lat' dir='ltr'><strong>patet,</strong></span> <span class='ocrx_word' id='word_1_25' title='bbox 1043 524 1384 582; x_wconf 84' lang='lat' dir='ltr'><strong>nequaquam</strong></span> <span class='ocrx_word' id='word_1_26' title='bbox 1413 509 1520 565; x_wconf 90' lang='lat' dir='ltr'><strong>dici</strong></span> <span class='ocrx_word' id='word_1_27' title='bbox 1540 510 1608 564; x_wconf 86' lang='lat' dir='ltr'><strong>ad</strong></span> <span class='ocrx_word' id='word_1_28' title='bbox 1640 511 1974 578; x_wconf 77' lang='lat' dir='ltr'><strong>Jerusalem,</strong></span> <span class='ocrx_word' id='word_1_29' title='bbox 2008 525 2127 580; x_wconf 63' lang='lat' dir='ltr'><strong>quae</strong></span> 
     </span>
    </p>
   </div>
   <div class='ocr_carea' id='block_1_6' title="bbox 529 603 2128 674">
    <p class='ocr_par' dir='ltr' id='par_1_6' title="bbox 529 603 2128 674">
     <span class='ocr_line' id='line_1_6' title="bbox 529 603 2128 674; baseline 0.001 -15"><span class='ocrx_word' id='word_1_30' title='bbox 529 618 821 674; x_wconf 88' lang='lat' dir='ltr'><strong>numquam</strong></span> <span class='ocrx_word' id='word_1_31' title='bbox 854 603 907 658; x_wconf 92' lang='lat' dir='ltr'><strong>in</strong></span> <span class='ocrx_word' id='word_1_32' title='bbox 942 612 1056 658; x_wconf 87' lang='lat' dir='ltr'><strong>toto</strong></span> <span class='ocrx_word' id='word_1_33' title='bbox 1085 605 1220 660; x_wconf 88' lang='lat' dir='ltr'><strong>orbe</strong></span> <span class='ocrx_word' id='word_1_34' title='bbox 1247 603 1530 659; x_wconf 83' lang='lat' dir='ltr'><strong>dominata</strong></span> <span class='ocrx_word' id='word_1_35' title='bbox 1563 614 1688 661; x_wconf 85' lang='lat' dir='ltr'><strong>est:</strong></span> <span class='ocrx_word' id='word_1_36' title='bbox 1721 605 1815 660; x_wconf 91' lang='lat' dir='ltr'><strong>sed</strong></span> <span class='ocrx_word' id='word_1_37' title='bbox 1843 605 1910 660; x_wconf 90' lang='lat' dir='ltr'><strong>ad</strong></span> <span class='ocrx_word' id='word_1_38' title='bbox 1942 603 2128 660; x_wconf 84' lang='lat' dir='ltr'><strong>Eccle-</strong></span> 
     </span>
    </p>
   </div>
   <div class='ocr_carea' id='block_1_7' title="bbox 524 693 2128 767">
    <p class='ocr_par' dir='ltr' id='par_1_7' title="bbox 524 693 2128 767">
     <span class='ocr_line' id='line_1_7' title="bbox 524 693 2128 767; baseline -0.001 -16"><span class='ocrx_word' id='word_1_39' title='bbox 524 694 661 752; x_wconf 90' lang='lat' dir='ltr'><strong>siam</strong></span> <span class='ocrx_word' id='word_1_40' title='bbox 718 693 954 762; x_wconf 83' lang='lat' dir='ltr'><strong>Christi,</strong></span> <span class='ocrx_word' id='word_1_41' title='bbox 1009 696 1168 767; x_wconf 87' lang='lat' dir='ltr'><strong>cujus</strong></span> <span class='ocrx_word' id='word_1_42' title='bbox 1218 694 1547 762; x_wconf 78' lang='lat' dir='ltr'><strong>haereditas,</strong></span> <span class='ocrx_word' id='word_1_43' title='bbox 1601 695 1791 751; x_wconf 90' lang='lat' dir='ltr'><strong>mundi</strong></span> <span class='ocrx_word' id='word_1_44' title='bbox 1852 694 2128 766; x_wconf 87' lang='lat' dir='ltr'><strong>possessio</strong></span> 
     </span>
    </p>
   </div>
   <div class='ocr_carea' id='block_1_8' title="bbox 530 802 2125 935">
    <p class='ocr_par' dir='ltr' id='par_1_8' title="bbox 530 802 2125 935">
     <span class='ocr_line' id='line_1_8' title="bbox 530 802 2125 935; baseline -0.001 -17"><span class='ocrx_word' id='word_1_45' title='bbox 530 802 784 935; x_wconf 46' lang='lat' dir='ltr'><strong>est(.\’ers.</strong></span> <span class='ocrx_word' id='word_1_46' title='bbox 817 863 872 932; x_wconf 85' lang='lat'><strong>6,</strong></span> <span class='ocrx_word' id='word_1_47' title='bbox 905 864 985 933; x_wconf 84' lang='lat'><strong>7.)</strong></span> <span class='ocrx_word' id='word_1_48' title='bbox 1021 865 1155 932; x_wconf 83' lang='lat' dir='ltr'><strong>Quia</strong></span> <span class='ocrx_word' id='word_1_49' title='bbox 1186 875 1240 919; x_wconf 88' lang='lat' dir='ltr'><strong>ut</strong></span> <span class='ocrx_word' id='word_1_50' title='bbox 1283 865 1549 919; x_wconf 77' lang='lat' dir='ltr'><strong>mulierem</strong></span> <span class='ocrx_word' id='word_1_51' title='bbox 1596 863 1896 918; x_wconf 82' lang='lat' dir='ltr'><strong>derelictam</strong></span> <span class='ocrx_word' id='word_1_52' title='bbox 1926 871 1970 918; x_wconf 87' lang='lat' dir='ltr'><strong>et</strong></span> <span class='ocrx_word' id='word_1_53' title='bbox 2002 878 2125 917; x_wconf 74' lang='lat' dir='ltr'><strong>mae-</strong></span> 
     </span>
    </p>
   </div>
   <div class='ocr_carea' id='block_1_9' title="bbox 527 955 2128 1028">
    <p class='ocr_par' dir='ltr' id='par_1_9' title="bbox 527 955 2128 1028">
     <span class='ocr_line' id='line_1_9' title="bbox 527 955 2128 1028; baseline -0.001 -19"><span class='ocrx_word' id='word_1_54' title='bbox 527 966 721 1012; x_wconf 86' lang='lat' dir='ltr'><strong>rentem</strong></span> <span class='ocrx_word' id='word_1_55' title='bbox 767 957 953 1028; x_wconf 92' lang='lat' dir='ltr'><strong>spiritu</strong></span> <span class='ocrx_word' id='word_1_56' title='bbox 1006 959 1198 1012; x_wconf 79' lang='lat' dir='ltr'><strong>voravit</strong></span> <span class='ocrx_word' id='word_1_57' title='bbox 1247 967 1296 1011; x_wconf 88' lang='lat' dir='ltr'><strong>te</strong></span> <span class='ocrx_word' id='word_1_58' title='bbox 1347 956 1606 1012; x_wconf 77' lang='lat' dir='ltr'><strong>Dominus</strong></span> <span class='ocrx_word' id='word_1_59' title='bbox 1656 979 1672 1011; x_wconf 88' lang='lat'><strong>:</strong></span> <span class='ocrx_word' id='word_1_60' title='bbox 1721 967 1772 1012; x_wconf 91' lang='lat' dir='ltr'><strong>et</strong></span> <span class='ocrx_word' id='word_1_61' title='bbox 1826 970 2036 1010; x_wconf 74' lang='lat' dir='ltr'><strong>uxorem</strong></span> <span class='ocrx_word' id='word_1_62' title='bbox 2065 955 2128 1007; x_wconf 84' lang='lat' dir='ltr'><strong>ab</strong></span> 
     </span>
    </p>
   </div>
   <div class='ocr_carea' id='block_1_10' title="bbox 528 1050 2128 1123">
    <p class='ocr_par' dir='ltr' id='par_1_10' title="bbox 528 1050 2128 1123">
     <span class='ocr_line' id='line_1_10' title="bbox 528 1050 2128 1123; baseline -0.002 -19"><span class='ocrx_word' id='word_1_63' title='bbox 528 1051 875 1107; x_wconf 78' lang='lat' dir='ltr'><strong>adolescentia</strong></span> <span class='ocrx_word' id='word_1_64' title='bbox 896 1052 1177 1123; x_wconf 88' lang='lat' dir='ltr'><strong>abjectam,</strong></span> <span class='ocrx_word' id='word_1_65' title='bbox 1208 1053 1340 1107; x_wconf 72' lang='lat' dir='ltr'><strong>dixit</strong></span> <span class='ocrx_word' id='word_1_66' title='bbox 1357 1051 1496 1106; x_wconf 88' lang='lat' dir='ltr'><strong>Deus</strong></span> <span class='ocrx_word' id='word_1_67' title='bbox 1524 1062 1664 1105; x_wconf 89' lang='lat' dir='ltr'><strong>tuus.</strong></span> <span class='ocrx_word' id='word_1_68' title='bbox 1689 1050 1770 1104; x_wconf 85' lang='lat' dir='ltr'><strong>Ad</strong></span> <span class='ocrx_word' id='word_1_69' title='bbox 1799 1059 2045 1122; x_wconf 89' lang='lat' dir='ltr'><strong>punctum</strong></span> <span class='ocrx_word' id='word_1_70' title='bbox 2076 1050 2128 1102; x_wconf 92' lang='lat' dir='ltr'><strong>in</strong></span> 
     </span>
    </p>
   </div>
   <div class='ocr_carea' id='block_1_11' title="bbox 528 1142 2133 1216">
    <p class='ocr_par' dir='ltr' id='par_1_11' title="bbox 528 1142 2133 1216">
     <span class='ocr_line' id='line_1_11' title="bbox 528 1142 2133 1216; baseline -0.001 -20"><span class='ocrx_word' id='word_1_71' title='bbox 528 1143 731 1198; x_wconf 85' lang='lat' dir='ltr'><strong>modico</strong></span> <span class='ocrx_word' id='word_1_72' title='bbox 762 1144 1014 1216; x_wconf 87' lang='lat' dir='ltr'><strong>dereliqui</strong></span> <span class='ocrx_word' id='word_1_73' title='bbox 1035 1154 1084 1198; x_wconf 88' lang='lat' dir='ltr'><strong>te</strong></span> <span class='ocrx_word' id='word_1_74' title='bbox 1116 1161 1134 1198; x_wconf 92' lang='lat'><strong>:</strong></span> <span class='ocrx_word' id='word_1_75' title='bbox 1171 1154 1219 1199; x_wconf 89' lang='lat' dir='ltr'><strong>et</strong></span> <span class='ocrx_word' id='word_1_76' title='bbox 1246 1146 1298 1199; x_wconf 91' lang='lat' dir='ltr'><strong>in</strong></span> <span class='ocrx_word' id='word_1_77' title='bbox 1335 1143 1754 1199; x_wconf 79' lang='lat' dir='ltr'><strong>miserationibus</strong></span> <span class='ocrx_word' id='word_1_78' title='bbox 1784 1142 1984 1212; x_wconf 79' lang='lat' dir='ltr'><strong>magnis</strong></span> <span class='ocrx_word' id='word_1_79' title='bbox 2007 1157 2133 1195; x_wconf 88' lang='lat' dir='ltr'><strong>con-</strong></span> 
     </span>
    </p>
   </div>
   <div class='ocr_carea' id='block_1_12' title="bbox 525 1235 2130 1312">
    <p class='ocr_par' dir='ltr' id='par_1_12' title="bbox 525 1235 2130 1312">
     <span class='ocr_line' id='line_1_12' title="bbox 525 1235 2130 1312; baseline -0.003 -21"><span class='ocrx_word' id='word_1_80' title='bbox 525 1238 746 1310; x_wconf 89' lang='lat' dir='ltr'><strong>gregabo</strong></span> <span class='ocrx_word' id='word_1_81' title='bbox 778 1248 846 1293; x_wconf 88' lang='lat' dir='ltr'><strong>te.</strong></span> <span class='ocrx_word' id='word_1_82' title='bbox 891 1237 958 1292; x_wconf 79' lang='lat' dir='ltr'><strong>In</strong></span> <span class='ocrx_word' id='word_1_83' title='bbox 989 1248 1243 1292; x_wconf 86' lang='lat' dir='ltr'><strong>momento</strong></span> <span class='ocrx_word' id='word_1_84' title='bbox 1263 1238 1635 1312; x_wconf 83' lang='lat' dir='ltr'><strong>indignationis</strong></span> <span class='ocrx_word' id='word_1_85' title='bbox 1663 1236 1910 1291; x_wconf 83' lang='lat' dir='ltr'><strong>abscondi</strong></span> <span class='ocrx_word' id='word_1_86' title='bbox 1939 1235 2130 1306; x_wconf 82' lang='lat' dir='ltr'><strong>faciem</strong></span> 
     </span>
    </p>
   </div>
   <div class='ocr_carea' id='block_1_13' title="bbox 527 1330 2131 1403">
    <p class='ocr_par' dir='ltr' id='par_1_13' title="bbox 527 1330 2131 1403">
     <span class='ocr_line' id='line_1_13' title="bbox 527 1330 2131 1403; baseline -0.002 -18"><span class='ocrx_word' id='word_1_87' title='bbox 527 1347 688 1386; x_wconf 83' lang='lat' dir='ltr'><strong>meam</strong></span> <span class='ocrx_word' id='word_1_88' title='bbox 736 1347 1017 1403; x_wconf 83' lang='lat' dir='ltr'><strong>parumper</strong></span> <span class='ocrx_word' id='word_1_89' title='bbox 1043 1348 1077 1384; x_wconf 93' lang='lat' dir='ltr'><strong>a</strong></span> <span class='ocrx_word' id='word_1_90' title='bbox 1109 1340 1156 1386; x_wconf 91' lang='lat' dir='ltr'><strong>te</strong></span> <span class='ocrx_word' id='word_1_91' title='bbox 1179 1348 1198 1386; x_wconf 91' lang='lat'><strong>:</strong></span> <span class='ocrx_word' id='word_1_92' title='bbox 1238 1342 1286 1386; x_wconf 89' lang='lat' dir='ltr'><strong>et</strong></span> <span class='ocrx_word' id='word_1_93' title='bbox 1327 1333 1381 1386; x_wconf 90' lang='lat' dir='ltr'><strong>in</strong></span> <span class='ocrx_word' id='word_1_94' title='bbox 1421 1330 1777 1386; x_wconf 80' lang='lat' dir='ltr'><strong>misericordia</strong></span> <span class='ocrx_word' id='word_1_95' title='bbox 1816 1331 2131 1396; x_wconf 88' lang='lat' dir='ltr'><strong>sempiterna</strong></span> 
     </span>
    </p>
   </div>
   <div class='ocr_carea' id='block_1_14' title="bbox 528 1420 2129 1492">
    <p class='ocr_par' dir='ltr' id='par_1_14' title="bbox 528 1420 2129 1492">
     <span class='ocr_line' id='line_1_14' title="bbox 528 1420 2129 1492; baseline -0.004 -13"><span class='ocrx_word' id='word_1_96' title='bbox 528 1425 768 1480; x_wconf 84' lang='lat' dir='ltr'><strong>misertus</strong></span> <span class='ocrx_word' id='word_1_97' title='bbox 804 1441 920 1478; x_wconf 90' lang='lat' dir='ltr'><strong>sum</strong></span> <span class='ocrx_word' id='word_1_98' title='bbox 974 1425 1085 1492; x_wconf 91' lang='lat' dir='ltr'><strong>tui,</strong></span> <span class='ocrx_word' id='word_1_99' title='bbox 1138 1425 1270 1479; x_wconf 73' lang='lat' dir='ltr'><strong>dixit</strong></span> <span class='ocrx_word' id='word_1_100' title='bbox 1324 1427 1619 1492; x_wconf 85' lang='lat' dir='ltr'><strong>redemptor</strong></span> <span class='ocrx_word' id='word_1_101' title='bbox 1675 1431 1793 1476; x_wconf 87' lang='lat' dir='ltr'><strong>tuus</strong></span> <span class='ocrx_word' id='word_1_102' title='bbox 1854 1420 2129 1474; x_wconf 85' lang='lat' dir='ltr'><strong>Dominus.</strong></span> 
     </span>
    </p>
   </div>
   <div class='ocr_carea' id='block_1_15' title="bbox 527 1513 2133 1586">
    <p class='ocr_par' dir='ltr' id='par_1_15' title="bbox 527 1513 2133 1586">
     <span class='ocr_line' id='line_1_15' title="bbox 527 1513 2133 1586; baseline -0.004 -13"><span class='ocrx_word' id='word_1_103' title='bbox 527 1516 672 1573; x_wconf 59' lang='lat' dir='ltr'><strong>LXX</strong></span> <span class='ocrx_word' id='word_1_104' title='bbox 707 1535 721 1573; x_wconf 90' lang='lat'><strong>:</strong></span> <span class='ocrx_word' id='word_1_105' title='bbox 771 1515 894 1571; x_wconf 85' lang='lat' dir='ltr'><strong>Non</strong></span> <span class='ocrx_word' id='word_1_106' title='bbox 941 1527 999 1571; x_wconf 91' lang='lat' dir='ltr'><strong>ut</strong></span> <span class='ocrx_word' id='word_1_107' title='bbox 1047 1517 1316 1572; x_wconf 83' lang='lat' dir='ltr'><strong>mulierem</strong></span> <span class='ocrx_word' id='word_1_108' title='bbox 1344 1515 1646 1570; x_wconf 81' lang='lat' dir='ltr'><strong>derelictam</strong></span> <span class='ocrx_word' id='word_1_109' title='bbox 1671 1524 1716 1569; x_wconf 91' lang='lat' dir='ltr'><strong>et</strong></span> <span class='ocrx_word' id='word_1_110' title='bbox 1749 1513 2133 1586; x_wconf 84' lang='lat' dir='ltr'><strong>pusillanimem</strong></span> 
     </span>
    </p>
   </div>
   <div class='ocr_carea' id='block_1_16' title="bbox 526 1605 2135 1679">
    <p class='ocr_par' dir='ltr' id='par_1_16' title="bbox 526 1605 2135 1679">
     <span class='ocr_line' id='line_1_16' title="bbox 526 1605 2135 1679; baseline -0.004 -15"><span class='ocrx_word' id='word_1_111' title='bbox 526 1610 720 1664; x_wconf 89' lang='lat' dir='ltr'><strong>vocavit</strong></span> <span class='ocrx_word' id='word_1_112' title='bbox 747 1618 794 1664; x_wconf 88' lang='lat' dir='ltr'><strong>te</strong></span> <span class='ocrx_word' id='word_1_113' title='bbox 825 1607 1105 1678; x_wconf 82' lang='lat' dir='ltr'><strong>Dominus,</strong></span> <span class='ocrx_word' id='word_1_114' title='bbox 1143 1625 1306 1679; x_wconf 83' lang='lat' dir='ltr'><strong>neque</strong></span> <span class='ocrx_word' id='word_1_115' title='bbox 1334 1616 1393 1662; x_wconf 92' lang='lat' dir='ltr'><strong>ut</strong></span> <span class='ocrx_word' id='word_1_116' title='bbox 1426 1608 1692 1662; x_wconf 85' lang='lat' dir='ltr'><strong>mulierem</strong></span> <span class='ocrx_word' id='word_1_117' title='bbox 1715 1648 1729 1673; x_wconf 96' lang='lat'><strong>,</strong></span> <span class='ocrx_word' id='word_1_118' title='bbox 1759 1623 1873 1678; x_wconf 71' lang='lat' dir='ltr'><strong>qua:</strong></span> <span class='ocrx_word' id='word_1_119' title='bbox 1912 1605 1976 1659; x_wconf 92' lang='lat' dir='ltr'><strong>ab</strong></span> <span class='ocrx_word' id='word_1_120' title='bbox 2005 1607 2135 1659; x_wconf 83' lang='lat' dir='ltr'><strong>ado-</strong></span> 
     </span>
    </p>
   </div>
   <div class='ocr_carea' id='block_1_17' title="bbox 527 1698 2132 1769">
    <p class='ocr_par' dir='ltr' id='par_1_17' title="bbox 527 1698 2132 1769">
     <span class='ocr_line' id='line_1_17' title="bbox 527 1698 2132 1769; baseline -0.004 -12"><span class='ocrx_word' id='word_1_121' title='bbox 527 1702 768 1759; x_wconf 83' lang='lat' dir='ltr'><strong>lescentia</strong></span> <span class='ocrx_word' id='word_1_122' title='bbox 791 1704 974 1759; x_wconf 91' lang='lat' dir='ltr'><strong>odiosa</strong></span> <span class='ocrx_word' id='word_1_123' title='bbox 1005 1713 1079 1758; x_wconf 89' lang='lat' dir='ltr'><strong>est</strong></span> <span class='ocrx_word' id='word_1_124' title='bbox 1106 1745 1122 1769; x_wconf 91' lang='lat'><strong>,</strong></span> <span class='ocrx_word' id='word_1_125' title='bbox 1154 1703 1288 1758; x_wconf 76' lang='lat' dir='ltr'><strong>dixit</strong></span> <span class='ocrx_word' id='word_1_126' title='bbox 1308 1700 1450 1756; x_wconf 84' lang='lat' dir='ltr'><strong>Deus</strong></span> <span class='ocrx_word' id='word_1_127' title='bbox 1481 1711 1617 1756; x_wconf 88' lang='lat' dir='ltr'><strong>tuus.</strong></span> <span class='ocrx_word' id='word_1_128' title='bbox 1643 1699 1896 1769; x_wconf 84' lang='lat' dir='ltr'><strong>Tempore</strong></span> <span class='ocrx_word' id='word_1_129' title='bbox 1925 1698 2132 1754; x_wconf 88' lang='lat' dir='ltr'><strong>modico</strong></span> 
     </span>
    </p>
   </div>
   <div class='ocr_carea' id='block_1_18' title="bbox 526 1793 2209 1898">
    <p class='ocr_par' dir='ltr' id='par_1_18' title="bbox 526 1793 2209 1898">
     <span class='ocr_line' id='line_1_18' title="bbox 526 1793 2209 1898; baseline -0.002 -46"><span class='ocrx_word' id='word_1_130' title='bbox 526 1798 712 1869; x_wconf 84' lang='lat' dir='ltr'><strong>reliqui</strong></span> <span class='ocrx_word' id='word_1_131' title='bbox 732 1808 781 1852; x_wconf 88' lang='lat' dir='ltr'><strong>te</strong></span> <span class='ocrx_word' id='word_1_132' title='bbox 806 1814 824 1853; x_wconf 89' lang='lat'><strong>:</strong></span> <span class='ocrx_word' id='word_1_133' title='bbox 846 1807 892 1852; x_wconf 88' lang='lat' dir='ltr'><strong>et</strong></span> <span class='ocrx_word' id='word_1_134' title='bbox 918 1814 1036 1852; x_wconf 88' lang='lat' dir='ltr'><strong>cum</strong></span> <span class='ocrx_word' id='word_1_135' title='bbox 1053 1797 1403 1852; x_wconf 86' lang='lat' dir='ltr'><strong>misericordia</strong></span> <span class='ocrx_word' id='word_1_136' title='bbox 1430 1813 1618 1870; x_wconf 86' lang='lat' dir='ltr'><strong>magna</strong></span> <span class='ocrx_word' id='word_1_137' title='bbox 1642 1795 1917 1850; x_wconf 84' lang='lat' dir='ltr'><strong>miserebor</strong></span> <span class='ocrx_word' id='word_1_138' title='bbox 1945 1796 2037 1849; x_wconf 88' lang='lat' dir='ltr'><strong>tui.</strong></span> <span class='ocrx_word' id='word_1_139' title='bbox 2065 1793 2130 1848; x_wconf 90' lang='lat' dir='ltr'><strong>In</strong></span> <span class='ocrx_word' id='word_1_140' title='bbox 2160 1837 2209 1898; x_wconf 80' lang='grc' dir='ltr'><strong>Β</strong></span> 
     </span>
    </p>
   </div>
   <div class='ocr_carea' id='block_1_19' title="bbox 527 1891 2124 1964">
    <p class='ocr_par' dir='ltr' id='par_1_19' title="bbox 527 1891 2124 1964">
     <span class='ocr_line' id='line_1_19' title="bbox 527 1891 2124 1964; baseline -0.004 -16"><span class='ocrx_word' id='word_1_141' title='bbox 527 1893 705 1963; x_wconf 88' lang='lat' dir='ltr'><strong>furore</strong></span> <span class='ocrx_word' id='word_1_142' title='bbox 727 1910 883 1964; x_wconf 85' lang='lat' dir='ltr'><strong>parvo</strong></span> <span class='ocrx_word' id='word_1_143' title='bbox 912 1893 1075 1948; x_wconf 88' lang='lat' dir='ltr'><strong>averti</strong></span> <span class='ocrx_word' id='word_1_144' title='bbox 1099 1893 1286 1963; x_wconf 88' lang='lat' dir='ltr'><strong>faciem</strong></span> <span class='ocrx_word' id='word_1_145' title='bbox 1312 1908 1479 1946; x_wconf 90' lang='lat' dir='ltr'><strong>meam</strong></span> <span class='ocrx_word' id='word_1_146' title='bbox 1508 1908 1541 1944; x_wconf 93' lang='lat' dir='ltr'><strong>a</strong></span> <span class='ocrx_word' id='word_1_147' title='bbox 1569 1901 1616 1946; x_wconf 93' lang='lat' dir='ltr'><strong>te</strong></span> <span class='ocrx_word' id='word_1_148' title='bbox 1640 1907 1658 1945; x_wconf 92' lang='lat'><strong>:</strong></span> <span class='ocrx_word' id='word_1_149' title='bbox 1687 1899 1734 1945; x_wconf 91' lang='lat' dir='ltr'><strong>et</strong></span> <span class='ocrx_word' id='word_1_150' title='bbox 1762 1891 1816 1944; x_wconf 90' lang='lat' dir='ltr'><strong>in</strong></span> <span class='ocrx_word' id='word_1_151' title='bbox 1839 1891 2124 1944; x_wconf 80' lang='lat' dir='ltr'><strong>misericor-</strong></span> 
     </span>
    </p>
   </div>
   <div class='ocr_carea' id='block_1_20' title="bbox 525 1980 2124 2056">
    <p class='ocr_par' dir='ltr' id='par_1_20' title="bbox 525 1980 2124 2056">
     <span class='ocr_line' id='line_1_20' title="bbox 525 1980 2124 2056; baseline -0.004 -14"><span class='ocrx_word' id='word_1_152' title='bbox 525 1987 613 2042; x_wconf 87' lang='lat' dir='ltr'><strong>dia</strong></span> <span class='ocrx_word' id='word_1_153' title='bbox 639 1988 952 2056; x_wconf 87' lang='lat' dir='ltr'><strong>sempiterna</strong></span> <span class='ocrx_word' id='word_1_154' title='bbox 975 1985 1252 2041; x_wconf 89' lang='lat' dir='ltr'><strong>miserebor</strong></span> <span class='ocrx_word' id='word_1_155' title='bbox 1277 1986 1351 2039; x_wconf 89' lang='lat' dir='ltr'><strong>tui</strong></span> <span class='ocrx_word' id='word_1_156' title='bbox 1379 2002 1396 2039; x_wconf 89' lang='lat'><strong>:</strong></span> <span class='ocrx_word' id='word_1_157' title='bbox 1439 1985 1571 2039; x_wconf 76' lang='lat' dir='ltr'><strong>dixit</strong></span> <span class='ocrx_word' id='word_1_158' title='bbox 1599 1986 1686 2056; x_wconf 89' lang='lat' dir='ltr'><strong>qui</strong></span> <span class='ocrx_word' id='word_1_159' title='bbox 1714 1984 1844 2038; x_wconf 90' lang='lat' dir='ltr'><strong>eruit</strong></span> <span class='ocrx_word' id='word_1_160' title='bbox 1873 1992 1920 2037; x_wconf 90' lang='lat' dir='ltr'><strong>te</strong></span> <span class='ocrx_word' id='word_1_161' title='bbox 1940 1980 2124 2037; x_wconf 88' lang='lat' dir='ltr'><strong>Domi-</strong></span> 
     </span>
    </p>
   </div>
   <div class='ocr_carea' id='block_1_21' title="bbox 523 2076 2126 2138">
    <p class='ocr_par' dir='ltr' id='par_1_21' title="bbox 523 2076 2126 2138">
     <span class='ocr_line' id='line_1_21' title="bbox 523 2076 2126 2138; baseline -0.002 -2"><span class='ocrx_word' id='word_1_162' title='bbox 523 2097 640 2136; x_wconf 86' lang='lat' dir='ltr'><strong>nus.</strong></span> <span class='ocrx_word' id='word_1_163' title='bbox 675 2080 774 2138; x_wconf 86' lang='lat' dir='ltr'><strong>llic</strong></span> <span class='ocrx_word' id='word_1_164' title='bbox 799 2082 960 2136; x_wconf 82' lang='lat' dir='ltr'><strong>amici</strong></span> <span class='ocrx_word' id='word_1_165' title='bbox 999 2081 1317 2136; x_wconf 74' lang='lat' dir='ltr'><strong>Judaeorum</strong></span> <span class='ocrx_word' id='word_1_166' title='bbox 1352 2077 1611 2135; x_wconf 82' lang='lat' dir='ltr'><strong>vilificaut</strong></span> <span class='ocrx_word' id='word_1_167' title='bbox 1644 2078 1928 2133; x_wconf 88' lang='lat' dir='ltr'><strong>mulierem</strong></span> <span class='ocrx_word' id='word_1_168' title='bbox 1959 2076 2126 2133; x_wconf 90' lang='lat' dir='ltr'><strong>dere-</strong></span> 
     </span>
    </p>
   </div>
   <div class='ocr_carea' id='block_1_22' title="bbox 522 2171 2127 2242">
    <p class='ocr_par' dir='ltr' id='par_1_22' title="bbox 522 2171 2127 2242">
     <span class='ocr_line' id='line_1_22' title="bbox 522 2171 2127 2242; baseline -0.004 -11"><span class='ocrx_word' id='word_1_169' title='bbox 522 2175 706 2231; x_wconf 88' lang='lat' dir='ltr'><strong>lictam</strong></span> <span class='ocrx_word' id='word_1_170' title='bbox 740 2183 795 2231; x_wconf 88' lang='lat' dir='ltr'><strong>et</strong></span> <span class='ocrx_word' id='word_1_171' title='bbox 823 2190 1049 2230; x_wconf 86' lang='lat' dir='ltr'><strong>uxorem</strong></span> <span class='ocrx_word' id='word_1_172' title='bbox 1099 2179 1168 2228; x_wconf 88' lang='lat' dir='ltr'><strong>ab</strong></span> <span class='ocrx_word' id='word_1_173' title='bbox 1207 2172 1579 2229; x_wconf 79' lang='lat' dir='ltr'><strong>adolescentia</strong></span> <span class='ocrx_word' id='word_1_174' title='bbox 1611 2171 1878 2242; x_wconf 86' lang='lat' dir='ltr'><strong>abjectam</strong></span> <span class='ocrx_word' id='word_1_175' title='bbox 1913 2215 1926 2239; x_wconf 95' lang='lat'><strong>,</strong></span> <span class='ocrx_word' id='word_1_176' title='bbox 1962 2185 2127 2241; x_wconf 92' lang='lat' dir='ltr'><strong>quam</strong></span> 
     </span>
    </p>
   </div>
   <div class='ocr_carea' id='block_1_23' title="bbox 526 2264 2123 2341">
    <p class='ocr_par' dir='ltr' id='par_1_23' title="bbox 526 2264 2123 2341">
     <span class='ocr_line' id='line_1_23' title="bbox 526 2264 2123 2341; baseline -0.004 -15"><span class='ocrx_word' id='word_1_177' title='bbox 526 2269 596 2326; x_wconf 84' lang='lat' dir='ltr'><strong>ad</strong></span> <span class='ocrx_word' id='word_1_178' title='bbox 623 2279 881 2341; x_wconf 88' lang='lat' dir='ltr'><strong>punctum</strong></span> <span class='ocrx_word' id='word_1_179' title='bbox 917 2277 973 2324; x_wconf 88' lang='lat' dir='ltr'><strong>et</strong></span> <span class='ocrx_word' id='word_1_180' title='bbox 997 2268 1065 2322; x_wconf 91' lang='lat' dir='ltr'><strong>ad</strong></span> <span class='ocrx_word' id='word_1_181' title='bbox 1099 2267 1372 2323; x_wconf 87' lang='lat' dir='ltr'><strong>modicum</strong></span> <span class='ocrx_word' id='word_1_182' title='bbox 1403 2265 1698 2337; x_wconf 85' lang='lat' dir='ltr'><strong>dereliquit</strong></span> <span class='ocrx_word' id='word_1_183' title='bbox 1727 2264 2123 2330; x_wconf 90' lang='lat' dir='ltr'><strong>Dominus,Je-</strong></span> 
     </span>
    </p>
   </div>
   <div class='ocr_carea' id='block_1_24' title="bbox 526 2358 2128 2429">
    <p class='ocr_par' dir='ltr' id='par_1_24' title="bbox 526 2358 2128 2429">
     <span class='ocr_line' id='line_1_24' title="bbox 526 2358 2128 2429; baseline -0.005 -9"><span class='ocrx_word' id='word_1_184' title='bbox 526 2363 763 2420; x_wconf 85' lang='lat' dir='ltr'><strong>rusalem</strong></span> <span class='ocrx_word' id='word_1_185' title='bbox 814 2377 972 2427; x_wconf 86' lang='lat' dir='ltr'><strong>esse,</strong></span> <span class='ocrx_word' id='word_1_186' title='bbox 1019 2361 1284 2417; x_wconf 90' lang='lat' dir='ltr'><strong>dicentes.</strong></span> <span class='ocrx_word' id='word_1_187' title='bbox 1315 2360 1417 2427; x_wconf 86' lang='lat' dir='ltr'><strong>Qui</strong></span> <span class='ocrx_word' id='word_1_188' title='bbox 1466 2358 1809 2415; x_wconf 88' lang='lat' dir='ltr'><strong>abscondens</strong></span> <span class='ocrx_word' id='word_1_189' title='bbox 1834 2373 2128 2429; x_wconf 85' lang='lat' dir='ltr'><strong>parumper</strong></span> 
     </span>
    </p>
   </div>
   <div class='ocr_carea' id='block_1_25' title="bbox 524 2451 2129 2527">
    <p class='ocr_par' dir='ltr' id='par_1_25' title="bbox 524 2451 2129 2527">
     <span class='ocr_line' id='line_1_25' title="bbox 524 2451 2129 2527; baseline -0.004 -16"><span class='ocrx_word' id='word_1_190' title='bbox 524 2456 719 2513; x_wconf 80' lang='lat' dir='ltr'><strong>faciem</strong></span> <span class='ocrx_word' id='word_1_191' title='bbox 750 2472 903 2512; x_wconf 91' lang='lat' dir='ltr'><strong>suam</strong></span> <span class='ocrx_word' id='word_1_192' title='bbox 937 2458 1244 2527; x_wconf 88' lang='lat' dir='ltr'><strong>susceperit</strong></span> <span class='ocrx_word' id='word_1_193' title='bbox 1273 2471 1395 2512; x_wconf 91' lang='lat' dir='ltr'><strong>eam</strong></span> <span class='ocrx_word' id='word_1_194' title='bbox 1424 2455 1480 2510; x_wconf 89' lang='lat' dir='ltr'><strong>in</strong></span> <span class='ocrx_word' id='word_1_195' title='bbox 1511 2454 1906 2511; x_wconf 88' lang='lat' dir='ltr'><strong>misericordiis</strong></span> <span class='ocrx_word' id='word_1_196' title='bbox 1928 2451 2129 2522; x_wconf 85' lang='lat' dir='ltr'><strong>sempi-</strong></span> 
     </span>
    </p>
   </div>
   <div class='ocr_carea' id='block_1_26' title="bbox 530 2548 2126 2621">
    <p class='ocr_par' dir='ltr' id='par_1_26' title="bbox 530 2548 2126 2621">
     <span class='ocr_line' id='line_1_26' title="bbox 530 2548 2126 2621; baseline -0.003 -16"><span class='ocrx_word' id='word_1_197' title='bbox 530 2551 705 2606; x_wconf 88' lang='lat' dir='ltr'><strong>ternis</strong></span> <span class='ocrx_word' id='word_1_198' title='bbox 733 2592 748 2616; x_wconf 90' lang='lat'><strong>,</strong></span> <span class='ocrx_word' id='word_1_199' title='bbox 799 2561 852 2605; x_wconf 90' lang='lat' dir='ltr'><strong>et</strong></span> <span class='ocrx_word' id='word_1_200' title='bbox 880 2549 1125 2606; x_wconf 86' lang='lat' dir='ltr'><strong>dolorem</strong></span> <span class='ocrx_word' id='word_1_201' title='bbox 1160 2549 1496 2621; x_wconf 71' lang='lat' dir='ltr'><strong>praeteritum</strong></span> <span class='ocrx_word' id='word_1_202' title='bbox 1522 2590 1537 2616; x_wconf 97' lang='lat'><strong>,</strong></span> <span class='ocrx_word' id='word_1_203' title='bbox 1585 2548 1788 2620; x_wconf 91' lang='lat' dir='ltr'><strong>gaudio</strong></span> <span class='ocrx_word' id='word_1_204' title='bbox 1817 2556 2126 2602; x_wconf 85' lang='lat' dir='ltr'><strong>commuta-</strong></span> 
     </span>
    </p>
   </div>
   <div class='ocr_carea' id='block_1_27' title="bbox 523 2640 2131 2713">
    <p class='ocr_par' dir='ltr' id='par_1_27' title="bbox 523 2640 2131 2713">
     <span class='ocr_line' id='line_1_27' title="bbox 523 2640 2131 2713; baseline -0.003 -15"><span class='ocrx_word' id='word_1_205' title='bbox 523 2643 616 2699; x_wconf 87' lang='lat' dir='ltr'><strong>rit.</strong></span> <span class='ocrx_word' id='word_1_206' title='bbox 652 2642 934 2713; x_wconf 81' lang='lat' dir='ltr'><strong>liocjuxta</strong></span> <span class='ocrx_word' id='word_1_207' title='bbox 962 2643 1314 2698; x_wconf 75' lang='lat' dir='ltr'><strong>l-lebraicum.</strong></span> <span class='ocrx_word' id='word_1_208' title='bbox 1339 2642 1512 2698; x_wconf 93' lang='lat' dir='ltr'><strong>Porro</strong></span> <span class='ocrx_word' id='word_1_209' title='bbox 1530 2643 1686 2712; x_wconf 86' lang='lat' dir='ltr'><strong>juxta</strong></span> <span class='ocrx_word' id='word_1_210' title='bbox 1709 2640 1874 2713; x_wconf 70' lang='lat'><strong>632</strong></span> <span class='ocrx_word' id='word_1_211' title='bbox 1901 2640 2131 2711; x_wconf 87' lang='lat' dir='ltr'><strong>Septua-</strong></span> 
     </span>
    </p>
   </div>
   <div class='ocr_carea' id='block_1_28' title="bbox 526 2735 2132 2808">
    <p class='ocr_par' dir='ltr' id='par_1_28' title="bbox 526 2735 2132 2808">
     <span class='ocr_line' id='line_1_28' title="bbox 526 2735 2132 2808; baseline -0.002 -16"><span class='ocrx_word' id='word_1_212' title='bbox 526 2738 674 2808; x_wconf 83' lang='lat' dir='ltr'><strong>ginta</strong></span> <span class='ocrx_word' id='word_1_213' title='bbox 705 2753 812 2792; x_wconf 90' lang='lat' dir='ltr'><strong>non</strong></span> <span class='ocrx_word' id='word_1_214' title='bbox 839 2751 960 2792; x_wconf 87' lang='lat' dir='ltr'><strong>eam</strong></span> <span class='ocrx_word' id='word_1_215' title='bbox 993 2736 1130 2792; x_wconf 82' lang='lat' dir='ltr'><strong>dicit</strong></span> <span class='ocrx_word' id='word_1_216' title='bbox 1159 2737 1319 2807; x_wconf 89' lang='lat' dir='ltr'><strong>quasi</strong></span> <span class='ocrx_word' id='word_1_217' title='bbox 1364 2736 1682 2793; x_wconf 88' lang='lat' dir='ltr'><strong>derelictam</strong></span> <span class='ocrx_word' id='word_1_218' title='bbox 1716 2735 2032 2800; x_wconf 89' lang='lat' dir='ltr'><strong>mulierem,</strong></span> <span class='ocrx_word' id='word_1_219' title='bbox 2075 2743 2132 2790; x_wconf 89' lang='lat' dir='ltr'><strong>et</strong></span> 
     </span>
    </p>
   </div>
   <div class='ocr_carea' id='block_1_29' title="bbox 525 2827 2126 2902">
    <p class='ocr_par' dir='ltr' id='par_1_29' title="bbox 525 2827 2126 2902">
     <span class='ocr_line' id='line_1_29' title="bbox 525 2827 2126 2902; baseline -0.002 -17"><span class='ocrx_word' id='word_1_220' title='bbox 525 2830 932 2902; x_wconf 74' lang='lat' dir='ltr'><strong>pusillanimem</strong></span> <span class='ocrx_word' id='word_1_221' title='bbox 963 2839 1211 2884; x_wconf 82' lang='lat' dir='ltr'><strong>vocatam</strong></span> <span class='ocrx_word' id='word_1_222' title='bbox 1244 2844 1275 2883; x_wconf 87' lang='lat' dir='ltr'><strong>a</strong></span> <span class='ocrx_word' id='word_1_223' title='bbox 1303 2829 1537 2885; x_wconf 89' lang='lat' dir='ltr'><strong>Domino</strong></span> <span class='ocrx_word' id='word_1_224' title='bbox 1569 2846 1582 2883; x_wconf 93' lang='lat'><strong>:</strong></span> <span class='ocrx_word' id='word_1_225' title='bbox 1617 2842 1795 2900; x_wconf 91' lang='lat' dir='ltr'><strong>neque</strong></span> <span class='ocrx_word' id='word_1_226' title='bbox 1820 2827 1964 2883; x_wconf 82' lang='lat' dir='ltr'><strong>sicut</strong></span> <span class='ocrx_word' id='word_1_227' title='bbox 1991 2842 2126 2883; x_wconf 89' lang='lat' dir='ltr'><strong>uxo-</strong></span> 
     </span>
    </p>
   </div>
   <div class='ocr_carea' id='block_1_30' title="bbox 524 2919 2127 2996">
    <p class='ocr_par' dir='ltr' id='par_1_30' title="bbox 524 2919 2127 2996">
     <span class='ocr_line' id='line_1_30' title="bbox 524 2919 2127 2996; baseline -0.004 -15"><span class='ocrx_word' id='word_1_228' title='bbox 524 2941 643 2990; x_wconf 79' lang='lat' dir='ltr'><strong>rem</strong></span> <span class='ocrx_word' id='word_1_229' title='bbox 668 2967 682 2991; x_wconf 89' lang='lat'><strong>,</strong></span> <span class='ocrx_word' id='word_1_230' title='bbox 727 2940 848 2996; x_wconf 73' lang='lat' dir='ltr'><strong>qua:</strong></span> <span class='ocrx_word' id='word_1_231' title='bbox 894 2924 963 2978; x_wconf 86' lang='lat' dir='ltr'><strong>ab</strong></span> <span class='ocrx_word' id='word_1_232' title='bbox 989 2923 1363 2979; x_wconf 86' lang='lat' dir='ltr'><strong>adolescentia</strong></span> <span class='ocrx_word' id='word_1_233' title='bbox 1403 2923 1532 2978; x_wconf 93' lang='lat' dir='ltr'><strong>odio</strong></span> <span class='ocrx_word' id='word_1_234' title='bbox 1561 2923 1743 2979; x_wconf 84' lang='lat' dir='ltr'><strong>habita</strong></span> <span class='ocrx_word' id='word_1_235' title='bbox 1771 2922 1881 2987; x_wconf 87' lang='lat' dir='ltr'><strong>sit;</strong></span> <span class='ocrx_word' id='word_1_236' title='bbox 1923 2920 2019 2976; x_wconf 91' lang='lat' dir='ltr'><strong>sed</strong></span> <span class='ocrx_word' id='word_1_237' title='bbox 2046 2919 2127 2974; x_wconf 86' lang='lat' dir='ltr'><strong>id-</strong></span> 
     </span>
    </p>
   </div>
   <div class='ocr_carea' id='block_1_31' title="bbox 523 3011 2126 3083">
    <p class='ocr_par' dir='ltr' id='par_1_31' title="bbox 523 3011 2126 3083">
     <span class='ocr_line' id='line_1_31' title="bbox 523 3011 2126 3083; baseline -0.004 -10"><span class='ocrx_word' id='word_1_238' title='bbox 523 3017 674 3073; x_wconf 91' lang='lat' dir='ltr'><strong>circo</strong></span> <span class='ocrx_word' id='word_1_239' title='bbox 701 3029 761 3072; x_wconf 88' lang='lat' dir='ltr'><strong>se</strong></span> <span class='ocrx_word' id='word_1_240' title='bbox 788 3031 908 3072; x_wconf 89' lang='lat' dir='ltr'><strong>eam</strong></span> <span class='ocrx_word' id='word_1_241' title='bbox 954 3015 1020 3070; x_wconf 89' lang='lat' dir='ltr'><strong>ad</strong></span> <span class='ocrx_word' id='word_1_242' title='bbox 1069 3013 1342 3070; x_wconf 91' lang='lat' dir='ltr'><strong>modicum</strong></span> <span class='ocrx_word' id='word_1_243' title='bbox 1392 3014 1680 3083; x_wconf 85' lang='lat' dir='ltr'><strong>reliquisse</strong></span> <span class='ocrx_word' id='word_1_244' title='bbox 1709 3059 1722 3082; x_wconf 89' lang='lat'><strong>,</strong></span> <span class='ocrx_word' id='word_1_245' title='bbox 1757 3023 1813 3070; x_wconf 89' lang='lat' dir='ltr'><strong>et</strong></span> <span class='ocrx_word' id='word_1_246' title='bbox 1859 3011 2126 3067; x_wconf 88' lang='lat' dir='ltr'><strong>avertisse</strong></span> 
     </span>
    </p>
   </div>
   <div class='ocr_carea' id='block_1_32' title="bbox 531 3104 2131 3178">
    <p class='ocr_par' dir='ltr' id='par_1_32' title="bbox 531 3104 2131 3178">
     <span class='ocr_line' id='line_1_32' title="bbox 531 3104 2131 3178; baseline -0.004 -12"><span class='ocrx_word' id='word_1_247' title='bbox 531 3109 724 3166; x_wconf 81' lang='lat' dir='ltr'><strong>faciem</strong></span> <span class='ocrx_word' id='word_1_248' title='bbox 757 3125 911 3164; x_wconf 91' lang='lat' dir='ltr'><strong>suam</strong></span> <span class='ocrx_word' id='word_1_249' title='bbox 939 3153 954 3178; x_wconf 98' lang='lat'><strong>,</strong></span> <span class='ocrx_word' id='word_1_250' title='bbox 987 3118 1048 3163; x_wconf 91' lang='lat' dir='ltr'><strong>ut</strong></span> <span class='ocrx_word' id='word_1_251' title='bbox 1093 3108 1419 3165; x_wconf 86' lang='lat' dir='ltr'><strong>misereatur</strong></span> <span class='ocrx_word' id='word_1_252' title='bbox 1467 3107 1612 3163; x_wconf 91' lang='lat' dir='ltr'><strong>illius</strong></span> <span class='ocrx_word' id='word_1_253' title='bbox 1655 3110 1708 3162; x_wconf 91' lang='lat' dir='ltr'><strong>in</strong></span> <span class='ocrx_word' id='word_1_254' title='bbox 1755 3117 2042 3163; x_wconf 64' lang='lat' dir='ltr'><strong>aeternum.</strong></span> <span class='ocrx_word' id='word_1_255' title='bbox 2072 3104 2131 3161; x_wconf 90' lang='lat' dir='ltr'><strong>Si</strong></span> 
     </span>
    </p>
   </div>
   <div class='ocr_carea' id='block_1_33' title="bbox 528 3197 2128 3274">
    <p class='ocr_par' dir='ltr' id='par_1_33' title="bbox 528 3197 2128 3274">
     <span class='ocr_line' id='line_1_33' title="bbox 528 3197 2128 3274; baseline -0.003 -16"><span class='ocrx_word' id='word_1_256' title='bbox 528 3218 662 3274; x_wconf 88' lang='lat' dir='ltr'><strong>ergo</strong></span> <span class='ocrx_word' id='word_1_257' title='bbox 705 3201 878 3258; x_wconf 80' lang='lat' dir='ltr'><strong>Judaei</strong></span> <span class='ocrx_word' id='word_1_258' title='bbox 915 3212 970 3258; x_wconf 91' lang='lat' dir='ltr'><strong>et</strong></span> <span class='ocrx_word' id='word_1_259' title='bbox 1016 3201 1590 3273; x_wconf 88' lang='lat' dir='ltr'><strong>nostrijudaizantes,</strong></span> <span class='ocrx_word' id='word_1_260' title='bbox 1622 3202 1813 3256; x_wconf 89' lang='lat' dir='ltr'><strong>dicunt</strong></span> <span class='ocrx_word' id='word_1_261' title='bbox 1841 3199 2008 3256; x_wconf 88' lang='lat' dir='ltr'><strong>Israel</strong></span> <span class='ocrx_word' id='word_1_262' title='bbox 2061 3197 2128 3254; x_wconf 90' lang='lat' dir='ltr'><strong>ad</strong></span> 
     </span>
    </p>
   </div>
   <div class='ocr_carea' id='block_1_34' title="bbox 529 3292 2127 3364">
    <p class='ocr_par' dir='ltr' id='par_1_34' title="bbox 529 3292 2127 3364">
     <span class='ocr_line' id='line_1_34' title="bbox 529 3292 2127 3364; baseline -0.004 -12"><span class='ocrx_word' id='word_1_263' title='bbox 529 3297 802 3352; x_wconf 88' lang='lat' dir='ltr'><strong>modicum</strong></span> <span class='ocrx_word' id='word_1_264' title='bbox 833 3295 1155 3351; x_wconf 89' lang='lat' dir='ltr'><strong>derelictum</strong></span> <span class='ocrx_word' id='word_1_265' title='bbox 1176 3337 1190 3361; x_wconf 96' lang='lat'><strong>,</strong></span> <span class='ocrx_word' id='word_1_266' title='bbox 1224 3305 1281 3349; x_wconf 91' lang='lat' dir='ltr'><strong>ut</strong></span> <span class='ocrx_word' id='word_1_267' title='bbox 1313 3295 1366 3350; x_wconf 91' lang='lat' dir='ltr'><strong>in</strong></span> <span class='ocrx_word' id='word_1_268' title='bbox 1389 3293 1850 3349; x_wconf 71' lang='lat' dir='ltr'><strong>adventuChristi</strong></span> <span class='ocrx_word' id='word_1_269' title='bbox 1881 3293 2000 3364; x_wconf 86' lang='lat' dir='ltr'><strong>ejus</strong></span> <span class='ocrx_word' id='word_1_270' title='bbox 2025 3292 2127 3348; x_wconf 93' lang='lat' dir='ltr'><strong>mi-</strong></span> 
     </span>
    </p>
   </div>
   <div class='ocr_carea' id='block_1_35' title="bbox 532 3388 2131 3458">
    <p class='ocr_par' dir='ltr' id='par_1_35' title="bbox 532 3388 2131 3458">
     <span class='ocr_line' id='line_1_35' title="bbox 532 3388 2131 3458; baseline -0.003 -12"><span class='ocrx_word' id='word_1_271' title='bbox 532 3400 778 3446; x_wconf 90' lang='lat' dir='ltr'><strong>sereatur</strong></span> <span class='ocrx_word' id='word_1_272' title='bbox 811 3390 983 3455; x_wconf 87' lang='lat' dir='ltr'><strong>Deus;</strong></span> <span class='ocrx_word' id='word_1_273' title='bbox 1015 3398 1071 3445; x_wconf 90' lang='lat' dir='ltr'><strong>et</strong></span> <span class='ocrx_word' id='word_1_274' title='bbox 1103 3389 1377 3444; x_wconf 92' lang='lat' dir='ltr'><strong>modicum</strong></span> <span class='ocrx_word' id='word_1_275' title='bbox 1419 3388 1858 3458; x_wconf 87' lang='lat' dir='ltr'><strong>interpretantur</strong></span> <span class='ocrx_word' id='word_1_276' title='bbox 1889 3388 1956 3444; x_wconf 89' lang='lat' dir='ltr'><strong>ad</strong></span> <span class='ocrx_word' id='word_1_277' title='bbox 1982 3403 2131 3444; x_wconf 86' lang='lat' dir='ltr'><strong>com-</strong></span> 
     </span>
    </p>
   </div>
   <div class='ocr_carea' id='block_1_36' title="bbox 530 3481 2134 3557">
    <p class='ocr_par' dir='ltr' id='par_1_36' title="bbox 530 3481 2134 3557">
     <span class='ocr_line' id='line_1_36' title="bbox 530 3481 2134 3557; baseline -0.002 -19"><span class='ocrx_word' id='word_1_278' title='bbox 530 3487 872 3557; x_wconf 87' lang='lat' dir='ltr'><strong>parationem</strong></span> <span class='ocrx_word' id='word_1_279' title='bbox 907 3484 1073 3539; x_wconf 90' lang='lat' dir='ltr'><strong>totius</strong></span> <span class='ocrx_word' id='word_1_280' title='bbox 1096 3482 1454 3538; x_wconf 67' lang='lat' dir='ltr'><strong>aeternitatis:</strong></span> <span class='ocrx_word' id='word_1_281' title='bbox 1489 3496 1590 3536; x_wconf 90' lang='lat' dir='ltr'><strong>cur</strong></span> <span class='ocrx_word' id='word_1_282' title='bbox 1620 3490 1675 3537; x_wconf 92' lang='lat' dir='ltr'><strong>et</strong></span> <span class='ocrx_word' id='word_1_283' title='bbox 1698 3481 1973 3536; x_wconf 86' lang='lat' dir='ltr'><strong>nobisuon</strong></span> <span class='ocrx_word' id='word_1_284' title='bbox 2000 3496 2134 3535; x_wconf 92' lang='lat' dir='ltr'><strong>con-</strong></span> 
     </span>
    </p>
   </div>
   <div class='ocr_carea' id='block_1_37' title="bbox 529 3577 2132 3648">
    <p class='ocr_par' dir='ltr' id='par_1_37' title="bbox 529 3577 2132 3648">
     <span class='ocr_line' id='line_1_37' title="bbox 529 3577 2132 3648; baseline -0.003 -12"><span class='ocrx_word' id='word_1_285' title='bbox 529 3578 764 3646; x_wconf 85' lang='lat' dir='ltr'><strong>cedunt,</strong></span> <span class='ocrx_word' id='word_1_286' title='bbox 797 3577 1068 3633; x_wconf 91' lang='lat' dir='ltr'><strong>modicum</strong></span> <span class='ocrx_word' id='word_1_287' title='bbox 1103 3577 1288 3634; x_wconf 88' lang='lat' dir='ltr'><strong>dicere</strong></span> <span class='ocrx_word' id='word_1_288' title='bbox 1331 3586 1546 3648; x_wconf 83' lang='lat' dir='ltr'><strong>tempus</strong></span> <span class='ocrx_word' id='word_1_289' title='bbox 1573 3618 1588 3643; x_wconf 97' lang='lat'><strong>,</strong></span> <span class='ocrx_word' id='word_1_290' title='bbox 1629 3591 1740 3648; x_wconf 92' lang='lat' dir='ltr'><strong>quo</strong></span> <span class='ocrx_word' id='word_1_291' title='bbox 1779 3583 1973 3648; x_wconf 87' lang='lat' dir='ltr'><strong>gentes</strong></span> <span class='ocrx_word' id='word_1_292' title='bbox 2005 3584 2132 3631; x_wconf 88' lang='lat' dir='ltr'><strong>sunt</strong></span> 
     </span>
    </p>
   </div>
   <div class='ocr_carea' id='block_1_38' title="bbox 530 3668 2130 3741">
    <p class='ocr_par' dir='ltr' id='par_1_38' title="bbox 530 3668 2130 3741">
     <span class='ocr_line' id='line_1_38' title="bbox 530 3668 2130 3741; baseline -0.004 -12"><span class='ocrx_word' id='word_1_293' title='bbox 530 3670 807 3729; x_wconf 65' lang='lat' dir='ltr'><strong>derelictae</strong></span> <span class='ocrx_word' id='word_1_294' title='bbox 837 3689 850 3725; x_wconf 91' lang='lat'><strong>:</strong></span> <span class='ocrx_word' id='word_1_295' title='bbox 875 3682 931 3728; x_wconf 89' lang='lat' dir='ltr'><strong>ut</strong></span> <span class='ocrx_word' id='word_1_296' title='bbox 961 3682 983 3708; x_wconf 57' lang='grc' dir='ltr'><strong>υ</strong></span> <span class='ocrx_word' id='word_1_297' title='bbox 1008 3669 1238 3741; x_wconf 83' lang='lat' dir='ltr'><strong>abjectae</strong></span> <span class='ocrx_word' id='word_1_298' title='bbox 1271 3670 1323 3725; x_wconf 94' lang='lat' dir='ltr'><strong>in</strong></span> <span class='ocrx_word' id='word_1_299' title='bbox 1350 3669 1698 3740; x_wconf 80' lang='lat' dir='ltr'><strong>medio,qu:e</strong></span> <span class='ocrx_word' id='word_1_300' title='bbox 1733 3670 1786 3725; x_wconf 92' lang='lat' dir='ltr'><strong>in</strong></span> <span class='ocrx_word' id='word_1_301' title='bbox 1814 3668 2130 3725; x_wconf 85' lang='lat' dir='ltr'><strong>adolescen-</strong></span> 
     </span>
    </p>
   </div>
   <div class='ocr_carea' id='block_1_39' title="bbox 527 3763 2127 3838">
    <p class='ocr_par' dir='ltr' id='par_1_39' title="bbox 527 3763 2127 3838">
     <span class='ocr_line' id='line_1_39' title="bbox 527 3763 2127 3838; baseline -0.003 -17"><span class='ocrx_word' id='word_1_302' title='bbox 527 3763 601 3822; x_wconf 88' lang='lat' dir='ltr'><strong>tia</strong></span> <span class='ocrx_word' id='word_1_303' title='bbox 637 3782 732 3824; x_wconf 89' lang='lat' dir='ltr'><strong>sua</strong></span> <span class='ocrx_word' id='word_1_304' title='bbox 763 3766 859 3824; x_wconf 87' lang='lat' dir='ltr'><strong>Dei</strong></span> <span class='ocrx_word' id='word_1_305' title='bbox 915 3765 1168 3834; x_wconf 83' lang='lat' dir='ltr'><strong>fuerant,</strong></span> <span class='ocrx_word' id='word_1_306' title='bbox 1201 3773 1391 3838; x_wconf 89' lang='lat' dir='ltr'><strong>postea</strong></span> <span class='ocrx_word' id='word_1_307' title='bbox 1436 3765 1489 3820; x_wconf 91' lang='lat' dir='ltr'><strong>in</strong></span> <span class='ocrx_word' id='word_1_308' title='bbox 1531 3774 1812 3820; x_wconf 90' lang='lat' dir='ltr'><strong>senectute</strong></span> <span class='ocrx_word' id='word_1_309' title='bbox 1865 3774 2127 3820; x_wconf 67' lang='lat' dir='ltr'><strong>atternam</strong></span> 
     </span>
    </p>
   </div>
   <div class='ocr_carea' id='block_1_40' title="bbox 530 3859 2127 3933">
    <p class='ocr_par' dir='ltr' id='par_1_40' title="bbox 530 3859 2127 3933">
     <span class='ocr_line' id='line_1_40' title="bbox 530 3859 2127 3933; baseline -0.004 -15"><span class='ocrx_word' id='word_1_310' title='bbox 530 3862 966 3933; x_wconf 85' lang='lat' dir='ltr'><strong>misericordiam</strong></span> <span class='ocrx_word' id='word_1_311' title='bbox 1011 3859 1470 3932; x_wconf 80' lang='lat' dir='ltr'><strong>consequantur?</strong></span> <span class='ocrx_word' id='word_1_312' title='bbox 1537 3859 1847 3915; x_wconf 73' lang='lat' dir='ltr'><strong>Praesertim</strong></span> <span class='ocrx_word' id='word_1_313' title='bbox 1901 3874 2026 3914; x_wconf 91' lang='lat' dir='ltr'><strong>cum</strong></span> <span class='ocrx_word' id='word_1_314' title='bbox 2075 3859 2127 3912; x_wconf 92' lang='lat' dir='ltr'><strong>in</strong></span> 
     </span>
    </p>
   </div>
   <div class='ocr_carea' id='block_1_41' title="bbox 530 3950 2132 4027">
    <p class='ocr_par' dir='ltr' id='par_1_41' title="bbox 530 3950 2132 4027">
     <span class='ocr_line' id='line_1_41' title="bbox 530 3950 2132 4027; baseline -0.004 -16"><span class='ocrx_word' id='word_1_315' title='bbox 530 3957 815 4013; x_wconf 88' lang='lat' dir='ltr'><strong>vocatione</strong></span> <span class='ocrx_word' id='word_1_316' title='bbox 865 3955 1133 4027; x_wconf 87' lang='lat' dir='ltr'><strong>temporis</strong></span> <span class='ocrx_word' id='word_1_317' title='bbox 1179 3954 1348 4010; x_wconf 87' lang='lat' dir='ltr'><strong>Israel</strong></span> <span class='ocrx_word' id='word_1_318' title='bbox 1377 3995 1392 4021; x_wconf 92' lang='lat'><strong>,</strong></span> <span class='ocrx_word' id='word_1_319' title='bbox 1448 3968 1744 4024; x_wconf 89' lang='lat' dir='ltr'><strong>numquam</strong></span> <span class='ocrx_word' id='word_1_320' title='bbox 1797 3951 2016 4007; x_wconf 88' lang='lat' dir='ltr'><strong>exclusa</strong></span> <span class='ocrx_word' id='word_1_321' title='bbox 2064 3950 2132 4005; x_wconf 90' lang='lat' dir='ltr'><strong>sit</strong></span> 
     </span>
    </p>
   </div>
   <div class='ocr_carea' id='block_1_42' title="bbox 532 4043 2128 4120">
    <p class='ocr_par' dir='ltr' id='par_1_42' title="bbox 532 4043 2128 4120">
     <span class='ocr_line' id='line_1_42' title="bbox 532 4043 2128 4120; baseline -0.004 -16"><span class='ocrx_word' id='word_1_322' title='bbox 532 4050 686 4105; x_wconf 88' lang='lat' dir='ltr'><strong>turba</strong></span> <span class='ocrx_word' id='word_1_323' title='bbox 714 4049 1034 4120; x_wconf 77' lang='lat' dir='ltr'><strong>gentilium;</strong></span> <span class='ocrx_word' id='word_1_324' title='bbox 1081 4048 1178 4105; x_wconf 90' lang='lat' dir='ltr'><strong>sed</strong></span> <span class='ocrx_word' id='word_1_325' title='bbox 1206 4062 1426 4119; x_wconf 86' lang='lat' dir='ltr'><strong>semper</strong></span> <span class='ocrx_word' id='word_1_326' title='bbox 1457 4045 1553 4103; x_wconf 71' lang='lat' dir='ltr'><strong>eis&#39;</strong></span> <span class='ocrx_word' id='word_1_327' title='bbox 1578 4061 1673 4116; x_wconf 90' lang='lat' dir='ltr'><strong>per</strong></span> <span class='ocrx_word' id='word_1_328' title='bbox 1703 4046 2006 4116; x_wconf 86' lang='lat' dir='ltr'><strong>proselytos</strong></span> <span class='ocrx_word' id='word_1_329' title='bbox 2043 4043 2128 4115; x_wconf 85' lang='lat' dir='ltr'><strong>ja-</strong></span> 
     </span>
    </p>
   </div>
   <div class='ocr_carea' id='block_1_43' title="bbox 531 4140 2130 4214">
    <p class='ocr_par' dir='ltr' id='par_1_43' title="bbox 531 4140 2130 4214">
     <span class='ocr_line' id='line_1_43' title="bbox 531 4140 2130 4214; baseline -0.003 -15"><span class='ocrx_word' id='word_1_330' title='bbox 531 4159 637 4200; x_wconf 88' lang='lat' dir='ltr'><strong>nua</strong></span> <span class='ocrx_word' id='word_1_331' title='bbox 665 4143 902 4214; x_wconf 89' lang='lat' dir='ltr'><strong>patuerit</strong></span> <span class='ocrx_word' id='word_1_332' title='bbox 927 4142 1244 4199; x_wconf 82' lang='lat' dir='ltr'><strong>revertendi</strong></span> <span class='ocrx_word' id='word_1_333' title='bbox 1270 4184 1286 4209; x_wconf 94' lang='lat'><strong>,</strong></span> <span class='ocrx_word' id='word_1_334' title='bbox 1318 4153 1377 4197; x_wconf 94' lang='lat' dir='ltr'><strong>ut</strong></span> <span class='ocrx_word' id='word_1_335' title='bbox 1402 4141 1548 4198; x_wconf 90' lang='lat' dir='ltr'><strong>sicut</strong></span> <span class='ocrx_word' id='word_1_336' title='bbox 1577 4155 1676 4196; x_wconf 89' lang='lat' dir='ltr'><strong>nos</strong></span> <span class='ocrx_word' id='word_1_337' title='bbox 1714 4140 1926 4196; x_wconf 90' lang='lat' dir='ltr'><strong>illorum</strong></span> <span class='ocrx_word' id='word_1_338' title='bbox 1964 4155 2130 4194; x_wconf 89' lang='lat' dir='ltr'><strong>voca-</strong></span> 
     </span>
    </p>
   </div>
   <div class='ocr_carea' id='block_1_44' title="bbox 526 4232 2128 4306">
    <p class='ocr_par' dir='ltr' id='par_1_44' title="bbox 526 4232 2128 4306">
     <span class='ocr_line' id='line_1_44' title="bbox 526 4232 2128 4306; baseline -0.002 -15"><span class='ocrx_word' id='word_1_339' title='bbox 526 4239 676 4292; x_wconf 90' lang='lat' dir='ltr'><strong>tione</strong></span> <span class='ocrx_word' id='word_1_340' title='bbox 707 4251 1002 4306; x_wconf 85' lang='lat' dir='ltr'><strong>parumper</strong></span> <span class='ocrx_word' id='word_1_341' title='bbox 1031 4235 1284 4292; x_wconf 83' lang='lat' dir='ltr'><strong>videmur</strong></span> <span class='ocrx_word' id='word_1_342' title='bbox 1311 4234 1552 4298; x_wconf 80' lang='lat' dir='ltr'><strong>exclusi,</strong></span> <span class='ocrx_word' id='word_1_343' title='bbox 1594 4234 1673 4288; x_wconf 90' lang='lat' dir='ltr'><strong>sic</strong></span> <span class='ocrx_word' id='word_1_344' title='bbox 1703 4233 1917 4288; x_wconf 90' lang='lat' dir='ltr'><strong>illorum</strong></span> <span class='ocrx_word' id='word_1_345' title='bbox 1941 4232 2128 4289; x_wconf 78' lang='lat' dir='ltr'><strong>exclu-</strong></span> 
     </span>
    </p>
   </div>
   <div class='ocr_carea' id='block_1_45' title="bbox 529 4325 2127 4398">
    <p class='ocr_par' dir='ltr' id='par_1_45' title="bbox 529 4325 2127 4398">
     <span class='ocr_line' id='line_1_45' title="bbox 529 4325 2127 4398; baseline -0.004 -13"><span class='ocrx_word' id='word_1_346' title='bbox 529 4329 683 4385; x_wconf 86' lang='lat' dir='ltr'><strong>sione</strong></span> <span class='ocrx_word' id='word_1_347' title='bbox 711 4335 976 4398; x_wconf 87' lang='lat' dir='ltr'><strong>perpetua</strong></span> <span class='ocrx_word' id='word_1_348' title='bbox 1022 4326 1180 4382; x_wconf 89' lang='lat' dir='ltr'><strong>nobis</strong></span> <span class='ocrx_word' id='word_1_349' title='bbox 1226 4326 1293 4381; x_wconf 91' lang='lat' dir='ltr'><strong>ad</strong></span> <span class='ocrx_word' id='word_1_350' title='bbox 1325 4327 1494 4384; x_wconf 92' lang='lat' dir='ltr'><strong>Deum</strong></span> <span class='ocrx_word' id='word_1_351' title='bbox 1537 4325 1744 4382; x_wconf 89' lang='lat' dir='ltr'><strong>reditus</strong></span> <span class='ocrx_word' id='word_1_352' title='bbox 1773 4325 2127 4381; x_wconf 86' lang='lat' dir='ltr'><strong>concedatur.</strong></span> 
     </span>
    </p>
   </div>
   <div class='ocr_carea' id='block_1_46' title="bbox 528 4417 2134 4492">
    <p class='ocr_par' dir='ltr' id='par_1_46' title="bbox 528 4417 2134 4492">
     <span class='ocr_line' id='line_1_46' title="bbox 528 4417 2134 4492; baseline -0.004 -14"><span class='ocrx_word' id='word_1_353' title='bbox 528 4419 862 4492; x_wconf 84' lang='lat' dir='ltr'><strong>Perpetuam</strong></span> <span class='ocrx_word' id='word_1_354' title='bbox 886 4430 1070 4476; x_wconf 91' lang='lat' dir='ltr'><strong>autem</strong></span> <span class='ocrx_word' id='word_1_355' title='bbox 1093 4419 1472 4475; x_wconf 85' lang='lat' dir='ltr'><strong>exclusionem</strong></span> <span class='ocrx_word' id='word_1_356' title='bbox 1501 4419 1739 4475; x_wconf 79' lang='lat' dir='ltr'><strong>diximus</strong></span> <span class='ocrx_word' id='word_1_357' title='bbox 1764 4463 1777 4487; x_wconf 91' lang='lat'><strong>,</strong></span> <span class='ocrx_word' id='word_1_358' title='bbox 1806 4417 1851 4472; x_wconf 89' lang='lat' dir='ltr'><strong>si</strong></span> <span class='ocrx_word' id='word_1_359' title='bbox 1882 4433 1988 4472; x_wconf 90' lang='lat' dir='ltr'><strong>non</strong></span> <span class='ocrx_word' id='word_1_360' title='bbox 2005 4432 2134 4488; x_wconf 88' lang='lat' dir='ltr'><strong>ege-</strong></span> 
     </span>
    </p>
   </div>
   <div class='ocr_carea' id='block_1_47' title="bbox 525 4510 2128 4585">
    <p class='ocr_par' dir='ltr' id='par_1_47' title="bbox 525 4510 2128 4585">
     <span class='ocr_line' id='line_1_47' title="bbox 525 4510 2128 4585; baseline -0.004 -14"><span class='ocrx_word' id='word_1_361' title='bbox 525 4516 642 4572; x_wconf 91' lang='lat' dir='ltr'><strong>rint</strong></span> <span class='ocrx_word' id='word_1_362' title='bbox 678 4514 1082 4585; x_wconf 70' lang='lat' dir='ltr'><strong>paanitentiam.</strong></span> <span class='ocrx_word' id='word_1_363' title='bbox 1119 4513 1374 4584; x_wconf 86' lang='lat' dir='ltr'><strong>Alioquin</strong></span> <span class='ocrx_word' id='word_1_364' title='bbox 1409 4512 1615 4568; x_wconf 86' lang='lat' dir='ltr'><strong>Paulus</strong></span> <span class='ocrx_word' id='word_1_365' title='bbox 1644 4510 1926 4583; x_wconf 85' lang='lat' dir='ltr'><strong>apostolus</strong></span> <span class='ocrx_word' id='word_1_366' title='bbox 1957 4511 2128 4566; x_wconf 90' lang='lat' dir='ltr'><strong>dicit:</strong></span> 
     </span>
    </p>
   </div>
   <div class='ocr_carea' id='block_1_48' title="bbox 527 4607 2132 4678">
    <p class='ocr_par' dir='ltr' id='par_1_48' title="bbox 527 4607 2132 4678">
     <span class='ocr_line' id='line_1_48' title="bbox 527 4607 2132 4678; baseline -0.004 -12"><span class='ocrx_word' id='word_1_367' title='bbox 527 4609 792 4666; x_wconf 88' lang='lat' dir='ltr'><strong>Conclusit</strong></span> <span class='ocrx_word' id='word_1_368' title='bbox 817 4607 956 4664; x_wconf 87' lang='lat' dir='ltr'><strong>Deus</strong></span> <span class='ocrx_word' id='word_1_369' title='bbox 979 4608 1155 4662; x_wconf 87' lang='lat' dir='ltr'><strong>omnia</strong></span> <span class='ocrx_word' id='word_1_370' title='bbox 1171 4608 1264 4662; x_wconf 86' lang='lat' dir='ltr'><strong>sub</strong></span> <span class='ocrx_word' id='word_1_371' title='bbox 1293 4617 1521 4678; x_wconf 84' lang='lat' dir='ltr'><strong>peccato,</strong></span> <span class='ocrx_word' id='word_1_372' title='bbox 1555 4616 1610 4661; x_wconf 91' lang='lat' dir='ltr'><strong>ut</strong></span> <span class='ocrx_word' id='word_1_373' title='bbox 1635 4607 1870 4662; x_wconf 81' lang='lat' dir='ltr'><strong>omnibus</strong></span> <span class='ocrx_word' id='word_1_374' title='bbox 1891 4607 2132 4662; x_wconf 88' lang='lat' dir='ltr'><strong>miserea-</strong></span> 
     </span>
    </p>
   </div>
   <div class='ocr_carea' id='block_1_49' title="bbox 528 4699 2132 4776">
    <p class='ocr_par' dir='ltr' id='par_1_49' title="bbox 528 4699 2132 4776">
     <span class='ocr_line' id='line_1_49' title="bbox 528 4699 2132 4776; baseline -0.002 -19"><span class='ocrx_word' id='word_1_375' title='bbox 528 4711 615 4759; x_wconf 90' lang='lat' dir='ltr'><strong>tur</strong></span> <span class='ocrx_word' id='word_1_376' title='bbox 636 4699 840 4776; x_wconf 83' lang='lat' dir='ltr'><strong>(Galat.</strong></span> <span class='ocrx_word' id='word_1_377' title='bbox 873 4717 932 4756; x_wconf 84' lang='lat' dir='ltr'><strong>tu</strong></span> <span class='ocrx_word' id='word_1_378' title='bbox 955 4743 972 4769; x_wconf 89' lang='lat'><strong>,</strong></span> <span class='ocrx_word' id='word_1_379' title='bbox 1003 4701 1122 4772; x_wconf 71' lang='lat'><strong>22).</strong></span> <span class='ocrx_word' id='word_1_380' title='bbox 1152 4701 1287 4769; x_wconf 87' lang='lat' dir='ltr'><strong>Quae</strong></span> <span class='ocrx_word' id='word_1_381' title='bbox 1315 4717 1412 4757; x_wconf 90' lang='lat' dir='ltr'><strong>nos</strong></span> <span class='ocrx_word' id='word_1_382' title='bbox 1440 4701 1511 4756; x_wconf 89' lang='lat' dir='ltr'><strong>de</strong></span> <span class='ocrx_word' id='word_1_383' title='bbox 1541 4699 1787 4757; x_wconf 88' lang='lat' dir='ltr'><strong>Ecclesia</strong></span> <span class='ocrx_word' id='word_1_384' title='bbox 1805 4715 1871 4756; x_wconf 83' lang='lat' dir='ltr'><strong>ex</strong></span> <span class='ocrx_word' id='word_1_385' title='bbox 1902 4709 2132 4770; x_wconf 86' lang='lat' dir='ltr'><strong>utroque</strong></span> 
     </span>
    </p>
   </div>
   <div class='ocr_carea' id='block_1_50' title="bbox 527 4792 2132 4869">
    <p class='ocr_par' dir='ltr' id='par_1_50' title="bbox 527 4792 2132 4869">
     <span class='ocr_line' id='line_1_50' title="bbox 527 4792 2132 4869; baseline -0.004 -15"><span class='ocrx_word' id='word_1_386' title='bbox 527 4795 729 4869; x_wconf 90' lang='lat' dir='ltr'><strong>populo</strong></span> <span class='ocrx_word' id='word_1_387' title='bbox 760 4805 1089 4867; x_wconf 88' lang='lat' dir='ltr'><strong>congregata</strong></span> <span class='ocrx_word' id='word_1_388' title='bbox 1136 4795 1479 4865; x_wconf 88' lang='lat' dir='ltr'><strong>interpretati</strong></span> <span class='ocrx_word' id='word_1_389' title='bbox 1526 4809 1747 4862; x_wconf 92' lang='lat' dir='ltr'><strong>sumus;</strong></span> <span class='ocrx_word' id='word_1_390' title='bbox 1779 4807 1837 4851; x_wconf 92' lang='lat' dir='ltr'><strong>et</strong></span> <span class='ocrx_word' id='word_1_391' title='bbox 1862 4792 2035 4850; x_wconf 68' lang='lat' dir='ltr'><strong>Judaei</strong></span> <span class='ocrx_word' id='word_1_392' title='bbox 2063 4792 2132 4848; x_wconf 92' lang='lat' dir='ltr'><strong>de</strong></span> 
     </span>
    </p>
   </div>
   <div class='ocr_carea' id='block_1_51' title="bbox 525 4889 2131 4961">
    <p class='ocr_par' dir='ltr' id='par_1_51' title="bbox 525 4889 2131 4961">
     <span class='ocr_line' id='line_1_51' title="bbox 525 4889 2131 4961; baseline -0.005 -12"><span class='ocrx_word' id='word_1_393' title='bbox 525 4889 828 4949; x_wconf 85' lang='lat' dir='ltr'><strong>Jerusalem</strong></span> <span class='ocrx_word' id='word_1_394' title='bbox 856 4889 1164 4961; x_wconf 88' lang='lat' dir='ltr'><strong>accipiunt:</strong></span> <span class='ocrx_word' id='word_1_395' title='bbox 1195 4890 1285 4960; x_wconf 89' lang='lat' dir='ltr'><strong>qui</strong></span> <span class='ocrx_word' id='word_1_396' title='bbox 1314 4889 1486 4945; x_wconf 88' lang='lat' dir='ltr'><strong>solam</strong></span> <span class='ocrx_word' id='word_1_397' title='bbox 1511 4889 1870 4960; x_wconf 78' lang='lat' dir='ltr'><strong>tropologiam</strong></span> <span class='ocrx_word' id='word_1_398' title='bbox 1893 4903 2131 4959; x_wconf 87' lang='lat' dir='ltr'><strong>sequun-</strong></span> 
     </span>
    </p>
   </div>
   <div class='ocr_carea' id='block_1_52' title="bbox 525 4983 2126 5057">
    <p class='ocr_par' dir='ltr' id='par_1_52' title="bbox 525 4983 2126 5057">
     <span class='ocr_line' id='line_1_52' title="bbox 525 4983 2126 5057; baseline -0.004 -13"><span class='ocrx_word' id='word_1_399' title='bbox 525 4994 617 5044; x_wconf 87' lang='lat' dir='ltr'><strong>tur</strong></span> <span class='ocrx_word' id='word_1_400' title='bbox 644 5033 658 5057; x_wconf 95' lang='lat'><strong>,</strong></span> <span class='ocrx_word' id='word_1_401' title='bbox 693 4995 750 5044; x_wconf 91' lang='lat' dir='ltr'><strong>et</strong></span> <span class='ocrx_word' id='word_1_402' title='bbox 778 4985 831 5042; x_wconf 89' lang='lat' dir='ltr'><strong>in</strong></span> <span class='ocrx_word' id='word_1_403' title='bbox 866 4985 1004 5042; x_wconf 92' lang='lat' dir='ltr'><strong>locis</strong></span> <span class='ocrx_word' id='word_1_404' title='bbox 1035 4984 1584 5042; x_wconf 83' lang='lat' dir='ltr'><strong>difﬁcillimisliberae</strong></span> <span class='ocrx_word' id='word_1_405' title='bbox 1613 4983 2006 5056; x_wconf 89' lang='lat' dir='ltr'><strong>disputationis</strong></span> <span class='ocrx_word' id='word_1_406' title='bbox 2033 4997 2126 5038; x_wconf 76' lang='lat' dir='ltr'><strong>ex-</strong></span> 
     </span>
    </p>
   </div>
   <div class='ocr_carea' id='block_1_53' title="bbox 525 5077 2124 5152">
    <p class='ocr_par' dir='ltr' id='par_1_53' title="bbox 525 5077 2124 5152">
     <span class='ocr_line' id='line_1_53' title="bbox 525 5077 2124 5152; baseline -0.004 -14"><span class='ocrx_word' id='word_1_407' title='bbox 525 5097 722 5150; x_wconf 88' lang='lat' dir='ltr'><strong>cursu,</strong></span> <span class='ocrx_word' id='word_1_408' title='bbox 761 5088 1054 5138; x_wconf 87' lang='lat' dir='ltr'><strong>nascentes</strong></span> <span class='ocrx_word' id='word_1_409' title='bbox 1098 5081 1310 5152; x_wconf 88' lang='lat' dir='ltr'><strong>fugiunt</strong></span> <span class='ocrx_word' id='word_1_410' title='bbox 1359 5079 1717 5152; x_wconf 64' lang='lat' dir='ltr'><strong>quaastiones,</strong></span> <span class='ocrx_word' id='word_1_411' title='bbox 1774 5077 1842 5132; x_wconf 89' lang='lat' dir='ltr'><strong>ad</strong></span> <span class='ocrx_word' id='word_1_412' title='bbox 1887 5078 2124 5132; x_wconf 89' lang='lat' dir='ltr'><strong>animam</strong></span> 
     </span>
    </p>
   </div>
   <div class='ocr_carea' id='block_1_54' title="bbox 521 5170 2126 5248">
    <p class='ocr_par' dir='ltr' id='par_1_54' title="bbox 521 5170 2126 5248">
     <span class='ocr_line' id='line_1_54' title="bbox 521 5170 2126 5248; baseline -0.005 -14"><span class='ocrx_word' id='word_1_413' title='bbox 521 5177 767 5235; x_wconf 88' lang='lat' dir='ltr'><strong>referunt</strong></span> <span class='ocrx_word' id='word_1_414' title='bbox 799 5176 1158 5248; x_wconf 89' lang='lat' dir='ltr'><strong>peccatricem</strong></span> <span class='ocrx_word' id='word_1_415' title='bbox 1184 5217 1198 5241; x_wconf 95' lang='lat'><strong>,</strong></span> <span class='ocrx_word' id='word_1_416' title='bbox 1219 5191 1340 5246; x_wconf 81' lang='lat' dir='ltr'><strong>quae</strong></span> <span class='ocrx_word' id='word_1_417' title='bbox 1363 5175 1579 5241; x_wconf 64' lang='lat' dir='ltr'><strong>abiecta</strong></span> <span class='ocrx_word' id='word_1_418' title='bbox 1603 5188 1633 5228; x_wconf 90' lang='lat' dir='ltr'><strong>a</strong></span> <span class='ocrx_word' id='word_1_419' title='bbox 1652 5173 1764 5228; x_wconf 92' lang='lat' dir='ltr'><strong>Deo</strong></span> <span class='ocrx_word' id='word_1_420' title='bbox 1793 5171 1893 5238; x_wconf 89' lang='lat' dir='ltr'><strong>sit,</strong></span> <span class='ocrx_word' id='word_1_421' title='bbox 1925 5187 2032 5226; x_wconf 91' lang='lat' dir='ltr'><strong>non</strong></span> <span class='ocrx_word' id='word_1_422' title='bbox 2055 5170 2126 5226; x_wconf 89' lang='lat' dir='ltr'><strong>ob</strong></span> 
     </span>
    </p>
   </div>
   <div class='ocr_carea' id='block_1_55' title="bbox 519 5265 2128 5338">
    <p class='ocr_par' dir='ltr' id='par_1_55' title="bbox 519 5265 2128 5338">
     <span class='ocr_line' id='line_1_55' title="bbox 519 5265 2128 5338; baseline -0.005 -12"><span class='ocrx_word' id='word_1_423' title='bbox 519 5272 705 5327; x_wconf 90' lang='lat' dir='ltr'><strong>odium</strong></span> <span class='ocrx_word' id='word_1_424' title='bbox 734 5313 750 5337; x_wconf 97' lang='lat'><strong>,</strong></span> <span class='ocrx_word' id='word_1_425' title='bbox 789 5269 885 5326; x_wconf 89' lang='lat' dir='ltr'><strong>sed</strong></span> <span class='ocrx_word' id='word_1_426' title='bbox 916 5269 987 5325; x_wconf 89' lang='lat' dir='ltr'><strong>ob</strong></span> <span class='ocrx_word' id='word_1_427' title='bbox 1008 5267 1479 5338; x_wconf 88' lang='lat' dir='ltr'><strong>dispensationem</strong></span> <span class='ocrx_word' id='word_1_428' title='bbox 1502 5309 1516 5332; x_wconf 92' lang='lat'><strong>,</strong></span> <span class='ocrx_word' id='word_1_429' title='bbox 1553 5275 1610 5320; x_wconf 92' lang='lat' dir='ltr'><strong>ut</strong></span> <span class='ocrx_word' id='word_1_430' title='bbox 1642 5265 1912 5320; x_wconf 88' lang='lat' dir='ltr'><strong>malorum</strong></span> <span class='ocrx_word' id='word_1_431' title='bbox 1941 5279 2128 5334; x_wconf 87' lang='lat' dir='ltr'><strong>pressa</strong></span> 
     </span>
    </p>
   </div>
   <div class='ocr_carea' id='block_1_56' title="bbox 520 5358 2131 5435">
    <p class='ocr_par' dir='ltr' id='par_1_56' title="bbox 520 5358 2131 5435">
     <span class='ocr_line' id='line_1_56' title="bbox 520 5358 2131 5435; baseline -0.005 -15"><span class='ocrx_word' id='word_1_432' title='bbox 520 5365 797 5435; x_wconf 88' lang='lat' dir='ltr'><strong>pondere,</strong></span> <span class='ocrx_word' id='word_1_433' title='bbox 829 5371 1140 5419; x_wconf 88' lang='lat' dir='ltr'><strong>revertatur</strong></span> <span class='ocrx_word' id='word_1_434' title='bbox 1169 5361 1236 5418; x_wconf 93' lang='lat' dir='ltr'><strong>ad</strong></span> <span class='ocrx_word' id='word_1_435' title='bbox 1279 5362 1456 5416; x_wconf 88' lang='lat' dir='ltr'><strong>virum</strong></span> <span class='ocrx_word' id='word_1_436' title='bbox 1490 5374 1650 5415; x_wconf 90' lang='lat' dir='ltr'><strong>suum</strong></span> <span class='ocrx_word' id='word_1_437' title='bbox 1697 5358 1990 5428; x_wconf 90' lang='lat' dir='ltr'><strong>pristinum</strong></span> <span class='ocrx_word' id='word_1_438' title='bbox 2027 5375 2039 5410; x_wconf 90' lang='lat'><strong>:</strong></span> <span class='ocrx_word' id='word_1_439' title='bbox 2073 5365 2131 5412; x_wconf 89' lang='lat' dir='ltr'><strong>et</strong></span> 
     </span>
    </p>
   </div>
   <div class='ocr_carea' id='block_1_57' title="bbox 521 5450 2132 5528">
    <p class='ocr_par' dir='ltr' id='par_1_57' title="bbox 521 5450 2132 5528">
     <span class='ocr_line' id='line_1_57' title="bbox 521 5450 2132 5528; baseline -0.005 -14"><span class='ocrx_word' id='word_1_440' title='bbox 521 5457 737 5528; x_wconf 85' lang='lat' dir='ltr'><strong>perdita</strong></span> <span class='ocrx_word' id='word_1_441' title='bbox 768 5457 1075 5513; x_wconf 80' lang='lat' dir='ltr'><strong>substantia</strong></span> <span class='ocrx_word' id='word_1_442' title='bbox 1097 5497 1114 5523; x_wconf 96' lang='lat'><strong>,</strong></span> <span class='ocrx_word' id='word_1_443' title='bbox 1154 5455 1224 5510; x_wconf 92' lang='lat' dir='ltr'><strong>de</strong></span> <span class='ocrx_word' id='word_1_444' title='bbox 1257 5454 1428 5525; x_wconf 87' lang='lat' dir='ltr'><strong>patris</strong></span> <span class='ocrx_word' id='word_1_445' title='bbox 1457 5453 1752 5508; x_wconf 87' lang='lat' dir='ltr'><strong>clementia</strong></span> <span class='ocrx_word' id='word_1_446' title='bbox 1783 5467 1892 5505; x_wconf 90' lang='lat' dir='ltr'><strong>non</strong></span> <span class='ocrx_word' id='word_1_447' title='bbox 1934 5450 2132 5520; x_wconf 88' lang='lat' dir='ltr'><strong>despe-</strong></span> 
     </span>
    </p>
   </div>
   <div class='ocr_carea' id='block_1_58' title="bbox 521 5542 2133 5622">
    <p class='ocr_par' dir='ltr' id='par_1_58' title="bbox 521 5542 2133 5622">
     <span class='ocr_line' id='line_1_58' title="bbox 521 5542 2133 5622; baseline -0.004 -17"><span class='ocrx_word' id='word_1_448' title='bbox 521 5559 607 5606; x_wconf 86' lang='lat' dir='ltr'><strong>ret</strong></span> <span class='ocrx_word' id='word_1_449' title='bbox 657 5549 812 5622; x_wconf 88' lang='lat' dir='ltr'><strong>(Luc.</strong></span> <span class='ocrx_word' id='word_1_450' title='bbox 842 5548 960 5621; x_wconf 84' lang='lat' dir='ltr'><strong>xv).</strong></span> <span class='ocrx_word' id='word_1_451' title='bbox 994 5546 1191 5603; x_wconf 82' lang='lat' dir='ltr'><strong>Annon</strong></span> <span class='ocrx_word' id='word_1_452' title='bbox 1244 5554 1332 5602; x_wconf 85' lang='lat' dir='ltr'><strong>est</strong></span> <span class='ocrx_word' id='word_1_453' title='bbox 1376 5545 1599 5617; x_wconf 88' lang='lat' dir='ltr'><strong>grandis</strong></span> <span class='ocrx_word' id='word_1_454' title='bbox 1631 5542 2010 5598; x_wconf 87' lang='lat' dir='ltr'><strong>misericordia</strong></span> <span class='ocrx_word' id='word_1_455' title='bbox 2040 5557 2133 5599; x_wconf 92' lang='lat' dir='ltr'><strong>oc-</strong></span> 
     </span>
    </p>
   </div>
   <div class='ocr_carea' id='block_1_59' title="bbox 523 5635 2135 5710">
    <p class='ocr_par' dir='ltr' id='par_1_59' title="bbox 523 5635 2135 5710">
     <span class='ocr_line' id='line_1_59' title="bbox 523 5635 2135 5710; baseline -0.004 -11"><span class='ocrx_word' id='word_1_456' title='bbox 523 5657 745 5700; x_wconf 90' lang='lat' dir='ltr'><strong>currere</strong></span> <span class='ocrx_word' id='word_1_457' title='bbox 763 5642 875 5697; x_wconf 84' lang='lat' dir='ltr'><strong>lilio</strong></span> <span class='ocrx_word' id='word_1_458' title='bbox 902 5640 1221 5710; x_wconf 88' lang='lat' dir='ltr'><strong>revertenti,</strong></span> <span class='ocrx_word' id='word_1_459' title='bbox 1240 5639 1504 5696; x_wconf 90' lang='lat' dir='ltr'><strong>annulum</strong></span> <span class='ocrx_word' id='word_1_460' title='bbox 1534 5647 1589 5694; x_wconf 92' lang='lat' dir='ltr'><strong>et</strong></span> <span class='ocrx_word' id='word_1_461' title='bbox 1615 5637 1833 5706; x_wconf 88' lang='lat' dir='ltr'><strong>stolam,</strong></span> <span class='ocrx_word' id='word_1_462' title='bbox 1858 5635 2135 5692; x_wconf 90' lang='lat' dir='ltr'><strong>osculum-</strong></span> 
     </span>
    </p>
   </div>
   <div class='ocr_carea' id='block_1_60' title="bbox 2234 504 3840 579">
    <p class='ocr_par' dir='ltr' id='par_1_60' title="bbox 2234 504 3840 579">
     <span class='ocr_line' id='line_1_60' title="bbox 2234 504 3840 579; baseline 0 -20"><span class='ocrx_word' id='word_1_463' title='bbox 2234 504 2510 575; x_wconf 62' lang='lat' dir='ltr'><strong>parabola:</strong></span> <span class='ocrx_word' id='word_1_464' title='bbox 2540 504 2983 576; x_wconf 89' lang='lat' dir='ltr'><strong>similitudinem,</strong></span> <span class='ocrx_word' id='word_1_465' title='bbox 3019 507 3209 564; x_wconf 89' lang='lat' dir='ltr'><strong>dicere</strong></span> <span class='ocrx_word' id='word_1_466' title='bbox 3239 528 3250 562; x_wconf 93' lang='lat'><strong>:</strong></span> <span class='ocrx_word' id='word_1_467' title='bbox 3287 509 3465 564; x_wconf 80' lang='lat' dir='ltr'><strong>Amice</strong></span> <span class='ocrx_word' id='word_1_468' title='bbox 3489 554 3503 577; x_wconf 96' lang='lat'><strong>,</strong></span> <span class='ocrx_word' id='word_1_469' title='bbox 3534 508 3581 562; x_wconf 89' lang='lat' dir='ltr'><strong>si</strong></span> <span class='ocrx_word' id='word_1_470' title='bbox 3611 523 3704 579; x_wconf 85' lang='lat' dir='ltr'><strong>ego</strong></span> <span class='ocrx_word' id='word_1_471' title='bbox 3756 507 3840 560; x_wconf 84' lang='lat' dir='ltr'><strong>bo-</strong></span> 
     </span>
    </p>
   </div>
   <div class='ocr_carea' id='block_1_61' title="bbox 2230 599 3738 673">
    <p class='ocr_par' dir='ltr' id='par_1_61' title="bbox 2230 599 3738 673">
     <span class='ocr_line' id='line_1_61' title="bbox 2230 599 3738 673; baseline 0.003 -25"><span class='ocrx_word' id='word_1_472' title='bbox 2230 612 2327 650; x_wconf 88' lang='lat' dir='ltr'><strong>nus</strong></span> <span class='ocrx_word' id='word_1_473' title='bbox 2357 635 2372 660; x_wconf 94' lang='lat'><strong>,</strong></span> <span class='ocrx_word' id='word_1_474' title='bbox 2411 612 2573 667; x_wconf 89' lang='lat' dir='ltr'><strong>quare</strong></span> <span class='ocrx_word' id='word_1_475' title='bbox 2593 599 2776 653; x_wconf 88' lang='lat' dir='ltr'><strong>oculus</strong></span> <span class='ocrx_word' id='word_1_476' title='bbox 2800 607 2918 653; x_wconf 87' lang='lat' dir='ltr'><strong>tuus</strong></span> <span class='ocrx_word' id='word_1_477' title='bbox 2945 616 3164 671; x_wconf 89' lang='lat' dir='ltr'><strong>nequam</strong></span> <span class='ocrx_word' id='word_1_478' title='bbox 3208 600 3427 673; x_wconf 70' lang='lat' dir='ltr'><strong>(Matth.</strong></span> <span class='ocrx_word' id='word_1_479' title='bbox 3461 617 3554 670; x_wconf 87' lang='lat' dir='ltr'><strong>xx,</strong></span> <span class='ocrx_word' id='word_1_480' title='bbox 3592 599 3686 668; x_wconf 79' lang='grc'><strong>15)</strong></span> <span class='ocrx_word' id='word_1_481' title='bbox 3716 601 3738 652; x_wconf 75' lang='lat' dir='ltr'><strong>‘P</strong></span> 
     </span>
    </p>
   </div>
   <div class='ocr_carea' id='block_1_62' title="bbox 2301 687 3833 761">
    <p class='ocr_par' dir='ltr' id='par_1_62' title="bbox 2301 687 3833 761">
     <span class='ocr_line' id='line_1_62' title="bbox 2301 687 3833 761; baseline 0.004 -20"><span class='ocrx_word' id='word_1_482' title='bbox 2301 687 2482 758; x_wconf 83' lang='lat' dir='ltr'><strong>(Vers.</strong></span> <span class='ocrx_word' id='word_1_483' title='bbox 2535 690 2569 745; x_wconf 90' lang='lat'><strong>9</strong></span> <span class='ocrx_word' id='word_1_484' title='bbox 2594 735 2608 759; x_wconf 95' lang='lat'><strong>,</strong></span> <span class='ocrx_word' id='word_1_485' title='bbox 2644 691 2758 761; x_wconf 84' lang='grc'>10.)</span> <span class='ocrx_word' id='word_1_486' title='bbox 2785 692 2935 748; x_wconf 90' lang='lat' dir='ltr'><strong>Sicut</strong></span> <span class='ocrx_word' id='word_1_487' title='bbox 2959 693 3014 746; x_wconf 89' lang='lat' dir='ltr'><strong>in</strong></span> <span class='ocrx_word' id='word_1_488' title='bbox 3043 693 3228 749; x_wconf 86' lang='lat' dir='ltr'><strong>diebus</strong></span> <span class='ocrx_word' id='word_1_489' title='bbox 3251 692 3369 748; x_wconf 86' lang='lat' dir='ltr'><strong>Noe</strong></span> <span class='ocrx_word' id='word_1_490' title='bbox 3391 693 3536 748; x_wconf 84' lang='lat' dir='ltr'><strong>istud</strong></span> <span class='ocrx_word' id='word_1_491' title='bbox 3563 692 3695 745; x_wconf 83' lang='lat' dir='ltr'><strong>mihi</strong></span> <span class='ocrx_word' id='word_1_492' title='bbox 3722 701 3792 747; x_wconf 88' lang='lat' dir='ltr'><strong>est</strong></span> <span class='ocrx_word' id='word_1_493' title='bbox 3819 733 3833 756; x_wconf 94' lang='lat'><strong>,</strong></span> 
     </span>
    </p>
   </div>
   <div class='ocr_carea' id='block_1_63' title="bbox 2230 781 3842 857">
    <p class='ocr_par' dir='ltr' id='par_1_63' title="bbox 2230 781 3842 857">
     <span class='ocr_line' id='line_1_63' title="bbox 2230 781 3842 857; baseline 0.001 -19"><span class='ocrx_word' id='word_1_494' title='bbox 2230 781 2312 834; x_wconf 83' lang='lat' dir='ltr'><strong>cui</strong></span> <span class='ocrx_word' id='word_1_495' title='bbox 2334 781 2518 853; x_wconf 87' lang='lat' dir='ltr'><strong>juravi</strong></span> <span class='ocrx_word' id='word_1_496' title='bbox 2545 823 2559 848; x_wconf 93' lang='lat'><strong>,</strong></span> <span class='ocrx_word' id='word_1_497' title='bbox 2605 800 2669 839; x_wconf 91' lang='lat' dir='ltr'><strong>ne</strong></span> <span class='ocrx_word' id='word_1_498' title='bbox 2709 783 3006 840; x_wconf 88' lang='lat' dir='ltr'><strong>inducerem</strong></span> <span class='ocrx_word' id='word_1_499' title='bbox 3033 803 3200 857; x_wconf 89' lang='lat' dir='ltr'><strong>aquas</strong></span> <span class='ocrx_word' id='word_1_500' title='bbox 3231 784 3349 841; x_wconf 87' lang='lat' dir='ltr'><strong>Noe</strong></span> <span class='ocrx_word' id='word_1_501' title='bbox 3379 786 3520 841; x_wconf 82' lang='lat' dir='ltr'><strong>ultra</strong></span> <span class='ocrx_word' id='word_1_502' title='bbox 3543 801 3700 856; x_wconf 87' lang='lat' dir='ltr'><strong>super</strong></span> <span class='ocrx_word' id='word_1_503' title='bbox 3739 794 3842 839; x_wconf 88' lang='lat' dir='ltr'><strong>ter-</strong></span> 
     </span>
    </p>
   </div>
   <div class='ocr_carea' id='block_1_64' title="bbox 2231 877 3842 949">
    <p class='ocr_par' dir='ltr' id='par_1_64' title="bbox 2231 877 3842 949">
     <span class='ocr_line' id='line_1_64' title="bbox 2231 877 3842 949; baseline 0.004 -23"><span class='ocrx_word' id='word_1_504' title='bbox 2231 891 2342 946; x_wconf 85' lang='lat' dir='ltr'><strong>ram</strong></span> <span class='ocrx_word' id='word_1_505' title='bbox 2376 877 2494 932; x_wconf 88' lang='lat' dir='ltr'><strong>:sic</strong></span> <span class='ocrx_word' id='word_1_506' title='bbox 2509 879 2686 949; x_wconf 86' lang='lat' dir='ltr'><strong>juravi</strong></span> <span class='ocrx_word' id='word_1_507' title='bbox 2711 920 2726 946; x_wconf 91' lang='lat'><strong>,</strong></span> <span class='ocrx_word' id='word_1_508' title='bbox 2760 889 2816 932; x_wconf 89' lang='lat' dir='ltr'><strong>ut</strong></span> <span class='ocrx_word' id='word_1_509' title='bbox 2858 896 2959 933; x_wconf 91' lang='lat' dir='ltr'><strong>non</strong></span> <span class='ocrx_word' id='word_1_510' title='bbox 2983 881 3189 934; x_wconf 87' lang='lat' dir='ltr'><strong>irascar</strong></span> <span class='ocrx_word' id='word_1_511' title='bbox 3217 881 3338 947; x_wconf 90' lang='lat' dir='ltr'><strong>tibi,</strong></span> <span class='ocrx_word' id='word_1_512' title='bbox 3386 890 3432 935; x_wconf 87' lang='lat' dir='ltr'><strong>et</strong></span> <span class='ocrx_word' id='word_1_513' title='bbox 3459 897 3562 934; x_wconf 92' lang='lat' dir='ltr'><strong>non</strong></span> <span class='ocrx_word' id='word_1_514' title='bbox 3585 880 3842 949; x_wconf 88' lang='lat' dir='ltr'><strong>increpem</strong></span> 
     </span>
    </p>
   </div>
   <div class='ocr_carea' id='block_1_65' title="bbox 2235 967 3840 1038">
    <p class='ocr_par' dir='ltr' id='par_1_65' title="bbox 2235 967 3840 1038">
     <span class='ocr_line' id='line_1_65' title="bbox 2235 967 3840 1038; baseline 0.004 -19"><span class='ocrx_word' id='word_1_515' title='bbox 2235 978 2302 1020; x_wconf 89' lang='lat' dir='ltr'><strong>te.</strong></span> <span class='ocrx_word' id='word_1_516' title='bbox 2336 967 2543 1024; x_wconf 78' lang='lat' dir='ltr'><strong>Montes</strong></span> <span class='ocrx_word' id='word_1_517' title='bbox 2568 971 2705 1024; x_wconf 89' lang='lat' dir='ltr'><strong>enim</strong></span> <span class='ocrx_word' id='word_1_518' title='bbox 2735 971 3221 1038; x_wconf 85' lang='lat' dir='ltr'><strong>commovebuntur,</strong></span> <span class='ocrx_word' id='word_1_519' title='bbox 3260 982 3306 1027; x_wconf 87' lang='lat' dir='ltr'><strong>et</strong></span> <span class='ocrx_word' id='word_1_520' title='bbox 3333 972 3492 1026; x_wconf 71' lang='lat' dir='ltr'><strong>colles</strong></span> <span class='ocrx_word' id='word_1_521' title='bbox 3536 971 3840 1026; x_wconf 86' lang='lat' dir='ltr'><strong>contremis-</strong></span> 
     </span>
    </p>
   </div>
   <div class='ocr_carea' id='block_1_66' title="bbox 2233 1063 3842 1135">
    <p class='ocr_par' dir='ltr' id='par_1_66' title="bbox 2233 1063 3842 1135">
     <span class='ocr_line' id='line_1_66' title="bbox 2233 1063 3842 1135; baseline 0.003 -21"><span class='ocrx_word' id='word_1_522' title='bbox 2233 1070 2388 1116; x_wconf 88' lang='lat' dir='ltr'><strong>cent:</strong></span> <span class='ocrx_word' id='word_1_523' title='bbox 2414 1063 2772 1117; x_wconf 84' lang='lat' dir='ltr'><strong>misericordia</strong></span> <span class='ocrx_word' id='word_1_524' title='bbox 2799 1072 2971 1118; x_wconf 89' lang='lat' dir='ltr'><strong>autem</strong></span> <span class='ocrx_word' id='word_1_525' title='bbox 3001 1082 3114 1119; x_wconf 90' lang='lat' dir='ltr'><strong>mea</strong></span> <span class='ocrx_word' id='word_1_526' title='bbox 3143 1082 3247 1120; x_wconf 90' lang='lat' dir='ltr'><strong>non</strong></span> <span class='ocrx_word' id='word_1_527' title='bbox 3271 1064 3475 1121; x_wconf 86' lang='lat' dir='ltr'><strong>recedet</strong></span> <span class='ocrx_word' id='word_1_528' title='bbox 3496 1082 3528 1118; x_wconf 92' lang='lat' dir='ltr'><strong>a</strong></span> <span class='ocrx_word' id='word_1_529' title='bbox 3566 1075 3640 1130; x_wconf 85' lang='lat' dir='ltr'><strong>te,</strong></span> <span class='ocrx_word' id='word_1_530' title='bbox 3669 1076 3720 1119; x_wconf 88' lang='lat' dir='ltr'><strong>et</strong></span> <span class='ocrx_word' id='word_1_531' title='bbox 3753 1067 3842 1135; x_wconf 70' lang='lat' dir='ltr'><strong>fae-</strong></span> 
     </span>
    </p>
   </div>
   <div class='ocr_carea' id='block_1_67' title="bbox 2239 1154 3840 1226">
    <p class='ocr_par' dir='ltr' id='par_1_67' title="bbox 2239 1154 3840 1226">
     <span class='ocr_line' id='line_1_67' title="bbox 2239 1154 3840 1226; baseline 0.003 -20"><span class='ocrx_word' id='word_1_532' title='bbox 2239 1154 2337 1207; x_wconf 87' lang='lat' dir='ltr'><strong>dus</strong></span> <span class='ocrx_word' id='word_1_533' title='bbox 2359 1155 2502 1226; x_wconf 86' lang='lat' dir='ltr'><strong>pacis</strong></span> <span class='ocrx_word' id='word_1_534' title='bbox 2528 1171 2656 1210; x_wconf 69' lang='lat' dir='ltr'><strong>mea:</strong></span> <span class='ocrx_word' id='word_1_535' title='bbox 2673 1172 2777 1210; x_wconf 88' lang='lat' dir='ltr'><strong>non</strong></span> <span class='ocrx_word' id='word_1_536' title='bbox 2803 1158 3110 1225; x_wconf 86' lang='lat' dir='ltr'><strong>movebitur,</strong></span> <span class='ocrx_word' id='word_1_537' title='bbox 3132 1157 3268 1212; x_wconf 77' lang='lat' dir='ltr'><strong>dixit</strong></span> <span class='ocrx_word' id='word_1_538' title='bbox 3283 1159 3561 1212; x_wconf 76' lang='lat' dir='ltr'><strong>miseratur</strong></span> <span class='ocrx_word' id='word_1_539' title='bbox 3589 1168 3708 1212; x_wconf 87' lang='lat' dir='ltr'><strong>tuus</strong></span> <span class='ocrx_word' id='word_1_540' title='bbox 3735 1154 3840 1211; x_wconf 87' lang='lat' dir='ltr'><strong>Do-</strong></span> 
     </span>
    </p>
   </div>
   <div class='ocr_carea' id='block_1_68' title="bbox 2235 1246 3839 1322">
    <p class='ocr_par' dir='ltr' id='par_1_68' title="bbox 2235 1246 3839 1322">
     <span class='ocr_line' id='line_1_68' title="bbox 2235 1246 3839 1322; baseline 0.004 -22"><span class='ocrx_word' id='word_1_541' title='bbox 2235 1248 2424 1302; x_wconf 82' lang='lat' dir='ltr'><strong>minus.</strong></span> <span class='ocrx_word' id='word_1_542' title='bbox 2455 1246 2623 1302; x_wconf 80' lang='lat' dir='ltr'><strong>LXX:</strong></span> <span class='ocrx_word' id='word_1_543' title='bbox 2649 1248 2724 1303; x_wconf 81' lang='lat' dir='ltr'><strong>Ab</strong></span> <span class='ocrx_word' id='word_1_544' title='bbox 2754 1266 2892 1321; x_wconf 88' lang='lat' dir='ltr'><strong>aqua</strong></span> <span class='ocrx_word' id='word_1_545' title='bbox 2919 1267 3034 1322; x_wconf 74' lang='lat' dir='ltr'><strong>qua:</strong></span> <span class='ocrx_word' id='word_1_546' title='bbox 3051 1251 3150 1320; x_wconf 87' lang='lat' dir='ltr'><strong>fuit</strong></span> <span class='ocrx_word' id='word_1_547' title='bbox 3174 1250 3268 1306; x_wconf 88' lang='lat' dir='ltr'><strong>sub</strong></span> <span class='ocrx_word' id='word_1_548' title='bbox 3298 1250 3415 1305; x_wconf 87' lang='lat' dir='ltr'><strong>Noe</strong></span> <span class='ocrx_word' id='word_1_549' title='bbox 3439 1251 3539 1306; x_wconf 85' lang='lat' dir='ltr'><strong>hoc</strong></span> <span class='ocrx_word' id='word_1_550' title='bbox 3567 1249 3699 1305; x_wconf 81' lang='lat' dir='ltr'><strong>mihi</strong></span> <span class='ocrx_word' id='word_1_551' title='bbox 3724 1263 3795 1305; x_wconf 91' lang='lat' dir='ltr'><strong>est</strong></span> <span class='ocrx_word' id='word_1_552' title='bbox 3822 1269 3839 1306; x_wconf 91' lang='lat'><strong>:</strong></span> 
     </span>
    </p>
   </div>
   <div class='ocr_carea' id='block_1_69' title="bbox 2235 1342 3841 1416">
    <p class='ocr_par' dir='ltr' id='par_1_69' title="bbox 2235 1342 3841 1416">
     <span class='ocr_line' id='line_1_69' title="bbox 2235 1342 3841 1416; baseline 0.002 -21"><span class='ocrx_word' id='word_1_553' title='bbox 2235 1342 2369 1395; x_wconf 87' lang='lat' dir='ltr'><strong>sicut</strong></span> <span class='ocrx_word' id='word_1_554' title='bbox 2385 1343 2568 1414; x_wconf 87' lang='lat' dir='ltr'><strong>juravi</strong></span> <span class='ocrx_word' id='word_1_555' title='bbox 2599 1344 2646 1397; x_wconf 90' lang='lat' dir='ltr'><strong>ei</strong></span> <span class='ocrx_word' id='word_1_556' title='bbox 2668 1345 2720 1398; x_wconf 90' lang='lat' dir='ltr'><strong>in</strong></span> <span class='ocrx_word' id='word_1_557' title='bbox 2747 1354 2975 1416; x_wconf 87' lang='lat' dir='ltr'><strong>tempore</strong></span> <span class='ocrx_word' id='word_1_558' title='bbox 3000 1344 3126 1413; x_wconf 88' lang='lat' dir='ltr'><strong>illo,</strong></span> <span class='ocrx_word' id='word_1_559' title='bbox 3172 1356 3324 1400; x_wconf 66' lang='lat' dir='ltr'><strong>terra:</strong></span> <span class='ocrx_word' id='word_1_560' title='bbox 3350 1361 3682 1416; x_wconf 87' lang='lat' dir='ltr'><strong>nequaquam</strong></span> <span class='ocrx_word' id='word_1_561' title='bbox 3710 1345 3841 1398; x_wconf 86' lang='lat' dir='ltr'><strong>ultra</strong></span> 
     </span>
    </p>
   </div>
   <div class='ocr_carea' id='block_1_70' title="bbox 2236 1435 3841 1507">
    <p class='ocr_par' dir='ltr' id='par_1_70' title="bbox 2236 1435 3841 1507">
     <span class='ocr_line' id='line_1_70' title="bbox 2236 1435 3841 1507; baseline 0.004 -21"><span class='ocrx_word' id='word_1_562' title='bbox 2236 1435 2388 1487; x_wconf 82' lang='lat' dir='ltr'><strong>irasci</strong></span> <span class='ocrx_word' id='word_1_563' title='bbox 2415 1452 2569 1502; x_wconf 88' lang='lat' dir='ltr'><strong>super</strong></span> <span class='ocrx_word' id='word_1_564' title='bbox 2611 1447 2690 1502; x_wconf 87' lang='lat' dir='ltr'><strong>te,</strong></span> <span class='ocrx_word' id='word_1_565' title='bbox 2747 1453 2910 1507; x_wconf 84' lang='lat' dir='ltr'><strong>neque</strong></span> <span class='ocrx_word' id='word_1_566' title='bbox 2953 1439 3008 1490; x_wconf 91' lang='lat' dir='ltr'><strong>in</strong></span> <span class='ocrx_word' id='word_1_567' title='bbox 3056 1437 3461 1493; x_wconf 84' lang='lat' dir='ltr'><strong>comminatione</strong></span> <span class='ocrx_word' id='word_1_568' title='bbox 3510 1446 3601 1492; x_wconf 91' lang='lat' dir='ltr'><strong>tua</strong></span> <span class='ocrx_word' id='word_1_569' title='bbox 3645 1450 3841 1492; x_wconf 85' lang='lat' dir='ltr'><strong>montes</strong></span> 
     </span>
    </p>
   </div>
   <div class='ocr_carea' id='block_1_71' title="bbox 2237 1527 3842 1600">
    <p class='ocr_par' dir='ltr' id='par_1_71' title="bbox 2237 1527 3842 1600">
     <span class='ocr_line' id='line_1_71' title="bbox 2237 1527 3842 1600; baseline 0.003 -21"><span class='ocrx_word' id='word_1_570' title='bbox 2237 1527 2515 1596; x_wconf 77' lang='lat' dir='ltr'><strong>transferre</strong></span> <span class='ocrx_word' id='word_1_571' title='bbox 2549 1543 2568 1582; x_wconf 89' lang='lat'><strong>:</strong></span> <span class='ocrx_word' id='word_1_572' title='bbox 2598 1545 2760 1600; x_wconf 89' lang='lat' dir='ltr'><strong>neque</strong></span> <span class='ocrx_word' id='word_1_573' title='bbox 2785 1528 2945 1583; x_wconf 86' lang='lat' dir='ltr'><strong>colles</strong></span> <span class='ocrx_word' id='word_1_574' title='bbox 2970 1532 3043 1583; x_wconf 88' lang='lat' dir='ltr'><strong>tui</strong></span> <span class='ocrx_word' id='word_1_575' title='bbox 3070 1531 3470 1599; x_wconf 78' lang='lat' dir='ltr'><strong>transferentur.</strong></span> <span class='ocrx_word' id='word_1_576' title='bbox 3506 1530 3600 1587; x_wconf 87' lang='lat' dir='ltr'><strong>Sic</strong></span> <span class='ocrx_word' id='word_1_577' title='bbox 3628 1548 3721 1586; x_wconf 87' lang='lat' dir='ltr'><strong>nec</strong></span> <span class='ocrx_word' id='word_1_578' title='bbox 3750 1532 3842 1584; x_wconf 87' lang='lat' dir='ltr'><strong>mi-</strong></span> 
     </span>
    </p>
   </div>
   <div class='ocr_carea' id='block_1_72' title="bbox 2236 1620 3843 1695">
    <p class='ocr_par' dir='ltr' id='par_1_72' title="bbox 2236 1620 3843 1695">
     <span class='ocr_line' id='line_1_72' title="bbox 2236 1620 3843 1695; baseline 0.004 -23"><span class='ocrx_word' id='word_1_579' title='bbox 2236 1620 2519 1674; x_wconf 88' lang='lat' dir='ltr'><strong>sericordia</strong></span> <span class='ocrx_word' id='word_1_580' title='bbox 2561 1637 2674 1674; x_wconf 89' lang='lat' dir='ltr'><strong>mea</strong></span> <span class='ocrx_word' id='word_1_581' title='bbox 2706 1621 2950 1691; x_wconf 81' lang='lat' dir='ltr'><strong>deficiet,</strong></span> <span class='ocrx_word' id='word_1_582' title='bbox 2989 1639 3080 1677; x_wconf 86' lang='lat' dir='ltr'><strong>nec</strong></span> <span class='ocrx_word' id='word_1_583' title='bbox 3126 1632 3485 1678; x_wconf 87' lang='lat' dir='ltr'><strong>testamentum</strong></span> <span class='ocrx_word' id='word_1_584' title='bbox 3531 1625 3679 1695; x_wconf 88' lang='lat' dir='ltr'><strong>pacis</strong></span> <span class='ocrx_word' id='word_1_585' title='bbox 3722 1640 3843 1679; x_wconf 78' lang='lat' dir='ltr'><strong>mea:</strong></span> 
     </span>
    </p>
   </div>
   <div class='ocr_carea' id='block_1_73' title="bbox 2234 1715 3842 1789">
    <p class='ocr_par' dir='ltr' id='par_1_73' title="bbox 2234 1715 3842 1789">
     <span class='ocr_line' id='line_1_73' title="bbox 2234 1715 3842 1789; baseline 0.007 -23"><span class='ocrx_word' id='word_1_586' title='bbox 2234 1716 2524 1784; x_wconf 80' lang='lat' dir='ltr'><strong>auferetur,</strong></span> <span class='ocrx_word' id='word_1_587' title='bbox 2555 1715 2684 1770; x_wconf 69' lang='lat' dir='ltr'><strong>dixit</strong></span> <span class='ocrx_word' id='word_1_588' title='bbox 2719 1717 2979 1788; x_wconf 89' lang='lat' dir='ltr'><strong>propitius</strong></span> <span class='ocrx_word' id='word_1_589' title='bbox 3007 1717 3168 1789; x_wconf 74' lang='lat'><strong>633</strong></span> <span class='ocrx_word' id='word_1_590' title='bbox 3193 1720 3269 1772; x_wconf 88' lang='lat' dir='ltr'><strong>tui</strong></span> <span class='ocrx_word' id='word_1_591' title='bbox 3301 1717 3588 1775; x_wconf 83' lang='lat' dir='ltr'><strong>Dominus.</strong></span> <span class='ocrx_word' id='word_1_592' title='bbox 3629 1719 3697 1776; x_wconf 88' lang='lat' dir='ltr'><strong>Ut</strong></span> <span class='ocrx_word' id='word_1_593' title='bbox 3725 1735 3842 1777; x_wconf 90' lang='lat' dir='ltr'><strong>cre-</strong></span> 
     </span>
    </p>
   </div>
   <div class='ocr_carea' id='block_1_74' title="bbox 2236 1807 3839 1882">
    <p class='ocr_par' dir='ltr' id='par_1_74' title="bbox 2236 1807 3839 1882">
     <span class='ocr_line' id='line_1_74' title="bbox 2236 1807 3839 1882; baseline 0.006 -21"><span class='ocrx_word' id='word_1_594' title='bbox 2236 1807 2328 1861; x_wconf 89' lang='lat' dir='ltr'><strong>dat</strong></span> <span class='ocrx_word' id='word_1_595' title='bbox 2378 1819 2689 1865; x_wconf 89' lang='lat' dir='ltr'><strong>sanctorum</strong></span> <span class='ocrx_word' id='word_1_596' title='bbox 2740 1813 3095 1882; x_wconf 81' lang='lat' dir='ltr'><strong>congregatio</strong></span> <span class='ocrx_word' id='word_1_597' title='bbox 3148 1810 3585 1868; x_wconf 89' lang='lat' dir='ltr'><strong>misericordiam</strong></span> <span class='ocrx_word' id='word_1_598' title='bbox 3631 1814 3839 1871; x_wconf 90' lang='lat' dir='ltr'><strong>Domini</strong></span> 
     </span>
    </p>
   </div>
   <div class='ocr_carea' id='block_1_75' title="bbox 2203 1903 3842 1976">
    <p class='ocr_par' dir='ltr' id='par_1_75' title="bbox 2203 1903 3842 1976">
     <span class='ocr_line' id='line_1_75' title="bbox 2203 1903 3842 1976; baseline 0.005 -19"><span class='ocrx_word' id='word_1_599' title='bbox 2203 1931 2216 1936; x_wconf 91' lang='lat'><strong>-</strong></span> <span class='ocrx_word' id='word_1_600' title='bbox 2235 1903 2624 1973; x_wconf 89' lang='lat' dir='ltr'><strong>sempiternam</strong></span> <span class='ocrx_word' id='word_1_601' title='bbox 2646 1949 2659 1972; x_wconf 94' lang='lat'><strong>,</strong></span> <span class='ocrx_word' id='word_1_602' title='bbox 2693 1914 2750 1960; x_wconf 85' lang='lat' dir='ltr'><strong>et</strong></span> <span class='ocrx_word' id='word_1_603' title='bbox 2777 1903 2902 1960; x_wconf 90' lang='lat' dir='ltr'><strong>ideo</strong></span> <span class='ocrx_word' id='word_1_604' title='bbox 2924 1906 2989 1959; x_wconf 88' lang='lat' dir='ltr'><strong>ad</strong></span> <span class='ocrx_word' id='word_1_605' title='bbox 3017 1915 3276 1976; x_wconf 88' lang='lat' dir='ltr'><strong>punctmn</strong></span> <span class='ocrx_word' id='word_1_606' title='bbox 3299 1951 3313 1973; x_wconf 93' lang='lat'><strong>,</strong></span> <span class='ocrx_word' id='word_1_607' title='bbox 3332 1914 3389 1962; x_wconf 87' lang='lat' dir='ltr'><strong>et</strong></span> <span class='ocrx_word' id='word_1_608' title='bbox 3409 1907 3578 1962; x_wconf 89' lang='lat' dir='ltr'><strong>breve</strong></span> <span class='ocrx_word' id='word_1_609' title='bbox 3609 1913 3708 1962; x_wconf 78' lang='lat' dir='ltr'><strong>rios</strong></span> <span class='ocrx_word' id='word_1_610' title='bbox 3724 1923 3842 1966; x_wconf 85' lang='lat' dir='ltr'><strong>esse</strong></span> 
     </span>
    </p>
   </div>
   <div class='ocr_carea' id='block_1_76' title="bbox 2234 1999 3842 2075">
    <p class='ocr_par' dir='ltr' id='par_1_76' title="bbox 2234 1999 3842 2075">
     <span class='ocr_line' id='line_1_76' title="bbox 2234 1999 3842 2075; baseline 0.004 -21"><span class='ocrx_word' id='word_1_611' title='bbox 2234 1999 2482 2056; x_wconf 87' lang='lat' dir='ltr'><strong>desertos</strong></span> <span class='ocrx_word' id='word_1_612' title='bbox 2507 2045 2520 2069; x_wconf 94' lang='lat'><strong>,</strong></span> <span class='ocrx_word' id='word_1_613' title='bbox 2552 2010 2610 2055; x_wconf 92' lang='lat' dir='ltr'><strong>ut</strong></span> <span class='ocrx_word' id='word_1_614' title='bbox 2640 2002 2692 2055; x_wconf 90' lang='lat' dir='ltr'><strong>in</strong></span> <span class='ocrx_word' id='word_1_615' title='bbox 2740 2002 3038 2056; x_wconf 87' lang='lat' dir='ltr'><strong>amicitiam</strong></span> <span class='ocrx_word' id='word_1_616' title='bbox 3073 2001 3199 2068; x_wconf 89' lang='lat' dir='ltr'><strong>Dei,</strong></span> <span class='ocrx_word' id='word_1_617' title='bbox 3235 2012 3441 2057; x_wconf 61' lang='lat' dir='ltr'><strong>aeterno</strong></span> <span class='ocrx_word' id='word_1_618' title='bbox 3465 2001 3680 2060; x_wconf 75' lang='lat' dir='ltr'><strong>fcedere</strong></span> <span class='ocrx_word' id='word_1_619' title='bbox 3717 2003 3842 2075; x_wconf 86' lang='lat' dir='ltr'><strong>jun-</strong></span> 
     </span>
    </p>
   </div>
   <div class='ocr_carea' id='block_1_77' title="bbox 2237 2095 3836 2167">
    <p class='ocr_par' dir='ltr' id='par_1_77' title="bbox 2237 2095 3836 2167">
     <span class='ocr_line' id='line_1_77' title="bbox 2237 2095 3836 2167; baseline 0.003 -18"><span class='ocrx_word' id='word_1_620' title='bbox 2237 2103 2527 2164; x_wconf 84' lang='lat' dir='ltr'><strong>gereutur,</strong></span> <span class='ocrx_word' id='word_1_621' title='bbox 2587 2095 2737 2164; x_wconf 90' lang='lat' dir='ltr'><strong>ponit</strong></span> <span class='ocrx_word' id='word_1_622' title='bbox 2786 2095 3037 2165; x_wconf 85' lang='lat' dir='ltr'><strong>exempla</strong></span> <span class='ocrx_word' id='word_1_623' title='bbox 3069 2095 3364 2165; x_wconf 87' lang='lat' dir='ltr'><strong>majorum,</strong></span> <span class='ocrx_word' id='word_1_624' title='bbox 3412 2096 3645 2153; x_wconf 84' lang='lat' dir='ltr'><strong>dicens:</strong></span> <span class='ocrx_word' id='word_1_625' title='bbox 3696 2097 3836 2167; x_wconf 84' lang='lat' dir='ltr'><strong>Quo-</strong></span> 
     </span>
    </p>
   </div>
   <div class='ocr_carea' id='block_1_78' title="bbox 2245 2188 3843 2261">
    <p class='ocr_par' dir='ltr' id='par_1_78' title="bbox 2245 2188 3843 2261">
     <span class='ocr_line' id='line_1_78' title="bbox 2245 2188 3843 2261; baseline 0.003 -17"><span class='ocrx_word' id='word_1_626' title='bbox 2245 2188 2406 2244; x_wconf 91' lang='lat' dir='ltr'><strong>modo</strong></span> <span class='ocrx_word' id='word_1_627' title='bbox 2448 2188 2702 2244; x_wconf 89' lang='lat' dir='ltr'><strong>universo</strong></span> <span class='ocrx_word' id='word_1_628' title='bbox 2747 2191 2882 2245; x_wconf 88' lang='lat' dir='ltr'><strong>orbe</strong></span> <span class='ocrx_word' id='word_1_629' title='bbox 2923 2199 3215 2258; x_wconf 88' lang='lat' dir='ltr'><strong>peccante,</strong></span> <span class='ocrx_word' id='word_1_630' title='bbox 3266 2198 3551 2260; x_wconf 88' lang='lat' dir='ltr'><strong>postquam</strong></span> <span class='ocrx_word' id='word_1_631' title='bbox 3603 2192 3843 2261; x_wconf 83' lang='lat' dir='ltr'><strong>corrupit</strong></span> 
     </span>
    </p>
   </div>
   <div class='ocr_carea' id='block_1_79' title="bbox 2247 2279 3838 2350">
    <p class='ocr_par' dir='ltr' id='par_1_79' title="bbox 2247 2279 3838 2350">
     <span class='ocr_line' id='line_1_79' title="bbox 2247 2279 3838 2350; baseline 0.001 -16"><span class='ocrx_word' id='word_1_632' title='bbox 2247 2281 2426 2337; x_wconf 87' lang='lat' dir='ltr'><strong>omnis</strong></span> <span class='ocrx_word' id='word_1_633' title='bbox 2457 2289 2602 2336; x_wconf 88' lang='lat' dir='ltr'><strong>terra</strong></span> <span class='ocrx_word' id='word_1_634' title='bbox 2630 2281 2769 2338; x_wconf 88' lang='lat' dir='ltr'><strong>viam</strong></span> <span class='ocrx_word' id='word_1_635' title='bbox 2811 2281 3058 2350; x_wconf 90' lang='lat' dir='ltr'><strong>Domini,</strong></span> <span class='ocrx_word' id='word_1_636' title='bbox 3089 2279 3369 2336; x_wconf 90' lang='lat' dir='ltr'><strong>inductum</strong></span> <span class='ocrx_word' id='word_1_637' title='bbox 3414 2291 3501 2338; x_wconf 89' lang='lat' dir='ltr'><strong>est</strong></span> <span class='ocrx_word' id='word_1_638' title='bbox 3529 2281 3838 2336; x_wconf 88' lang='lat' dir='ltr'><strong>diluvium:</strong></span> 
     </span>
    </p>
   </div>
   <div class='ocr_carea' id='block_1_80' title="bbox 2242 2375 3840 2445">
    <p class='ocr_par' dir='ltr' id='par_1_80' title="bbox 2242 2375 3840 2445">
     <span class='ocr_line' id='line_1_80' title="bbox 2242 2375 3840 2445; baseline 0.001 -14"><span class='ocrx_word' id='word_1_639' title='bbox 2242 2386 2443 2431; x_wconf 92' lang='lat' dir='ltr'><strong>etcum</strong></span> <span class='ocrx_word' id='word_1_640' title='bbox 2477 2378 2790 2431; x_wconf 88' lang='lat' dir='ltr'><strong>auctoribus</strong></span> <span class='ocrx_word' id='word_1_641' title='bbox 2819 2375 3031 2430; x_wconf 87' lang='lat' dir='ltr'><strong>cunctis</strong></span> <span class='ocrx_word' id='word_1_642' title='bbox 3078 2383 3429 2445; x_wconf 90' lang='lat' dir='ltr'><strong>peccatorum</strong></span> <span class='ocrx_word' id='word_1_643' title='bbox 3470 2387 3668 2432; x_wconf 89' lang='lat' dir='ltr'><strong>cuncta</strong></span> <span class='ocrx_word' id='word_1_644' title='bbox 3721 2391 3840 2445; x_wconf 90' lang='lat' dir='ltr'><strong>pec-</strong></span> 
     </span>
    </p>
   </div>
   <div class='ocr_carea' id='block_1_81' title="bbox 2177 2470 3836 2542">
    <p class='ocr_par' dir='ltr' id='par_1_81' title="bbox 2177 2470 3836 2542">
     <span class='ocr_line' id='line_1_81' title="bbox 2177 2470 3836 2542; baseline 0.001 -16"><span class='ocrx_word' id='word_1_645' title='bbox 2177 2529 2180 2532; x_wconf 62' lang='grc'>,</span> <span class='ocrx_word' id='word_1_646' title='bbox 2242 2479 2363 2526; x_wconf 91' lang='lat' dir='ltr'><strong>cata</strong></span> <span class='ocrx_word' id='word_1_647' title='bbox 2393 2471 2572 2527; x_wconf 87' lang='lat' dir='ltr'><strong>deleta</strong></span> <span class='ocrx_word' id='word_1_648' title='bbox 2609 2480 2756 2542; x_wconf 80' lang='lat' dir='ltr'><strong>sunt,</strong></span> <span class='ocrx_word' id='word_1_649' title='bbox 2795 2471 2934 2526; x_wconf 91' lang='lat' dir='ltr'><strong>etin</strong></span> <span class='ocrx_word' id='word_1_650' title='bbox 2970 2486 3078 2526; x_wconf 90' lang='lat' dir='ltr'><strong>uno</strong></span> <span class='ocrx_word' id='word_1_651' title='bbox 3121 2470 3344 2526; x_wconf 91' lang='lat' dir='ltr'><strong>homine</strong></span> <span class='ocrx_word' id='word_1_652' title='bbox 3383 2470 3501 2526; x_wconf 90' lang='lat' dir='ltr'><strong>Noe</strong></span> <span class='ocrx_word' id='word_1_653' title='bbox 3545 2473 3836 2528; x_wconf 90' lang='lat' dir='ltr'><strong>humanum</strong></span> 
     </span>
    </p>
   </div>
   <div class='ocr_carea' id='block_1_82' title="bbox 2244 2563 3840 2634">
    <p class='ocr_par' dir='ltr' id='par_1_82' title="bbox 2244 2563 3840 2634">
     <span class='ocr_line' id='line_1_82' title="bbox 2244 2563 3840 2634; baseline 0 -14"><span class='ocrx_word' id='word_1_654' title='bbox 2244 2573 2514 2620; x_wconf 87' lang='lat' dir='ltr'><strong>servatum</strong></span> <span class='ocrx_word' id='word_1_655' title='bbox 2545 2571 2630 2619; x_wconf 90' lang='lat' dir='ltr'><strong>est</strong></span> <span class='ocrx_word' id='word_1_656' title='bbox 2670 2578 2844 2634; x_wconf 88' lang='lat' dir='ltr'><strong>genus</strong></span> <span class='ocrx_word' id='word_1_657' title='bbox 2877 2580 2889 2616; x_wconf 90' lang='lat'><strong>:</strong></span> <span class='ocrx_word' id='word_1_658' title='bbox 2927 2563 3012 2618; x_wconf 92' lang='lat' dir='ltr'><strong>cui</strong></span> <span class='ocrx_word' id='word_1_659' title='bbox 3056 2563 3236 2632; x_wconf 91' lang='lat' dir='ltr'><strong>juravi</strong></span> <span class='ocrx_word' id='word_1_660' title='bbox 3288 2579 3630 2634; x_wconf 87' lang='lat' dir='ltr'><strong>nequaquam</strong></span> <span class='ocrx_word' id='word_1_661' title='bbox 3685 2566 3840 2620; x_wconf 91' lang='lat' dir='ltr'><strong>terris</strong></span> 
     </span>
    </p>
   </div>
   <div class='ocr_carea' id='block_1_83' title="bbox 2243 2655 3839 2726">
    <p class='ocr_par' dir='ltr' id='par_1_83' title="bbox 2243 2655 3839 2726">
     <span class='ocr_line' id='line_1_83' title="bbox 2243 2655 3839 2726; baseline 0.001 -15"><span class='ocrx_word' id='word_1_662' title='bbox 2243 2656 2610 2713; x_wconf 90' lang='lat' dir='ltr'><strong>inducendum</strong></span> <span class='ocrx_word' id='word_1_663' title='bbox 2642 2671 2764 2712; x_wconf 88' lang='lat' dir='ltr'><strong>esse</strong></span> <span class='ocrx_word' id='word_1_664' title='bbox 2790 2656 3058 2711; x_wconf 82' lang='lat' dir='ltr'><strong>diluvium</strong></span> <span class='ocrx_word' id='word_1_665' title='bbox 3085 2673 3100 2710; x_wconf 90' lang='lat'><strong>:</strong></span> <span class='ocrx_word' id='word_1_666' title='bbox 3141 2665 3197 2711; x_wconf 92' lang='lat' dir='ltr'><strong>et</strong></span> <span class='ocrx_word' id='word_1_667' title='bbox 3237 2656 3460 2726; x_wconf 88' lang='lat' dir='ltr'><strong>sponsio</strong></span> <span class='ocrx_word' id='word_1_668' title='bbox 3490 2671 3611 2713; x_wconf 88' lang='lat' dir='ltr'><strong>mea</strong></span> <span class='ocrx_word' id='word_1_669' title='bbox 3644 2655 3839 2712; x_wconf 85' lang='lat' dir='ltr'><strong>hucus-</strong></span> 
     </span>
    </p>
   </div>
   <div class='ocr_carea' id='block_1_84' title="bbox 2238 2749 3837 2824">
    <p class='ocr_par' dir='ltr' id='par_1_84' title="bbox 2238 2749 3837 2824">
     <span class='ocr_line' id='line_1_84' title="bbox 2238 2749 3837 2824; baseline 0.001 -18"><span class='ocrx_word' id='word_1_670' title='bbox 2238 2766 2344 2822; x_wconf 89' lang='lat' dir='ltr'><strong>que</strong></span> <span class='ocrx_word' id='word_1_671' title='bbox 2372 2759 2586 2806; x_wconf 89' lang='lat' dir='ltr'><strong>servata</strong></span> <span class='ocrx_word' id='word_1_672' title='bbox 2619 2760 2735 2818; x_wconf 86' lang='lat' dir='ltr'><strong>est,</strong></span> <span class='ocrx_word' id='word_1_673' title='bbox 2769 2764 2872 2806; x_wconf 90' lang='lat' dir='ltr'><strong>nec</strong></span> <span class='ocrx_word' id='word_1_674' title='bbox 2922 2764 3178 2821; x_wconf 88' lang='lat' dir='ltr'><strong>umquam</strong></span> <span class='ocrx_word' id='word_1_675' title='bbox 3221 2750 3370 2805; x_wconf 89' lang='lat' dir='ltr'><strong>irrita</strong></span> <span class='ocrx_word' id='word_1_676' title='bbox 3403 2750 3499 2805; x_wconf 82' lang='lat' dir='ltr'><strong>(iet</strong></span> <span class='ocrx_word' id='word_1_677' title='bbox 3527 2749 3691 2824; x_wconf 88' lang='lat' dir='ltr'><strong>(Gen.</strong></span> <span class='ocrx_word' id='word_1_678' title='bbox 3747 2767 3837 2807; x_wconf 82' lang='lat' dir='ltr'><strong>vni</strong></span> 
     </span>
    </p>
   </div>
   <div class='ocr_carea' id='block_1_85' title="bbox 2238 2844 3837 2916">
    <p class='ocr_par' dir='ltr' id='par_1_85' title="bbox 2238 2844 3837 2916">
     <span class='ocr_line' id='line_1_85' title="bbox 2238 2844 3837 2916; baseline 0 -16"><span class='ocrx_word' id='word_1_679' title='bbox 2238 2856 2286 2900; x_wconf 92' lang='lat' dir='ltr'><strong>et</strong></span> <span class='ocrx_word' id='word_1_680' title='bbox 2318 2847 2418 2915; x_wconf 86' lang='lat' dir='ltr'><strong>Ix);</strong></span> <span class='ocrx_word' id='word_1_681' title='bbox 2452 2846 2532 2901; x_wconf 90' lang='lat' dir='ltr'><strong>sic</strong></span> <span class='ocrx_word' id='word_1_682' title='bbox 2569 2846 2695 2916; x_wconf 92' lang='lat' dir='ltr'><strong>juro</strong></span> <span class='ocrx_word' id='word_1_683' title='bbox 2733 2844 2998 2901; x_wconf 65' lang='lat' dir='ltr'><strong>Ecclesiae</strong></span> <span class='ocrx_word' id='word_1_684' title='bbox 3039 2860 3205 2910; x_wconf 70' lang='lat' dir='ltr'><strong>mete,</strong></span> <span class='ocrx_word' id='word_1_685' title='bbox 3235 2859 3395 2916; x_wconf 88' lang='lat' dir='ltr'><strong>quam</strong></span> <span class='ocrx_word' id='word_1_686' title='bbox 3446 2844 3583 2900; x_wconf 87' lang='lat' dir='ltr'><strong>mibi</strong></span> <span class='ocrx_word' id='word_1_687' title='bbox 3630 2845 3837 2902; x_wconf 88' lang='lat' dir='ltr'><strong>redemi</strong></span> 
     </span>
    </p>
   </div>
   <div class='ocr_carea' id='block_1_86' title="bbox 2235 2937 3837 3010">
    <p class='ocr_par' dir='ltr' id='par_1_86' title="bbox 2235 2937 3837 3010">
     <span class='ocr_line' id='line_1_86' title="bbox 2235 2937 3837 3010; baseline 0 -16"><span class='ocrx_word' id='word_1_688' title='bbox 2235 2940 2502 3010; x_wconf 81' lang='lat' dir='ltr'><strong>sanguine</strong></span> <span class='ocrx_word' id='word_1_689' title='bbox 2533 2955 2688 3008; x_wconf 90' lang='lat' dir='ltr'><strong>meo,</strong></span> <span class='ocrx_word' id='word_1_690' title='bbox 2721 2953 3062 3010; x_wconf 89' lang='lat' dir='ltr'><strong>nequaquam</strong></span> <span class='ocrx_word' id='word_1_691' title='bbox 3090 2952 3178 2993; x_wconf 91' lang='lat' dir='ltr'><strong>me</strong></span> <span class='ocrx_word' id='word_1_692' title='bbox 3204 2937 3399 2992; x_wconf 90' lang='lat' dir='ltr'><strong>iratum</strong></span> <span class='ocrx_word' id='word_1_693' title='bbox 3435 2937 3554 2994; x_wconf 90' lang='lat' dir='ltr'><strong>fore</strong></span> <span class='ocrx_word' id='word_1_694' title='bbox 3585 2937 3837 3010; x_wconf 87' lang='lat' dir='ltr'><strong>his’quo-</strong></span> 
     </span>
    </p>
   </div>
   <div class='ocr_carea' id='block_1_87' title="bbox 2235 3031 3836 3100">
    <p class='ocr_par' dir='ltr' id='par_1_87' title="bbox 2235 3031 3836 3100">
     <span class='ocr_line' id='line_1_87' title="bbox 2235 3031 3836 3100; baseline -0.001 -12"><span class='ocrx_word' id='word_1_695' title='bbox 2235 3049 2353 3088; x_wconf 93' lang='lat' dir='ltr'><strong>rum</strong></span> <span class='ocrx_word' id='word_1_696' title='bbox 2395 3035 2651 3089; x_wconf 88' lang='lat' dir='ltr'><strong>misertus</strong></span> <span class='ocrx_word' id='word_1_697' title='bbox 2692 3048 2810 3088; x_wconf 90' lang='lat' dir='ltr'><strong>sum</strong></span> <span class='ocrx_word' id='word_1_698' title='bbox 2837 3079 2850 3100; x_wconf 92' lang='lat'><strong>,</strong></span> <span class='ocrx_word' id='word_1_699' title='bbox 2885 3049 2989 3088; x_wconf 89' lang='lat' dir='ltr'><strong>nec</strong></span> <span class='ocrx_word' id='word_1_700' title='bbox 3021 3047 3194 3088; x_wconf 90' lang='lat' dir='ltr'><strong>meam</strong></span> <span class='ocrx_word' id='word_1_701' title='bbox 3223 3031 3576 3092; x_wconf 82' lang='lat' dir='ltr'><strong>clementiam</strong></span> <span class='ocrx_word' id='word_1_702' title='bbox 3615 3032 3723 3087; x_wconf 89' lang='lat' dir='ltr'><strong>ulla</strong></span> <span class='ocrx_word' id='word_1_703' title='bbox 3755 3034 3836 3087; x_wconf 86' lang='lat' dir='ltr'><strong>in-</strong></span> 
     </span>
    </p>
   </div>
   <div class='ocr_carea' id='block_1_88' title="bbox 2234 3122 3835 3197">
    <p class='ocr_par' dir='ltr' id='par_1_88' title="bbox 2234 3122 3835 3197">
     <span class='ocr_line' id='line_1_88' title="bbox 2234 3122 3835 3197; baseline 0 -17"><span class='ocrx_word' id='word_1_704' title='bbox 2234 3125 2561 3197; x_wconf 90' lang='lat' dir='ltr'><strong>crepationis</strong></span> <span class='ocrx_word' id='word_1_705' title='bbox 2605 3125 2807 3181; x_wconf 90' lang='lat' dir='ltr'><strong>duritia</strong></span> <span class='ocrx_word' id='word_1_706' title='bbox 2877 3123 3338 3180; x_wconf 88' lang='lat' dir='ltr'><strong>commutandam.</strong></span> <span class='ocrx_word' id='word_1_707' title='bbox 3389 3122 3634 3180; x_wconf 86' lang='lat' dir='ltr'><strong>Facilius</strong></span> <span class='ocrx_word' id='word_1_708' title='bbox 3692 3123 3835 3180; x_wconf 89' lang='lat' dir='ltr'><strong>enim</strong></span> 
     </span>
    </p>
   </div>
   <div class='ocr_carea' id='block_1_89' title="bbox 2235 3217 3834 3288">
    <p class='ocr_par' dir='ltr' id='par_1_89' title="bbox 2235 3217 3834 3288">
     <span class='ocr_line' id='line_1_89' title="bbox 2235 3217 3834 3288; baseline -0.002 -14"><span class='ocrx_word' id='word_1_709' title='bbox 2235 3232 2451 3276; x_wconf 88' lang='lat' dir='ltr'><strong>montes</strong></span> <span class='ocrx_word' id='word_1_710' title='bbox 2482 3219 2850 3274; x_wconf 87' lang='lat' dir='ltr'><strong>movebuntur</strong></span> <span class='ocrx_word' id='word_1_711' title='bbox 2895 3226 2950 3273; x_wconf 90' lang='lat' dir='ltr'><strong>et</strong></span> <span class='ocrx_word' id='word_1_712' title='bbox 2977 3217 3176 3286; x_wconf 89' lang='lat' dir='ltr'><strong>colles,</strong></span> <span class='ocrx_word' id='word_1_713' title='bbox 3219 3231 3380 3288; x_wconf 87' lang='lat' dir='ltr'><strong>quam</strong></span> <span class='ocrx_word' id='word_1_714' title='bbox 3415 3233 3536 3274; x_wconf 87' lang='lat' dir='ltr'><strong>mea</strong></span> <span class='ocrx_word' id='word_1_715' title='bbox 3567 3218 3834 3273; x_wconf 87' lang='lat' dir='ltr'><strong>sententia</strong></span> 
     </span>
    </p>
   </div>
   <div class='ocr_carea' id='block_1_90' title="bbox 2236 3312 3833 3385">
    <p class='ocr_par' dir='ltr' id='par_1_90' title="bbox 2236 3312 3833 3385">
     <span class='ocr_line' id='line_1_90' title="bbox 2236 3312 3833 3385; baseline -0.003 -13"><span class='ocrx_word' id='word_1_716' title='bbox 2236 3317 2678 3373; x_wconf 74' lang='lat' dir='ltr'><strong>commutabitur.</strong></span> <span class='ocrx_word' id='word_1_717' title='bbox 2704 3314 2865 3371; x_wconf 86' lang='lat' dir='ltr'><strong>Juxta</strong></span> <span class='ocrx_word' id='word_1_718' title='bbox 2890 3313 3034 3385; x_wconf 91' lang='lat' dir='ltr'><strong>quod</strong></span> <span class='ocrx_word' id='word_1_719' title='bbox 3067 3325 3118 3368; x_wconf 91' lang='lat' dir='ltr'><strong>et</strong></span> <span class='ocrx_word' id='word_1_720' title='bbox 3149 3313 3201 3367; x_wconf 91' lang='lat' dir='ltr'><strong>in</strong></span> <span class='ocrx_word' id='word_1_721' title='bbox 3243 3312 3540 3383; x_wconf 83' lang='lat' dir='ltr'><strong>Evangelia</strong></span> <span class='ocrx_word' id='word_1_722' title='bbox 3571 3313 3833 3384; x_wconf 88' lang='lat' dir='ltr'><strong>loquitur:</strong></span> 
     </span>
    </p>
   </div>
   <div class='ocr_carea' id='block_1_91' title="bbox 2235 3406 3830 3476">
    <p class='ocr_par' dir='ltr' id='par_1_91' title="bbox 2235 3406 3830 3476">
     <span class='ocr_line' id='line_1_91' title="bbox 2235 3406 3830 3476; baseline -0.003 -13"><span class='ocrx_word' id='word_1_723' title='bbox 2235 3408 2428 3463; x_wconf 75' lang='lat' dir='ltr'><strong>Caelum</strong></span> <span class='ocrx_word' id='word_1_724' title='bbox 2450 3417 2498 3463; x_wconf 86' lang='lat' dir='ltr'><strong>et</strong></span> <span class='ocrx_word' id='word_1_725' title='bbox 2517 3418 2657 3462; x_wconf 84' lang='lat' dir='ltr'><strong>terra</strong></span> <span class='ocrx_word' id='word_1_726' title='bbox 2679 3406 2990 3472; x_wconf 87' lang='lat' dir='ltr'><strong>transibunt,</strong></span> <span class='ocrx_word' id='word_1_727' title='bbox 3006 3407 3157 3460; x_wconf 88' lang='lat' dir='ltr'><strong>verba</strong></span> <span class='ocrx_word' id='word_1_728' title='bbox 3173 3414 3346 3460; x_wconf 88' lang='lat' dir='ltr'><strong>autem</strong></span> <span class='ocrx_word' id='word_1_729' title='bbox 3364 3421 3476 3460; x_wconf 89' lang='lat' dir='ltr'><strong>mea</strong></span> <span class='ocrx_word' id='word_1_730' title='bbox 3498 3422 3603 3460; x_wconf 86' lang='lat' dir='ltr'><strong>non</strong></span> <span class='ocrx_word' id='word_1_731' title='bbox 3625 3415 3830 3476; x_wconf 69' lang='lat' dir='ltr'><strong>printer-</strong></span> 
     </span>
    </p>
   </div>
   <div class='ocr_carea' id='block_1_92' title="bbox 2234 3497 3830 3570">
    <p class='ocr_par' dir='ltr' id='par_1_92' title="bbox 2234 3497 3830 3570">
     <span class='ocr_line' id='line_1_92' title="bbox 2234 3497 3830 3570; baseline 0 -18"><span class='ocrx_word' id='word_1_732' title='bbox 2234 3499 2626 3569; x_wconf 82' lang='lat' dir='ltr'><strong>ibunt(MattIt.</strong></span> <span class='ocrx_word' id='word_1_733' title='bbox 2657 3515 2804 3568; x_wconf 86' lang='lat' dir='ltr'><strong>xxn,</strong></span> <span class='ocrx_word' id='word_1_734' title='bbox 2862 3499 2977 3568; x_wconf 80' lang='grc'>15).</span> <span class='ocrx_word' id='word_1_735' title='bbox 3034 3497 3160 3555; x_wconf 72' lang='lat' dir='ltr'><strong>Haec</strong></span> <span class='ocrx_word' id='word_1_736' title='bbox 3210 3506 3324 3568; x_wconf 89' lang='lat' dir='ltr'><strong>est,</strong></span> <span class='ocrx_word' id='word_1_737' title='bbox 3357 3508 3578 3568; x_wconf 89' lang='lat' dir='ltr'><strong>autem,</strong></span> <span class='ocrx_word' id='word_1_738' title='bbox 3630 3498 3830 3570; x_wconf 89' lang='lat' dir='ltr'><strong>inquit,</strong></span> 
     </span>
    </p>
   </div>
   <div class='ocr_carea' id='block_1_93' title="bbox 2234 3592 3835 3664">
    <p class='ocr_par' dir='ltr' id='par_1_93' title="bbox 2234 3592 3835 3664">
     <span class='ocr_line' id='line_1_93' title="bbox 2234 3592 3835 3664; baseline -0.002 -14"><span class='ocrx_word' id='word_1_739' title='bbox 2234 3595 2609 3652; x_wconf 90' lang='lat' dir='ltr'><strong>misericordia</strong></span> <span class='ocrx_word' id='word_1_740' title='bbox 2637 3609 2755 3651; x_wconf 88' lang='lat' dir='ltr'><strong>mea</strong></span> <span class='ocrx_word' id='word_1_741' title='bbox 2787 3636 2804 3663; x_wconf 95' lang='lat'><strong>,</strong></span> <span class='ocrx_word' id='word_1_742' title='bbox 2835 3606 2892 3648; x_wconf 93' lang='lat' dir='ltr'><strong>ut</strong></span> <span class='ocrx_word' id='word_1_743' title='bbox 2920 3592 3098 3650; x_wconf 71' lang='lat' dir='ltr'><strong>fmdus</strong></span> <span class='ocrx_word' id='word_1_744' title='bbox 3127 3594 3275 3664; x_wconf 88' lang='lat' dir='ltr'><strong>pacis</strong></span> <span class='ocrx_word' id='word_1_745' title='bbox 3297 3639 3310 3662; x_wconf 91' lang='lat'><strong>,</strong></span> <span class='ocrx_word' id='word_1_746' title='bbox 3343 3609 3452 3664; x_wconf 92' lang='lat' dir='ltr'><strong>quo</strong></span> <span class='ocrx_word' id='word_1_747' title='bbox 3483 3592 3619 3648; x_wconf 88' lang='lat' dir='ltr'><strong>mihi</strong></span> <span class='ocrx_word' id='word_1_748' title='bbox 3653 3607 3835 3649; x_wconf 78' lang='lat' dir='ltr'><strong>recou-</strong></span> 
     </span>
    </p>
   </div>
   <div class='ocr_carea' id='block_1_94' title="bbox 2233 3688 3836 3760">
    <p class='ocr_par' dir='ltr' id='par_1_94' title="bbox 2233 3688 3836 3760">
     <span class='ocr_line' id='line_1_94' title="bbox 2233 3688 3836 3760; baseline -0.001 -13"><span class='ocrx_word' id='word_1_749' title='bbox 2233 3689 2448 3747; x_wconf 88' lang='lat' dir='ltr'><strong>ciliatus</strong></span> <span class='ocrx_word' id='word_1_750' title='bbox 2477 3699 2562 3746; x_wconf 89' lang='lat' dir='ltr'><strong>est</strong></span> <span class='ocrx_word' id='word_1_751' title='bbox 2594 3689 2863 3758; x_wconf 91' lang='lat' dir='ltr'><strong>mundus,</strong></span> <span class='ocrx_word' id='word_1_752' title='bbox 2897 3705 3005 3744; x_wconf 91' lang='lat' dir='ltr'><strong>non</strong></span> <span class='ocrx_word' id='word_1_753' title='bbox 3055 3690 3254 3744; x_wconf 89' lang='lat' dir='ltr'><strong>merito</strong></span> <span class='ocrx_word' id='word_1_754' title='bbox 3283 3703 3474 3744; x_wconf 90' lang='lat' dir='ltr'><strong>eorum</strong></span> <span class='ocrx_word' id='word_1_755' title='bbox 3521 3688 3718 3760; x_wconf 91' lang='lat' dir='ltr'><strong>quibus</strong></span> <span class='ocrx_word' id='word_1_756' title='bbox 3745 3689 3836 3745; x_wconf 84' lang='lat' dir='ltr'><strong>da-</strong></span> 
     </span>
    </p>
   </div>
   <div class='ocr_carea' id='block_1_95' title="bbox 2235 3783 3835 3852">
    <p class='ocr_par' dir='ltr' id='par_1_95' title="bbox 2235 3783 3835 3852">
     <span class='ocr_line' id='line_1_95' title="bbox 2235 3783 3835 3852; baseline 0 -13"><span class='ocrx_word' id='word_1_757' title='bbox 2235 3791 2348 3839; x_wconf 85' lang='lat' dir='ltr'><strong>tum</strong></span> <span class='ocrx_word' id='word_1_758' title='bbox 2397 3793 2521 3852; x_wconf 87' lang='lat' dir='ltr'><strong>est,</strong></span> <span class='ocrx_word' id='word_1_759' title='bbox 2571 3784 2664 3840; x_wconf 90' lang='lat' dir='ltr'><strong>sed</strong></span> <span class='ocrx_word' id='word_1_760' title='bbox 2723 3799 2843 3839; x_wconf 89' lang='lat' dir='ltr'><strong>mea</strong></span> <span class='ocrx_word' id='word_1_761' title='bbox 2894 3783 3186 3838; x_wconf 89' lang='lat' dir='ltr'><strong>clementia</strong></span> <span class='ocrx_word' id='word_1_762' title='bbox 3247 3793 3636 3840; x_wconf 83' lang='lat' dir='ltr'><strong>conservetur.</strong></span> <span class='ocrx_word' id='word_1_763' title='bbox 3680 3785 3835 3840; x_wconf 84' lang='lat' dir='ltr'><strong>Juxta</strong></span> 
     </span>
    </p>
   </div>
   <div class='ocr_carea' id='block_1_96' title="bbox 2234 3877 3835 3949">
    <p class='ocr_par' dir='ltr' id='par_1_96' title="bbox 2234 3877 3835 3949">
     <span class='ocr_line' id='line_1_96' title="bbox 2234 3877 3835 3949; baseline -0.001 -16"><span class='ocrx_word' id='word_1_764' title='bbox 2234 3878 2590 3949; x_wconf 83' lang='lat' dir='ltr'><strong>Septuaginta</strong></span> <span class='ocrx_word' id='word_1_765' title='bbox 2619 3877 2881 3933; x_wconf 86' lang='lat' dir='ltr'><strong>confusus</strong></span> <span class='ocrx_word' id='word_1_766' title='bbox 2905 3885 2988 3933; x_wconf 92' lang='lat' dir='ltr'><strong>est</strong></span> <span class='ocrx_word' id='word_1_767' title='bbox 3019 3892 3218 3934; x_wconf 89' lang='lat' dir='ltr'><strong>sensus</strong></span> <span class='ocrx_word' id='word_1_768' title='bbox 3238 3923 3252 3947; x_wconf 94' lang='lat'><strong>,</strong></span> <span class='ocrx_word' id='word_1_769' title='bbox 3276 3887 3330 3934; x_wconf 91' lang='lat' dir='ltr'><strong>et</strong></span> <span class='ocrx_word' id='word_1_770' title='bbox 3358 3878 3436 3934; x_wconf 91' lang='lat' dir='ltr'><strong>sic</strong></span> <span class='ocrx_word' id='word_1_771' title='bbox 3467 3879 3688 3933; x_wconf 90' lang='lat' dir='ltr'><strong>turbata</strong></span> <span class='ocrx_word' id='word_1_772' title='bbox 3713 3886 3835 3934; x_wconf 90' lang='lat' dir='ltr'><strong>sunt</strong></span> 
     </span>
    </p>
   </div>
   <div class='ocr_carea' id='block_1_97' title="bbox 2238 3968 3828 4042">
    <p class='ocr_par' dir='ltr' id='par_1_97' title="bbox 2238 3968 3828 4042">
     <span class='ocr_line' id='line_1_97' title="bbox 2238 3968 3828 4042; baseline 0.001 -16"><span class='ocrx_word' id='word_1_773' title='bbox 2238 3970 2448 4038; x_wconf 87' lang='lat' dir='ltr'><strong>omnia,</strong></span> <span class='ocrx_word' id='word_1_774' title='bbox 2483 3969 2684 4040; x_wconf 91' lang='lat' dir='ltr'><strong>utquid</strong></span> <span class='ocrx_word' id='word_1_775' title='bbox 2713 3968 2926 4024; x_wconf 90' lang='lat' dir='ltr'><strong>dicatur</strong></span> <span class='ocrx_word' id='word_1_776' title='bbox 2961 3968 3183 4026; x_wconf 81' lang='lat' dir='ltr'><strong>difﬁcile</strong></span> <span class='ocrx_word' id='word_1_777' title='bbox 3212 3970 3385 4040; x_wconf 89' lang='lat' dir='ltr'><strong>possit</strong></span> <span class='ocrx_word' id='word_1_778' title='bbox 3413 3970 3648 4042; x_wconf 89' lang='lat' dir='ltr'><strong>intelligi</strong></span> <span class='ocrx_word' id='word_1_779' title='bbox 3681 3991 3693 4024; x_wconf 88' lang='lat'><strong>:</strong></span> <span class='ocrx_word' id='word_1_780' title='bbox 3727 3987 3828 4027; x_wconf 88' lang='lat' dir='ltr'><strong>non</strong></span> 
     </span>
    </p>
   </div>
   <div class='ocr_carea' id='block_1_98' title="bbox 2239 4061 3834 4134">
    <p class='ocr_par' dir='ltr' id='par_1_98' title="bbox 2239 4061 3834 4134">
     <span class='ocr_line' id='line_1_98' title="bbox 2239 4061 3834 4134; baseline 0.002 -17"><span class='ocrx_word' id='word_1_781' title='bbox 2239 4078 2348 4133; x_wconf 89' lang='lat' dir='ltr'><strong>quo</strong></span> <span class='ocrx_word' id='word_1_782' title='bbox 2376 4064 2615 4132; x_wconf 87' lang='lat' dir='ltr'><strong>ignorem</strong></span> <span class='ocrx_word' id='word_1_783' title='bbox 2646 4061 2774 4134; x_wconf 92' lang='lat' dir='ltr'><strong>quid</strong></span> <span class='ocrx_word' id='word_1_784' title='bbox 2806 4063 2857 4117; x_wconf 93' lang='lat' dir='ltr'><strong>in</strong></span> <span class='ocrx_word' id='word_1_785' title='bbox 2889 4062 2990 4118; x_wconf 76' lang='lat' dir='ltr'><strong>hoc</strong></span> <span class='ocrx_word' id='word_1_786' title='bbox 3010 4063 3246 4133; x_wconf 86' lang='lat' dir='ltr'><strong>capitulo</strong></span> <span class='ocrx_word' id='word_1_787' title='bbox 3270 4064 3352 4119; x_wconf 88' lang='lat' dir='ltr'><strong>vir</strong></span> <span class='ocrx_word' id='word_1_788' title='bbox 3380 4064 3834 4134; x_wconf 89' lang='lat' dir='ltr'><strong>prudentissimus</strong></span> 
     </span>
    </p>
   </div>
   <div class='ocr_carea' id='block_1_99' title="bbox 2236 4155 3832 4228">
    <p class='ocr_par' dir='ltr' id='par_1_99' title="bbox 2236 4155 3832 4228">
     <span class='ocr_line' id='line_1_99' title="bbox 2236 4155 3832 4228; baseline 0.002 -17"><span class='ocrx_word' id='word_1_789' title='bbox 2236 4156 2470 4226; x_wconf 88' lang='lat' dir='ltr'><strong>dixerit,</strong></span> <span class='ocrx_word' id='word_1_790' title='bbox 2505 4155 2600 4212; x_wconf 91' lang='lat' dir='ltr'><strong>sed</strong></span> <span class='ocrx_word' id='word_1_791' title='bbox 2632 4173 2744 4228; x_wconf 90' lang='lat' dir='ltr'><strong>quo</strong></span> <span class='ocrx_word' id='word_1_792' title='bbox 2774 4171 2881 4212; x_wconf 90' lang='lat' dir='ltr'><strong>non</strong></span> <span class='ocrx_word' id='word_1_793' title='bbox 2913 4156 3213 4213; x_wconf 89' lang='lat' dir='ltr'><strong>satisfaciat</strong></span> <span class='ocrx_word' id='word_1_794' title='bbox 3251 4156 3434 4212; x_wconf 87' lang='lat' dir='ltr'><strong>animo</strong></span> <span class='ocrx_word' id='word_1_795' title='bbox 3480 4173 3630 4214; x_wconf 92' lang='lat' dir='ltr'><strong>meo.</strong></span> <span class='ocrx_word' id='word_1_796' title='bbox 3679 4159 3832 4214; x_wconf 88' lang='lat' dir='ltr'><strong>Ponit</strong></span> 
     </span>
    </p>
   </div>
   <div class='ocr_carea' id='block_1_100' title="bbox 2237 4249 3833 4322">
    <p class='ocr_par' dir='ltr' id='par_1_100' title="bbox 2237 4249 3833 4322">
     <span class='ocr_line' id='line_1_100' title="bbox 2237 4249 3833 4322; baseline 0.001 -17"><span class='ocrx_word' id='word_1_797' title='bbox 2237 4250 2381 4305; x_wconf 89' lang='lat' dir='ltr'><strong>enim</strong></span> <span class='ocrx_word' id='word_1_798' title='bbox 2436 4249 2831 4321; x_wconf 90' lang='lat' dir='ltr'><strong>tropologicum</strong></span> <span class='ocrx_word' id='word_1_799' title='bbox 2878 4249 3181 4318; x_wconf 88' lang='lat' dir='ltr'><strong>diluvium,</strong></span> <span class='ocrx_word' id='word_1_800' title='bbox 3238 4249 3382 4321; x_wconf 91' lang='lat' dir='ltr'><strong>quod</strong></span> <span class='ocrx_word' id='word_1_801' title='bbox 3439 4251 3833 4322; x_wconf 87' lang='lat' dir='ltr'><strong>interpretatur</strong></span> 
     </span>
    </p>
   </div>
   <div class='ocr_carea' id='block_1_101' title="bbox 2237 4341 3832 4414">
    <p class='ocr_par' dir='ltr' id='par_1_101' title="bbox 2237 4341 3832 4414">
     <span class='ocr_line' id='line_1_101' title="bbox 2237 4341 3832 4414; baseline 0.001 -17"><span class='ocrx_word' id='word_1_802' title='bbox 2237 4343 2290 4397; x_wconf 92' lang='lat' dir='ltr'><strong>in</strong></span> <span class='ocrx_word' id='word_1_803' title='bbox 2333 4342 2604 4413; x_wconf 82' lang='lat' dir='ltr'><strong>baptismo</strong></span> <span class='ocrx_word' id='word_1_804' title='bbox 2633 4341 2966 4411; x_wconf 86' lang='lat' dir='ltr'><strong>Salvatoris,</strong></span> <span class='ocrx_word' id='word_1_805' title='bbox 3008 4357 3313 4414; x_wconf 88' lang='lat' dir='ltr'><strong>congerens</strong></span> <span class='ocrx_word' id='word_1_806' title='bbox 3359 4344 3612 4412; x_wconf 87' lang='lat' dir='ltr'><strong>exempla</strong></span> <span class='ocrx_word' id='word_1_807' title='bbox 3645 4359 3832 4413; x_wconf 84' lang='lat' dir='ltr'><strong>quam-</strong></span> 
     </span>
    </p>
   </div>
   <div class='ocr_carea' id='block_1_102' title="bbox 2236 4433 3834 4507">
    <p class='ocr_par' dir='ltr' id='par_1_102' title="bbox 2236 4433 3834 4507">
     <span class='ocr_line' id='line_1_102' title="bbox 2236 4433 3834 4507; baseline -0.001 -17"><span class='ocrx_word' id='word_1_808' title='bbox 2236 4434 2492 4506; x_wconf 89' lang='lat' dir='ltr'><strong>plurima,</strong></span> <span class='ocrx_word' id='word_1_809' title='bbox 2514 4443 2573 4490; x_wconf 83' lang='lat' dir='ltr'><strong>ut</strong></span> <span class='ocrx_word' id='word_1_810' title='bbox 2587 4443 2672 4490; x_wconf 86' lang='lat' dir='ltr'><strong>est</strong></span> <span class='ocrx_word' id='word_1_811' title='bbox 2687 4433 3107 4490; x_wconf 80' lang='lat' dir='ltr'><strong>illudzDominus</strong></span> <span class='ocrx_word' id='word_1_812' title='bbox 3126 4433 3382 4489; x_wconf 87' lang='lat' dir='ltr'><strong>diluvium</strong></span> <span class='ocrx_word' id='word_1_813' title='bbox 3398 4433 3693 4490; x_wconf 81' lang='lat' dir='ltr'><strong>inhabitare</strong></span> <span class='ocrx_word' id='word_1_814' title='bbox 3713 4435 3834 4507; x_wconf 80' lang='lat' dir='ltr'><strong>facit</strong></span> 
     </span>
    </p>
   </div>
   <div class='ocr_carea' id='block_1_103' title="bbox 2237 4523 3830 4600">
    <p class='ocr_par' dir='ltr' id='par_1_103' title="bbox 2237 4523 3830 4600">
     <span class='ocr_line' id='line_1_103' title="bbox 2237 4523 3830 4600; baseline 0 -20"><span class='ocrx_word' id='word_1_815' title='bbox 2237 4526 2356 4600; x_wconf 89' lang='lat' dir='ltr'><strong>(Ps.</strong></span> <span class='ocrx_word' id='word_1_816' title='bbox 2386 4542 2552 4582; x_wconf 84' lang='lat' dir='ltr'><strong>xxvm</strong></span> <span class='ocrx_word' id='word_1_817' title='bbox 2571 4573 2584 4595; x_wconf 96' lang='lat'><strong>,</strong></span> <span class='ocrx_word' id='word_1_818' title='bbox 2611 4526 2724 4599; x_wconf 81' lang='grc'>10).</span> <span class='ocrx_word' id='word_1_819' title='bbox 2761 4527 2826 4583; x_wconf 86' lang='lat' dir='ltr'><strong>Et</strong></span> <span class='ocrx_word' id='word_1_820' title='bbox 2856 4525 3091 4582; x_wconf 88' lang='lat' dir='ltr'><strong>iterum:</strong></span> <span class='ocrx_word' id='word_1_821' title='bbox 3121 4525 3311 4582; x_wconf 80' lang='lat' dir='ltr'><strong>Suavis</strong></span> <span class='ocrx_word' id='word_1_822' title='bbox 3332 4523 3591 4580; x_wconf 85' lang='lat' dir='ltr'><strong>Dominus</strong></span> <span class='ocrx_word' id='word_1_823' title='bbox 3621 4543 3830 4593; x_wconf 70' lang='lat' dir='ltr'><strong>exspec-</strong></span> 
     </span>
    </p>
   </div>
   <div class='ocr_carea' id='block_1_104' title="bbox 2239 4619 3832 4685">
    <p class='ocr_par' dir='ltr' id='par_1_104' title="bbox 2239 4619 3832 4685">
     <span class='ocr_line' id='line_1_104' title="bbox 2239 4619 3832 4685; baseline 0.002 -12"><span class='ocrx_word' id='word_1_824' title='bbox 2239 4620 2468 4675; x_wconf 87' lang='lat' dir='ltr'><strong>tantibus</strong></span> <span class='ocrx_word' id='word_1_825' title='bbox 2497 4636 2550 4675; x_wconf 88' lang='lat' dir='ltr'><strong>se</strong></span> <span class='ocrx_word' id='word_1_826' title='bbox 2577 4621 2632 4675; x_wconf 92' lang='lat' dir='ltr'><strong>in</strong></span> <span class='ocrx_word' id='word_1_827' title='bbox 2660 4621 2743 4674; x_wconf 90' lang='lat' dir='ltr'><strong>die</strong></span> <span class='ocrx_word' id='word_1_828' title='bbox 2773 4619 3119 4675; x_wconf 86' lang='lat' dir='ltr'><strong>tribulationis</strong></span> <span class='ocrx_word' id='word_1_829' title='bbox 3152 4636 3170 4674; x_wconf 92' lang='lat'><strong>:</strong></span> <span class='ocrx_word' id='word_1_830' title='bbox 3217 4629 3267 4674; x_wconf 88' lang='lat' dir='ltr'><strong>et</strong></span> <span class='ocrx_word' id='word_1_831' title='bbox 3294 4619 3458 4675; x_wconf 85' lang='lat' dir='ltr'><strong>sciens</strong></span> <span class='ocrx_word' id='word_1_832' title='bbox 3485 4621 3724 4676; x_wconf 88' lang='lat' dir='ltr'><strong>timentes</strong></span> <span class='ocrx_word' id='word_1_833' title='bbox 3743 4637 3796 4676; x_wconf 86' lang='lat' dir='ltr'><strong>se</strong></span> <span class='ocrx_word' id='word_1_834' title='bbox 3818 4661 3832 4685; x_wconf 91' lang='lat'><strong>,</strong></span> 
     </span>
    </p>
   </div>
   <div class='ocr_carea' id='block_1_105' title="bbox 2236 4713 3829 4788">
    <p class='ocr_par' dir='ltr' id='par_1_105' title="bbox 2236 4713 3829 4788">
     <span class='ocr_line' id='line_1_105' title="bbox 2236 4713 3829 4788; baseline 0.001 -20"><span class='ocrx_word' id='word_1_835' title='bbox 2236 4715 2290 4769; x_wconf 87' lang='lat' dir='ltr'><strong>in</strong></span> <span class='ocrx_word' id='word_1_836' title='bbox 2319 4713 2512 4769; x_wconf 88' lang='lat' dir='ltr'><strong>diluvio</strong></span> <span class='ocrx_word' id='word_1_837' title='bbox 2551 4715 2751 4769; x_wconf 87' lang='lat' dir='ltr'><strong>itineris</strong></span> <span class='ocrx_word' id='word_1_838' title='bbox 2769 4714 3263 4770; x_wconf 87' lang='lat' dir='ltr'><strong>consummationem</strong></span> <span class='ocrx_word' id='word_1_839' title='bbox 3291 4715 3417 4786; x_wconf 88' lang='lat' dir='ltr'><strong>facit</strong></span> <span class='ocrx_word' id='word_1_840' title='bbox 3445 4713 3688 4788; x_wconf 75' lang='lat' dir='ltr'><strong>(Nonum</strong></span> <span class='ocrx_word' id='word_1_841' title='bbox 3709 4732 3746 4784; x_wconf 88' lang='grc' dir='ltr'><strong>ι,</strong></span> <span class='ocrx_word' id='word_1_842' title='bbox 3781 4717 3829 4783; x_wconf 91' lang='lat'><strong>7,</strong></span> 
     </span>
    </p>
   </div>
   <div class='ocr_carea' id='block_1_106' title="bbox 2236 4805 3833 4880">
    <p class='ocr_par' dir='ltr' id='par_1_106' title="bbox 2236 4805 3833 4880">
     <span class='ocr_line' id='line_1_106' title="bbox 2236 4805 3833 4880; baseline 0.002 -19"><span class='ocrx_word' id='word_1_843' title='bbox 2236 4806 2518 4861; x_wconf 89' lang='lat' dir='ltr'><strong>secundum</strong></span> <span class='ocrx_word' id='word_1_844' title='bbox 2546 4805 2718 4878; x_wconf 80' lang='lat' dir='ltr'><strong>LXX)</strong></span> <span class='ocrx_word' id='word_1_845' title='bbox 2766 4826 2778 4861; x_wconf 92' lang='lat'><strong>:</strong></span> <span class='ocrx_word' id='word_1_846' title='bbox 2819 4808 2962 4878; x_wconf 91' lang='lat' dir='ltr'><strong>quod</strong></span> <span class='ocrx_word' id='word_1_847' title='bbox 2993 4807 3207 4864; x_wconf 88' lang='lat' dir='ltr'><strong>scilicet</strong></span> <span class='ocrx_word' id='word_1_848' title='bbox 3233 4808 3492 4864; x_wconf 87' lang='lat' dir='ltr'><strong>universa</strong></span> <span class='ocrx_word' id='word_1_849' title='bbox 3523 4819 3750 4880; x_wconf 88' lang='lat' dir='ltr'><strong>peccata</strong></span> <span class='ocrx_word' id='word_1_850' title='bbox 3780 4809 3833 4864; x_wconf 91' lang='lat' dir='ltr'><strong>in</strong></span> 
     </span>
    </p>
   </div>
   <div class='ocr_carea' id='block_1_107' title="bbox 2234 4896 3832 4974">
    <p class='ocr_par' dir='ltr' id='par_1_107' title="bbox 2234 4896 3832 4974">
     <span class='ocr_line' id='line_1_107' title="bbox 2234 4896 3832 4974; baseline 0.001 -22"><span class='ocrx_word' id='word_1_851' title='bbox 2234 4896 2507 4967; x_wconf 85' lang='lat' dir='ltr'><strong>baptismo</strong></span> <span class='ocrx_word' id='word_1_852' title='bbox 2537 4897 2830 4968; x_wconf 87' lang='lat' dir='ltr'><strong>deleverit,</strong></span> <span class='ocrx_word' id='word_1_853' title='bbox 2863 4899 3055 4956; x_wconf 89' lang='lat' dir='ltr'><strong>dicens</strong></span> <span class='ocrx_word' id='word_1_854' title='bbox 3096 4899 3149 4954; x_wconf 90' lang='lat' dir='ltr'><strong>in</strong></span> <span class='ocrx_word' id='word_1_855' title='bbox 3193 4900 3306 4955; x_wconf 89' lang='lat' dir='ltr'><strong>alio</strong></span> <span class='ocrx_word' id='word_1_856' title='bbox 3337 4900 3501 4957; x_wconf 88' lang='lat' dir='ltr'><strong>loco:</strong></span> <span class='ocrx_word' id='word_1_857' title='bbox 3533 4900 3649 4974; x_wconf 85' lang='lat' dir='ltr'><strong>Ego</strong></span> <span class='ocrx_word' id='word_1_858' title='bbox 3689 4918 3832 4967; x_wconf 88' lang='lat' dir='ltr'><strong>sum,</strong></span> 
     </span>
    </p>
   </div>
   <div class='ocr_carea' id='block_1_108' title="bbox 2233 4993 3830 5067">
    <p class='ocr_par' dir='ltr' id='par_1_108' title="bbox 2233 4993 3830 5067">
     <span class='ocr_line' id='line_1_108' title="bbox 2233 4993 3830 5067; baseline 0.004 -23"><span class='ocrx_word' id='word_1_859' title='bbox 2233 5007 2327 5061; x_wconf 86' lang='lat' dir='ltr'><strong>ego</strong></span> <span class='ocrx_word' id='word_1_860' title='bbox 2372 5007 2519 5056; x_wconf 89' lang='lat' dir='ltr'><strong>sum,</strong></span> <span class='ocrx_word' id='word_1_861' title='bbox 2551 4993 2636 5061; x_wconf 86' lang='lat' dir='ltr'><strong>qui</strong></span> <span class='ocrx_word' id='word_1_862' title='bbox 2662 4993 2805 5047; x_wconf 87' lang='lat' dir='ltr'><strong>deleo</strong></span> <span class='ocrx_word' id='word_1_863' title='bbox 2850 4993 3149 5064; x_wconf 89' lang='lat' dir='ltr'><strong>iniquitates</strong></span> <span class='ocrx_word' id='word_1_864' title='bbox 3185 5003 3301 5048; x_wconf 90' lang='lat' dir='ltr'><strong>tuas</strong></span> <span class='ocrx_word' id='word_1_865' title='bbox 3331 4993 3488 5067; x_wconf 86' lang='lat' dir='ltr'><strong>(Isai.</strong></span> <span class='ocrx_word' id='word_1_866' title='bbox 3533 5011 3686 5064; x_wconf 81' lang='lat' dir='ltr'><strong>xutt,</strong></span> <span class='ocrx_word' id='word_1_867' title='bbox 3715 4996 3830 5067; x_wconf 75' lang='grc'>25).</span> 
     </span>
    </p>
   </div>
   <div class='ocr_carea' id='block_1_109' title="bbox 2237 5081 3833 5158">
    <p class='ocr_par' dir='ltr' id='par_1_109' title="bbox 2237 5081 3833 5158">
     <span class='ocr_line' id='line_1_109' title="bbox 2237 5081 3833 5158; baseline 0.003 -21"><span class='ocrx_word' id='word_1_868' title='bbox 2237 5081 2428 5138; x_wconf 89' lang='lat' dir='ltr'><strong>Omnes</strong></span> <span class='ocrx_word' id='word_1_869' title='bbox 2463 5083 2598 5137; x_wconf 89' lang='lat' dir='ltr'><strong>enim</strong></span> <span class='ocrx_word' id='word_1_870' title='bbox 2645 5084 3054 5150; x_wconf 84' lang='lat' dir='ltr'><strong>declinaverunt,</strong></span> <span class='ocrx_word' id='word_1_871' title='bbox 3095 5085 3253 5141; x_wconf 87' lang='lat' dir='ltr'><strong>simul</strong></span> <span class='ocrx_word' id='word_1_872' title='bbox 3297 5086 3508 5142; x_wconf 85' lang='lat' dir='ltr'><strong>inutiles</strong></span> <span class='ocrx_word' id='word_1_873' title='bbox 3537 5088 3667 5158; x_wconf 85' lang='lat' dir='ltr'><strong>facti</strong></span> <span class='ocrx_word' id='word_1_874' title='bbox 3693 5098 3833 5144; x_wconf 86' lang='lat' dir='ltr'><strong>erant</strong></span> 
     </span>
    </p>
   </div>
   <div class='ocr_carea' id='block_1_110' title="bbox 2236 5174 3829 5250">
    <p class='ocr_par' dir='ltr' id='par_1_110' title="bbox 2236 5174 3829 5250">
     <span class='ocr_line' id='line_1_110' title="bbox 2236 5174 3829 5250; baseline 0.006 -21"><span class='ocrx_word' id='word_1_875' title='bbox 2236 5174 2410 5246; x_wconf 86' lang='lat' dir='ltr'><strong>(Psal.</strong></span> <span class='ocrx_word' id='word_1_876' title='bbox 2446 5193 2578 5244; x_wconf 88' lang='lat' dir='ltr'><strong>xm,</strong></span> <span class='ocrx_word' id='word_1_877' title='bbox 2604 5176 2682 5249; x_wconf 80' lang='lat'><strong>3).</strong></span> <span class='ocrx_word' id='word_1_878' title='bbox 2727 5176 2842 5232; x_wconf 84' lang='lat' dir='ltr'><strong>Non</strong></span> <span class='ocrx_word' id='word_1_879' title='bbox 2867 5187 2988 5234; x_wconf 87' lang='lat' dir='ltr'><strong>erat</strong></span> <span class='ocrx_word' id='word_1_880' title='bbox 3015 5180 3108 5250; x_wconf 91' lang='lat' dir='ltr'><strong>qui</strong></span> <span class='ocrx_word' id='word_1_881' title='bbox 3139 5178 3349 5235; x_wconf 86' lang='lat' dir='ltr'><strong>faceret</strong></span> <span class='ocrx_word' id='word_1_882' title='bbox 3376 5181 3829 5248; x_wconf 89' lang='lat' dir='ltr'><strong>misericordiam,</strong></span> 
     </span>
    </p>
   </div>
   <div class='ocr_carea' id='block_1_111' title="bbox 2233 5270 3836 5346">
    <p class='ocr_par' dir='ltr' id='par_1_111' title="bbox 2233 5270 3836 5346">
     <span class='ocr_line' id='line_1_111' title="bbox 2233 5270 3836 5346; baseline 0.006 -23"><span class='ocrx_word' id='word_1_883' title='bbox 2233 5283 2335 5323; x_wconf 89' lang='lat' dir='ltr'><strong>nec</strong></span> <span class='ocrx_word' id='word_1_884' title='bbox 2385 5270 2676 5325; x_wconf 83' lang='lat' dir='ltr'><strong>veritatem</strong></span> <span class='ocrx_word' id='word_1_885' title='bbox 2714 5288 2725 5322; x_wconf 93' lang='lat'><strong>:</strong></span> <span class='ocrx_word' id='word_1_886' title='bbox 2759 5285 2935 5341; x_wconf 89' lang='lat' dir='ltr'><strong>neque</strong></span> <span class='ocrx_word' id='word_1_887' title='bbox 2965 5282 3082 5328; x_wconf 89' lang='lat' dir='ltr'><strong>erat</strong></span> <span class='ocrx_word' id='word_1_888' title='bbox 3110 5273 3340 5329; x_wconf 88' lang='lat' dir='ltr'><strong>scientia</strong></span> <span class='ocrx_word' id='word_1_889' title='bbox 3388 5273 3482 5329; x_wconf 70' lang='lat' dir='ltr'><strong>Dei</strong></span> <span class='ocrx_word' id='word_1_890' title='bbox 3521 5291 3690 5346; x_wconf 87' lang='lat' dir='ltr'><strong>super</strong></span> <span class='ocrx_word' id='word_1_891' title='bbox 3729 5284 3836 5332; x_wconf 87' lang='lat' dir='ltr'><strong>ter-</strong></span> 
     </span>
    </p>
   </div>
   <div class='ocr_carea' id='block_1_112' title="bbox 2235 5363 3836 5439">
    <p class='ocr_par' dir='ltr' id='par_1_112' title="bbox 2235 5363 3836 5439">
     <span class='ocr_line' id='line_1_112' title="bbox 2235 5363 3836 5439; baseline 0.006 -22"><span class='ocrx_word' id='word_1_892' title='bbox 2235 5378 2372 5418; x_wconf 89' lang='lat' dir='ltr'><strong>ram.</strong></span> <span class='ocrx_word' id='word_1_893' title='bbox 2405 5363 2714 5421; x_wconf 84' lang='lat' dir='ltr'><strong>Maledictio</strong></span> <span class='ocrx_word' id='word_1_894' title='bbox 2735 5411 2748 5434; x_wconf 93' lang='lat'><strong>,</strong></span> <span class='ocrx_word' id='word_1_895' title='bbox 2781 5375 2835 5422; x_wconf 89' lang='lat' dir='ltr'><strong>et</strong></span> <span class='ocrx_word' id='word_1_896' title='bbox 2866 5367 3214 5424; x_wconf 89' lang='lat' dir='ltr'><strong>mendacium</strong></span> <span class='ocrx_word' id='word_1_897' title='bbox 3237 5414 3250 5438; x_wconf 99' lang='lat'><strong>,</strong></span> <span class='ocrx_word' id='word_1_898' title='bbox 3284 5378 3338 5424; x_wconf 89' lang='lat' dir='ltr'><strong>et</strong></span> <span class='ocrx_word' id='word_1_899' title='bbox 3370 5369 3752 5439; x_wconf 82' lang='lat' dir='ltr'><strong>homicidium,</strong></span> <span class='ocrx_word' id='word_1_900' title='bbox 3783 5379 3836 5426; x_wconf 87' lang='lat' dir='ltr'><strong>et</strong></span> 
     </span>
    </p>
   </div>
   <div class='ocr_carea' id='block_1_113' title="bbox 2235 5456 3837 5535">
    <p class='ocr_par' dir='ltr' id='par_1_113' title="bbox 2235 5456 3837 5535">
     <span class='ocr_line' id='line_1_113' title="bbox 2235 5456 3837 5535; baseline 0.007 -26"><span class='ocrx_word' id='word_1_901' title='bbox 2235 5456 2562 5512; x_wconf 89' lang='lat' dir='ltr'><strong>adulterium</strong></span> <span class='ocrx_word' id='word_1_902' title='bbox 2590 5503 2604 5526; x_wconf 95' lang='lat'><strong>,</strong></span> <span class='ocrx_word' id='word_1_903' title='bbox 2629 5470 2684 5514; x_wconf 84' lang='lat' dir='ltr'><strong>et</strong></span> <span class='ocrx_word' id='word_1_904' title='bbox 2707 5457 2908 5516; x_wconf 86' lang='lat' dir='ltr'><strong>furtum</strong></span> <span class='ocrx_word' id='word_1_905' title='bbox 2938 5471 3138 5518; x_wconf 90' lang='lat' dir='ltr'><strong>cuncta</strong></span> <span class='ocrx_word' id='word_1_906' title='bbox 3165 5473 3573 5535; x_wconf 87' lang='lat' dir='ltr'><strong>occupaverant</strong></span> <span class='ocrx_word' id='word_1_907' title='bbox 3591 5510 3605 5532; x_wconf 91' lang='lat'><strong>,</strong></span> <span class='ocrx_word' id='word_1_908' title='bbox 3631 5474 3688 5522; x_wconf 92' lang='lat' dir='ltr'><strong>et</strong></span> <span class='ocrx_word' id='word_1_909' title='bbox 3712 5480 3837 5521; x_wconf 82' lang='lat' dir='ltr'><strong>sau-</strong></span> 
     </span>
    </p>
   </div>
   <div class='ocr_carea' id='block_1_114' title="bbox 2235 5547 3834 5628">
    <p class='ocr_par' dir='ltr' id='par_1_114' title="bbox 2235 5547 3834 5628">
     <span class='ocr_line' id='line_1_114' title="bbox 2235 5547 3834 5628; baseline 0.006 -25"><span class='ocrx_word' id='word_1_910' title='bbox 2235 5547 2457 5620; x_wconf 83' lang='lat' dir='ltr'><strong>guinem</strong></span> <span class='ocrx_word' id='word_1_911' title='bbox 2508 5551 2763 5622; x_wconf 86' lang='lat' dir='ltr'><strong>sanguini</strong></span> <span class='ocrx_word' id='word_1_912' title='bbox 2814 5552 3172 5608; x_wconf 88' lang='lat' dir='ltr'><strong>miscuerant.</strong></span> <span class='ocrx_word' id='word_1_913' title='bbox 3233 5556 3390 5612; x_wconf 87' lang='lat' dir='ltr'><strong>Unde</strong></span> <span class='ocrx_word' id='word_1_914' title='bbox 3442 5556 3690 5628; x_wconf 90' lang='lat' dir='ltr'><strong>loquitur</strong></span> <span class='ocrx_word' id='word_1_915' title='bbox 3740 5573 3834 5628; x_wconf 90' lang='lat' dir='ltr'><strong>per</strong></span> 
     </span>
    </p>
   </div>
   <div class='ocr_carea' id='block_1_115' title="bbox 2237 5640 3832 5718">
    <p class='ocr_par' dir='ltr' id='par_1_115' title="bbox 2237 5640 3832 5718">
     <span class='ocr_line' id='line_1_115' title="bbox 2237 5640 3832 5718; baseline 0.005 -24"><span class='ocrx_word' id='word_1_916' title='bbox 2237 5640 2570 5711; x_wconf 87' lang='lat' dir='ltr'><strong>Prophetam</strong></span> <span class='ocrx_word' id='word_1_917' title='bbox 2603 5660 2616 5697; x_wconf 89' lang='lat'><strong>:</strong></span> <span class='ocrx_word' id='word_1_918' title='bbox 2646 5643 2768 5698; x_wconf 87' lang='lat' dir='ltr'><strong>Heu</strong></span> <span class='ocrx_word' id='word_1_919' title='bbox 2793 5642 2964 5698; x_wconf 83' lang='lat' dir='ltr'><strong>mibi!</strong></span> <span class='ocrx_word' id='word_1_920' title='bbox 2993 5645 3115 5714; x_wconf 91' lang='lat' dir='ltr'><strong>quia</strong></span> <span class='ocrx_word' id='word_1_921' title='bbox 3142 5647 3294 5718; x_wconf 87' lang='lat' dir='ltr'><strong>periit</strong></span> <span class='ocrx_word' id='word_1_922' title='bbox 3320 5658 3576 5705; x_wconf 85' lang='lat' dir='ltr'><strong>revertens</strong></span> <span class='ocrx_word' id='word_1_923' title='bbox 3614 5665 3648 5703; x_wconf 94' lang='lat' dir='ltr'><strong>a</strong></span> <span class='ocrx_word' id='word_1_924' title='bbox 3677 5658 3832 5705; x_wconf 91' lang='lat' dir='ltr'><strong>terra.</strong></span> 
     </span>
    </p>
   </div>
   <div class='ocr_carea' id='block_1_116' title="bbox 605 5794 3830 5877">
    <p class='ocr_par' dir='ltr' id='par_1_116' title="bbox 605 5794 3830 5877">
     <span class='ocr_line' id='line_1_116' title="bbox 605 5794 3830 5877; baseline 0.003 -25"><span class='ocrx_word' id='word_1_925' title='bbox 605 5808 634 5877; x_wconf 56' lang='grc' dir='ltr'><strong>ξ</strong></span> <span class='ocrx_word' id='word_1_926' title='bbox 665 5799 834 5877; x_wconf 82' lang='lat' dir='ltr'><strong>Paulo</strong></span> <span class='ocrx_word' id='word_1_927' title='bbox 864 5797 1158 5868; x_wconf 87' lang='lat' dir='ltr'><strong>impeditus</strong></span> <span class='ocrx_word' id='word_1_928' title='bbox 1186 5799 1493 5856; x_wconf 85' lang='lat' dir='ltr'><strong>verborum</strong></span> <span class='ocrx_word' id='word_1_929' title='bbox 1549 5797 1686 5853; x_wconf 90' lang='lat' dir='ltr'><strong>ordo</strong></span> <span class='ocrx_word' id='word_1_930' title='bbox 1726 5796 1805 5852; x_wconf 92' lang='lat' dir='ltr'><strong>sic</strong></span> <span class='ocrx_word' id='word_1_931' title='bbox 1832 5794 2046 5852; x_wconf 91' lang='lat' dir='ltr'><strong>videtur</strong></span> <span class='ocrx_word' id='word_1_932' title='bbox 2077 5797 2448 5856; x_wconf 87' lang='lat' dir='ltr'><strong>restituendus</strong></span> <span class='ocrx_word' id='word_1_933' title='bbox 2486 5819 2498 5856; x_wconf 89' lang='lat'><strong>:</strong></span> <span class='ocrx_word' id='word_1_934' title='bbox 2533 5811 2584 5856; x_wconf 77' lang='grc' dir='ltr'><strong>ιιι</strong></span> <span class='ocrx_word' id='word_1_935' title='bbox 2611 5815 2721 5869; x_wconf 74' lang='lat' dir='ltr'><strong>quae</strong></span> <span class='ocrx_word' id='word_1_936' title='bbox 2748 5800 2802 5854; x_wconf 88' lang='lat' dir='ltr'><strong>in</strong></span> <span class='ocrx_word' id='word_1_937' title='bbox 2826 5800 3178 5859; x_wconf 86' lang='lat' dir='ltr'><strong>adolescentia</strong></span> <span class='ocrx_word' id='word_1_938' title='bbox 3217 5821 3314 5859; x_wconf 87' lang='lat' dir='ltr'><strong>sua</strong></span> <span class='ocrx_word' id='word_1_939' title='bbox 3339 5805 3554 5877; x_wconf 77' lang='lat' dir='ltr'><strong>abjecta:</strong></span> <span class='ocrx_word' id='word_1_940' title='bbox 3582 5805 3637 5861; x_wconf 90' lang='lat' dir='ltr'><strong>in</strong></span> <span class='ocrx_word' id='word_1_941' title='bbox 3664 5806 3830 5862; x_wconf 86' lang='lat' dir='ltr'><strong>medio</strong></span> 
     </span>
    </p>
   </div>
   <div class='ocr_carea' id='block_1_117' title="bbox 536 5869 894 5941">
    <p class='ocr_par' dir='ltr' id='par_1_117' title="bbox 536 5869 894 5941">
     <span class='ocr_line' id='line_1_117' title="bbox 536 5869 894 5941; baseline -0.008 -13"><span class='ocrx_word' id='word_1_942' title='bbox 536 5869 636 5928; x_wconf 83' lang='lat' dir='ltr'><strong>Dei</strong></span> <span class='ocrx_word' id='word_1_943' title='bbox 664 5873 894 5941; x_wconf 87' lang='lat' dir='ltr'><strong>fuerant.</strong></span> 
     </span>
    </p>
   </div>
  </div>
