4096 6330
276 280 380 337 52!

850 281 1505 342 COMMENTARIORUM
1546 283 1612 341 IN
1653 283 1891 342 lSlJAM
1933 285 2358 345 PROPHETAM
2399 288 2526 344 LIB.
2571 287 2686 347 XV.
2727 287 2882 346 CAP.
2927 287 3057 344 LIV.

3478 289 3588 347 53:).

272 394 404 451 Non
430 403 510 451 est
539 397 633 469 qui
655 397 812 469 faciat
834 408 1032 455 rectum
1061 401 1116 456 in
1138 401 1458 464 hominibus,
1488 417 1663 456 omnes
1688 419 1740 456 in
1767 419 1892 456 san-
1915 405 1967 464 Α
1997 401 2184 472 bilem,
2219 422 2341 476 quae
2384 407 2586 462 multos
2611 407 2797 464 saeculi
2841 407 3086 464 turbines
3135 406 3488 477 sustinuerat,
3537 418 3592 463 et

271 491 432 563 guine
479 507 600 545 meo
617 491 950 566 judicaretur.
985 493 1348 566 Unusquisque
1393 495 1688 567 proximam
1735 511 1888 549 suum

273 580 496 636 tribulat
531 582 867 640 tribulatione
888 627 904 652 ,
937 597 982 640 et
1007 587 1078 640 ad
1105 587 1299 641 malum
1324 604 1511 641 manus
1541 604 1660 641 suas
1682 603 1892 660 μητρα-

270 685 391 730 rant
423 676 624 747 (Mica.
662 695 734 734 vn
759 724 773 749 ,
803 679 858 748 9.,
890 697 994 735 sec.
1028 678 1196 751 LXX)
1231 696 1243 732 :
1277 691 1334 736 et
1392 689 1590 736 ctetera
1621 679 1705 734 his
1733 681 1892 735 simi-

272 769 362 824 lia.
399 769 443 824 E
475 772 679 838 quibus
702 773 832 829 illud
861 784 984 830 est:
1014 775 1184 830 Nemo
1212 775 1436 828 mundus
1455 773 1623 847 63aI
1650 792 1682 828 a
1712 776 1890 841 sorde,

273 881 363 919 nec
402 867 452 921 si
485 869 646 923 unius
671 869 880 937 quidem
908 869 1014 925 diei
1046 870 1205 939 fuerit
1227 870 1332 923 vita
1366 871 1482 942 ejus
1510 885 1668 938 super
1701 878 1893 922 terram

271 955 400 1029 (Job
430 975 528 1028 xv,
563 959 680 1034 14).
718 959 872 1018 Unde
903 963 1186 1018 Dominum
1213 962 1412 1018 fecisse
1435 963 1706 1017 diluvium
1729 1008 1744 1031 ,
1797 962 1890 1032 qui

267 1051 424 1122 juxta
466 1055 784 1124 apostolum
833 1055 1053 1110 Petrum
1108 1057 1326 1112 occisus
1365 1067 1449 1111 est
1479 1071 1684 1125 carne,
1717 1054 1894 1110 viviti-

272 1151 433 1198 catus
457 1147 658 1216 Spiritu
687 1144 732 1217 (ι
765 1145 911 1202 Petr.
943 1148 1050 1213 ut);
1077 1156 1132 1204 et
1161 1147 1479 1218 praedicavit
1508 1147 1792 1216 spiritibus
1837 1148 1892 1203 in

272 1253 506 1294 carcere
532 1240 877 1308 constitutis,
928 1241 1144 1310 quando
1191 1241 1284 1297 Dei
1318 1243 1576 1311 patientia
1606 1250 1893 1313 exspecta-

274 1332 442 1389 batur
479 1335 535 1389 in
584 1333 782 1390 diebus
821 1333 934 1390 Noe
959 1379 972 1402 ,
1006 1333 1270 1389 diluvium
1314 1335 1496 1404 impiis
1527 1336 1790 1391 inferens.
1835 1335 1890 1390 ln

273 1429 436 1499 cujus
466 1429 786 1499 exemplum
818 1443 958 1500 aqua
991 1444 1090 1485 nos
1112 1427 1338 1483 mundat
1369 1445 1382 1482 :
1419 1443 1524 1482 non
1554 1428 1748 1484 sordes
1773 1443 1892 1482 car-

275 1522 364 1577 nis
394 1521 636 1577 abluens
659 1567 674 1590 ,
726 1521 822 1578 sed
864 1523 1022 1577 bonae
1060 1523 1414 1578 conscientiae
1448 1523 1804 1594 interrogatio
1834 1522 1888 1576 in

279 1614 481 1670 Deum.
513 1616 729 1671 Montes
748 1624 932 1671 autem
967 1626 1022 1670 et
1051 1615 1223 1671 colles
1247 1616 1340 1686 qui
1374 1631 1480 1671 non
1512 1631 1892 1672 commovean-

278 1715 401 1776 tur,
458 1717 519 1764 et
565 1709 617 1763 in
664 1707 1045 1777 hujuscemodi
1101 1709 1313 1764 diluvio
1358 1709 1591 1780 permoti
1646 1707 1888 1778 fuerant,

1996 497 2143 552 inter
2171 499 2355 554 varios
2386 501 2654 556 idolorum
2687 501 2978 557 fluetuabat
3005 517 3220 558 errores
3247 520 3261 556 :
3301 518 3423 573 quae
3469 503 3586 558 nul-

1995 590 2106 645 lntn
2132 590 2323 647 habuit
2345 594 2767 661 consolatorem,
2792 604 2846 650 et
2867 593 3068 650 frustra
3097 611 3316 652 omnem
3342 595 3610 657 substan-,

1995 684 2125 740 tiam
2149 699 2302 740 suam
2333 687 2382 740 in
2406 687 2633 742 medicis
2657 687 2919 757 perdidit;
2938 691 3082 759 quod
3106 691 3221 760 ipse
3243 692 3443 758 veniat,
3471 690 3589 758 ipse

1994 775 2313 842 descendat,
2338 788 2390 832 et
2422 777 2653 835 aediﬁcet
2677 779 2729 833 in
2760 779 2924 845 terris
2951 781 3232 838 caelestem
3263 781 3586 846 Jerusalem.

1994 884 2116 940 qua:
2148 869 2200 924 in
2233 869 2559 942 Apocalypsi
2602 869 2829 927 Joannis
2879 881 3107 928 vocatur
3145 889 3341 944 sponsa
3369 884 3424 930 et
3449 889 3589 929 uxor

1994 961 2154 1035 Agni.
2207 963 2416 1021 habens
2459 965 2639 1020 lumen
2689 966 2867 1022 simile
2915 967 3113 1037 lapidis
3155 968 3404 1038 pretiosi,
3449 968 3594 1023 sicut

1989 1055 2223 1126 jaSpidis
2266 1066 2321 1112 et
2363 1058 2627 1130 crystalli,
2662 1069 2715 1114 et
2743 1074 2954 1114 murum
2996 1073 3272 1129 magnum,
3306 1074 3359 1118 et
3404 1072 3592 1133 portas

1995 1148 2284 1206 duodecim
2318 1151 2609 1221 inscriptas
2641 1152 2955 1207 nominibus
2981 1155 3214 1209 tribuum
3241 1155 3431 1222 Israel,
3462 1171 3594 1226 qua-

1995 1257 2114 1297 rum
2147 1251 2261 1297 tres
2289 1251 2446 1298 erant
2471 1243 2540 1298 ab
2568 1242 2817 1311 Oriente,
2843 1255 2900 1299 et
2935 1253 3047 1299 tres
3089 1245 3158 1300 ab
3200 1246 3490 1317 Aquilone,
3539 1255 3596 1302 et

1997 1343 2109 1390 tres
2135 1336 2203 1388 ab
2233 1340 2458 1404 Austro,
2485 1345 2540 1391 et
2569 1347 2681 1392 tres
2718 1337 2789 1392 ab
2816 1337 3027 1392 Occasu
3056 1338 3190 1392 solis
3221 1339 3405 1409 (Apoc.
3433 1340 3548 1408 xxi)
3581 1357 3594 1393 :

1996 1440 2289 1498 murusque
2316 1426 2482 1482 fultus
2507 1427 2796 1483 duodecim
2827 1426 3220 1492 fundamentis,
3244 1431 3394 1498 cujus
3417 1431 3598 1485 omnis

1995 1517 2284 1574 aediﬁcatio
2323 1536 2387 1574 ex
2419 1519 2600 1591 lapide
2624 1519 2860 1590 jaspide,
2890 1529 2947 1575 et
2988 1521 3202 1591 singula
3248 1521 3595 1578 fundamenta

1998 1627 2278 1667 murorum
2310 1612 2584 1668 habebant
2615 1612 2861 1683 singulos
2892 1612 3122 1682 lapides,
3155 1611 3391 1683 primum
3433 1613 3601 1685 jaSpi-

1995 1705 2146 1774 dem,
2185 1707 2486 1764 secundum
2519 1707 2863 1778 sapphirmn,
2901 1709 3119 1762 tertium
3161 1706 3598 1778 chalcedonium,

277 1813 509 1858 sanctos
544 1803 669 1858 vult
698 1801 857 1858 intell
878 1802 932 1873 gi
954 1843 969 1868 ,
1001 1811 1229 1873 accepto
1279 1801 1484 1858 fmdere
1514 1803 1889 1871 sempiterno:
1923 1793 1970 1855 B
1998 1811 2252 1872 quartum
2285 1801 2657 1872 smaragdum,
2693 1803 2941 1872 quintum
2973 1802 3344 1866 sardonicem,
3387 1811 3599 1858 sextum

278 1898 446 1970 quiin
480 1897 669 1968 priore
694 1896 910 1952 diluvio
940 1897 1072 1952 moti
1101 1896 1318 1952 fuerant
1337 1941 1351 1964 ,
1385 1907 1442 1951 et
1467 1911 1617 1951 suam
1660 1896 1893 1962 relique-

279 1999 406 2056 rant
433 1992 780 2047 firmitatem.
829 1991 1228 2059 Dicitmontes,
1271 2000 1327 2046 et
1367 1989 1644 2046 daemones
1669 2035 1683 2059 ,
1712 1998 1768 2046 et
1796 1989 1892 2046 ad-

277 2084 567 2139 versaries
596 2091 898 2153 potestates
925 2127 939 2151 ,
971 2083 1066 2154 qui
1115 2081 1368 2138 viderunt
1401 2082 1540 2138 filias
1575 2082 1854 2144 hominum
1875 2127 1889 2150 ,

279 2178 426 2249 quod
481 2189 673 2233 essent
725 2178 930 2246 bonae,
987 2187 1043 2231 et
1091 2177 1299 2232 amoris
1347 2176 1530 2246 jaculo
1583 2177 1888 2245 vulnerati,

277 2281 646 2342 sumpserunt
668 2271 776 2328 sibi
808 2287 1007 2327 uxores
1034 2287 1103 2328 ex
1127 2272 1382 2341 omnibus
1409 2287 1546 2342 quas
1567 2271 1851 2342 elegerunt
1876 2317 1889 2338 ,

281 2371 337 2419 et
378 2363 746 2434 perdiderunt
797 2360 1173 2418 fortitudinem
1225 2364 1511 2432 pristinam
1545 2381 1559 2416 :
1591 2373 1645 2418 et
1682 2378 1892 2434 nequa-

280 2472 446 2527 quam
478 2458 534 2514 in
556 2456 662 2513 hoc
691 2455 900 2512 diluvio
927 2463 1058 2512 sunt
1086 2455 1251 2512 futuri
1287 2453 1498 2530 (Genes.
1523 2467 1625 2527 vr).
1659 2457 1773 2512 Hoc
1805 2457 1896 2512 ille

283 2548 518 2619 dixerit,
560 2551 722 2620 cujus
741 2549 1179 2621 explanationem
1222 2550 1449 2606 lectoris
1477 2550 1707 2607 arbitrio
1737 2542 1919 2606 dere-'

287 2645 502 2716 anuo.

358 2738 550 2813 (Vers.
571 2739 660 2807 ll,
685 2739 802 2811 12.)
826 2737 1164 2811 Paupercula
1188 2745 1486 2810 tempestate
1511 2737 1763 2792 cdnoulsa
1781 2735 1897 2791 abs-

288 2851 384 2906 que
417 2844 446 2872 ἰ
491 2835 872 2890 consolatione.
911 2831 1049 2889 Ecce
1101 2849 1196 2904 ego
1245 2842 1476 2887 sternam
1525 2847 1616 2904 per
1659 2830 1895 2886 ordinent

291 2927 497 2998 lapides
531 2940 691 2983 tuos:
728 2936 776 2982 et
820 2926 1052 2997 fundabo
1096 2935 1145 2980 te
1182 2926 1237 2980 in
1272 2923 1537 2994 sappluris
1559 2940 1579 2978 :
1615 2934 1667 2979 et
1706 2941 1896 2996 ponam

281 3021 554 3096 jaspidem
583 3020 982 3094 prepugnacula
1023 3028 1136 3085 tua,
1164 3027 1212 3073 et
1237 3027 1414 3090 portas
1459 3026 1575 3071 tuas
1602 3017 1658 3071 in
1699 3016 1898 3087 lapides

292 3115 544 3187 scalptos,
579 3125 626 3168 et
658 3130 832 3169 omnes
857 3113 1104 3168 terminos
1133 3121 1248 3166 tuos
1276 3111 1331 3164 in
1359 3109 1557 3182 lapides
1582 3109 1902 3164 desiderabi-

295 3213 366 3269 les
395 3230 415 3268 :
447 3211 730 3269 Universos
758 3210 894 3281 ﬁlios
919 3219 1036 3264 tuos
1063 3209 1238 3263 doctos
1259 3223 1291 3260 α
1313 3205 1561 3272 Domino,
1591 3215 1641 3260 et
1664 3204 1902 3258 multitu-
1928 3189 1974 3252 C

296 3307 471 3361 dinem
498 3305 640 3375 pacis
671 3303 796 3372 ﬁliis
825 3302 948 3370 tuis,
977 3310 1024 3358 et
1050 3301 1104 3355 in
1120 3300 1333 3374 justitia
1371 3296 1692 3371 fundaberis.
1716 3294 1900 3351 LXX:

299 3399 536 3455 Humilis
577 3407 625 3453 et
675 3395 936 3452 instabilis
975 3393 1166 3467 absque
1211 3391 1584 3450 consolatione.
1631 3389 1766 3445 Ecce
1810 3407 1904 3463 ego

303 3507 550 3565 praepara
581 3490 670 3546 tibi
703 3488 1075 3544 carbunculum
1115 3486 1343 3558 lapidem
1391 3494 1568 3548 tuum,
1615 3495 1664 3538 et
1707 3481 1906 3555 funda-

305 3595 478 3642 menta
523 3594 616 3638 tua
645 3583 1003 3656 sapphirum:
1033 3589 1080 3634 et
1131 3595 1322 3651 ponam
1367 3575 1768 3651 propugnacula
1819 3587 1908 3630 tua

293 3679 503 3750 jaspin,
535 3687 584 3732 et
615 3686 791 3751 portas
830 3687 944 3731 tuas
977 3673 1178 3744 lapides
1216 3671 1474 3746 crystalli,
1507 3681 1557 3728 et
1588 3687 1760 3725 muros
1791 3681 1909 3724 tuos

307 3774 508 3844 lapides
537 3775 725 3828 electos
749 3787 768 3826 :
795 3780 844 3826 et
871 3787 1046 3826 omnes
1075 3770 1214 3839 ﬁlios
1255 3779 1367 3822 tuos
1399 3765 1687 3839 discipulos
1719 3763 1832 3832 Dei,
1861 3771 1910 3818 et

307 3869 471 3924 multa
507 3884 619 3938 pax
657 3867 756 3922 erit
800 3863 926 3936 ﬁliis
957 3865 1083 3931 tuis,
1112 3873 1158 3919 et
1199 3865 1253 3918 in
1289 3863 1501 3935 justitia
1543 3859 1908 3932 ardi/icaberis.

312 3963 414 4021 Ubi
445 3979 548 4019 nos
575 3963 815 4018 diximus
845 3978 859 4015 :
894 3959 1136 4016 Sternunt
1165 3974 1257 4027 per
1287 3957 1523 4011 ordinem
1551 3955 1750 4026 lapides
1772 3963 1908 4022 tuos,

311 4060 364 4115 in
397 4055 664 4114 Hebraico
694 4056 960 4126 scriptum
1009 4061 1118 4120 est,
1152 4065 1468 4108 asper-nuce
1517 4051 1578 4134 (Ἰ
1599 4047 1726 4120 £3),
1767 4045 1914 4118 quod

311 4169 501 4210 omnes
534 4160 736 4224 praeter
780 4149 1139 4220 Septuaginta
1168 4147 1420 4203 similiter
1465 4143 1866 4202 transtulerunt
1896 4158 1912 4196 :

313 4249 559 4306 Sternunt
586 4247 642 4300 in
671 4245 822 4300 stibio
852 4244 1054 4315 lapides
1081 4253 1218 4311 tuos,
1248 4241 1299 4296 in
1325 4237 1742 4295 similitudinem
1765 4252 1916 4292 com-

312 4353 415 4415 pta:
448 4341 726 4406 mulieris,
752 4354 876 4410 quae
905 4337 1094 4394 oculos
1118 4337 1292 4408 pingit
1312 4333 1498 4401 stibio,
1531 4341 1590 4388 ut
1620 4333 1917 4404 pulchritu-

315 4437 493 4495 dinem
528 4433 803 4508 signilicet
831 4432 1088 4488 civitatis.
1120 4431 1191 4486 Et
1226 4430 1318 4486 uhi
1361 4443 1462 4484 nos
1503 4428 1780 4500 iaspidem,
1832 4441 1914 4482 se-

315 4540 543 4604 quentes
573 4527 738 4593 LXX,
769 4524 1029 4594 diximus,
1067 4524 1122 4580 in
1161 4521 1430 4579 Ht-braicn
1460 4519 1720 4591 scriptum
1756 4519 1922 4574 habet

1996 1895 2236 1950 sardium
2261 1893 2372 1968 [AL
2397 1894 2724 1967 sardinuni],
2755 1895 3044 1964 septimum
3067 1894 3489 1966 chrysolitbum,
3510 1912 3607 1951 oc—

1999 1996 2182 2044 tavum
2208 1989 2506 2061 beryllum,
2531 2005 2735 2044 nonum
2761 2000 3056 2058 topaztnm,
3079 1987 3354 2044 decimum
3377 1990 3606 2060 chryso-

1999 2096 2246 2151 prasnm,
2272 2081 2619 2138 undecimum
2647 2082 3023 2152 hiacynthum,
3049 2081 3433 2137 duodecimum
3458 2099 3608 2140 ame-

1998 2175 2278 2248 thystum,
2308 2175 2450 2245 quod
2482 2175 2750 2246 legentes,
2794 2173 3164 2229 exclamamus
3194 2173 3349 2240 illud,
3379 2182 3436 2229 et
3465 2174 3605 2231 dici-

1999 2287 2162 2326 mus;
2201 2270 2246 2324 0
2272 2272 2604 2344 profundum
2639 2270 2908 2340 sapientiae
2948 2279 3000 2324 et
3040 2271 3271 2326 scientias
3303 2269 3418 2340 Dei,
3452 2287 3611 2341 quam

1999 2367 2363 2424 inscrutabilia
2383 2369 2596 2442 judicia
2639 2373 2775 2442 ejus,
2819 2380 2868 2423 et
2907 2368 3287 2440 investigabiles
3316 2369 3411 2423 via:
3453 2368 3609 2443 ejus!

2003 2458 2130 2525 Quis
2163 2462 2301 2515 enim
2328 2463 2566 2534 cognovit
2593 2479 2803 2517 sensum
2835 2460 3068 2525 Domini,
3099 2470 3189 2514 aut
3217 2462 3334 2530 quis
3361 2461 3611 2514 consilia-

2000 2553 2112 2607 rius
2139 2554 2252 2624 eius
2283 2555 2382 2624 fuit
2415 2553 2597 2628 (Rom.
2646 2569 2723 2622 xi,
2769 2554 2858 2620 55,
2903 2552 3032 2624 5i)?
3081 2553 3151 2607 Et
3194 2555 3388 2608 iterum
3424 2570 3437 2606 :
3481 2551 3610 2618 Quis

2001 2648 2230 2718 sapiens,
2261 2657 2310 2701 et
2341 2646 2593 2721 intelliget
2632 2648 2742 2702 Iiwc
2771 2661 2789 2700 :
2823 2645 3140 2716 intelligens,
3170 2655 3219 2700 et
3253 2654 3524 2716 cognoscet
3551 2661 3610 2698 ea

2003 2739 2161 2812 (Osee
2189 2755 2302 2808 xiv,
2334 2740 2460 2812 10)?
2489 2739 2882 2808 Respondeant
2912 2747 3188 2793 amatores
3223 2745 3431 2792 tantum
3454 2737 3609 2791 occi-

2002 2831 2184 2888 dentis
2213 2832 2429 2897 litterae,
2469 2841 2524 2888 et
2554 2833 2605 2886 in
2638 2832 2792 2888 mille
2818 2833 2980 2888 annis
3007 2833 3313 2903 exquisitos
3339 2830 3494 2885 cibos
3514 2846 3612 2901 gu-

2003 2925 2070 2980 lae
2097 2941 2162 2979 ac
2185 2923 2416 2980 luxuriae
2441 2935 2833 2995 praeparantes,
2858 2940 3094 2993 quorum
3123 2924 3267 2980 Deus
3289 2933 3480 2978 venter
3502 2932 3609 2992 est,

2003 3029 2059 3074 et
2084 3017 2260 3090 gloria
2288 3019 2343 3074 in
2365 3020 2694 3074 confusione
2711 3033 2898 3075 eorum
2919 3017 3189 3090 (Philipp.
3222 3016 3340 3089 in);
3369 3015 3462 3088 qui
3491 3027 3614 3087 post

2003 3110 2302 3167 secundum
2353 3112 2406 3166 in
2453 3111 2624 3182 gloria
2664 3112 2964 3177 Salvatoris
3009 3111 3330 3180 adventum,
3384 3121 3610 3181 sperant

2010 3206 2250 3275 nuptias,
2283 3216 2340 3261 et
2371 3205 2626 3274 parvulos
2652 3215 2873 3261 centum
2901 3218 3196 3273 annorum,
3239 3214 3294 3259 et
3332 3203 3618 3259 circumci-

2008 3297 2187 3353 sionis
2215 3298 2496 3368 injuriam,
2525 3306 2583 3354 et
2607 3298 2946 3353 victimarum
2975 3299 3321 3368 sanguinem,
3341 3306 3400 3353 et
3422 3311 3620 3368 perpe-

2011 3401 2160 3448 tuum
2191 3391 2509 3449 sabbatum:
2532 3392 2626 3463 qui
2657 3391 2846 3448 dicunt
2873 3405 2998 3446 cum
3026 3389 3192 3445 Israel
3217 3391 3270 3445 in
3300 3405 3616 3460 perversum

2011 3486 2274 3543 modum:
2306 3486 2699 3542 Manducemns
2735 3496 2792 3540 et
2833 3485 3107 3553 bibamus,
3136 3498 3257 3540 cras
3296 3484 3438 3540 enim
3475 3497 3498 3524 ο
3533 3499 3618 3540 re-

2012 3580 2302 3649 gnabimus
2327 3596 2340 3632 :
2368 3595 2489 3648 quae
2515 3579 2587 3633 sit
2616 3578 2721 3633 ista
2740 3577 2987 3634 caelestis
3007 3576 3334 3640 Jerusalem,
3359 3578 3445 3630 cui
3472 3592 3619 3632 nunc

2015 3671 2215 3726 dicitur
2239 3690 2254 3726 :
2286 3669 2424 3725 Ecce
2451 3687 2543 3745 ego
2570 3679 2798 3726 sternam
2827 3687 2918 3743 per
2943 3670 3180 3724 ordinem
3207 3667 3411 3740 lapides
3452 3677 3567 3724 tuos
3599 3685 3619 3724 :

2015 3764 2134 3818 sive
2159 3763 2310 3834 juxta
2342 3762 2487 3818 LXX
2520 3780 2534 3818 :
2563 3761 2699 3817 Ecce
2727 3778 2821 3836 ego
2857 3777 3098 3834 praepara
3139 3759 3252 3832 [AL
3286 3758 3619 3833 prosperabo]

2018 3854 2110 3910 tibi
2153 3853 2548 3920 carbunculum,
2581 3853 2816 3923 lapidem
2855 3863 3002 3906 tuum
3030 3868 3050 3907 :
3092 3861 3149 3907 ut
3183 3861 3293 3905 tota
3323 3850 3521 3906 civitas
3549 3851 3623 3906 sit

2019 3948 2176 4020 plena
2203 3949 2576 4013 carbunculis,
2597 3958 2652 4003 et
2679 3946 2882 4003 habeat
2902 3946 3254 4002 fundamenta
3276 3945 3619 4017 sapphirina,

2019 4054 2074 4100 et
2121 4043 2524 4115 pr0pugnacula
2568 4042 2861 4114 jaspidem,
2909 4041 3028 4098 sive
3077 4039 3518 4109 chalcedonium,
3566 4051 3623 4096 et
3669 4075 3686 4089 ο

2018 4137 2187 4210 636
2214 4146 2396 4208 portas
2421 4135 2792 4208 crystallinas,
2823 4133 2939 4190 sive
2987 4131 3350 4205 anaglyphas,
3398 4141 3454 4188 et
3504 4147 3623 4186 mu—

2021 4248 2144 4288 rum
2195 4233 2248 4288 in
2299 4231 2531 4288 circuitu
2582 4231 2946 4300 pretiosorum
2993 4225 3287 4298 lapidum:
3326 4239 3626 4296 omnesque

2023 4326 2122 4382 lilii
2152 4325 2272 4397 ejus
2293 4342 2405 4381 non
2434 4323 2673 4381 habeant
2699 4323 2990 4394 magistros
3013 4319 3282 4384 homines,
3307 4317 3404 4374 sed
3426 4317 3622 4386 Deum,

2025 4429 2082 4476 et
2131 4420 2483 4492 appellentur
2529 4416 2780 4487 discipuli
2824 4416 2958 4482 Dei;
2985 4421 3044 4470 et
3087 4412 3161 4469 sit
3191 4413 3243 4468 in
3273 4427 3336 4468 ea
3368 4427 3469 4482 pax
3503 4427 3631 4482 per-

2028 4519 2214 4584 petua,
2238 4521 2293 4567 et
2319 4509 2608 4566 aediﬁcatio
2628 4507 2873 4579 justitiae.
2901 4507 2986 4562 Ex
3013 4520 3122 4578 quo
3143 4505 3493 4576 perSpicuum
3520 4513 3625 4570 est,

315 4591 598 4682 euoocnon
624 4591 825 4693 (vta),
849 4619 996 4690 quod
1017 4591 1176 4673 solus
1199 4614 1563 4690 Symmachus
1593 4612 1929 4687 χαλκηδὼιον
1953 4591 2010 4654 Ῐ)
2035 4604 2138 4661 sub
2186 4605 2477 4662 occasione
2519 4602 2771 4676 iustitiae,
2802 4599 2946 4672 quod
2974 4599 3221 4693 “virtutis
3273 4607 3360 4655 est
3376 4613 3630 4693 momen,

319 4717 619 4775 transtulit.
665 4717 772 4771 Pro
816 4711 1064 4786 crystallo
1094 4726 1314 4783 quoque
1345 4709 1398 4764 in
1429 4708 1585 4778 cujus
1614 4710 1738 4764 loco
1784 4705 1929 4778 apud

2035 4697 2199 4754 etiam
2251 4707 2480 4754 caeteras
2517 4697 2754 4751 virtutes
2801 4693 2856 4748 in
2907 4691 3327 4747 aedificationem
3375 4689 3634 4747 Ecclesiae

320 4801 589 4871 Hebraeos
619 4826 754 4865 sum
793 4807 990 4894 (ΜΡΝ)
1017 4805 1237 4874 legitur,
1269 4799 1632 4876 Symmachus
1659 4809 1718 4856 et
1747 4798 1934 4856 Theo-
2037 4789 2242 4849 debere
2268 4807 2368 4848 nos
2393 4805 2674 4862 quaerere:
2701 4803 2802 4894 nec
2823 4786 3051 4894 iudaice
3077 4786 3436 4894 deliramenta
3463 4796 3640 4894 secta-

321 4907 495 4972 dotio,
523 4891 898 4975 scalpturw,id
916 4907 1021 4967 est,
1047 4898 1260 4972 γλυφῆς,
1288 4894 1481 4965 Aquila
1503 4891 1533 4932 Β
1563 4897 1934 4970 τρυπανισμοῦ

319 5002 546 5074 posuit:
581 4999 726 5068 quod
763 4997 988 5052 verbum
1016 4990 1763 5058 foratarumcmlatarumque
1784 5001 1935 5056 gem-

325 5115 535 5155 marum
561 5095 728 5169 635
761 5107 984 5150 sensum
1017 5099 1196 5146 sonat.
1236 5089 1311 5144 De
1331 5086 1653 5144 diversitate
1688 5083 1928 5141 transla-

308 5191 494 5248 dionis
523 5189 764 5247 diximus
797 5205 812 5242 :
848 5185 1133 5242 veniamus
1163 5181 1231 5236 ad
1261 5195 1509 5238 sensum.
1537 5177 1728 5234 Adhuc
1760 5175 1936 5247 loqui-

2040 4886 2106 4942 ri.
2143 4887 2437 4956 Exponant
2465 4884 2608 4940 enim
2637 4881 2766 4953 quid
2794 4882 2866 4937 sit
2893 4879 3024 4936 illud
3055 4879 3199 4951 quod
3239 4879 3294 4934 in
3330 4875 3640 4933 Proverbiis

2041 4979 2113 5035 de
2151 4979 2421 5049 sapientia
2455 4977 2654 5034 dicitur
2679 4994 2693 5030 :
2723 4974 3013 5031 Pretiosior
3040 4983 3112 5028 est
3147 4972 3345 5028 cunctis
3381 4968 3646 5040 lapidibus

2041 5073 2435 5146 pretiosissimis
2465 5071 2655 5144 (Prov.
2686 5085 2764 5133 Ill,
2794 5065 2912 5139 25).
2945 5067 3001 5124 Si
3057 5068 3206 5123 enim
3248 5050 3499 5121 Christus
3545 5061 3646 5118 Dei

2037 5170 2212 5224 virtus
2256 5175 2314 5223 et
2359 5165 2454 5222 Dei
2506 5163 2771 5234 sapientia
2821 5172 2907 5218 est
2955 5159 2999 5235 (l
3023 5161 3142 5216 Cor.
3177 5161 3235 5231 ι),
3283 5156 3513 5212 stultum
3561 5165 3650 5210 est

447 5283 516 5340 ad
548 5280 880 5348 Ecclesiam,
911 5277 1175 5334 humilem
1218 5276 1372 5346 prius
1419 5282 1586 5342 atque
1637 5284 1940 5343 paupercu-
2039 5260 2321 5318 Christum
2374 5257 2784 5316 insensibilibus
2827 5253 3101 5325 lapidibus
3128 5249 3484 5348 comparari.“
3510 5247 3650 5348 itur:

331 5379 460 5448 lam,
500 5392 623 5449 quae
656 5389 764 5430 non
800 5372 1038 5428 habebat
1068 5369 1290 5441 Legem,
1327 5381 1430 5423 nec
1465 5365 1792 5436 Prophetas,
1833 5377 1939 5418 nec
2044 5369 2279 5427 sumque
2308 5354 2376 5410 de
2418 5348 2641 5449 judiciis
2685 5349 2782 5405 Dei
2824 5348 3118 5449 legimuse

330 5486 641 5530 sermonem
671 5469 763 5525 Dei
795 5486 808 5523 :
838 5475 895 5523 et
923 5473 1254 5537 tempestate
1274 5461 1598 5520 convulsam
1627 5459 1745 5515 sive
1774 5457 1943 5513 insta-

409 5621 434 5649 ει
463 5588 819 5666 Ambrosiani
849 5602 1036 5671 codd.,
1079 5595 1539 5671 quemadmodum
1579 5591 1939 5671 in'Hierony-

3173 5341 3388 5395 Judicia
3436 5337 3653 5393 Domini

2041 5464 2187 5510 recta
2216 5466 2236 5506 :
2256 5448 2553 5525 justiﬁcata
2578 5446 2632 5501 in
2657 5444 2956 5515 semetipsa,
2980 5436 3347 5494 desiderabilia
3375 5451 3529 5508 super
3552 5451 3654 5488 au-

2051 5586 2364 5647 rectissime
2387 5583 2614 5649 castigat
2642 5578 2991 5635 Ambmsian.
3022 5573 3321 5649 praeferens
3353 5567 3662 5630 uncialibus

337 5644 1709 5749 ma;£"i;’.;;°i::.s".{:'a“mit”signa“;
1723 5644 1726 5645 ί
1743 5644 1948 5735 tanta
2051 5644 2724 5749 tangar-ignauissime}.
2755 5644 3340 5749 qjgggfzficw'lcgggﬁ

340 5756 452 5811 ulla
479 5751 856 5809 consolatione.

2132 5715 2339 5788 svldem
2366 5715 2737 5791 Ambrosiam,
2775 5715 3072 5775 moriemur.
3126 5716 3362 5772 Leviora
3411 5715 3660 5787 quaedam

411 5799 452 5867 ιῘ
469 5799 958 5882 Ῠῖίῖἷέέῇἁῖιίεη.
986 5816 1194 5890 aliique
1219 5814 1380 5886 editi,
1402 5815 1798 5891 rpnufawopot‘i
1811 5821 1953 5878 quos
2057 5807 2207 5864 intra
2236 5799 2618 5860 emendamus.

861 5914 1139 5974 Ρλτιιοι..
1177 5909 1419 5972 XXIV.

3029 5886 3104 5950 17
