4096 6330
470 296 573 353 527

1721 290 1777 347 S.
1821 285 2094 347 EUSEBII
2129 287 2508 346 HlERONYMl

3667 288 3767 346 598

469 426 643 492 gentes
705 414 922 488 (Matth.
954 413 1080 479 utt.,
1113 413 1227 482 i9),
1272 419 1331 466 ut
1361 410 1675 480 confugiant
1719 411 1785 467 ad
1819 411 2064 482 Evange—
2087 411 2144 472 Α
2169 408 2323 479 divit,
2354 419 2410 465 et
2439 410 2492 464 in
2517 423 2616 465 eor
2641 407 2883 464 hominis
2915 422 3022 464 non
3055 410 3446 474 ascenderunt,
3479 419 3766 477 quteprae-

470 513 599 568 lium
627 553 642 579 ,
676 519 730 566 et
786 524 976 564 novam
1013 507 1214 576 Legem
1243 505 1579 576 suscipiant,
1626 516 1683 560 ut
1731 505 2063 560 habitatores

469 607 740 678 quondam
772 603 1122 667 idololatritc,
1154 603 1289 658 fiant
1318 602 1501 658 Coloni
1529 603 1809 658 Ecclesiae.
1841 602 1918 657 De
1943 601 2064 673 qui-

467 703 568 756 bus
596 699 650 755 in
682 697 908 770 psalmis
960 696 1194 752 dicitur:
1225 695 1481 751 Dominus
1521 698 1775 765 sapientes
1808 695 1932 767 facit
1959 709 2058 748 ete-

466 811 572 852 cos.
597 793 724 850 Sive
756 802 814 847 ut
859 793 913 846 in
947 791 1155 846 Latinis
1186 791 1468 846 codicibus
1534 791 1732 863 legitur
1764 810 1776 844 :
1811 789 2063 843 Dominus

458 887 915 952 illuminatctecos,
933 881 1189 937 Dominus
1217 881 1391 956 diligit
1411 881 1634 937 advenas
1663 881 1781 955 (Ps.
1806 897 1969 946 chv,
2001 880 2058 946 8,

466 977 523 1050 9)
549 997 564 1032 :
589 987 651 1033 ut
676 986 962 1048 postquam
995 977 1126 1030 cmei
1154 974 1336 1030 lumen
1369 976 1676 1046 receperint
1711 972 1978 1040 veritatis,
2007 978 2066 1027 et

466 1073 619 1128 stulti
670 1070 996 1142 sapientiam
1050 1067 1390 1134 didicerint,
1451 1076 1583 1123 tunc
1637 1067 1702 1122 ad
1757 1066 2063 1121 Ecclesium

467 1173 818 1220 transeuntes
868 1161 1169 1232 diligantur
1221 1175 1248 1213 ιι
1307 1160 1561 1226 Domino,
1615 1168 1669 1214 et
1707 1159 1936 1214 audiant
1965 1174 2066 1230 per

465 1259 794 1331 prOphetam
829 1275 842 1312 :
899 1253 1106 1308 Vocabo
1137 1270 1240 1308 non
1267 1255 1519 1326 populum
1582 1269 1776 1320 meum,
1809 1251 2062 1324 populum

460 1367 631 1406 meum
653 1349 812 1422 (Osee
839 1365 900 1418 tt,
922 1349 1017 1418 Ἠ)
1047 1365 1194 1420 ;quo
1226 1350 1468 1404 intrante
1509 1347 1794 1428 Templum
1823 1345 1944 1411 Dei,
1967 1358 2059 1400 ze-

461 1447 548 1501 lus
573 1444 944 1516 apprehendit
974 1446 1234 1514 p0pulum
1269 1443 1625 1500 ineruditum.

532 1538 717 1612 (Vers.
756 1537 846 1606 16,
888 1539 1006 1606 17.)
1044 1536 1177 1592 Ecce
1197 1554 1288 1608 ego
1311 1538 1480 1592 creavi
1519 1535 1727 1606 fabrum
1758 1534 2062 1604 sufﬂantem

461 1634 516 1686 in
541 1632 660 1706 igne
689 1647 904 1701 prunas,
941 1639 989 1684 et
1029 1634 1380 1700 proferentem
1411 1646 1499 1684 vas
1537 1630 1590 1683 in
1622 1645 1750 1699 apus
1788 1643 1941 1682 suum
1965 1644 1984 1682 :
2010 1635 2061 1682 et

465 1738 562 1797 ego
593 1721 761 1776 creavi
789 1722 1169 1791 interfectorem
1201 1721 1269 1774 ad
1291 1719 1718 1792 disperdendum.
1758 1717 1926 1772 Omne
1944 1733 2056 1787 uas,

2166 505 2380 576 paravit
2413 505 2557 561 Deus
2602 503 2958 574 diligentibus
2987 511 3047 559 3e
3091 502 3163 577 (ll
3209 501 3332 558 Cor.
3366 502 3457 571 ιι).
3494 500 3552 556 Si
3587 507 3764 556 autem

2163 600 2538 670 diligentibus,
2569 615 2703 670 ergo
2731 607 2786 654 et
2813 596 3204 662 servientibus,
3235 596 3327 665 qui
3362 596 3570 651 nullum
3602 592 3766 648 alium

2165 694 2367 750 habent
2400 693 2713 759 Dominum,
2744 694 2845 748 nisi
2873 693 3066 750 Deum.
3096 691 3164 747 Et
3189 690 3308 747 luce
3329 697 3413 746 est
3433 687 3645 760 justitia
3677 701 3769 743 eo-

2163 802 2281 842 rum
2315 786 2409 858 qui
2451 787 2592 858 apud
2621 785 2794 842 Deum
2824 797 2986 850 sunt,
3023 784 3156 840 dicit
3186 783 3476 851 Dominus,
3524 788 3586 836 ut
3627 793 3766 849 prte-

2164 893 2292 935 sens
2331 880 2611 934 tribulatio
2664 861 2846 934 futuro
2887 877 3086 950 gaudio
3135 883 3547 946 eompensetur.
3600 871 3768 927 Porro

2158 973 2310 1044 juxta
2355 973 2712 1044 Septuaginta
2769 973 2874 1029 iste
2923 969 3056 1027 mihi
3109 984 3306 1025 sensus
3359 967 3618 1023 videtur:
3655 965 3769 1038 Ego

2162 1063 2392 1122 Creator
2424 1075 2550 1122 tuus
2581 1082 2687 1122 non
2736 1077 2787 1122 te
2836 1067 2910 1120 ita
2953 1064 3056 1121 feci
3089 1061 3368 1137 quomodo
3399 1060 3651 1116 diabolus
3692 1059 3770 1114 fa-

2163 1161 2261 1218 ber
2289 1161 2568 1232 pessimus
2598 1158 2882 1216 itnmundo
2910 1158 3106 1230 spiritu
3159 1155 3361 1212 confiat
3405 1168 3534 1210 vasa
3572 1151 3771 1222 iniqui-

2164 1257 2311 1327 tatis,
2341 1263 2398 1312 et
2419 1255 2629 1327 profert
2658 1271 2721 1310 ea
2752 1256 2802 1308 in
2836 1253 3207 1326 perditionem
3245 1269 3258 1306 :
3291 1251 3381 1323 qui
3428 1249 3575 1306 scire
3605 1247 3770 1305 debet

2163 1353 2307 1422 quod
2342 1351 2869 1424 hujuscemodivasa
2898 1364 3223 1421 prosperum
3242 1349 3350 1402 iter
3368 1361 3479 1402 non
3507 1344 3766 1412 habeant,

2163 1445 2258 1500 sed
2295 1446 2531 1501 incursu
2565 1443 2746 1499 medio
2788 1443 3237 1510 confringantur.
3274 1439 3406 1507 Qua:
3448 1437 3558 1492 sint
3585 1446 3765 1491 autem

2161 1553 2311 1604 vasa,
2362 1538 2612 1609 sequenti
2660 1550 2918 1592 sermone
2963 1535 3342 1599 demonstrat;
3370 1529 3442 1584 Et
3468 1530 3651 1600 ,omnis
3673 1545 3768 1584 vos

2162 1648 2277 1699 qua:
2305 1640 2479 1706 surget
2507 1639 2688 1685 contra
2720 1638 2769 1684 te
2816 1633 2872 1683 in
2904 1628 3188 1698 judicium,
3230 1641 3406 1681 omnes
3436 1640 3525 1680 eos
3575 1623 3764 1678 vinces.

2164 1723 2302 1779 Vasa
2337 1723 2642 1794 iniquitatis
2671 1736 2858 1776 vocem
2887 1719 3114 1785 habent,
3143 1732 3267 1790 qua:
3294 1733 3396 1772 vox
3427 1715 3601 1787 surgit
3637 1729 3767 1770 con-

455 1815 597 1886 quod
621 1815 801 1885 ﬁctum
820 1821 895 1867 est
916 1823 1101 1867 contra
1131 1823 1196 1882 te,
1221 1829 1323 1867 non
1346 1813 1598 1887 dirigetur
1620 1828 1639 1866 :
1661 1821 1705 1866 et
1735 1828 1934 1866 omnem
1957 1813 2056 1866 lin-
2089 1800 2136 1860 B
2167 1825 2248 1871 ira
2276 1814 2605 1884 Ecclesiam,
2631 1813 2852 1885 quando
2885 1822 3086 1883 ponunt
3116 1809 3363 1866 lues-elici
3406 1809 3458 1864 in
3488 1808 3766 1866 excelsum

452 1923 611 1980 guam
638 1908 961 1960 resistentem
1002 1904 1094 1958 tibi
1124 1905 1179 1958 in
1196 1904 1433 1976 judicio,
1457 1904 1745 1976 judicabis.
1788 1903 1911 1959 flare
1947 1905 2055 1957 Ita?-

457 2001 654 2055 reditas
675 2015 941 2054 servorum
973 1996 1186 2052 Dontini
1209 2013 1228 2052 :
1250 2008 1297 2052 et
1326 1999 1539 2071 justitia
1575 2015 1759 2053 eorum
1781 1999 1926 2069 apud
1954 2015 2054 2067 me,

451 2091 577 2144 dicit
605 2089 886 2144 Dominus.
914 2087 1055 2144 LXX
1088 2105 1101 2143 ;
1136 2087 1269 2142 Ecce
1291 2104 1385 2159 ego
1410 2089 1578 2142 creavi
1598 2098 1667 2156 te,
1697 2106 1799 2144 non
1837 2099 1892 2143 ut
1926 2105 2059 2144 tera-

452 2185 565 2240 rius
587 2185 809 2254 sufﬂans
840 2186 893 2238 in
916 2184 1036 2257 igne
1060 2200 1276 2254 prunas,
1301 2193 1348 2237 et
1377 2189 1646 2256 proferens
1672 2199 1762 2238 vas
1800 2185 1856 2238 in
1901 2201 2052 2256 apus.

458 2279 568 2350 Ego
607 2287 781 2332 autem
805 2280 972 2332 ονεαυὶ
1003 2288 1050 2332 te
1097 2295 1199 2332 non
1237 2279 1289 2332 in
1331 2279 1674 2348 perditionem
1715 2280 2004 2349 interﬁcere
2037 2295 2058 2334 :

451 2390 603 2428 omne
632 2389 719 2428 vas
740 2372 879 2442 quod
896 2371 1090 2443 factum
1110 2381 1183 2427 est
1209 2381 1389 2427 contra
1407 2381 1477 2441 te,
1501 2389 1602 2427 non
1624 2373 2054 2443 prosperabitnr:

449 2478 497 2523 et
525 2468 694 2523 omnis
725 2483 823 2522 eoa:
851 2475 1025 2540 surget
1055 2475 1242 2520 contra
1274 2477 1322 2520 te
1352 2467 1405 2519 in
1427 2466 1689 2538 judicium
1716 2482 1734 2519 :
1765 2481 1938 2519 omnes
1967 2481 2053 2519 eos

447 2563 620 2618 vinces
650 2566 704 2625 ἐ-
741 2570 789 2616 et
817 2562 1027 2615 obnoxii
1056 2561 1133 2614 tui
1163 2568 1311 2616 erunt
1361 2562 1416 2614 in
1466 2577 1528 2615 ea
1568 2566 1609 2628 ‘,
1646 2561 1738 2615 Est
1775 2559 2053 2616 hazreditas

443 2654 789 2708 servientibus
819 2651 1066 2721 Domino,
1095 2660 1142 2706 et
1171 2668 1260 2706 vos
1282 2653 1427 2706 eritis
1452 2651 1579 2705 mihi
1593 2652 1752 2725 justi,
1785 2652 1913 2705 dicit
1943 2649 2054 2706 Do-

446 2753 638 2807 minus.
677 2752 930 2806 Dicamus
974 2749 1213 2819 primum
1257 2749 1414 2820 juxta
1459 2748 1795 2804 l'lebraicum
1830 2764 1843 2802 :
1877 2748 1933 2804 Si
1966 2749 2053 2804 vis

445 2863 553 2903 non
587 2845 806 2913 timere,
841 2854 898 2898 et
927 2843 1120 2914 procul
1161 2857 1188 2897 a
1253 2851 1305 2896 te
1352 2854 1476 2896 esse
1521 2839 1874 2895 formidinem
1901 2881 1917 2908 ,
1967 2839 2052 2896 fac

445 2953 570 3011 qua:
596 2936 909 3008 pmteritus
940 2950 1124 2990 sermo
1156 2935 1427 2996 narravit;
1463 2949 1565 3005 ego
1596 2935 1744 2989 enim
1786 2949 1906 2988 sum
1951 2949 2050 3004 per

445 3046 611 3102 quem
640 3029 898 3084 habitura
924 3041 984 3083 es
1011 3025 1336 3099 proselytos.
1371 3026 1485 3097 Ego
1514 3025 1604 3098 qui
1626 3027 1804 3082 creavi
1831 3025 2049 3083 fabrum

446 3125 761 3181 sufllantem
811 3121 868 3176 in
923 3121 1049 3192 igne
1077 3135 1304 3191 prunas,
1337 3120 1440 3175 hoc
1471 3131 1585 3188 est,
1615 3120 1892 3176 diabolum
1924 3136 2044 3176 om-

2161 1928 2435 1979 ossuum,
2481 1922 2536 1967 et
2587 1912 2768 1983 lingua
2823 1925 3012 1966 eormn
3067 1907 3362 1980 pertransit
3419 1906 3485 1961 ad
3537 1915 3761 1962 terram.

2161 2007 2426 2078 Quodque
2455 2005 2703 2077 sequitur
2739 2021 2751 2056 :
2788 2001 2856 2058 Et
2883 2002 3091 2057 obnoxii
3129 2002 3202 2055 tui
3233 2009 3382 2056 erunt
3403 2000 3457 2054 in
3489 2015 3574 2068 ea,
3606 1997 3761 2054 obelo

2160 2100 2608 2168 przeuotavimus,
2636 2098 2781 2170 quod
2821 2112 2929 2154 non
2959 2107 3066 2151 tam
3111 2112 3139 2150 a
3175 2094 3319 2150 LXX
3350 2109 3514 2167 quam
3543 2111 3571 2147 a
3606 2092 3762 2149 malis

2159 2193 2519 2263 scriptoribus
2566 2193 2780 2247 videtur
2809 2191 3075 2245 additum.
3123 2189 3256 2246 Cum
3307 2199 3490 2244 autem
3540 2202 3762 2246 omnem

2158 2301 2350 2343 vocem
2405 2295 2720 2356 surgentem
2771 2284 3062 2340 adversum
3117 2297 3179 2338 se
3230 2282 3476 2339 Ecclesia
3535 2282 3756 2348 vicerit,

2159 2390 2286 2435 tunc
2333 2380 2703 2435 servientibus
2731 2378 2964 2432 Domino
2995 2387 3050 2432 et
3077 2375 3470 2431 obedientibus
3512 2377 3622 2432 erit
3651 2375 3758 2429 hac-

2155 2472 2385 2536 reditas,
2416 2481 2620 2527 asterna
2652 2473 2951 2542 possessio.
2995 2469 3071 2524 De
3115 2485 3217 2540 qua
3251 2468 3306 2524 in
3343 2469 3584 2526 Jeremia
3632 2469 3753 2524 aliis

2155 2567 2335 2622 verbis
2351 2566 2580 2622 dicitur:
2609 2566 2702 2622 Est
2733 2583 2928 2622 merces
2958 2566 3198 2637 operibus
3225 2567 3326 2624 tuis
3350 2563 3571 2640 (Jerem.
3597 2581 3751 2636 xxxt,

2153 2661 2267 2732 56).
2305 2662 2762 2733 llabitatoresque
2815 2662 3078 2718 Ecclesiae
3107 2662 3238 2732 justi
3286 2671 3459 2718 erunt
3495 2661 3749 2718 Domino.

2152 2754 2342 2810 Omnis
2389 2756 2538 2811 enim
2579 2756 2670 2824 qui
2717 2755 2846 2811 facit
2880 2755 3172 2827 justitiam,
3203 2755 3274 2810 de
3305 2754 3418 2810 Deo
3456 2764 3618 2809 natus
3647 2765 3749 2810 est.

2151 2846 2357 2914 Quibus
2386 2847 2629 2919 loquitur
2657 2847 2920 2904 Dominus
2945 2865 2958 2903 :
2981 2847 3160 2904 Estote
3179 2848 3365 2917 sancti,
3391 2849 3640 2920 quoniam
3661 2864 3753 2920 ego

2148 2949 2358 2994 sanctus
2386 2958 2500 2996 sum
2532 2939 2725 3013 (Leuit.
2763 2958 2857 3008 xx,
2886 2941 3006 3014 26).

2222 3034 2376 3104 ((lap.
2409 3033 2520 3090 LV.
2554 3063 2624 3078 -——
2657 3035 2815 3091 Vcrs.
2871 3035 2949 3109 1.)
2974 3036 3164 3093 Omnes
3201 3038 3432 3095 sitientes
3480 3040 3645 3094 venite
3683 3035 3751 3091 ad

2149 3145 2329 3198 aquas,
2357 3139 2402 3183 et
2430 3130 2520 3199 qui
2550 3147 2655 3183 non
2686 3129 2883 3184 habetis
2912 3132 3184 3207 pecuniam
3215 3130 3400 3206 [Vulg.
3431 3132 3747 3208 argentum],

447 3217 598 3271 nium
652 3213 920 3270 malorum
952 3212 1244 3278 artificem,
1277 3228 1386 3266 non
1429 3211 1759 3267 necessitate
1812 3223 2038 3279 natura,

2194 3186 2206 3198 '
2319 3186 2328 3196 '
2441 3186 2453 3199 '
2912 3186 2925 3202 ι
3082 3186 3098 3207 δ
3215 3186 3304 3206 ιη
3346 3186 3394 3204 υν
3493 3186 3747 3208 a"""".lv

2149 3237 2444 3294 praperate,
2469 3225 2622 3278 emite
2645 3233 2692 3278 et
2723 3224 2974 3280 comedite
2996 3242 3016 3279 .'
3045 3226 3230 3291 venite,
3258 3227 3414 3281 emite
3438 3227 3630 3300 absque
3661 3245 3748 3281 ar-

447 3308 544 3366 scd
570 3309 767 3363 mentis
791 3306 1046 3362 arbitrio.
1079 3305 1184 3373 Qui
1215 3304 1505 3360 suscitavit
1533 3303 1808 3370 incendia,
1833 3313 1890 3360 et
1918 3319 2045 3374 prov

445 3403 584 3458 feret
605 3411 790 3458 contra
816 3410 870 3455 te
897 3414 1022 3454 vasa
1051 3418 1063 3454 :
1089 3398 1279 3470 quales
1302 3397 1524 3452 fuerunt
1543 3397 1733 3453 Simon
1757 3407 1814 3454 et
1844 3398 2046 3454 Elimas

449 3495 616 3567 magi,
647 3494 811 3551 Petro
833 3504 888 3549 et
906 3491 1076 3548 Paulo
1101 3489 1367 3562 apostolis
1393 3489 1714 3545 resistentes
1736 3492 1875 3558 (Act.
1901 3492 2040 3562 xm).

445 3592 563 3664 Ego
591 3590 770 3646 creavi
798 3587 1217 3644 interfectorem
1249 3599 1441 3640 eorum
1478 3585 1567 3654 qui
1610 3585 1874 3641 increduli
1919 3593 2046 3640 sunt

443 3685 635 3743 futuri.
668 3685 786 3741 Non
831 3697 939 3755 quo
965 3697 1065 3751 ego
1112 3680 1214 3734 sim
1263 3694 1426 3734 causa
1462 3679 1786 3748 perditionis
1825 3695 2038 3750 eorum,

443 3779 540 3837 sed
571 3793 680 3848 quo
707 3787 927 3833 creatus
952 3773 1306 3829 adversarius
1337 3770 1404 3826 ad
1438 3773 1810 3842 pugnandum,
1840 3783 1894 3828 et
1924 3773 2041 3829 vic-

443 3876 514 3929 tis
572 3872 828 3944 perditio,
883 3878 938 3924 et
989 3867 1295 3922 victoribus
1334 3881 1496 3921 causa
1541 3868 1615 3922 sit
1663 3869 2039 3938 prmiuiorum.

442 3965 754 4034 Omnesque
785 3961 877 4033 qui
915 3972 1106 4016 contra
1141 3968 1194 4015 te
1238 3974 1269 4014 a
1319 3958 1470 4014 fabro
1502 3957 1755 4016 sufllante
1805 3971 1932 4016 sunt
1961 3961 2043 4017 fa-

439 4061 660 4128 bricati,
717 4072 824 4112 non
867 4055 1196 4126 dirigentur,
1239 4054 1334 4110 sed
1385 4065 1436 4111 et
1492 4065 1793 4126 praesentes
1851 4072 2038 4128 ptenas

443 4152 687 4209 sentient
714 4159 769 4206 et
794 4148 1026 4204 futuras.
1056 4145 1326 4218 Quodque
1354 4148 1508 4218 prius
1536 4149 1820 4206 videbatur
1848 4151 2039 4206 occul-

443 4258 580 4314 tum,
610 4247 664 4302 in
688 4243 1151 4314 consequentibus
1179 4243 1382 4299 dicitur
1411 4246 1758 4303 manifestius
1791 4265 1805 4302 :
1831 4247 1900 4302 Et
1928 4267 2039 4304 om-

441 4358 558 4397 nem
588 4340 822 4413 linguam
845 4336 1165 4390 resistentem
1182 4335 1274 4391 tibi
1301 4338 1354 4392 in
1374 4338 1579 4410 judicio
1599 4340 1886 4414 judicabis,
1915 4359 2039 4414 per-

444 4433 580 4492 dens
615 4429 780 4503 642
821 4427 1149 4499 sapientiam
1197 4429 1547 4500 sapientium,
1593 4442 1651 4488 et
1692 4435 2035 4504 prudentiam

436 4526 790 4600 prudentium
846 4524 1170 4595 reprobans.
1237 4525 1585 4599 Cunctosque
1654 4530 2033 4589 haereticorum

435 4621 739 4694 principes,
771 4629 824 4673 et
856 4617 1170 4674 Judtrorum
1200 4621 1511 4690 magistros,
1540 4631 1596 4678 et
1635 4624 1821 4681 mundi
1854 4627 2031 4697 philo-

437 4717 668 4788 s0phos,
699 4729 839 4786 quos
865 4713 1022 4770 faber
1051 4713 1141 4769 illc
1169 4713 1522 4786 conflaverat,
1556 4727 1646 4772 tuo
1670 4719 1877 4790 judicio
1905 4737 2036 4778 cou-

437 4811 748 4868 demnabis.
795 4807 1082 4878 Quomodo
1124 4818 1182 4864 et
1218 4809 1425 4882 Regina
1465 4810 1614 4867 Saba
1654 4814 2034 4874 condemnavit

431 4903 773 4967 incredulos,
808 4913 856 4956 et
884 4900 1142 4955 Ninivittc
1175 4917 1188 4954 :
1219 4912 1269 4956 el
1291 4907 1614 4958 econtrurio
1641 4905 2033 4974 justiﬁeabitnr

431 4996 673 5055 Sodoma
719 4994 1126 5060 comparatione
1179 4994 1381 5063 pejoris
1435 4995 1740 5056 Jerusalem
1793 5001 2030 5074 (Matth.

428 5090 552 5160 xit).
587 5087 717 5143 Post
751 5087 866 5140 lucc
895 5085 1132 5139 infertur
1159 5100 1280 5155 qua:
1299 5087 1412 5140 sint
1443 5091 1666 5156 pra-mla
1695 5090 2025 5161 futurorum,

426 5193 454 5223 ι
515 5200 582 5240 ne
631 5197 847 5237 cassum
904 5190 1097 5251 putent
1126 5196 1248 5235 esse
1297 5190 1603 5251 certamen,
1661 5195 1716 5240 et
1771 5194 2025 5256 praesenti

423 5288 604 5332 morte
633 5275 794 5330 finiri.
851 5272 979 5328 Haec
1016 5281 1100 5327 est
1146 5273 1438 5329 hmreditas
1469 5290 1748 5334 servorum
1780 5280 2023 5350 Domini,

419 5369 478 5426 id
509 5379 614 5439 est,
649 5381 817 5438 regna
848 5365 1140 5434 caelorum,
1171 5374 1228 5421 et
1254 5367 1362 5421 vita
1391 5380 1678 5439 perpetua,
1708 5384 1764 5428 et
1791 5375 2026 5446 retribu-

413 5462 492 5517 tio
526 5461 803 5526 laborum,
839 5471 965 5529 quae
985 5459 1176 5514 oculus
1201 5476 1308 5514 non
1342 5461 1497 5529 vidit,
1531 5471 1587 5519 et
1613 5469 1761 5522 auris
1790 5484 1896 5522 non
1923 5484 2023 5524 au-

2145 3327 2318 3385 gento,
2368 3323 2418 3368 et
2463 3315 2657 3388 absque
2706 3316 2818 3371 ulla
2867 3319 3269 3373 commutatione
3315 3320 3493 3374 uinum
3538 3329 3589 3375 et
3641 3322 3742 3376 lac.

2149 3409 2323 3476 Quare
2347 3412 2640 3481 appenditis
2667 3420 2938 3485 argentum
2964 3430 3067 3468 non
3091 3415 3146 3467 in
3171 3413 3414 3486 panibus,
3447 3423 3495 3468 et
3521 3413 3747 3470 laborem

2145 3511 2371 3557 vestrum
2409 3520 2515 3557 non
2553 3505 2609 3558 in
2638 3507 2954 3561 saturitate?
2994 3504 3157 3578 653
3200 3504 3348 3561 LXX
3379 3524 3392 3560 :
3425 3507 3530 3572 Qui
3570 3507 3743 3576 sititis,

2143 3597 2215 3650 ite
2234 3597 2302 3649 ad
2322 3613 2534 3668 aquam,
2561 3607 2606 3652 et
2637 3606 2888 3669 quotquot
2919 3615 3022 3653 non
3045 3598 3240 3653 habetis
3271 3601 3549 3670 pecuniam
3572 3645 3586 3670 ,
3620 3617 3744 3655 eun-

2145 3697 2219 3744 tes
2241 3689 2412 3759 emite,
2431 3699 2479 3745 et
2503 3691 2774 3760 comedite,
2806 3701 2854 3746 et
2882 3692 3163 3762 ambulate,
3187 3701 3238 3748 et
3263 3693 3413 3748 emite
3435 3693 3630 3765 absque
3653 3711 3742 3764 pe-

2143 3786 2298 3838 cunia
2322 3794 2371 3838 et
2406 3785 2598 3857 absque
2626 3786 2793 3858 pretio
2838 3786 3012 3840 vinum
3040 3794 3087 3840 et
3119 3787 3344 3857 adipem.
3384 3787 3560 3855 Quare
3577 3787 3743 3842 emitis

2142 3879 2364 3951 pecunia
2382 3878 2432 3947 ι’,
2453 3890 2502 3932 et
2525 3880 2753 3934 laborem
2776 3890 3001 3934 uestrum
3021 3897 3122 3935 non
3143 3881 3200 3934 in
3225 3883 3592 3936 saturitatem?
3612 3881 3743 3937 Vcr-

2142 3975 2268 4030 bum
2303 3973 2629 4029 llehraicum
2662 3989 2716 4030 Ol
2745 3976 2890 4046 (ντι),
2917 3975 2986 4030 de
3012 3988 3121 4046 quo
3158 3990 3322 4046 supra
3365 3975 3420 4031 in
3453 3975 3741 4047 prophetia

2139 4075 2340 4124 centra
2370 4066 2521 4122 Ariel
2550 4067 2795 4122 dixeram
2826 4066 2932 4139 (Ad
2958 4083 3075 4140 cap.
3119 4067 3236 4140 29),
3273 4068 3415 4139 quod
3457 4078 3604 4125 esset
3629 4084 3740 4125 am-

2143 4161 2387 4232 biguum,
2416 4169 2474 4216 et
2499 4162 2588 4217 vel
2616 4161 3051 4232 interjectionem
3083 4163 3349 4231 vocantis,
3398 4165 3483 4219 vel
3526 4181 3600 4219 ea:
3619 4207 3634 4234 ,
3663 4165 3738 4221 si-

2139 4257 2446 4328 gnificaret,
2479 4255 2568 4311 hic
2596 4255 2649 4309 in
2679 4255 2951 4326 principio
2977 4255 3200 4326 capituli
3230 4256 3492 4327 p0situm,
3534 4273 3740 4331 nequa:

2140 4368 2304 4421 quam
2337 4351 2647 4422 plangentis
2677 4350 2897 4422 legitur,
2931 4349 3030 4406 sed
3068 4352 3316 4406 vocantis
3346 4351 3572 4408 affectu.
3603 4352 3739 4422 Quia

2140 4459 2272 4516 ergo
2301 4459 2462 4498 omne
2497 4459 2590 4499 vas
2615 4444 2798 4499 fictum
2823 4454 3015 4500 contra
3042 4444 3343 4501 Ecclesiam
3363 4446 3581 4502 dixerat
3608 4462 3738 4504 con-

2143 4536 2456 4605 terendum,
2491 4548 2545 4594 et
2576 4551 2795 4593 omnem
2846 4553 3037 4594 vocem
3070 4538 3456 4611 linguamque,
3507 4555 3628 4612 qua:
3676 4555 3740 4597 se

2140 4639 2454 4687 armaverat
2475 4640 2666 4687 contra
2696 4631 2982 4688 scientiam
3010 4632 3131 4698 Dei,
3160 4647 3284 4688 esse
3315 4634 3686 4705 superandam
3719 4651 3732 4686 :

2141 4734 2406 4798 provocat
2433 4726 2722 4783 credentes
2750 4726 2817 4782 ad
2845 4726 3069 4782 ﬂuvium
3100 4727 3220 4792 Dei,
3260 4729 3353 4799 qui
3380 4729 3624 4798 repletus
3653 4737 3736 4786 est

2138 4820 2327 4890 aquis,
2373 4831 2431 4876 et
2461 4821 2614 4892 cujus
2643 4821 2882 4891 impetus
2915 4820 3158 4877 laetiﬁcat
3192 4822 3480 4877 civitatem
3518 4822 3646 4891 Dei,
3681 4832 3734 4879 ut

2136 4914 2327 4968 bibant
2356 4929 2526 4986 aquas
2552 4915 2622 4970 de
2649 4913 2892 4968 fontibus
2921 4913 3248 4981 Salvatoris,
3277 4915 3368 4984 qui
3399 4914 3642 4987 loquitur
3666 4915 3734 4972 ad

2135 5004 2538 5061 Samaritanam
2565 5024 2580 5061 :
2609 5006 2670 5062 Si
2715 5007 2874 5061 scires
2903 5009 3128 5079 gratiam
3160 5007 3280 5070 Dei,
3306 5018 3354 5061 et
3383 5009 3498 5077 quis
3525 5019 3620 5080 est,
3648 5009 3740 5078 qui

2132 5099 2260 5153 dicit
2284 5101 2394 5168 tibi,
2415 5098 2485 5153 da
2510 5101 2638 5154 mihi
2662 5099 2832 5155 bibere
2854 5117 2872 5154 :
2895 5110 2951 5154 tu
2975 5102 3189 5172 petisses
3209 5101 3274 5156 ab
3288 5111 3430 5166 eo,et
3460 5112 3483 5142 ο
3513 5103 3734 5158 dedisset

2129 5191 2222 5246 tibi
2262 5209 2472 5263 aquam.
2511 5193 2659 5263 Aqua
2689 5210 2844 5266 quam
2875 5210 2969 5264 ego
2995 5193 3185 5248 dedero
3208 5195 3254 5248 ei
3272 5235 3289 5262 ,
3325 5195 3412 5264 ﬁet
3437 5195 3493 5248 in
3525 5212 3584 5250 eo
3616 5199 3732 5267 fons

2128 5302 2278 5357 aqnte
2297 5285 2531 5341 salientis
2548 5289 2600 5342 in
2631 5289 2789 5342 vitam
2817 5298 3061 5342 wternam
3085 5286 3266 5359 (Joan.
3296 5303 3372 5354 tv,
3404 5288 3492 5354 10,
3517 5287 3629 5361 Η).
3660 5291 3730 5344 De

2127 5382 2210 5435 his
2233 5381 2386 5451 aquis
2411 5381 2682 5436 clamabat
2729 5380 2786 5436 in
2819 5381 3048 5452 Templo
3082 5399 3095 5436 :
3131 5381 3192 5437 Si
3234 5382 3350 5454 quis
3379 5382 3514 5451 sitit,
3562 5383 3728 5438 ueniat

2127 5472 2196 5527 ad
2219 5489 2316 5540 me,
2351 5481 2396 5528 et
2418 5473 2576 5528 bibat.
2609 5474 2711 5542 Qui
2738 5474 2920 5531 biberit
2948 5474 3014 5529 de
3040 5491 3200 5547 aqua,
3231 5491 3392 5542 quam
3417 5491 3516 5550 ego
3537 5476 3726 5532 dedero

489 5589 514 5618 λ
548 5580 602 5635 In
637 5577 919 5632 vetustiori
939 5575 1328 5659 Ambrosiauo,
1356 5597 1473 5651 qua:
1500 5583 1602 5636 sint
1632 5588 1848 5654 praemia
1879 5592 2027 5659 fatu-

412 5665 796 5731 rorum,‘n_e.ea
816 5658 1051 5718 putarent
1093 5650 1404 5706 sustinentes
1444 5650 1724 5726 certamen,
1769 5650 2014 5731 praesenti

413 5733 576 5777 morte
599 5722 762 5786 ﬁniri.

482 5789 508 5834 ι
549 5789 717 5846 Addit
743 5789 1036 5858 Victorius,
1081 5810 1184 5847 non
1223 5796 1276 5850 in
1305 5796 1570 5865 panibus,
1623 5799 1688 5853 ad
1729 5799 2006 5871 Graecum,

2132 5615 2217 5648 ουκ
2242 5615 2292 5648 εν
2318 5615 2514 5669 αρτοις.

2194 5676 2218 5739 _°
2262 5667 2596 5739 lnﬂcodem,
2655 5667 2880 5721 dedisset
2931 5667 3025 5722 tibi
3070 5684 3262 5739 aquam
3313 5668 3590 5724 uiuentem.
3624 5666 3723 5736 Qui

2119 5737 2254 5878 tlenim
2293 5737 2475 5792 biberit
2505 5739 2569 5792 de
2599 5755 2762 5807 aqua,
2796 5755 2952 5808 quam
2981 5757 3074 5811 ego
3106 5737 3304 5796 dedero
3330 5741 3410 5804 ei,
3451 5742 3541 5807 ﬁet
3576 5742 3628 5794 in
3662 5755 3721 5795 eo

2147 5825 2260 5876 ons,
2291 5823 2396 5863 etc.
