4096 6330
324 370 434 428 529

892 371 1647 444 COMMENTARIOBUMJN
1688 372 1919 430 ISAIAM
1960 372 2382 430 PROPHETAM
2421 371 2553 430 LIB.
2595 373 2714 432 XV.
2756 373 2912 431 CAP.
2956 375 3067 432 LV.

3525 373 3631 430 850

323 493 396 558 ei,
427 493 650 561 ﬂumina
670 495 734 548 de
762 504 935 549 ventre
950 499 1063 569 ejus
1084 496 1248 566 ﬂuent
1276 511 1426 566 aqua
1455 496 1582 552 vivte
1605 495 1802 568 (lbid.,
1829 496 1922 564 37,
1952 499 2009 558 Α
2030 504 2080 551 et
2104 495 2417 566 pinguedine
2435 498 2697 568 repleatur
2721 499 2900 552 anima
2923 516 3037 554 mea
3077 499 3253 570 (Psal.
3280 514 3414 567 uti,
3449 499 3506 568 6)
3530 514 3546 565 ;
3571 506 3628 552 et

321 581 445 654 58),
473 585 795 657 signiﬁcans
819 586 1084 658 Spiritum
1123 598 1400 654 sanctum,
1446 603 1606 660 quem
1634 589 1923 645 credentes

321 682 605 749 accepturi
640 691 818 745 erant.
870 690 926 738 et
967 682 1037 738 de
1065 699 1174 751 quo
1211 681 1488 752 Propheta
1522 683 1756 756 mystico
1804 699 1924 738 ser-

321 786 492 828 mone
521 775 821 833 resonabat
849 793 862 830 :
895 776 1070 834 Sitivit
1100 778 1276 831 aninta
1304 794 1417 832 mea
1442 777 1511 831 ad
1547 776 1715 832 Deum
1750 778 1922 833 viven~

320 874 421 920 tem
451 864 629 940 (Psal.
657 884 769 932 xu,
799 869 889 935 2);
923 877 979 925 et
1015 870 1213 926 iterum
1243 887 1256 924 :
1282 870 1435 943 Apud
1468 880 1514 925 te
1552 876 1669 944 fons
1705 881 1780 925 est
1803 871 1921 925 vine

325 957 503 1029 (Psal.
530 975 696 1026 xx“,
732 960 844 1034 ιο).
879 963 980 1032 Qui
1005 963 1121 1030 ipse
1147 964 1214 1017 de
1244 980 1302 1019 se
1333 965 1694 1035 loquebatur:
1725 965 1811 1020 Me
1832 965 1922 1020 de-

319 1051 644 1123 reliquerunt
675 1056 868 1124 fontem
912 1072 1059 1127 aquae
1093 1058 1259 1113 victe:
1287 1065 1336 1110 et
1365 1059 1608 1128 foderunt
1646 1059 1742 1112 sibi
1776 1056 1923 1112 lucus

318 1149 596 1216 contritas,
630 1151 720 1218 qui
746 1167 847 1205 non
869 1161 1085 1223 possunt
1123 1169 1287 1224 aquas
1315 1154 1578 1207 continere
1608 1151 1828 1220 (Jerem.
1859 1168 1917 1220 ιι,

318 1240 438 1314 15).
490 1242 601 1297 llas
627 1249 810 1314 'aquas
841 1257 1105 1316 spargunt
1145 1248 1340 1315 nubes,
1395 1247 1462 1302 ad
1508 1262 1644 1317 quas
1673 1247 1922 1316 pervenit

315 1333 528 1389 Veritas
558 1335 678 1391 Dei.
722 1335 878 1393 Sicut
909 1339 1174 1408 scriptum
1204 1352 1329 1394 est:
1358 1338 1429 1394 Et
1473 1340 1628 1394 nubes
1671 1350 1920 1412 spargant

309 1427 582 1498 justitiam
614 1427 770 1500 (Isai.
797 1446 924 1500 sev,
947 1433 1002 1498 8,
1033 1449 1138 1487 sec.
1164 1431 1353 1504 LXX).
1386 1432 1820 1504 Prmcipiturque
1845 1433 1920 1488 sl-

318 1519 610 1590 tieutibus,
646 1533 704 1578 ut
751 1539 1092 1596 nequaquam
1136 1526 1327 1582 bibant
1371 1541 1540 1598 aquas
1569 1525 1696 1582 Sior
1744 1526 1919 1581 turbi-

315 1611 438 1681 das,
473 1623 529 1669 et
558 1621 840 1672 tumentes
864 1618 1105 1688 gurgites
1134 1617 1528 1690 Assyriorum;
1559 1618 1657 1673 sed
1691 1625 1920 1689 pergant

313 1704 384 1760 ad
417 1720 596 1775 aquas
626 1706 799 1777 Siloe,
831 1724 955 1779 qua:
987 1709 1193 1765 vadunt
1221 1725 1346 1766 cum
1392 1710 1648 1776 silentio;
1701 1726 1802 1766 nec
1851 1712 1919 1765 ti-

314 1808 504 1854 meant
531 1799 735 1871 eloquii
784 1812 1192 1874 paupertatem,
1224 1805 1270 1860 si
1301 1816 1588 1877 argentum
1631 1805 1769 1860 forte
1805 1821 1915 1860 non

2024 586 2081 644 in
2108 589 2218 644 alio
2247 589 2370 644 loco
2395 606 2407 644 :
2435 590 2633 644 Cibavit
2663 607 2749 645 eos
2776 591 2842 644 de
2869 593 3026 660 adipe
3054 593 3324 663 frumenti,
3359 602 3406 647 et
3434 591 3498 646 de
3536 606 3628 662 pec

2025 688 2108 733 tra
2131 679 2282 734 melle
2309 682 2562 736 saturavit
2591 699 2679 736 eos
2707 681 2896 754 (Psal.
2931 700 3095 754 Lux,
3146 685 3260 752 17).
3288 684 3391 753 Qui
3434 683 3623 754 adipes

2023 789 2132 830 non
2160 773 2305 828 aliud
2334 790 2493 842 quam
2524 777 2810 846 mysticam
2843 791 3064 832 carnem
3093 787 3314 832 sonant.
3349 775 3430 831 Ad
3461 790 3623 845 quam

2024 866 2288 923 Dominus
2313 866 2618 938 discipulos
2647 870 2992 940 hortabatur,
3027 870 3261 927 dicens:
3296 869 3418 926 Nisi
3455 885 3627 925 come-

2023 961 2206 1016 deritis
2249 978 2457 1016 carnem
2492 979 2693 1031 meam,
2726 973 2774 1016 et
2821 963 3049 1018 biberitis
3089 966 3394 1038 sanguinem
3434 979 3622 1029 meum,

2023 1072 2126 1110 non
2152 1055 2403 1110 [rubebitis
2433 1055 2593 1109 vitam
2629 1058 2681 1108 in
2727 1054 2868 1110 vobis
2894 1055 3077 1122 (Joan.
3113 1073 3186 1124 γι,
3217 1057 3333 1126 54).
3366 1054 3525 1113 Unde
3569 1067 3629 1110 et

2023 1149 2077 1205 in
2119 1149 2451 1206 Gethsemani
2499 1151 2735 1205 traditus
2773 1159 2892 1219 est,
2922 1151 3068 1214 quod
3112 1149 3387 1221 signiﬁcat
3434 1147 3626 1203 vallem

2020 1243 2284 1312 adipeam,
2314 1244 2430 1298 sive
2461 1243 2877 1314 pinguissimam.
2912 1242 3198 1311 Simulque
3225 1243 3475 1309 increpat
3501 1255 3626 1311 eos,

2021 1336 2113 1407 qui
2151 1346 2454 1407 sequuntur
2487 1336 2812 1406 sapientiam
2853 1336 3178 1391 stecttlarem
3227 1347 3281 1390 et
3328 1346 3628 1406 perversos

2023 1430 2403 1484 haereticorum
2449 1429 2848 1499 simulatasque
2875 1427 3179 1494 doctrinas,
3229 1433 3285 1481 et
3308 1425 3620 1481 Pharisaeo-

2020 1541 2143 1580 rum
2171 1525 2513 1592 traditiones,
2541 1538 2870 1589 omnemque
2899 1522 3024 1578 falsi
3048 1522 3292 1576 nominis
3308 1520 3617 1588 scientiam,

2019 1633 2141 1688 qua:
2162 1617 2408 1672 elevatur
2437 1624 2630 1672 contra
2665 1615 2861 1683 Deum,
2895 1623 2952 1670 et
2990 1613 3204 1684 magnis
3232 1611 3425 1683 pretiis
3451 1626 3516 1665 ac
3541 1611 3624 1664 la-

2021 1712 2156 1768 bore
2182 1711 2446 1767 ccutinuo
2469 1710 2794 1776 appendunt
2818 1718 3104 1780 argentum
3152 1723 3251 1777 pro
3282 1723 3344 1763 ea
3375 1703 3621 1776 discipli-

2022 1820 2113 1869 na,
2142 1804 2196 1859 in
2227 1818 2334 1874 qua
2372 1819 2484 1859 non
2509 1802 2674 1876 645
2705 1813 2832 1858 sunt
2865 1817 3056 1873 panes,
3094 1811 3151 1858 et
3179 1799 3378 1856 sudant
3408 1815 3511 1871 pro
3538 1798 3626 1853 his

314 1888 562 1948 habeant
594 1891 735 1966 (lsa.
778 1911 902 1962 va;
947 1896 1146 1953 Jerem.
1175 1897 1268 1970 tt),
1303 1899 1398 1955 sed
1431 1899 1656 1954 audiant
1685 1899 1920 1970 Aposto-
1949 1895 1998 1956 B
2022 1897 2181 1962 cibis,
2214 1897 2268 1951 in
2296 1896 2493 1968 quibus
2517 1897 2666 1950 nulla
2715 1896 2973 1950 saturitas
2998 1902 3102 1950 est.
3130 1894 3205 1949 Ex
3238 1908 3348 1963 quo
3377 1890 3624 1948 ostendi-

314 1983 428 2040 lutn
459 1986 742 2043 dicentem
772 2007 786 2044 :
816 1987 999 2045 Gratia
1023 1991 1157 2046 salvi
1183 1991 1310 2061 facti
1332 1993 1455 2048 estis
1489 1991 1708 2064 (Ephes.
1736 2008 1795 2057 tt,
1823 1991 1913 2064 8);

316 2085 371 2130 et
403 2075 701 2133 Dominum
733 2079 802 2134 ad
837 2079 1134 2152 discipulos
1165 2099 1180 2136 :
1215 2081 1392 2138 Gratis
1427 2085 1722 2156 accepistis,
1751 2087 1919 2159 gratis

315 2166 438 2222 date
486 2167 710 2240 (Matth.
759 2188 828 2241 x,
871 2172 954 2244 8).
1008 2173 1315 2246 Mirumque
1357 2177 1409 2230 in
1457 2177 1677 2232 modum
1722 2188 1918 2233 emunt

312 2274 484 2331 aquas
512 2263 722 2334 absque
769 2267 1032 2335 pecunia;
1064 2278 1120 2324 et
1166 2284 1274 2324 non
1307 2269 1504 2325 bibunt
1535 2286 1657 2339 eas,
1686 2271 1781 2326 sed
1823 2285 1915 2326 co-

313 2353 566 2408 medunt.
593 2353 714 2425 Ipse
741 2356 886 2412 enim
915 2369 970 2413 et
1000 2373 1140 2429 aqua
1166 2361 1395 2430 etpanis
1422 2372 1527 2431 est,
1561 2363 1652 2431 qui
1681 2361 1751 2418 de
1773 2363 1915 2420 caelo

315 2444 609 2504 descendit
637 2448 832 2522 (Joan.
860 2454 959 2523 γι).
989 2453 1132 2524 Ergo
1177 2455 1324 2526 quod
1357 2456 1409 2511 in
1442 2457 1768 2528 quibusdam
1812 2474 1914 2514 ex-

311 2542 657 2612 emplaribus
701 2544 944 2616 legitur:
979 2545 1170 2616 Emite,
1204 2560 1252 2604 et
1299 2550 1478 2620 bibite,
1527 2553 1598 2608 ab
1644 2553 1914 2624 imperitis

318 2633 684 2702 scriptoribus
719 2635 1066 2693 immutatum
1097 2649 1202 2708 est,
1232 2639 1400 2713 644
1449 2643 1540 2710 qui
1588 2655 1913 2713 putaverunt

311 2738 433 2780 esse
455 2728 908 2800 consequentius,
934 2729 979 2785 si
1001 2731 1318 2788 biberentur
1347 2736 1526 2805 potius
1549 2752 1724 2807 aquze,
1750 2755 1910 2810 quam

311 2817 759 2877 comederentur.
795 2822 893 2879 Est
921 2834 1107 2882 autem
1137 2836 1193 2882 et
1224 2830 1463 2898 pecunia
1492 2832 1752 2901 pessima,
1797 2835 1912 2891 sive

313 2922 628 2984 argentum,
658 2916 802 2984 quod
843 2919 1105 2989 reprobat
1133 2921 1442 2993 Scriptura,
1477 2925 1706 2982 dicens:
1737 2927 1908 2983 Pecu-

312 3005 421 3071 nia,
478 3024 598 3077 qua:
662 3007 818 3063 datur
871 3028 986 3066 cum
1014 3013 1156 3080 dolo,
1216 3017 1369 3084 quasi
1415 3027 1544 3072 testa
1589 3022 1914 3091 reputabitur

315 3096 502 3167 (Prov.
534 3117 689 3172 xxvr,
723 3103 815 3173 25,
844 3121 948 3162 sec.
979 3107 1180 3180 LXX);
1214 3121 1268 3164 et
1300 3112 1352 3166 in
1377 3113 1484 3166 alio
1517 3114 1636 3170 loco
1668 3132 1681 3170 :
1717 3117 1914 3187 Argen-

313 3201 421 3248 tum
450 3204 678 3251 vestrum
705 3199 987 3267 reprobum
1017 3201 1236 3274 (Jeretn.
1267 3220 1342 3274 v1,
1367 3205 1482 3278 50).
1511 3207 1577 3262 Et
1602 3219 1688 3264 est
1713 3226 1912 3282 argen-

2021 1999 2112 2045 tur
2133 2004 2253 2045 eam
2285 1987 2601 2044 sectandam
2630 2003 2755 2044 esse
2776 1987 3126 2060 sapientiam,
3155 2001 3280 2057 qua:
3309 1999 3416 2040 non
3451 1993 3536 2039 est
3566 1982 3621 2038 in

2021 2082 2164 2138 foliis
2190 2097 2255 2138 ac
2275 2082 2410 2137 ﬂore
2431 2082 2752 2150 verborum,
2783 2079 2880 2136 sed
2912 2082 2964 2136 in
2988 2078 3245 2135 medullis
3273 2093 3336 2133 ac
3357 2075 3628 2132 fructibus

2019 2197 2277 2238 sensuum
2305 2197 2320 2246 ;
2353 2196 2474 2252 quas
2496 2197 2604 2235 non
2634 2193 2820 2234 aurem
2852 2176 3224 2248 praetervolat,
3251 2173 3349 2230 sed
3379 2173 3625 2229 animum

2021 2274 2219 2330 reiicit.
2264 2273 2438 2340 Quam
2486 2283 2548 2327 ut
2582 2271 2882 2334 discamus,
2925 2286 3032 2325 non
3079 2268 3375 2324 transimus
3421 2266 3621 2332 maria,

2019 2383 2120 2425 nec
2156 2369 2365 2439 magnis
2403 2366 2712 2436 sumptibus
2764 2364 3075 2435 indigemus
3099 2405 3114 2429 ,
3147 2363 3246 2419 sed
3306 2375 3476 2431 prope
3535 2365 3622 2413 est

2017 2461 2245 2517 verbum
2278 2461 2330 2514 in
2361 2475 2458 2515 ore
2485 2469 2695 2526 nostro,
2729 2469 2783 2514 et
2812 2460 2864 2512 in
2891 2459 3058 2512 corde
3092 2464 3302 2512 nostro.

2091 2553 2272 2624 (Vers.
2303 2553 2362 2622 2,
2387 2550 2468 2623 5.)
2507 2551 2698 2606 Audite
2737 2549 3010 2605 audientes
3038 2565 3138 2615 me,
3169 2558 3218 2603 et
3251 2546 3506 2603 comedite
3534 2545 3626 2600 bo-

2018 2663 2141 2701 num
2167 2655 2215 2701 et
2245 2645 2586 2700 delectabitur
2615 2646 2668 2698 in
2709 2642 3054 2698 crassitudine
3080 2643 3254 2696 anima
3282 2652 3470 2697 vestra.
3523 2639 3621 2696 In-

2016 2729 2204 2798 clinate
2239 2759 2416 2796 aurem
2465 2751 2705 2809 vestram,
2733 2749 2781 2793 et
2804 2739 2970 2794 venite
2995 2738 3064 2792 ad
3091 2752 3170 2791 me
3196 2753 3214 2792 :
3243 2736 3442 2803 audite,
3467 2745 3514 2789 et
3541 2736 3623 2790 vi-

2015 2847 2093 2890 vet
2113 2837 2286 2890 anima
2310 2844 2498 2890 vestra.
2530 2832 2600 2888 Et
2626 2833 2812 2902 feriant
2834 2831 3094 2885 vobiscum
3122 2840 3328 2902 pactum
3356 2829 3626 2899 sempiter-

2017 2946 2142 2984 num
2165 2947 2184 2984 :
2210 2927 2594 2983 misericordias
2619 2925 2788 2980 David
2805 2924 3005 2994 ﬁdeles.
3023 2921 3167 2978 LXX
3200 2941 3211 2976 :
3242 2923 3432 2976 Audite
3455 2938 3555 2988 me,
3575 2931 3622 2976 et

2017 3031 2042 3060 °
2075 3021 2322 3078 comedite
2353 3022 2503 3087 bona,
2535 3029 2581 3074 et
2602 3017 2935 3073 delectabitur
2959 3017 3010 3070 in
3035 3015 3181 3070 bonis
3233 3015 3409 3070 anima
3439 3025 3626 3069 vestra.

2016 3115 2275 3171 Attendite
2320 3114 2535 3170 auribus
2585 3113 2784 3180 vestris,
2812 3123 2862 3167 et
2891 3111 3165 3182 sequimini
3216 3109 3326 3164 vias
3360 3126 3498 3164 meas
3527 3125 3546 3163 :
3577 3117 3626 3163 et

2015 3211 2192 3266 audite
2207 3225 2310 3277 me,
2334 3219 2381 3263 et
2410 3209 2536 3262 vivet
2564 3208 2619 3262 in
2645 3206 2791 3261 bonis
2817 3205 2994 3260 anima
3022 3214 3211 3259 vestra.
3233 3201 3301 3258 Et
3314 3204 3623 3257 constituam

314 3293 427 3342 tum
470 3289 618 3360 quod
661 3289 760 3347 Dei
805 3292 1047 3364 eloquiis
1091 3309 1442 3366 comparatur
1473 3316 1488 3354 :
1524 3300 1746 3372 Eloquia
1803 3303 1914 3360 Do-
1939 3293 1984 3356 C
2018 3305 2159 3358 vobis
2187 3311 2546 3358 testamentum
2589 3309 2862 3364 azternum,
2894 3308 3073 3353 sancta
3103 3296 3274 3352 David
3303 3294 3506 3368 ﬁdelia.
3542 3295 3622 3351 Ne

311 3383 461 3450 mini,
493 3382 704 3456 eloquia
726 3396 869 3441 casta
887 3403 906 3442 :
931 3399 1202 3460 argentum
1227 3392 1350 3464 igne
1372 3395 1721 3451 examinatum
1741 3408 1909 3470 terrea,

313 3488 591 3548 purgatum
636 3479 934 3550 septuplum
983 3482 1105 3556 (Ps.
1138 3501 1214 3554 χι,
1268 3487 1345 3558 7).
1399 3487 1600 3559 Spreto
1630 3493 1790 3560 igitur
1820 3494 1912 3550 illo

314 3579 543 3640 argento
584 3580 640 3627 et
678 3574 962 3644 pecuniis,
1010 3578 1206 3646 quibus
1254 3594 1427 3650 aquas
1461 3581 1678 3638 Domini
1725 3601 1913 3644 emere

263 3665 266 3670 ’
314 3678 423 3742 non
454 3681 764 3735 possumus,
799 3685 1091 3741 pergamus
1123 3673 1189 3728 ad
1223 3689 1370 3745 eum,
1419 3677 1516 3748 qui
1561 3685 1755 3735 tenens
1779 3683 1913 3737 cali-

312 3770 432 3811 cem
461 3754 836 3829 Sacramenti,
865 3759 1147 3833 discipulis
1187 3765 1520 3836 loquebatur
1554 3788 1566 3823 :
1600 3773 1836 3841 Accipite
1865 3787 1914 3830 et

316 3847 492 3918 bibite,
528 3849 616 3903 hic
641 3859 718 3905 est
746 3855 960 3922 sanguis
986 3872 1150 3924 meus,
1180 3859 1268 3929 qui
1300 3878 1397 3932 pro
1437 3864 1580 3918 vobis
1609 3864 1913 3933 e/I‘undetur

313 3944 369 3998 in
407 3945 769 4002 remissionem
815 3963 1144 4018 peccatorum
1195 3953 1410 4022 (Matth.
1446 3973 1600 4023 χχιιι,
1655 3959 1746 4028 27,
1797 3962 1912 4033 28).

315 4037 470 4107 Quod
495 4040 681 4095 vinum
714 4042 935 4098 miscuit
957 4053 1012 4099 et
1030 4045 1298 4116 sapientia
1325 4049 1377 4103 in
1404 4062 1621 4107 cratere
1650 4070 1771 4121 suo,
1799 4071 1916 4110 om-

314 4146 414 4186 nes
441 4133 640 4187 stultos
666 4135 855 4189 smculi
887 4137 1184 4208 mundique
1217 4141 1544 4210 sapientiam
1575 4160 1681 4200 non
1711 4145 1919 4202 haben-

317 4233 419 4292 tes,
453 4241 759 4297 provocans
783 4229 852 4285 ad
879 4231 1176 4288 bibendum
1205 4245 1295 4290 :et
1324 4249 1377 4291 ut
1397 4252 1504 4292 non
1532 4240 1706 4294 solum
1731 4239 1914 4297 vinum

314 4336 586 4391 emamus,
631 4323 726 4380 sed
773 4333 828 4379 et
875 4325 988 4395 lac,
1042 4328 1185 4397 quod
1233 4331 1512 4402 signiﬁcat
1551 4333 1916 4393 innocentiam

317 4417 694 4485 parvulorum,
728 4419 817 4489 qui
843 4434 960 4475 mos
989 4435 1053 4477 ac
1077 4432 1236 4495 typus
1264 4425 1316 4480 in
1341 4425 1649 4484 Occidentis
1673 4440 1697 4467 ⁸
1728 4431 1911 4489 Eccle-

317 4506 414 4562 siis
445 4507 612 4564 hodie
653 4522 826 4579 usque
856 4523 1136 4580 servatur,
1173 4526 1230 4571 ut
1262 4521 1466 4574 renatis
1495 4520 1552 4576 in
1585 4520 1806 4580 Christo
1831 4524 1913 4580 vi-

319 4616 449 4656 nutn
482 4602 676 4672 lacque
702 4603 994 4661 tribuatur.
1028 4607 1106 4663 De
1126 4625 1237 4678 quo
1267 4611 1407 4668 lacte
1445 4616 1664 4672 dicebat
1692 4628 1746 4674 et
1772 4619 1917 4675 Pau-

2017 3397 2140 3468 quis
2187 3403 2402 3466 putaret
2444 3393 2686 3447 auditum
2740 3391 2926 3446 carnis
2975 3405 3123 3455 esse,
3153 3405 3260 3444 non
3287 3389 3512 3454 mentis,
3542 3387 3612 3443 ad

2018 3506 2181 3561 quem
2213 3489 2534 3544 cohortatur
2556 3487 2836 3541 audituros
2872 3501 3056 3541 sermo
3085 3485 3328 3549 divinus,
3363 3499 3468 3540 non
3499 3499 3625 3540 car-

2017 3585 2105 3640 nis
2129 3585 2235 3637 illis
2265 3584 2427 3649 bona,
2461 3579 2556 3636 sed
2583 3579 2782 3634 anima:
2809 3579 3119 3646 pollicetur.
3157 3575 3219 3632 Si
3247 3575 3620 3641 enim,inquit,

2019 3675 2290 3731 audieritis
2309 3690 2412 3741 me,
2455 3672 2589 3726 bona
2620 3679 2767 3724 terra:
2793 3670 3066 3724 comedetis
3093 3667 3249 3741 (lsai.
3280 3685 3319 3738 ι,
3351 3667 3466 3740 19).
3493 3667 3622 3724 Sive

2021 3771 2230 3836 bonum,
2261 3765 2352 3835 qui
2383 3765 2514 3819 dicit
2547 3783 2559 3816 :
2586 3762 2695 3832 Ego
2712 3770 3015 3832 suntpastor
3036 3759 3394 3832 bonus(Joan.
3422 3777 3478 3832 x,
3507 3758 3621 3832 11).

2022 3861 2090 3916 Et
2117 3857 2480 3915 delectabitur
2503 3857 2554 3911 in
2585 3855 2742 3908 bonis
2765 3866 2818 3908 et
2847 3855 2899 3908 in
2923 3853 3294 3909 crassitudine
3322 3853 3502 3908 anima
3530 3867 3626 3908 ve-

2020 3963 2158 4010 stra.
2192 3953 2333 4021 Ergo
2357 3951 2517 4016 bona,
2550 3961 2674 4020 qua:
2705 3946 2902 4002 anima:
2934 3945 3264 4017 repromissa
3316 3956 3463 4013 sunt,
3515 3962 3624 4002 non

2021 4046 2250 4115 divitia),
2285 4053 2336 4099 et
2361 4041 2610 4113 corporis
2666 4042 2898 4104 sanitas,
2955 4051 3009 4094 et
3053 4040 3239 4094 surculi
3295 4040 3618 4112 dignitates,

2022 4156 2144 4212 qua:
2166 4139 2334 4196 etiam
2367 4133 2673 4207 philosophi
2707 4133 2984 4204 appellant
3013 4131 3402 4199 iudill‘ercntia,
3431 4133 3483 4186 id
3515 4142 3624 4201 est,

2023 4253 2124 4293 nec
2148 4235 2314 4300 bona,
2348 4247 2447 4288 nec
2499 4230 2660 4297 mala,
2695 4239 2751 4284 et
2795 4244 2893 4298 pro
2924 4227 3188 4282 utentium
3220 4227 3487 4298 qualitate
3529 4241 3623 4280 va-

2025 4331 2274 4390 riantur;
2304 4325 2399 4382 sed
2442 4324 2535 4380 illa
2565 4321 2842 4379 credenda
2875 4330 3029 4386 sunt,
3059 4321 3123 4375 ad
3153 4337 3272 4391 quae
3303 4335 3404 4377 nos
3432 4324 3631 4377 cohor-

2026 4436 2170 4482 tatur
2198 4423 2344 4480 Deus
2378 4440 2390 4476 :
2424 4420 2642 4475 Declina
2665 4435 2697 4472 a
2724 4418 2885 4480 malo,
2906 4426 2953 4471 et
2981 4421 3066 4487 {ac
3087 4416 3274 4471 bonum
3299 4415 3416 4489 (Ps.
3437 4431 3626 4486 xxxvr,

2023 4519 2139 4589 27).
2174 4517 2270 4574 Sin
2301 4524 2482 4570 autem
2515 4513 2654 4568 bona
2708 4510 2926 4577 animae,
2972 4509 3235 4565 honestas
3285 4510 3626 4582 virtutesque

2026 4613 2313 4677 dicuntur;
2343 4625 2474 4681 ergo
2504 4616 2560 4664 et
2588 4605 2752 4668 ιιιειΙει,
2812 4618 2918 4658 non
2972 4614 3287 4673 paupertas,
3317 4613 3373 4660 et
3398 4603 3632 4660 inﬁrmi-

319 4692 404 4749 lus
431 4711 444 4748 :
472 4693 580 4749 an
609 4696 750 4750 vobis
782 4707 964 4760 potum
1017 4700 1160 4770 dedi,
1215 4719 1319 4758 non
1367 4707 1596 4762 solidum
1644 4712 1815 4766 cibum
1871 4699 1998 4785 (1D
2028 4718 2109 4763 tas
2162 4703 2435 4774 corporis,
2473 4711 2528 4756 et
2557 4697 2868 4770 ignobilitas
2918 4695 3261 4764 accipienda,
3319 4697 3414 4752 sed
3447 4695 3630 4752 omnia

319 4791 441 4849 Cor.
474 4793 658 4866 ttt,2).
696 4796 762 4850 Et
793 4796 990 4853 Petrus
1017 4817 1030 4853 :
1059 4799 1225 4866 Quasi
1251 4803 1408 4856 modo
1433 4804 1548 4856 nati
1576 4805 1804 4872 parvuli,
1835 4820 1923 4860 ra-

322 4887 522 4943 tionale
552 4889 635 4944 lac
663 4889 960 4946 desiderate
1000 4892 1044 4963 (l
1078 4892 1197 4950 Pet.
1223 4912 1284 4960 ιι,
1313 4895 1396 4966 2).
1426 4894 1586 4953 Unde
1623 4908 1676 4952 et
1705 4897 1920 4969 Moyses

2025 4801 2178 4864 vitia,
2206 4813 2325 4867 quae
2373 4809 2500 4848 vere
2530 4791 2668 4845 mala
2705 4797 2848 4844 sunt.
2910 4788 3154 4859 Denique
3207 4789 3486 4845 Abraham
3521 4805 3632 4844 non

2029 4894 2154 4948 ideo
2185 4891 2326 4945 bona
2359 4885 2570 4950 habuit,
2607 4881 2731 4953 quia
2765 4881 2920 4937 dives
2975 4881 3101 4950 fuit,
3137 4882 3233 4937 sed
3264 4883 3390 4954 quia
3419 4881 3630 4936 divitiis

324 4982 508 5038 vinum
542 4994 594 5036 et
622 4982 710 5039 lac
738 4985 789 5038 in
821 4983 1026 5040 CltriSIi
1055 4985 1366 5057 intelligens
1389 4986 1416 5026 δ
1447 4991 1726 5059 passiOne,
1773 5006 1920 5062 mys-
2025 4987 2166 5043 bene
2187 4997 2319 5039 usus
2339 4990 2420 5036 εει
2452 4978 2662 5050 (lienes.
2687 4975 2828 5047 xm).
2851 4976 2917 5031 Et
2945 4975 3179 5031 Lazarus
3207 4978 3295 5046 qui
3327 4983 3512 5045 postea
3545 4990 3634 5030 re-

322 5075 428 5132 tico
457 5091 717 5132 sermone
741 5087 974 5134 testatur
1007 5096 1020 5134 :
1049 5076 1286 5134 Gratiosi
1312 5081 1454 5136 oculi
1491 5085 1605 5156 ejus
1633 5100 1664 5136 a
1707 5084 1844 5152 vino,
1874 5094 1924 5139 et
2024 5079 2235 5152 quievit
2262 5078 2314 5131 in
2333 5075 2458 5130 sinu
2493 5073 2634 5144 ejus,
2660 5088 2766 5126 non
2785 5070 2988 5126 idcirco
3021 5071 3161 5124 mala
3190 5068 3471 5134 sustinuit,
3503 5069 3632 5140 quia

323 5168 534 5224 candidi
569 5169 746 5226 dentes
792 5175 910 5243 ejus
939 5189 970 5225 a
1019 5170 1154 5226 lacte
1199 5170 1412 5245 (Genes.
1461 5190 1608 5242 xux,
1654 5175 1769 5244 l2).
1817 5175 1922 5231 Pro
2029 5190 2152 5230 cum
2185 5178 2427 5243 egestate
2468 5180 2661 5237 passus
2690 5174 2774 5221 est
2805 5173 3074 5219 tormenta
3128 5161 3480 5227 morborum,
3532 5161 3630 5217 sed

323 5262 464 5318 lacte
502 5264 556 5318 in
602 5267 854 5333 praesenti
907 5265 1026 5320 loco
1061 5263 1206 5320 LXX
1247 5266 1456 5338 adipem
1496 5269 1919 5325 transtulerunt.
2031 5265 2190 5324 malis
2221 5279 2340 5334 quae
2368 5261 2702 5333 putabantur
2726 5257 2778 5312 in
2810 5257 3032 5320 sa-culo,
3066 5269 3198 5309 vera
3224 5253 3363 5308 bona
3391 5264 3476 5307 est
3500 5268 3633 5310 con-

327 5353 401 5412 De
431 5372 540 5428 quo
583 5368 807 5414 sanctus
849 5358 1014 5413 David
1061 5358 1195 5415 dicit
1223 5359 1278 5415 in
1309 5362 1520 5430 psalmo
1547 5381 1558 5416 :
1593 5361 1746 5418 Sicut
1771 5363 1925 5435 adipe
2033 5368 2274 5418 secutus.
2306 5353 2463 5412 Unde
2487 5360 2543 5409 et
2571 5351 2724 5407 dives
2753 5350 2844 5405 ille
2873 5358 3208 5420 purpuratus
3247 5344 3459 5414 recepit
3486 5345 3632 5404 bona

2021 5580 2078 5628 et
2110 5565 2455 5625 Edmundum
2483 5561 2730 5617 Martene
2758 5556 2854 5611 lib.
2885 5555 2901 5608 I
2934 5553 3001 5609 de
3030 5551 3268 5628 Ritihus.

395 5577 420 5606 ³·
461 5568 788 5624 Annotanda
835 5583 904 5624 ex
938 5568 1041 5624 hoc
1073 5571 1196 5625 loco
1229 5571 1440 5626 Veteris
1486 5571 1747 5626 Ecclesiae
1777 5585 1913 5626 con-

395 5640 590 5704 etudo,
651 5650 705 5693 et
757 5642 908 5694 varia
956 5641 1386 5698 Occidentalium
1434 5643 1504 5700 ab
1551 5643 1916 5699 Orientalibus

2021 5580 2078 5628 et
2110 5568 2455 5625 Edmundum
2483 5568 2730 5617 Martene
2759 5568 2854 5611 ιιι).
2885 5568 2901 5608 t
2934 5568 3001 5609 ae
3033 5568 3268 5608 munus.

2095 5640 2123 5679 δ
2163 5627 2814 5707 Amhrosian.vetustior
2856 5622 3385 5707 sanecohmrentius
3432 5647 3634 5707 propo.

320 5640 590 5704 suetudo,
651 5650 705 5693 et
757 5642 908 5694 varia
956 5641 1386 5698 Occidentalium
1434 5643 1504 5700 ab
1551 5643 1920 5699 Orientalibus
2095 5640 2123 5679 δ
2163 5640 2814 5707 Atuhrosian.vetustior
2856 5640 3005 5707 sane.

323 5703 648 5790 disciplina._
670 5709 913 5790 Orientis
941 5714 1141 5790 quippe
1188 5715 1443 5790 Ecclesia;
1489 5718 1570 5770 Iac
1617 5724 1671 5769 et
1702 5715 1805 5790 nth
1838 5731 1920 5772 re-
2026 5707 2512 5790 sito,_pnssessione
2536 5703 2836 5790 Italilretﬂpro
2865 5703 3149 5790 1191:5931:th
3186 5783 3199 5790 _
3226 5769 3404 5790 “mw
3452 5789 3457 5790 γ
3488 5777 3524 5790 Α

324 5767 481 5861 εειιε¹
502 5784 790 5861 baptiz_atis
822 5767 1711 5861 porrigebant,Occidentis—vero
1731 5767 1920 5861 vinum
2026 5767 2069 5770 -ί
2104 5795 2125 5823 ε
2146 5767 2224 5861 Ἰἰι
2258 5779 2450 5861 eodem
2486 5770 2860 5861 Αλῖξξτξξβξξιυοε
2885 5767 3150 5861 φ’ζξεάίτίδ
3181 5783 3199 5821 ³
3225 5769 3412 5829 malim
3445 5777 3640 5851 utique

323 5865 381 5924 et
411 5857 520 5922 lac.
554 5840 760 5909 Confer
781 5840 902 5928 qua:
930 5840 1077 5909 (Ιδέιί
1109 5840 1208 5912 viri
1238 5840 1630 5928 {supinum
1660 5840 1926 5914 Barnabas
1991 5889 2002 5898 -
2031 5851 2304 5911 comedetis
2329 5849 2483 5918 juxta
2511 5842 2760 5898 Graecum
2791 5840 3032 5912 φάγεσθι.
3489 5867 3492 5870 ~

326 5932 743 5996 congesserunt,
778 5935 834 5980 et
862 5924 1211 5987 Rosweidum
1236 5930 1302 5986 ad
1338 5924 1510 5987 Vitam
1533 5931 1588 5987 S.
1618 5930 1921 5999 Pachumii.
