4004 6714
477 411 577 472 53.1

1731 421 1787 478 S.
1820 419 2092 480 EUSEBII
2132 418 2511 479 HlEllONYMI

3620 437 3703 495 533

479 550 576 591 sua
609 535 661 591 in
687 535 791 591 vita
819 548 938 601 sua,
972 550 1094 607 quae
1120 536 1198 593 illi
1221 547 1377 593 erant
1406 536 1542 594 bona
1564 580 1580 606 ,
1608 538 1701 610 qui
1743 554 1808 595 ea
1839 540 2073 595 arbitra-
2106 541 2153 602 Α
2181 538 2277 594 sed
2338 539 2578 596 manebit
2613 540 2666 595 in
2697 552 2986 607 aeternum,
3015 551 3075 597 ut
3107 540 3283 598 veniat
3304 558 3446 601 verus
3474 548 3634 621 David,
3658 560 3705 609 et

475 631 635 686 batur
665 631 803 687 bona
831 629 984 703 (Luc.
1021 631 1158 705 xvt),
1188 644 1242 688 et
1270 633 1341 688 de
1356 634 1560 689 Lazaro
1593 649 1702 689 non
1734 648 1764 690 e
1791 636 2073 690 contrario

475 726 680 781 dicitur
713 744 725 780 :
762 725 991 796 Recepit
1039 727 1177 783 mala
1208 742 1304 783 sua
1336 728 1391 783 in
1424 728 1530 783 vita
1559 743 1696 794 sua;
1732 729 1827 784 sed
1866 729 2073 799 recepit

476 819 617 874 mala
648 819 700 874 in
731 819 843 875 vita
883 834 999 887 sua,
1033 818 1200 899 646
1238 835 1361 891 quae
1398 822 1537 877 mala
1587 837 1695 876 non
1729 821 1826 886 illi,
1856 809 1949 891 qui
1984 837 2078 892 pa-

477 914 740 980 tiebatur,
773 912 869 970 sed
896 915 1019 970 aliis
1050 916 1397 970 ridebantur.
1454 915 1748 986 Utriusque
1779 918 1859 972 rei
1890 932 2077 973 exem-

477 1008 625 1078 plum
656 1008 813 1063 nobis
839 1008 1026 1063 tribuit
1060 990 1249 1064 beatus
1277 1008 1403 1077 .lob,
1435 1009 1526 1079 qui
1558 1024 1659 1064 nec
1707 1009 1760 1064 in
1792 1009 1948 1064 bonis
1976 1024 2076 1065 nec

480 1102 535 1155 in
585 1100 744 1155 malis
786 1102 971 1157 saeculi
1002 1101 1175 1157 victus
1204 1113 1309 1169 est,
1342 1103 1439 1157 sed
1471 1102 1653 1159 omnia
1709 1103 1826 1173 pari
1879 1102 2077 1159 mentis

481 1192 742 1249 firmitate
792 1192 1233 1259 sustinuittlob.
1281 1210 1317 1250 ιι
1341 1195 1386 1268 ).
1418 1197 1786 1264 Quamobrem
1820 1197 2076 1255 Salomon

478 1297 736 1356 precatur
785 1285 996 1343 Deum:
1031 1287 1245 1342 Divitias
1274 1297 1323 1343 et
1363 1298 1717 1360 paupertatem
1766 1307 1831 1344 ne
1875 1290 2077 1345 dederis

479 1378 627 1434 mihi.
661 1379 928 1436 Constitue
949 1390 1121 1436 autem
1150 1381 1277 1436 mihi
1300 1397 1415 1454 quia
1442 1393 1560 1457 sunt
1583 1383 1737 1437 victui
1766 1400 1876 1437 meo
1902 1399 2077 1438 neres.

479 1472 620 1526 saria
650 1481 696 1528 et
724 1474 1061 1545 sufﬁcientia,
1108 1491 1171 1530 ne
1212 1482 1477 1530 saturatus
1529 1479 1752 1532 mendas:
1782 1478 1997 1548 rfﬁciar,
2030 1488 2078 1531 et

480 1569 687 1624 dicant:
708 1569 836 1638 Quis
858 1584 938 1625 me
961 1572 1133 1628 videt?
1153 1584 1242 1626 aut
1272 1588 1425 1644 egens
1455 1574 1598 1643 [urer
1621 1583 1669 1628 et
1698 1578 1955 1647 perjnrern
1985 1591 2078 1629 no-

479 1679 595 1717 men
622 1660 836 1719 Domini
867 1662 1051 1739 (Prov.
1085 1680 1139 1736 x,
1172 1668 1225 1735 8,
1254 1667 1333 1737 9).
1379 1666 1435 1722 Si
1465 1678 1644 1722 autem
1672 1668 1775 1723 hoc
1806 1669 2076 1738 depreca~

479 1752 673 1824 tur,'ut
703 1773 802 1813 nec
829 1758 1048 1814 divitias
1094 1759 1311 1830 habeat,
1362 1776 1468 1817 nec
1521 1771 1921 1832 paupertatem,
1977 1762 2077 1818 sed

481 1859 690 1905 tantum
749 1851 923 1908 victus
978 1855 1313 1918 necessaria,
1348 1854 1416 1909 de
1445 1854 1646 1919 quibus
1678 1865 1731 1911 et
1783 1854 2078 1926 Apostolus

2178 635 2232 690 in
2271 634 2567 704 Evangelia
2602 635 2985 705 compleantur
3018 650 3141 705 quas
3164 650 3231 691 ex
3260 635 3347 692 Dei
3379 653 3580 706 persons
3602 654 3706 700 sunt

2180 728 2513 797 repromissa
2547 747 2560 783 :
2592 728 2779 783 Inveni
2813 729 2982 783 David
3009 745 3215 784 servum
3241 741 3414 800 meum,
3457 734 3503 788 in
3542 737 3708 792 mimi.

2179 821 2359 874 cordia
2380 830 2562 876 sancta
2583 824 2709 876 anxi
2736 839 2850 877 eum
2879 821 2999 892 (Pe.
3034 837 3292 890 Lxxxvnt,
3314 823 3421 897 Si).
3451 822 3595 898 Cujus
3615 844 3711 885 nta-

2181 929 2305 967 num
2332 916 2521 984 posuit.
2539 914 2592 969 in
2616 918 2777 985 mari,
2801 925 2858 972 et
2885 916 2937 970 itt
2958 916 3274 971 [luminibus
3298 916 3548 974 dexteram
3570 918 3705 980 illius.

2178 1008 2350 1075 Quem
2395 1007 2547 1076 juxta
2597 1007 2875 1074 Ezechiel,
2928 1024 3027 1079 per
3068 1008 3238 1067 multa
3265 1010 3371 1078 jam
3403 1011 3577 1067 sucula
3608 1015 3710 1068 (lor-

2181 1100 2382 1155 micnte
2416 1100 2606 1171 David,
2636 1101 2874 1172 appellat
2900 1115 3120 1157 servum
3147 1116 3301 1159 suum
3326 1111 3707 1173 atquepatturent

2179 1191 2368 1246 dicens
2400 1207 2415 1247 :
2445 1192 2717 1248 Suscitatto
2738 1193 2875 1248 vobis
2899 1203 3157 1262 pastorem
3176 1210 3351 1263 unum,
3380 1211 3560 1249 servum
3579 1212 3712 1253 Mlti

2181 1281 2351 1338 David
2380 1284 2595 1357 (Ezech.
2629 1303 2811 1354 xxxiv,
2845 1286 2961 1357 23).

2252 1377 2435 1450 (\‘ors.
2468 1377 2525 1447 4,
2555 1378 2638 1451 5.)
2668 1375 2804 1434 Ecce
2832 1389 3012 1435 testem
3057 1379 3267 1453 populis
3285 1381 3398 1436 dedi
3423 1396 3544 1447 eunt,
3570 1383 3715 1438 dum

2181 1483 2633 1546 ae‘prweeptorem
2653 1476 2907 1547 gentibus.
2927 1473 3066 1532 Ecce
3090 1485 3310 1549 genteut,
3333 1492 3475 1546 quem
3485 1477 3717 1547 nesciebas,

2181 1569 2384 1622 vorabis
2417 1586 2430 1621 :
2456 1578 2507 1623 et
2527 1579 2721 1640 gentes,
2769 1587 2885 1640 qua:
2908 1586 3010 1624 non
3041 1581 3377 1641 cognouerunt
3400 1579 3465 1638 te,
3491 1574 3554 1624 ad
3570 1578 3609 1625 te
3628 1587 3719 1625 cur-

2182 1670 2317 1729 rent,
2348 1673 2555 1735 propter
2577 1661 2860 1718 Dominum
2894 1664 3059 1718 Deum
3089 1675 3239 1720 tuum
3257 1674 3305 1720 et
3327 1662 3720 1735 Senetuntlsreel,

2183 1758 2305 1824 quia
2329 1756 2439 1828 [AL
2472 1755 2585 1829 qui]
2606 1757 2915 1828 gloriﬁcnvit
2938 1772 3005 1812 te.
3039 1757 3181 1813 LXX
3214 1757 3387 1813 :Ecce
3426 1759 3722 1812 testimonium

2182 1848 2236 1903 in
2264 1849 2497 1920 gentibus
2525 1849 2649 1905 dedi
2679 1867 2813 1920 eum,
2850 1852 3134 1923 principem
3165 1861 3212 1907 et
3243 1851 3600 1922 pra’cipientent
3625 1866 3724 1921 gett-

480 1943 611 1998 dicit
646 1960 659 1997 :
694 1942 958 1999 Habentes
980 1947 1167 2000 victum
1198 1957 1242 2000 et
1265 1937 1520 2016 vestitum,
1548 1946 1630 2002 his
1652 1951 1877 2003 contenti
1902 1966 2071 2004 sumus

2188 1943 2320 1996 tibus
2349 1960 2364 1998 :
2394 1940 2420 1982 δ
2451 1953 2647 2016 gentes,
2690 1960 2807 2014 qua
2848 1945 3138 1999 nesciebant
3173 1956 3242 2010 te,
3292 1942 3634 1999 iurocabuntte
3655 1948 3724 1997 :et

480 2035 523 2108 (l
556 2034 694 2097 Tim.
748 2038 826 2107 vt)
863 2052 875 2091 :
913 2040 1257 2109 perSpicuum
1305 2046 1391 2093 est
1429 2038 1644 2094 divitias
1674 2048 1730 2095 et
1759 2049 2075 2113 egestatem,

481 2128 771 2183 Sanitatem
802 2140 858 2184 et
889 2130 1230 2199 languorem,
1289 2131 1624 2203 Voluptatem
1681 2142 1841 2202 atque
1869 2132 2081 2188 crucia-

484 2230 591 2290 tus,
636 2236 738 2277 nec
779 2221 918 2277 bona
962 2238 1083 2280 esse
1115 2240 1215 2279 nec
1244 2224 1408 2296 mala,
1442 2227 1538 2282 sed
1568 2243 1665 2297 pro
1694 2227 2080 2285 sustinentium

482 2316 804 2371 diversitate
860 2317 1001 2373 bona
1049 2328 1105 2374 et
1135 2321 1272 2376 mala
1304 2319 1447 2377 ﬁeri.
1483 2321 1625 2394 Ergo
1656 2337 1764 2378 non
1802 2324 1957 2393 juxta
1989 2346 2082 2396 χι-

479 2408 717 2477 λιαστὰς,
751 2424 915 2478 opum
944 2411 1330 2468 abundantiam
1350 2460 1363 2483 ,
1394 2426 1451 2470 et
1481 2414 1745 2471 delicatos
1793 2416 1945 2472 cibos
1968 2462 1982 2487 ,
2026 2426 2082 2472 et

479 2502 903 2558 crassitudinem
936 2507 1205 2575 corporis,
1243 2516 1268 2543 ⁸
1298 2508 1658 2578 phasidesque
1689 2515 1744 2565 et
1773 2507 1943 2565 fartus
1968 2520 2082 2565 tur-

479 2602 652 2663 tures,
701 2596 959 2667 mulsum,
1018 2612 1251 2671 merum,
1302 2614 1536 2657 uxorum
1598 2603 2076 2679 pulchritudinem,

479 2690 728 2745 examina
762 2690 1082 2760 liberorum,
1129 2694 1389 2751 Dominus
1420 2699 1545 2751 auio
1572 2712 1618 2753 te
1650 2698 1954 2769 pollicetur,
1984 2699 2081 2756 sed

484 2782 606 2838 illas
638 2783 887 2856 delicias,
923 2787 988 2842 ad
1018 2802 1154 2859 quas
1180 2804 1279 2845 nos
1310 2791 1535 2865 mystice
1567 2801 1828 2863 provocat
1855 2795 2078 2849 dicens:

482 2874 770 2949 Πείθεται-ε,
800 2882 916 2938 sive
947 2882 1146 2939 deliciis
1176 2888 1349 2957 fruere
1372 2888 1424 2940 in
1448 2886 1693 2956 Domino,
1724 2898 1772 2942 et
1802 2888 1945 2943 dabit
1993 2888 2089 2944 tibi

482 2972 753 3038 petitiones
779 2974 949 3027 cordis
973 2977 1048 3028 tui
1079 2975 1251 3047 (Psal.
1287 2992 1476 3046 xxxvt,
1511 2979 1605 3050 4);
1632 2987 1685 3034 rt
1713 2980 1841 3036 alibi
1869 2997 1880 3034 :
1912 2979 2080 3036 Credo

480 3064 650 3118 ridere
679 3067 811 3120 bona
836 3066 1048 3123 Domini
1073 3070 1125 3123 in
1158 3081 1294 3125 terra
1316 3073 1591 3127 viventium
1614 3072 1732 3146 (Ps.
1764 3091 1910 3142 xxvr,
1943 3075 2033 3146 15)
2061 3091 2074 3141 ;

479 3167 532 3209 et
558 3157 609 3210 in
638 3159 755 3233 alio;
790 3160 1002 3228 psalmo
1035 3177 1047 3214 :
1077 3158 1327 3229 Benedic,
1378 3164 1553 3219 animo
1584 3182 1717 3235 mea,
1760 3166 2005 3236 Domino,
2034 3176 2080 3222 et

480 3255 653 3307 omnia
702 3256 947 3309 interiora
979 3272 1089 3312 mea
1116 3275 1297 3314 nomen
1326 3273 1558 3315 sanctum
1588 3265 1720 3334 ejus.
1759 3262 1860 3329 Qui
1899 3263 2080 3333 implet

2185 2034 2387 2108 populi,
2427 2037 2516 2107 qui
2560 2038 2867 2108 ignorabant
2897 2047 2948 2093 te
2970 2077 2985 2105 ,
3008 2038 3080 2092 ad
3110 2048 3158 2093 te
3204 2038 3491 2111 confugient
3520 2044 3725 2107 :proptet

2186 2127 2469 2184 Dominum
2499 2129 2665 2184 Deum
2695 2141 2837 2185 luunt
2869 2132 3121 2187 Sanctum
3145 2128 3335 2196 Israel,
3361 2131 3444 2199 qui
3468 2127 3727 2202 gloriﬁcatit

2185 2234 2251 2277 te.
2282 2224 2680 2279 Provocaverat
2716 2225 2781 2278 ad
2805 2224 3137 2279 credendum
3170 2224 3425 2295 populum
3445 2220 3726 2285 ludaaorntu,

2186 2326 2243 2370 ut
2275 2317 2600 2371 inclinarent
2652 2332 2838 2372 aurem
2891 2333 3077 2382 suam,
3120 2327 3175 2371 et
3216 2326 3425 2387 (iactum
3468 2316 3730 2384 acciperent

2183 2412 2604 2480 sempiternum,
2634 2410 2777 2480 quod
2809 2411 3071 2467 Dominus
3094 2413 3265 2467 David
3298 2410 3728 2482 repromisrrat,et

2182 2504 2480 2573 Abraham,
2507 2520 2571 2560 ac
2601 2506 2795 2561 semini
2824 2506 2963 2575 ejus,
2995 2505 3187 2561 dicens
3221 2522 3235 2559 :
3272 2503 3337 2559 In
3362 2502 3542 2558 semine
3559 2510 3632 2556 tuo
3656 2499 3723 2553 le-

2184 2600 2485 2655 nedicentur
2512 2609 2687 2671 gentes
2708 2597 2918 2671 (Genet.
2974 2616 3106 2668 χιιι,
3144 2599 3259 2673 l8).
3292 2600 3444 2666 Quod
3491 2595 3729 2668 apostolus

2185 2692 2384 2747 Paulus
2410 2694 2741 2759 edisserens,
2775 2691 2897 2748 Non
2915 2693 3067 2763 dixit,
3100 2695 3198 2758 ait,
3233 2694 3286 2748 in
3311 2693 3574 2748 seminibus
3602 2686 3728 2754 :sed,

2182 2786 2234 2839 in
2266 2787 2478 2855 sentine,
2524 2786 2662 2857 quod
2702 2796 2773 2841 est
2808 2784 3044 2841 Christus
3076 2785 3283 2858 (Colat.
3313 2802 3392 2853 nt,
3424 2785 3528 2856 16).
3555 2783 3611 2837 Et
3633 2780 3729 2851 quia

2182 2877 2410 2945 sciebat,
2447 2879 2553 2933 illis
2586 2896 2690 2933 non
2715 2879 3083 2947 credentibus,
3117 2880 3428 2934 crediturus
3465 2892 3575 2932 esse
3597 2887 3732 2944 popa.

2186 2971 2269 3026 los
2295 2974 2574 3026 nationum
2602 3018 2615 3040 ,
2654 2974 2845 3028 transit
2877 2972 2941 3027 ad
2974 2985 3192 3044 gentes;
3233 2984 3289 3028 et
3314 2973 3441 3027 dicit
3471 2970 3656 3026 misisse
3685 2978 3733 3020 se

2182 3062 2378 3118 Filium
2407 3080 2565 3118 suum
2597 3074 2787 3119 testem
2814 3067 2897 3120 vel
2929 3067 3610 3120 testimoniumcunctarum
3626 3072 3731 3130 gen-

2183 3157 2341 3223 tium,
2378 3160 2468 3228 qui
2512 3173 2778 3229 praecepta
2836 3160 2981 3214 illius
3038 3171 3197 3230 atque
3266 3160 3509 3214 umndats
3560 3152 3732 3226 populis

2183 3252 2686 3323 nuutiaret,quide
2722 3255 2904 3321 seipso
2938 3254 3179 3323 loquitur
3214 3270 3229 3308 ι
3265 3252 3476 3319 Oportet
3501 3243 3731 3320 pmdicnri

478 3348 529 3399 in
560 3347 707 3401 bonis
735 3350 1048 3406 desiderium
1097 3363 1241 3407 tuum
1272 3353 1390 3426 (Ps.
1440 3370 1531 3421 ctt,
1588 3357 1612 3411 1
1650 3370 1697 3414 et
1723 3356 1799 3429 5).
1831 3359 2071 3433 llettique

2187 3344 2525 3417 Erungetittnt
2546 3346 2685 3400 istud
2715 3346 2768 3399 in
2790 3347 2930 3400 οηιηὶ
2959 3347 3101 3413 orbe,
3132 3347 3189 3402 in
3222 3346 3559 3401 testimonium
3577 3340 3733 3396 cunctis

479 3442 639 3496 infert
668 3461 679 3496 :
713 3443 900 3499 Audite
951 3464 1050 3517 me,
1096 3459 1146 3503 et
1175 3450 1300 3505 vivet
1323 3452 1499 3505 anima
1522 3462 1683 3505 vestra
1707 3450 1860 3525 (lsai.
1889 3469 1975 3516 ιν.
1994 3454 2070 3526 3).

480 3534 735 3590 (lintrium
780 3538 1045 3595 bonorum
1100 3542 1412 3611 promissio,
1467 3545 1575 3598 vita
1608 3554 1691 3600 est
1720 3532 2074 3618 sempiterna.

475 3629 631 3695 Quod
664 3632 708 3686 si
734 3634 1021 3689 volueritis
1050 3638 1257 3704 audire,
1292 3646 1341 3691 ct
1375 3640 1552 3695 anima
1585 3647 1760 3695 Vestra
1793 3638 1984 3696 vixerit
2022 3641 2075 3696 in

477 3736 765 3795 :ntcrnnm,
815 3729 1005 3789 feriam
1062 3732 1335 3785 vobiscum
1384 3742 1593 3802 pactum
1653 3734 2070 3808 sempiternum,

475 3819 880 3876 misericordias
908 3821 1078 3877 David
1110 3822 1317 3880 ﬁdeles.
1354 3826 1431 3881 De
1485 3828 1683 3897 quibus
1738 3830 1877 3884 idem
1926 3829 2077 3885 Psal-

480 3912 635 3968 ntism
661 3916 917 3972 cantabat
964 3937 976 3971 :
1019 3916 1412 3975 Misericordias
1464 3920 1669 3975 Domini
1714 3923 1766 3977 in
1823 3934 2075 3980 veternum

468 4008 706 4061 cantabo.
740 4002 805 4062 In
840 4011 1171 4077 generatione
1199 4023 1246 4065 et
1266 4013 1595 4084 generatione
1636 4016 1955 4070 annuntiabo
1990 4032 2072 4072 ve-

472 4099 676 4155 ritatem
705 4110 846 4155 tuam
868 4098 989 4171 (Ps.
1015 4118 1273 4171 Lxxxvm,
1310 4106 1358 4175 l,
1392 4104 1468 4179 2).
1506 4106 1570 4161 Et
1598 4117 1654 4162 ut
1682 4108 1918 4164 sciamus
1953 4125 2074 4181 qua:

468 4191 575 4245 sint
596 4192 714 4246 istae
734 4192 1143 4263 niis-ericordite,
1169 4199 1416 4266 sequenti
1434 4213 1690 4254 sermone
1704 4199 2070 4258 demonstrat:

472 4281 647 4337 Semel
665 4282 844 4355 juravi
870 4286 921 4338 in
959 4295 1137 4339 sancto
1164 4304 1277 4341 meo
1310 4306 1321 4343 :
1350 4289 1394 4343 si
1422 4289 1591 4345 David
1630 4294 1868 4363 utentior,
1901 4310 2073 4350 semen

465 4381 578 4451 ejus
601 4378 653 4431 in
683 4380 1049 4450 sempiternum
1080 4382 1323 4449 manebit,
1347 4393 1393 4437 et
1424 4383 1640 4440 thronus
1676 4385 1821 4443 illius
1851 4389 2073 4444 sicutsol

460 4472 518 4524 in
550 4482 825 4544 conspectu
856 4491 985 4541 meo,
1019 4486 1067 4530 et
1094 4476 1225 4531 sicut
1254 4477 1379 4532 luna
1399 4482 1627 4551 perfecta
1654 4481 1704 4534 in
1728 4492 1998 4549 internum,
2024 4494 2073 4540 et

462 4568 607 4621 testis
644 4567 699 4620 in
727 4567 851 4622 creto
876 4568 1065 4636 ﬁdelis.
1096 4570 1199 4639 Qui
1234 4572 1439 4627 idcirco
1470 4582 1694 4628 vocatur
1713 4574 1914 4642 fidelis,
1943 4578 2069 4647 quia

468 4660 736 4730 promissa
792 4662 1173 4731 compleverit.
1229 4664 1337 4719 Pro
1364 4664 1561 4735 quibus
1592 4664 1739 4721 LXX
1772 4670 2068 4727 transtule-

2175 3440 2408 3513 gentibns
2440 3440 2655 3512 (Matth.
2705 3454 2850 3508 xxiv,
2894 3440 3006 3510 lt).
3071 3441 3323 3513 Denique
3376 3437 3732 3509 superbientem

2178 3530 2415 3585 l’ilatum
2444 3532 2545 3586 hoc
2571 3548 2828 3588 sermone
2855 3531 3099 3588 confutet
3127 3550 3141 3587 :
3178 3532 3247 3587 In
3278 3534 3376 3588 hoc
3392 3540 3535 3589 natus
3557 3542 3669 3591 sum,
3693 3529 3736 3577 It

2176 3624 2521 3679 testimonium
2550 3624 2804 3695 pra'beant
2830 3627 3033 3680 veritati
3055 3625 3107 3698 (J
3118 3642 3242 3681 oan.
3267 3640 3420 3691 xutt,
3447 3623 3552 3694 37).
3571 3621 3735 3688 Dequo

2177 3717 2461 3783 apostolus
2499 3715 2701 3770 Paulus
2749 3715 2943 3772 scribit
2984 3715 3287 3773 Timotheo
3317 3735 3328 3770 :
3357 3715 3503 3771 Unus
3531 3711 3736 3766 mediator

2178 3807 2275 3862 Dei
2300 3820 2351 3863 et
2383 3809 2669 3879 hominum,
2695 3809 2850 3865 homo
2868 3808 3103 3865 Christus
3127 3809 3311 3879 levas,
3339 3811 3428 3882 qui
3463 3808 3596 3862 dedit
3613 3820 3660 3858 se
3672 3815 3737 3855 re-

2177 3900 2520 3971 demptionem
2549 3918 2644 3975 pro
2674 3903 2930 3971 omnibus,
2953 3903 3310 3959 testimonium
3339 3902 3506 3976 6‘8
3530 3895 3735 3968 tempori.

2177 3995 2269 4049 bus
2291 3996 2521 4066 prapriis
2551 4011 2569 4049 :
2600 3996 2651 4049 in
2674 4011 2777 4067 quo
2798 4012 2889 4067 ego
2913 3997 3114 4066 positus
3139 4012 3261 4051 sunt
3294 4010 3465 4067 proco
3490 4001 3537 4046 et
3558 3990 3737 4062 Apostev

2176 4089 2259 4142 tus
2282 4088 2329 4161 (Ι
2361 4086 2494 4143 Tim.
2529 4105 2586 4158 ιι,
2609 4087 2687 4160 5).
2712 4089 2908 4145 Omnia
2940 4105 3070 4161 ergo
3099 4105 3228 4161 quas
3256 4091 3528 4155 dicuntur,
3556 4086 3617 4140 ad
3640 4090 3738 4138 eum

2178 4183 2462 4238 referenda
2493 4194 2643 4253 sunt,
2693 4184 2789 4255 qui
2828 4185 2983 4255 quasi
3014 4185 3134 4241 ovis
3167 4186 3235 4241 ad
3278 4186 3550 4241 victimam
3579 4180 3738 4235 ductus

2175 4286 2284 4344 est,
2323 4288 2377 4333 et
2405 4281 2557 4349 quasi
2607 4293 2780 4350 agnus
2801 4294 2986 4334 coram
3035 4279 3311 4337 tondente
3344 4296 3452 4336 non
3482 4274 3737 4349 spernitos

2174 4385 2355 4424 suum.
2388 4369 2467 4424 De
2486 4385 2598 4441 quo
2623 4386 2786 4442 supra
2813 4371 3048 4427 dicitur:
3085 4374 3325 4429 l’idimus
3346 4389 3483 4443 eum,
3509 4381 3555 4426 et
3574 4365 3740 4423 northe-

2175 4465 2322 4522 bebat
2343 4468 2563 4537 speciem
2589 4485 2751 4537 neque
2794 4469 3027 4524 decorem
3058 4469 3216 4542 (lsai.
3252 4486 3368 4538 Lm,
3395 4472 3487 4541 2);
3518 4478 3568 4523 et
3599 4485 3610 4519 :
3647 4461 3742 4534 Ipse

2175 4569 2385 4629 peccata
2406 4568 2582 4614 nostra
2604 4561 2846 4629 portavit,
2899 4571 2947 4616 et
2986 4578 3079 4631 pro
3114 4564 3267 4618 nobis
3313 4563 3473 4618 dolet.
3524 4558 3600 4615 Ad
3628 4554 3743 4611 hunc

2172 4652 2552 4725 confugerunt,
2597 4658 2713 4711 sive
2765 4666 3153 4726 cucurrerunt,
3213 4659 3311 4731 qui
3354 4674 3479 4715 eum
3507 4665 3647 4711 antea
3669 4662 3744 4705 ne-

464 4765 614 4819 runt,
649 4764 827 4808 sancta
855 4751 1026 4809 David
1071 4755 1249 4826 ﬁdelia
1281 4731 1424 4825 (Αοξ,
1462 4774 1579 4829 χιιι,
1618 4759 1711 4831 54)
1748 4777 1760 4814 ε
1794 4763 1937 4830 quod
1972 4778 2068 4832 po-
2094 4731 2146 4792 D
2170 4752 2439 4821 sciebant,
2494 4752 2743 4808 dicentes
2772 4768 2786 4807 :
2820 4750 2961 4807 Deus
3013 4763 3189 4809 noster
3246 4754 3510 4827 refugiunt
3540 4761 3587 4805 et
3612 4747 3742 4801 virttis

464 4856 571 4904 test
600 4863 698 4918 pro
718 4848 886 4903 ﬁrmis
908 4849 1077 4920 accipi
1114 4849 1277 4924 647
1316 4860 1477 4925 atque
1508 4854 1770 4911 robustis.
1796 4856 1864 4912 Ut
1886 4868 1972 4915 est
2001 4856 2068 4915 il-

465 4944 556 4999 lud
595 4964 607 4999 :
643 4943 851 4998 Fidelia
878 4944 1049 5011 omnia
1096 4950 1341 5002 mandata
1368 4952 1521 5022 ejus:
1550 4952 1856 5016 conﬁrmata
1882 4956 1937 5007 in
1970 4971 2067 5010 stv-

465 5038 642 5093 culum
667 5040 845 5093 swculi
871 5036 1044 5114 (Psal.
1076 5055 1165 5104 cx,
1198 5038 1275 5109 8).
1325 5040 1390 5095 Et
1425 5043 1476 5095 in
1509 5042 1618 5098 alio
1646 5043 1767 5098 loco
1797 5060 1810 5097 :
1842 5044 1979 5101 Dens
2000 5049 2066 5118 ﬁ-

464 5128 615 5198 delis,
664 5142 709 5186 et
752 5148 853 5186 non
887 5140 962 5186 est
1002 5133 1247 5203 iniquitas
1286 5132 1340 5186 in
1387 5149 1449 5188 ea
1475 5132 1654 5206 (Deut.
1686 5152 1855 5208 χχχιι,
1881 5137 1961 5211 4).
1998 5142 2065 5199 Et

468 5225 754 5295 apostolus
791 5223 992 5279 Paulus
1022 5240 1037 5277 :
1071 5225 1132 5279 Si
1160 5227 1537 5295 negaverimus,
1571 5228 1763 5299 inquit,
1788 5247 1923 5298 eum,
1951 5235 2062 5305 ipse

460 5320 630 5386 ﬁdelis
658 5328 827 5374 manet
861 5336 879 5373 :
900 5335 1085 5394 negare
1135 5320 1363 5388 seipsum
1403 5338 1505 5376 non
1534 5331 1700 5394 potest
1731 5324 1802 5398 (ll
1831 5324 1964 5383 Tim.
2004 5342 2061 5396 tt,

465 5414 578 5486 15).
604 5415 669 5469 Ει
695 5416 749 5468 in
782 5414 891 5468 alio
913 5413 1031 5468 loco
1070 5414 1320 5470 scribens
1344 5415 1410 5470 ad
1438 5414 1785 5473 Timotheum
1818 5438 1831 5473 :
1856 5416 2059 5479 Fidelis

460 5522 648 5572 sermo,
673 5516 721 5561 et
742 5506 881 5560 omni
898 5507 1194 5580 acceptione
1221 5506 1410 5581 dignus
1436 5505 1478 5581 (Ι
1508 5506 1639 5562 Tim.
1674 5509 1787 5583 xv).
1821 5512 1933 5567 Hoc
1966 5529 2063 5569 au-

460 5612 568 5654 tem
601 5610 841 5669 pactum,
874 5590 1017 5671 quod
1046 5600 1309 5656 Dominus
1340 5600 1648 5670 pollicetur,
1673 5618 1779 5658 non
1810 5605 1915 5661 erit
1936 5604 2063 5664 bre-

461 5708 525 5747 ve
556 5701 612 5748 et
644 5692 803 5748 unius
830 5690 1114 5766 temporis,
1146 5695 1290 5755 sicut
1330 5692 1427 5750 fuit
1474 5694 1659 5767 populi
1713 5694 2055 5770 ludwnrum,

450 5916 451 5919 η
524 5899 553 5969 ιι
593 5889 763 5969 luem.
789 5905 1005 5969 apugue
1034 5888 1275 5969 phasides
1302 5901 1352 5948 et
1375 5909 1579 5969 crassos
1604 5905 1828 5953 turtures
1851 5947 1865 5969 ,
1891 5909 1997 5958 etc.

524 5958 552 6002 δ
593 5962 866 6045 Prmponit
904 5959 1105 6021 Victor.
1148 5963 1376 6045 alterum
1400 5964 1538 6023 Ecce
1564 5983 1631 6025 ex
1659 5958 1864 6032 Grieco’
1888 5974 2037 6050 cod.,

2172 4845 2194 4917 (
2213 4845 2551 4911 Psalm.xt.v,
2584 4846 2673 4914 i);
2698 4855 2755 4899 et
2781 4847 2980 4900 iterum
3011 4844 3294 4913 :Domirte,
3330 4845 3585 4919 refugium
3609 4841 3746 4911 [actu

2171 4955 2225 4994 es
2249 4938 2395 4997 nobis
2422 4939 2477 4992 in
2505 4940 2840 5012 generatione
2864 4949 2913 4993 et
2938 4938 3416 5013 generatione(Ps.
3450 4931 3683 5000 uulgi
3710 4926 3741 4999 )-

2173 5036 2249 5094 De
2275 5049 2504 5104 quorum
2537 5033 2643 5089 iide
2686 5043 2743 5089 et
2789 5049 2953 5104 supra
3010 5032 3246 5104 legimus
3279 5052 3294 5089 :
3322 5034 3524 5098 Quibus
3562 5044 3654 5084 non
3688 5028 3748 5076 ut

2167 5129 2507 5201 pradicatum
2527 5127 2592 5183 de
2616 5143 2700 5192 eo,
2723 5127 2967 5182 videbunt
2996 5144 3017 5184 :
3044 5138 3090 5182 et
3116 5130 3211 5199 qui
3246 5145 3353 5184 non
3382 5126 3665 5188 audierant,
3684 5119 3748 5172 in-

2169 5225 2419 5295 telligent.
2461 5223 2569 5279 Iste
2590 5225 2743 5279 testis
2770 5232 2854 5279 est
2882 5225 3152 5293 omnium,
3191 5241 3322 5296 qua:
3371 5226 3533 5281 Pater
3575 5214 3749 5275 nntndo

2166 5316 2458 5389 spopondit
2487 5324 2542 5372 et
2571 5314 2851 5388 praestitit,
2882 5316 3041 5388 cujus
3081 5321 3414 5390 mysterium
3452 5315 3598 5373 brevi
3636 5311 3749 5367 l’att-

2166 5412 2252 5467 lus
2303 5413 2370 5467 ad
2425 5411 2693 5482 Ephesios
2741 5426 2996 5469 sermone
3043 5408 3746 5484 comprehendenszbm,

2166 5506 2363 5578 inquit,
2391 5504 2603 5561 Domini
2634 5507 2797 5560 nostri
2822 5505 2952 5561 Jesu
2974 5505 3167 5561 Christi
3200 5508 3373 5562 Pater
3403 5507 3581 5581 gloria'
3609 5498 3746 5576 (Eph.

2162 5620 2202 5670 ι,
2229 5603 2327 5675 5);
2361 5604 2436 5657 De
2475 5618 2586 5674 quo
2616 5613 2671 5658 et
2696 5618 2841 5659 nunc
2869 5603 3133 5674 scriptum
3166 5617 3259 5663 est
3294 5623 3307 5661 ι
3335 5603 3561 5677 Propter
3600 5594 3750 5654 Demi-

2163 5714 2289 5755 num
2306 5698 2472 5754 Deunt
2496 5710 2661 5765 tuum,
2689 5708 2738 5754 et
2762 5700 3013 5754 Sanctum
3038 5695 3236 5767 Israel,
3264 5700 3359 5772 qui
3381 5693 3746 5775 gloriﬁcent“.

2147 5903 2257 5987 ζδού
2443 5905 2534 5963 Sic
2548 5922 2671 5962 mox
2685 5924 2863 5963 omnes
2880 5908 3030 5967 addit
3046 5910 3116 5968 ad
3133 5910 3353 5970 Genes.
3378 5905 3749 5987 testimonium,

2151 5977 2518 6037 benedicentur
2541 5995 2715 6040 omnes
2741 5990 2937 6057 gentes.
