4096 6330
284 345 391 406 553

844 351 1496 410 COMMENTARIORUM
1541 352 1606 409 IN
1647 351 1887 411 ιεΑιΑκ
1927 353 2359 413 PROPHETAH
2402 357 2532 412 LIB.
2580 356 2697 413 XV.
2741 356 2895 414 CAP.
2939 358 3050 414 LV.

3503 347 3612 415 ssi

282 482 336 525 et
356 487 421 526 ea
451 473 655 543 gloria,
684 489 848 546 quam
871 474 1054 532 habuit
1085 475 1395 546 priusquam
1429 474 1668 530 mundus
1705 473 1888 528 ﬁeret.
1920 476 1976 536 Α
2001 474 2148 528 enim
2181 475 2748 546 appropinquantibus
2766 476 2891 545 sibi,
2910 486 2963 530 et
2987 476 3097 532 lilio
3126 476 3294 547 longo
3321 483 3445 547 post
3471 483 3612 531 tem.

286 567 360 624 De
407 583 519 638 qua
550 580 604 625 et
634 569 907 640 Propheta
950 580 1176 628 testatur
1208 589 1221 624 :
1249 571 1530 640 Apparebit
1581 568 1752 642 gloria
1792 567 1890 623 Dei

281 658 473 729 (Hebr.
504 661 566 730 ι),
595 663 690 732 qui
720 672 804 718 est
826 663 1086 733 splendor
1109 663 1318 734 glorias,
1347 672 1403 718 et
1423 663 1594 717 forma
1627 663 1890 716 substan-

282 752 372 808 tia:
395 753 782 824 ejus,quaudn
808 758 984 811 «mutis
1014 758 1188 826 lingua
1216 755 1582 822 conﬁtebitur,
1607 755 1758 826 quod
1786 756 1892 810 Do-

279 847 465 900 minus
492 847 658 904 Jesus
685 851 736 905 in
765 851 936 920 gloria
962 850 1134 906 Patris
1161 850 1228 904 sit
1259 847 1488 918 (Philip.
1507 847 1588 919 ιι).
1647 849 1753 917 Qui
1805 863 1891 904 re-

278 943 505 1011 Spondit
530 942 679 998 Filio
706 945 958 1014 gloriam,
984 960 1142 1014 tinam
1175 945 1324 1014 prius
1364 945 1652 1012 habuerat,
1703 951 1892 1013 postm-

278 1035 414 1090 iauti
447 1052 461 1088 :
490 1035 557 1091 Et
580 1035 892 1106 gloriﬁcavi,
927 1046 972 1091 et
1000 1036 1321 1108 gloriﬁcabo.
1353 1037 1428 1092 De
1451 1052 1558 1107 quo
1575 1046 1630 1091 et
1645 1035 1890 1092 Joannes

276 1130 566 1198 apostolus
603 1148 614 1184 :
663 1129 916 1196 Vidimus,
937 1133 1031 1199 ait,
1064 1133 1285 1200 gloriam
1307 1135 1442 1204 ejus,
1467 1131 1691 1204 gloriam
1738 1129 1888 1199 quasi

276 1223 536 1292 unigeniti
559 1240 592 1276 a
621 1221 785 1278 Patre
807 1221 1015 1292 plenum
1041 1226 1221 1296 gratiae
1249 1235 1296 1279 et
1319 1225 1552 1280 veritatis
1581 1221 1764 1296 (Joan.
1787 1240 1883 1293 ιιι,

275 1313 383 1380 28ς
415 1331 452 1378 ι,
480 1314 598 1388 η).
619 1317 761 1387 Ergo
799 1317 1018 1387 quando
1041 1317 1110 1374 de
1138 1333 1204 1373 eo
1227 1318 1505 1387 loquitur:
1533 1319 1634 1385 Qui
1658 1319 1712 1373 in
1740 1319 1888 1388 prin-

274 1409 420 1478 cipio
444 1410 592 1478 apud
621 1409 790 1464 Deum
809 1423 924 1466 erat
952 1411 1096 1466 Deus
1117 1412 1376 1476 Verbum,
1399 1413 1710 1482 appellatur
1726 1413 1888 1468 Pater

273 1499 466 1570 gloria:
503 1519 516 1555 :
545 1503 772 1572 quando
796 1512 976 1557 autem
996 1504 1064 1558 de
1095 1521 1162 1558 eo
1191 1506 1282 1574 qui
1314 1505 1517 1560 dicitin
1545 1506 1881 1574 Evangeiio:

277 1592 417 1658 Quid
441 1611 524 1647 me
555 1596 924 1666 persequimini
948 1597 1228 1664 hominem,
1252 1598 1340 1667 qui
1354 1599 1617 1654 raritatem
1640 1598 1779 1653 vobis
1803 1599 1885 1654 lo-

272 1707 403 1761 quor
427 1690 618 1760 (Joan.
681 1707 795 1758 vtn,
827 1691 930 1761 ψ
982 1704 1204 1748 vocatur
1252 1694 1395 1749 Deus
1445 1695 1658 1749 Domini
1715 1693 1888 1749 nostri

273 1783 400 1840 Jesu
422 1782 661 1840 Christi.
693 1785 810 1838 Non
839 1785 983 1855 quod
1015 1787 1156 1842 alter
1185 1795 1210 1826 ι
1238 1788 1450 1843 etalter
1479 1788 1549 1843 sit
1581 1789 1598 1860 (
1629 1787 1724 1860 qui
1745 1789 1885 1844 mulo

2002 581 2135 637 pore
2157 568 2479 635 revertenti,
2507 569 2664 623 laetus
2687 569 2950 625 occurrit.
2986 569 3356 635 Quamobrem
3385 578 3610 625 senatus

1997 659 2052 714 in
2082 660 2294 730 psalmo
2322 663 2470 716 canit
2501 679 2514 717 :
2554 661 2688 716 Milli
2735 670 2905 716 autem
2948 662 3216 717 adhaerere
3244 661 3384 729 Deo,
3418 662 3606 716 bonum

1995 765 2071 810 est
2095 756 2215 826 (Ps.
2260 771 2430 823 cun,
2469 756 2586 825 98).
2624 757 2688 813 Et
2714 757 2931 828 Moyses
2960 757 3110 811 solus
3137 754 3609 828 appropinquabat

1994 848 2062 903 ad
2099 849 2386 904 Dominum
2418 847 2624 920 (Exod.
2657 851 2774 918 sx).
2809 849 2875 904 Et
2900 861 3000 918 per
3029 847 3320 914 Jercmiam
3368 846 3611 946 loquitur

1999 943 2142 998 Deus
2166 960 2179 994 :
2209 943 2324 1014 Ego
2347 942 2484 1000 Deus
2516 944 2960 1016 appropinquans,
2990 952 3038 997 et
3067 959 3170 998 non
3198 943 3262 997 de
3297 929 3605 1016 longe‘(Jer.

1996 1053 2151 1106 χχιιι,
2175 1035 2294 1108 55).
2312 1037 2769 1109 Appropinquans
2790 1038 2892 1108 eis,
2913 1037 3004 1108 qui
3021 1039 3150 1092 mihi
3166 1039 3611 1108 uppmpinquant

1995 1129 2124 1194 ﬁde,
2150 1138 2207 1185 et
2231 1130 2396 1201 longe
2435 1130 2703 1186 recedens
2730 1130 2802 1184 ab
2824 1130 2931 1197 his,
2967 1131 3058 1200 qui
3084 1145 3112 1184 a
3139 1146 3225 1186 me
3254 1133 3441 1201 procul
3485 1130 3612 1186 inli-

1992 1222 2216 1277 delitate
2241 1222 2550 1278 discedunt.
2583 1224 2814 1293 Propter
2841 1237 2964 1293 qua:
2989 1222 3188 1278 dicitur
3206 1223 3272 1278 ad
3292 1223 3606 1280 credentes:

1991 1317 2417 1391 Appropinquate
2443 1320 2573 1387 Deo,
2598 1329 2646 1374 et
2673 1317 3106 1390 appropinquabit
3128 1317 3382 1373 vobis.Ac
3404 1333 3474 1374 ne
3501 1319 3604 1374 hoc

1991 1423 2306 1482 putaremus
2333 1427 2492 1482 posse
2522 1412 2800 1481 sufﬁcere,
2832 1408 2858 1447 ά
2882 1411 3066 1465 statim
3092 1410 3368 1481 subiungit
3403 1428 3414 1464 :
3449 1409 3604 1465 Resi-

1988 1506 2106 1559 stite
2134 1505 2356 1572 diabolo,
2387 1515 2434 1559 ct
2461 1506 2627 1578 fugiet
2649 1522 2682 1558 a
2712 1505 2852 1559 vobis
2883 1502 3091 1574 (Iacob.
3115 1519 3190 1570 Iv,
3234 1503 3314 1574 8).
3371 1503 3449 1558 De
3492 1519 3603 1572 quo

1991 1615 2156 1671 supra
2177 1600 2430 1656 dixerat:
2465 1601 2810 1655 Adversarius
2853 1609 3018 1654 vester
3062 1598 3300 1654 diabolus
3341 1599 3474 1653 sicut
3520 1600 3602 1654 leo

1988 1692 2315 1760 circumiens,
2363 1694 2549 1763 quierit
2590 1709 2739 1764 quem
2762 1693 2991 1747 devoret.
3020 1692 3308 1746 Adversum
3339 1705 3492 1758 quem
3516 1707 3604 1745 rea-

1989 1785 2155 1840 sistite
2182 1769 2460 1856 confortoti
2490 1787 2594 1856 [ide
2622 1787 2662 1858 (ι
2685 1785 2867 1855 Pet.v,
2888 1786 2943 1853 8,
2962 1785 3042 1855 9).
3058 1785 3169 1840 Nec
3188 1785 3320 1839 satis
3343 1793 3429 1840 est
3450 1797 3605 1855 qure-

273 1884 451 1931 torum
486 1891 646 1932 error
667 1885 750 1932 est
771 1879 1091 1949 pessimus),
1125 1879 1219 1935 sed
1246 1895 1355 1950 quo
1389 1897 1527 1935 unus
1554 1891 1718 1950 atque
1744 1881 1890 1937 idem
1921 1881 1970 1941 B
1997 1895 2120 1935 rere
2140 1881 2445 1949 Dominum,
2477 1889 2531 1936 et
2558 1881 2685 1936 dum
2717 1880 3052 1952 pt’nnitontite
3077 1887 3408 1950 tempusest,
3441 1879 3600 1934 inve-

273 1968 443 2024 Fiiius
472 1969 594 2037 Dei,
633 1987 777 2026 nunc
809 1973 1107 2028 divinitatis
1137 1989 1249 2027 suae
1277 1973 1486 2044 glorise,
1507 1991 1650 2030 nunc
1678 1986 1884 2030 nostra:

271 2072 507 2132 natura},
533 2077 698 2131 quam
726 2063 1012 2135 suscipere
1034 2063 1061 2104 ι’
1089 2065 1342 2138 dignatus
1371 2077 1476 2134 est,
1524 2069 1775 2139 loquatur
1803 2069 1884 2123 ai-

270 2157 527 2212 icctibus.

338 2248 532 2320 (Vers.
564 2250 622 2318 6,
655 2251 736 2322 7.)
769 2251 1002 2318 Quwrite
1028 2252 1334 2323 Dominum,
1357 2256 1482 2309 dum
1535 2256 1755 2310 inveniri
1780 2272 1880 2326 po—

270 2350 404 2397 test:
433 2343 673 2398 invocate
701 2361 838 2412 curn,
864 2346 984 2400 dum
1007 2363 1170 2418 prope
1193 2358 1285 2404 est.
1319 2346 1658 2418 Derelinquat
1689 2349 1882 2420 impius

268 2433 401 2488 viam
427 2453 599 2505 suam,
626 2447 672 2490 et
694 2437 768 2491 vir
793 2439 1001 2510 iniquus
1023 2441 1356 2512 cogitationes
1391 2458 1538 2505 suas,
1571 2452 1616 2495 et
1651 2457 1872 2496 conver-

269 2538 408 2582 tatur
452 2529 522 2582 ad
576 2529 879 2600 Dominum,
915 2543 961 2586 et
1002 2534 1326 2588 miserebitur
1363 2538 1501 2602 eius,
1533 2543 1585 2589 et
1612 2536 1680 2590 ad
1708 2534 1880 2590 Deum

269 2632 503 2676 nostrum
536 2625 826 2694 :quoniam
857 2627 1047 2680 multus
1074 2638 1145 2681 est
1167 2628 1236 2682 ad
1262 2629 1653 2701 ignoscendum.
1688 2629 1833 2683 LXX
1863 2650 1873 2684 ;

273 2716 500 2783 Quterite
531 2717 810 2774 Dominum
834 2737 853 2775 :
883 2729 930 2775 et
966 2737 1082 2776 cum
1112 2723 1404 2777 inveneritis
1445 2739 1586 2787 eum,
1620 2723 1873 2779 invocata.

270 2805 337 2862 Et
367 2821 641 2880 postquam
668 2811 808 2866 vobis
850 2815 1357 2884 apprOpinquarerit,
1393 2817 1650 2885 relinquat
1688 2818 1878 2887 impius

269 2904 380 2959 vias
403 2921 525 2960 suas
549 2915 596 2959 et
617 2905 784 2979 σω
810 2909 886 2962 vir
916 2909 1122 2981 iniquus
1144 2912 1479 2980 cogitationes
1519 2929 1642 2966 suos
1681 2923 1728 2966 et
1760 2927 1880 2966 con~

269 3005 498 3052 vertatur
515 2998 584 3054 ad
613 2998 894 3055 Dominum
923 3020 934 3056 :
964 3013 1010 3056 et
1041 3003 1451 3058 misericordiam
1491 3016 1831 3073 consequetur
1857 3022 1877 3060 :

269 3089 393 3160 quia
435 3089 654 3146 multum
708 3093 928 3148 dimittet
961 3105 1168 3164 peccata
1211 3107 1400 3154 vestra.
1427 3098 1564 3165 Quia
1597 3099 1785 3170 igitur,
1821 3109 1878 3156 ut

271 3193 398 3238 ante
416 3185 528 3254 jam
558 3185 818 3255 diximus,
853 3187 1105 3244 noluistis
1145 3199 1357 3258 pactum
1390 3194 1636 3263 recipere
1675 3194 1879 3262 setnpi-

1986 1975 2125 2042 nire,
2148 1984 2310 2045 atque
2327 1975 2582 2030 invocare
2603 1989 2728 2029 eum
2749 1973 2878 2029 dum
2899 1988 3069 2044 prope
3084 1981 3168 2028 est
3184 2013 3199 2039 ,
3227 1972 3332 2027 nisi
3360 1969 3602 2042 relique-

1983 2066 2058 2122 rit
2129 2069 2327 2138 impius
2383 2069 2500 2123 vias
2571 2082 2696 2122 suas
2767 2066 3048 2136 pristinas,
3121 2072 3175 2121 et
3236 2063 3604 2135 cogitationes

1983 2162 2234 2232 antiquas
2267 2161 2462 2232 quibus
2501 2177 2530 2214 a
2561 2159 2795 2215 Domino
2835 2157 3226 2215 declinaverat.
3258 2157 3416 2212 Tunc
3447 2157 3598 2212 enim

1982 2263 2322 2310 revertemur
2351 2253 2420 2308 ad
2449 2254 2755 2322 Dominum,
2785 2251 2877 2323 qui
2904 2250 3256 2306 miserebitur
3285 2250 3458 2305 nostri
3483 2269 3499 2316 ;
3545 2257 3604 2304 ct

1982 2347 2048 2402 ad
2073 2348 2559 2403 clementissimum
2601 2347 2768 2419 σεο
2797 2355 3027 2416 patrem,
3064 2350 3156 2416 qui
3191 2344 3394 2401 multus
3420 2353 3506 2400 est
3538 2345 3594 2399 in

1983 2441 2400 2510 miscricordlls,
2433 2449 2489 2496 et
2522 2440 2698 2494 facilis
2729 2440 2796 2494 ad
2835 2439 3249 2509 ignoscendum,
3283 2447 3403 2492 cum
3450 2437 3601 2508 cogi-

1981 2535 2215 2591 taliones
2257 2544 2310 2589 et
2364 2535 2479 2588 vias
2527 2533 2782 2603 pristinas
2833 2531 3241 2602 reliquerimus,
3293 2539 3351 2584 ut
3406 2539 3592 2600 postea

1982 2647 2291 2687 mereamur
2316 2631 2501 2686 audire
2528 2647 2540 2683 :
2575 2629 2724 2685 Beati
2749 2643 2971 2700 quorum
2999 2628 3232 2682 remissa:
3257 2633 3378 2681 sunt
3397 2626 3595 2698 iniqui-

1981 2733 2128 2792 tates,
2159 2732 2206 2778 et
2233 2738 2455 2794 quorum
2482 2731 2616 2775 tecta
2634 2729 2755 2775 sunt
2783 2729 2992 2792 peccata
3021 2718 3198 2791 (Psal'
3234 2731 3389 2789 uxr,
3425 2717 3512 2788 1).

2055 2818 2237 2890 (Vers.
2272 2817 2328 2881 8,
2361 2816 2443 2886 9.)
2475 2813 2596 2869 Non
2648 2815 2786 2869 enim
2815 2813 3162 2884 coyitationes
3203 2827 3352 2879 metu,
3385 2813 3589 2884 cogita-

1981 2915 2146 2968 tiones
2169 2923 2353 2967 vestra:
2375 2928 2394 2966 :
2416 2927 2576 2983 neque
2602 2911 2696 2965 riae
2726 2917 2925 2975 vestrm,
2957 2912 3051 2964 via:
3072 2921 3216 2975 meat,
3249 2909 3374 2963 dicit
3396 2905 3584 2962 Domi-

1980 3025 2099 3063 nus.
2135 3007 2282 3062 Sicut
2329 3007 2462 3060 enim
2503 3006 2803 3060 cxaltantur
2829 3004 2943 3058 caeli
2969 3021 3000 3057 a
3029 3011 3192 3067 terra,
3218 3003 3294 3056 sic
3339 3002 3590 3057 exaltant

1979 3113 2099 3154 sunt
2131 3099 2226 3153 vite
2252 3113 2381 3152 mea
2415 3114 2448 3151 a
2484 3097 2576 3151 viis
2597 3097 2803 3163 vestris,
2835 3107 2880 3151 et
2909 3096 3251 3168 cogitationes
3282 3107 3412 3149 mete
3437 3109 3470 3147 a
3499 3107 3586 3148 τοι

1983 3193 2316 3264 gitationibus
2361 3193 2563 3246 vestris.
2603 3188 2748 3245 LXX
2783 3207 2796 3244 :
2828 3189 3013 3260 Neque
3058 3188 3193 3243 enim
3233 3195 3356 3242 sunt
3392 3187 3592 3259 cogita-

275 3290 514 3352 ternum,
542 3295 597 3338 et
627 3285 1033 3341 misericordias
1073 3287 1244 3342 David
1271 3287 1480 3357 lidcles,
1521 3304 1678 3358 quas,
1723 3289 1878 3344 vobis
1906 3277 1951 3340 C
1984 3287 2148 3340 tiones
2186 3299 2332 3350 ntere,
2357 3285 2488 3338 sicut
2529 3283 2870 3355 cogitationes
2918 3289 3100 3336 vestra
3129 3297 3144 3334 :
3178 3295 3272 3334 nec
3312 3280 3448 3334 sicut
3490 3279 3588 3332 vis!

275 3376 588 3432 nolentibus
620 3379 928 3447 suscipere,
956 3379 1195 3449 suscepit
1227 3382 1381 3436 turba
1412 3383 1720 3449 getttilium,
1756 3397 1877 3437 mo-

277 3487 379 3530 nco
428 3485 526 3528 vos
571 3472 864 3542 pupillares
920 3489 1073 3529 tneos
1104 3490 1208 3544 rgo
1229 3474 1526 3546 Propheta,
1557 3485 1720 3546 atque
1747 3492 1878 3531 con-

278 3577 465 3636 testor,
491 3568 622 3624 dum
649 3579 862 3640 tempus
891 3579 996 3637 est,
1026 3570 1170 3642 agite
1205 3572 1603 3642 penitentiam.
1638 3575 1880 3629 Conver-

280 3661 456 3716 litniui
488 3661 556 3720 ad
578 3677 728 3728 eum,
755 3661 845 3732 qui
872 3662 1022 3718 vobis
1047 3680 1190 3719 nunc
1215 3666 1454 3735 loquitur
1491 3682 1589 3736 per
1635 3666 1879 3736 Prophe-

279 3762 378 3820 tas,
419 3754 513 3824 qui
545 3765 733 3824 postea
765 3755 1048 3810 locuturus
1073 3768 1155 3813 cst
1187 3773 1450 3828 praisens.
1487 3759 1726 3826 Quaerite
1752 3775 1877 3815 eum

276 3847 402 3902 dum
457 3847 690 3903 inveniri
733 3858 933 3918 potest,
969 3848 1098 3906 dum
1129 3855 1261 3907 estis
1310 3852 1365 3907 in
1419 3868 1653 3924 corpore
1680 3897 1695 3921 ,
1747 3855 1876 3909 dum

277 3938 433 3995 datur
491 3942 645 3996 locus
709 3944 1066 4010 poenitentiae,
1097 3956 1152 4002 et
1182 3946 1416 4015 quanite
1439 3963 1550 4001 non
1601 3949 1744 4018 loco,
1777 3949 1874 4004 sed

282 4033 720 4102 litie.Quomodo
758 4043 940 4089 autem
974 4049 1251 4107 quacratur
1285 4040 1448 4102 heus.
1506 4042 1557 4094 in
1599 4041 1712 4096 alio
1764 4042 1884 4095 loco

281 4125 490 4194 plenius
542 4125 777 4182 dicitur:
807 4129 991 4198 Sopita
1028 4130 1091 4185 de
1119 4129 1345 4186 Domino
1371 4132 1425 4187 in
1451 4132 1702 4196 bonitate,
1738 4145 1788 4188 et
1829 4137 1882 4190 in

279 4219 608 4291 simplicitate
626 4221 801 4276 cordis
832 4224 1046 4292 quwrite
1091 4241 1204 4278 eunt
1235 4241 1253 4278 :
1281 4225 1402 4295 quia
1429 4227 1689 4282 invenitur
1714 4227 1778 4282 ab
1805 4230 1886 4284 his

281 4315 486 4384 quinon
515 4326 713 4370 tentant
744 4334 860 4371 eum
892 4334 911 4372 :
937 4329 986 4372 ct
1012 4332 1226 4391 apparet
1260 4321 1358 4389 his,
1389 4324 1476 4390 qui
1507 4332 1528 4361 ο
1558 4340 1658 4378 non
1688 4335 1809 4379 sunt
1838 4327 1886 4380 ei

283 4413 538 4468 increduli
563 4412 720 4486 (lsai.
755 4418 875 4484 1,1,
910 4419 986 4487 9.).
1019 4420 1168 4475 Unde
1223 4431 1279 4476 et
1326 4435 1424 4476 nos
1469 4423 1702 4478 scientes
1756 4423 1883 4478 illud

284 4507 486 4563 dictum
508 4509 578 4566 de
601 4514 981 4581 peccatoribus
1011 4534 1020 4568 :
1051 4516 1152 4581 Qui
1175 4517 1325 4590 longe
1345 4519 1588 4573 recedunt
1608 4535 1639 4572 a
1663 4530 1730 4585 te,
1763 4535 1884 4592 per-

287 4600 429 4654 ibunt
453 4641 467 4668 ,
529 4603 818 4672 loquamur
863 4607 932 4659 ad
973 4607 1260 4663 Dominum
1299 4627 1312 4662 :
1352 4609 1468 4677 Quo
1503 4611 1586 4665 ibo
1626 4627 1657 4664 a
1697 4612 1886 4681 spiritu

1981 3396 2129 3444 mere,
2155 3380 2250 3433 vite
2272 3387 2474 3445 vestrm,
2503 3375 2628 3431 dicit
2679 3376 2952 3430 Dominus.
2991 3373 3096 3429 Sed
3138 3383 3390 3444 quantum
3433 3373 3594 3427 distat

1983 3477 2167 3530 cretum
2195 3491 2226 3527 a
2249 3483 2404 3538 terra,
2439 3481 2642 3526 tantum
2673 3470 2832 3525 distat
2858 3471 2940 3523 via
2977 3483 3092 3522 mea
3123 3484 3153 3521 a
3178 3467 3274 3522 viis
3303 3467 3506 3532 vestris,
3537 3474 3588 3521 et

1982 3571 2318 3640 cogitationes
2347 3578 2530 3622 vestra:
2556 3581 2588 3620 a
2615 3565 2924 3636 cogitatione
2965 3579 3100 3616 nica.
3134 3560 3212 3616 Ne
3244 3559 3466 3630 putetis,
3500 3560 3586 3614 in-

1981 3668 2120 3736 quit,
2143 3662 2365 3718 dil'ﬂcile
2388 3673 2512 3715 esse
2536 3659 2680 3730 quod
2703 3657 2974 3728 Spondeo,
2999 3663 3054 3710 et
3084 3653 3239 3710 vobis
3265 3651 3590 3708 incredibile

1989 3759 2261 3821 videatur,
2293 3754 2516 3824 impium
2553 3759 2608 3806 et
2640 3753 2883 3822 iniquum
2917 3763 3080 3819 posse
3113 3747 3330 3813 salvari,
3368 3745 3457 3801 vel
3490 3762 3585 3814 po-

1987 3854 2171 3924 pulum
2201 3848 2534 3912 Judreorum,
2565 3845 2646 3900 vel
2675 3857 2867 3898 omnes
2891 3841 2982 3912 qui
3015 3841 3067 3894 in
3091 3838 3350 3909 gentibus
3376 3837 3588 3893 nesclea

1987 3947 2112 4000 baut
2141 3945 2310 3998 Deum
2338 3959 2352 3995 ε
2384 3940 2489 3995 hoc
2517 3937 2888 3998 considerate,
2921 3932 3066 4004 quod
3097 3930 3264 3986 multa
3302 3929 3448 3985 inter
3468 3943 3587 3986 mea

1988 4051 2280 4107 vesurnqne
2308 4035 2537 4090 consilia
2569 4033 2636 4086 sit
2665 4029 2994 4090 diﬂ‘erentia,
3024 4035 3077 4080 et
3109 4032 3310 4094 quanta
3353 4031 3587 4088 naturai,

1990 4142 2136 4188 tanta
2172 4127 2466 4185 voluntatis
2507 4125 2800 4180 diversitas
2831 4121 3020 4193 (Prov.
3050 4118 3189 4189 xu).
3232 4117 3415 4173 Multa:
3444 4107 3591 4172 enim

1988 4225 2355 4298 cogitationes
2385 4224 2438 4278 In
2467 4217 2636 4276 corde
2666 4218 2792 4284 viri,
2825 4213 3117 4272 consilium
3157 4217 3342 4267 autem
3378 4209 3595 4265 Domini

1987 4323 2041 4379 in
2075 4319 2468 4391 sempiternum
2501 4312 2853 4378 tnanet.\los,
2875 4319 2931 4364 ut
2957 4305 3261 4373 homines)
3291 4319 3438 4375 saepe
3462 4317 3591 4375 pro-

1991 4416 2143 4472 missi
2181 4413 2537 4484 ptenitcntes,
2588 4413 2834 4463 veterem
2877 4401 3214 4458 voluntatem
3247 4400 3462 4456 novella
3503 4409 3600 4455 vo-

1990 4509 2199 4564 luntate
2226 4503 2599 4560 subvenistis.
2635 4498 2897 4555 Dominus
2927 4497 3073 4551 enim
3104 4494 3342 4564 dissipat
3365 4490 3596 4548 consilio

1991 4602 2255 4673 gentium,
2287 4605 2344 4653 et
2382 4595 2640 4666 reprobat
2667 4591 3032 4661 cogitationes
3062 4587 3412 4658 pepolorum,
3441 4593 3494 4673 et
3525 4585 3605 4644 ire

288 4704 390 4764 tuo,
413 4706 465 4750 et
488 4713 518 4749 α
539 4699 674 4768 facie
704 4709 794 4753 tua
814 4715 916 4772 quo
944 4703 1139 4773 fugiant
1159 4704 1259 4759 ?Si
1288 4671 1572 4758 iisunum
1597 4705 1648 4759 in
1675 4671 1885 4775 σᾷειηηι,
1917 4679 1969 4738 Β
1995 4671 2127 4752 ritas
2156 4695 2282 4748 iacit
2325 4691 2631 4745 voluntates
2663 4681 2972 4754 principum
2997 4675 3173 4775 (Psal.
3199 4678 3405 4775 usit).
3430 4671 3600 4747 Cogi-

289 4797 341 4842 tu
357 4789 427 4843 ibi
446 4805 497 4843 es
525 4792 933 4847 :sidescendero
953 4795 1008 4848 in
1029 4796 1310 4866 infernum,
1332 4797 1454 4850 ades
1482 4796 1598 4868 (Ps.
1617 4812 1886 4866 cxxxrtn,

290 4881 342 4946 7,
368 4881 445 4953 il).
480 4881 888 4939 Etinvocetnus
908 4901 1058 4954 cum,
1093 4890 1219 4941 dum
1251 4903 1420 4957 pr0pe
1450 4897 1554 4956 est,
1588 4905 1657 4944 ne
1690 4893 1894 4946 nostris

291 4975 438 5029 vitiis
467 4985 632 5046 atque
663 4978 903 5046 peccatis
954 4980 1146 5048 procul
1203 4981 1444 5036 recedat.
1481 4983 1898 5058 Appropinquat

292 5213 317 5269 ἶ
363 5135 664 5268 ’ξανοςυιίιε
705 5153 752 5198 et
781 5145 932 5212 alter,
969 5161 1088 5216 qua:
1120 5145 1368 5214 deerant,
1414 5145 1760 5200 Ambrosian.
1789 5145 1896 5200 suf-

313 5227 392 5269 ecr
429 5256 440 5267 .

313 5214 440 5269 'ecit.

363 5287 388 5326 ι)
428 5286 594 5342 Addit
622 5289 763 5346 idem
792 5290 1076 5354 Ambros,
1106 5301 1155 5343 et
1179 5305 1403 5344 servare.

365 5371 387 5434 (ξ
424 5361 726 5434 [ino_tnss.,
757 5364 844 5432 qui
877 5378 978 5414 non
1011 5371 1133 5415 sunt
1161 5363 1240 5415 ori
1259 5365 1370 5434 ejus
1398 5359 1680 5417 increduli.

363 5427 387 5465 «⁸
423 5431 613 5507 Statim
644 5427 934 5507 subjimgil.
961 5434 1034 5486 ita
1079 5427 1482 5507 legunt'ontncs
1516 5432 1897 5507 lItSS_.AVCOtli(_:(‘S

298 5505 472 5557 nostri
501 5517 567 5557 ac
585 5507 758 5561 editio
777 5504 1114 5568 Er’asmiana,
1147 5521 1306 5574 quam
1334 5504 1600 5560 Morianos
1623 5504 1898 5559 Victorius

297 5576 532 5646 castigat
558 5579 788 5650 _ab5que
821 5578 1146 5650 auctoritate
1187 5578 1447 5632 librorum
1495 5577 1892 5650 mamiscripto-

299 5663 433 5701 rum.
472 5656 525 5700 et
556 5648 657 5702 hoc
683 5647 844 5704 modo
878 5649 1165 5719 legendum
1195 5649 1413 5703 Statuit:
1439 5650 1510 5703 Ac
1537 5665 1597 5703 ne
1624 5647 1720 5701 hoc
1747 5659 1899 5718 puta-

298 5733 473 5794 remus
497 5733 648 5790 posse
672 5723 965 5794 sufﬁcere,
997 5722 1173 5794 statim
1191 5737 1361 5791 supra
1383 5724 1560 5794 jungit
1589 5738 1604 5774 :
1637 5719 1899 5794 [insistite

300 5791 538 5856 diabolo,
578 5802 636 5848 et
662 5791 832 5862 fugiet
861 5809 890 5846 a
927 5793 1101 5848 vobis.
1137 5793 1215 5847 De
1244 5811 1342 5857 quo
1370 5791 1415 5846 et
1447 5793 1632 5847 Petrus
1654 5793 1898 5847 dixerat:

304 5865 671 5918 Adversarius
727 5873 908 5919 vester
947 5866 1225 5933 diabolus,
1254 5874 1351 5919 elo.
1387 5864 1708 5932 Huiusmodi
1744 5864 1905 5918 resti-

305 5939 568 5994 tutionem
593 5937 896 6012 Scripturis
919 5952 1217 5995 consonam
1241 5939 1478 6010 reperiet
1501 5937 1749 6016 quisquis
1775 5950 1906 5996 con-

2000 4792 2234 4846 tationes
2257 4796 2438 4841 autem
2462 4779 2640 4834 cordis
2670 4777 2789 4847 ejus
2819 4790 2848 4828 a
2885 4771 3246 4844 generatione
3276 4767 3329 4826 in
3360 4775 3600 4841 genera-

2002 4885 2240 4945 tionem;
2269 4889 2324 4934 et
2363 4873 2622 4946 quidquid
2662 4870 2992 4933 decreverit,
3024 4881 3133 4923 non
3171 4872 3354 4938 potest
3399 4866 3599 4918 inimu-

2003 4979 2131 5036 tari.
2161 4972 2337 5030 Vultis
2379 4970 2522 5026 scire
2556 4961 2937 5022 diversitatem
2973 4963 3081 5019 mei
3109 4961 3391 5030 vestrique
3421 4957 3604 5012 consi-

2007 5140 2246 5199 tenderit
2277 5133 2588 5194 testimonia
2618 5131 2878 5205 recitata;
2920 5121 3329 5205 seducum‘nihoil
3353 5120 3604 5176 invenia-

2005 5196 2091 5270 tur
2125 5213 2176 5268 in
2203 5205 2630 5265 mss.codicibus
2659 5201 2972 5273 quodjuvet
2992 5198 3142 5252 illam
3170 5196 3487 5273 lectionem,
3514 5205 3606 5273 res

2586 5257 2880 5355 iitttit_uta_i'e
2901 5313 2914 5338 ,
2945 5266 3478 5355 contentiklgcigret‘n

2003 5334 2292 5414 monuisse
2316 5363 2423 5407 tam
2449 5346 2878 5420 depravationis,
2904 5334 3084 5411 quam
3120 5334 3482 5420 reatjttitiotiis
3507 5343 3606 5387 nc-

2000 5406 2278 5486 Segius.
2323 5406 2326 5407 ν
2525 5406 2536 5420 ’
2867 5406 2873 5409 ⁷
2946 5406 2980 5440 ’-
3159 5479 3169 5488 θ
3210 5406 3490 5488 ,Μητιλιι

1999 5477 2344 5557 ί-Ϊξίξῖἑτθ
2382 5495 2584 5550 habent
2614 5500 2669 5547 et
2703 5487 2882 5561 nostri
2913 5498 3046 5561 mss.
3080 5479 3176 5561 qpi
3210 5477 3322 5561 hoc
3343 5491 3451 5532 uno
3477 5492 3600 5561 γρς.

2316 5543 2768 5646 'p'r'SBi'tiungn.
2797 5543 3397 5646 abiudurlttiy-ict‘ﬂiu‘s

2004 5619 2094 5715 alia
2107 5619 2652 5715 sitientem”uss,
2667 5619 2768 5715 ἔδει
2804 5641 2910 5715 non
2959 5624 3026 5715 ad
3040 5635 3210 5715 mss;
3220 5619 3426 5715 fidem}:
3437 5633 3609 5715 repp"

2007 5691 2476 5780 inuigilent
2497 5691 2710 5782 jungit:
2733 5711 2845 5756 tum
2873 5699 2937 5754 tle
2958 5713 3064 5767 quo
3090 5702 3138 5748 et
3161 5691 3352 5747 Petrus
3374 5691 3606 5758 diruat,

2007 5787 2356 5848 adrersarius,
2384 5794 2491 5838 etc.
2708 5845 2717 5848 _
3193 5835 3204 5847 .
3267 5833 3278 5848 .
3428 5835 3438 5846 .

2084 5870 2106 5896 ο
2138 5858 2196 5913 ln
2229 5844 2440 5911 duobus
2467 5845 2814 5920 Ambrosian.
2850 5857 3007 5920 m_s's.,
3033 5844 3278 5920 promissi
3303 5844 3534 5920 paenitet,
3559 5844 3606 5890 et

2011 5905 2565 5990 inuisibilibus".
2592 5916 2795 5976 novella
2823 5905 3090 5972 voluntate
3110 5905 3425 5968 subvertitis.
3550 5936 3563 5981 _-
