4096 6330
461 321 566 380 5'55

1714 319 1772 376 8.
1816 319 2083 376 EUSEBll
2120 318 2502 375 IIIERONYMI

3659 313 3761 370 536

458 440 552 494 lii?
579 439 850 507 Quantum
893 439 1095 498 calum
1141 440 1245 494 loci
1291 438 1455 494 distat
1501 454 1530 492 a
1585 447 1760 500 terra,
1803 445 1859 492 et
1904 436 2054 492 aliud
2085 436 2472 500 AProverbiis
2511 405 2571 492 et
2621 437 2675 493 in
2733 437 2900 511 652
2951 435 3284 492 Ecclesiaste
3323 435 3597 506 scriptum
3629 443 3759 489 est:

459 536 817 607 Angelorum,
846 536 994 591 aliud
1026 535 1308 592 hominum
1330 535 1700 592 habitaculum
1724 545 1826 600 est,
1851 545 2057 590 tantum

466 643 606 686 mea:
649 628 1013 698 cogitationes
1043 644 1071 681 a
1099 629 1299 684 vestris
1325 628 1570 684 consiliis
1615 637 1958 696 separantur.
1983 626 2062 682 De

466 721 600 775 meis
629 721 771 774 enim
801 720 1226 790 cogitationibus
1253 720 1454 775 dicitur
1473 736 1492 775 :
1513 719 1886 775 Inscrutabitia
1906 717 2061 792 judi-

464 815 546 868 cia
574 817 713 887 ejus,
739 823 786 868 et
806 813 1190 887 investigabifes
1217 813 1311 868 via:
1329 814 1472 868 illius
1495 811 1675 882 (Rom.
1697 829 1771 880 xi,
1789 813 1902 883 55).
1933 811 2066 866 Por-

464 920 528 962 ro
553 904 620 959 de
645 905 847 960 vestris
879 923 892 959 :
918 903 1288 977 Cogitaverunt
1327 906 1626 970 consilium,
1649 905 1787 976 quod
1829 920 1929 958 non
1971 919 2066 974 pa-

467 1009 678 1055 tuerunt
735 999 969 1054 stabilire
1001 1001 1019 1069 (
1051 998 1203 1054 Psal.
1239 1014 1337 1067 xx,
1372 999 1440 1054 12
1469 1000 1509 1070 ).
1539 998 1606 1054 Et
1646 999 1702 1054 in
1750 999 1860 1052 alio
1891 999 2013 1054 loco
2049 1014 2062 1051 :

473 1092 847 1164 Quodcumque
874 1093 1098 1147 inieritis
1119 1091 1420 1162 consilium,
1451 1092 1813 1164 dissipabitur,
1847 1101 1893 1145 et
1917 1091 2071 1162 quid-

469 1185 597 1249 quid
653 1185 812 1241 locuti
862 1187 1089 1256 fueritis,
1141 1203 1245 1240 non
1290 1187 1604 1258 permanebit
1653 1186 1706 1239 in
1745 1185 1884 1239 vcbis
1927 1181 2066 1256 (Isa.

467 1295 585 1342 vni.
619 1281 732 1351 10).
772 1280 1069 1351 Perspicua
1125 1279 1578 1350 interpretatione
1635 1293 1742 1333 non
1801 1278 2066 1348 indigent,

469 1371 680 1428 idcirco
707 1373 1053 1443 stringuntur
1085 1374 1286 1442 potius,
1311 1387 1471 1440 quam
1505 1371 1869 1427 disseruntur.

546 1465 732 1539 (Vcrs.
763 1467 853 1530 10,
889 1466 1000 1536 11.)
1035 1465 1103 1519 Et
1132 1465 1395 1534 quomodo
1422 1464 1688 1519 descendit
1725 1465 1887 1519 imber
1917 1467 2072 1520 etnix

470 1562 536 1614 de
557 1559 708 1626 coelo,
732 1569 783 1614 et
805 1557 930 1614 illuc
952 1559 1090 1614 ultra
1111 1576 1214 1614 non
1236 1567 1518 1614 revertetur
1536 1557 1716 1630 [ang.
1743 1555 2069 1629 revertitur];

471 1654 565 1709 sed
593 1652 814 1709 inebriat
843 1662 1056 1720 terram,
1089 1663 1136 1708 et
1165 1653 1398 1723 infundit
1423 1668 1558 1715 eam,
1579 1663 1626 1706 et
1652 1653 1943 1722 germinare
1961 1667 2072 1706 eam

474 1748 621 1817 facit,
656 1755 702 1801 et
749 1746 837 1799 dat
878 1762 1048 1800 semen
1081 1745 1288 1812 serenti,
1319 1755 1364 1798 et
1405 1760 1593 1814 panem
1645 1745 1972 1799 comedenti:
2001 1745 2076 1798 sic

2166 531 2321 604 Aperi
2343 531 2521 586 oculos
2556 539 2690 598 tuos,
2715 539 2764 584 et
2795 529 3010 600 implere
3037 528 3258 597 panibus
3284 525 3473 598 (Prov.
3507 541 3603 592 xx,
3637 525 3764 596 15);

2166 633 2219 678 et
2243 623 2438 678 iterum
2471 640 2484 676 :
2523 621 2671 677 Mitte
2710 638 2897 691 partem
2935 632 3082 677 tuum
3128 637 3288 689 super
3332 635 3544 690 aquam,
3571 618 3694 683 quia
3715 618 3769 672 in

2166 715 2494 770 multitudine
2513 716 2716 770 dierum
2729 725 2936 770 tuorum
2960 715 3190 769 invenies
3209 730 3321 768 eum
3336 718 3353 781 (
3367 712 3572 768 Eccles.
3588 727 3665 779 xl,
3689 711 3766 782 1).

2167 807 2354 876 Neque
2389 809 2535 863 enim
2569 808 2906 864 credendum
2941 817 3045 876 est,
3078 807 3225 880 quod
3265 806 3620 878 praecipiatur
3646 819 3772 860 ves-

2169 903 2441 966 centibus,
2501 911 2559 958 ut
2607 903 2672 958 ad
2724 901 3126 959 comedendum
3185 904 3328 958 hunc
3377 915 3613 972 panem,
3663 912 3771 970 quo

2171 1012 2400 1068 corpora
2441 995 2783 1064 nutriuntur,
2818 996 3012 1050 oculos
3050 995 3271 1066 aperire
3309 994 3572 1060 debeant,
3603 1001 3656 1048 et
3693 991 3774 1048 sic

2173 1091 2406 1148 saturari
2451 1091 2704 1164 panibus,
2727 1106 2862 1162 quos
2903 1090 2956 1144 in
3009 1089 3229 1144 Abacuc
3271 1087 3516 1143 comedit
3563 1099 3770 1156 pauper

2172 1188 2492 1244 abscondite
2515 1187 2700 1259 (Abac.
2727 1186 2833 1258 tu).
2863 1185 2970 1241 Sed
3003 1185 3072 1241 ad
3123 1199 3318 1254 panem
3367 1181 3636 1238 doctrinas
3685 1194 3778 1235 co-

2174 1280 2424 1337 hortatur
2455 1280 2571 1348 Dei,
2606 1297 2789 1350 quem,
2825 1279 2931 1336 nisi
2958 1279 3339 1349 aperuerimus
3369 1277 3562 1333 oculos
3590 1274 3778 1332 cordis

2176 1377 2365 1442 nosni,
2394 1376 2684 1431 comedere
2712 1389 2822 1430 non
2859 1387 3172 1444 possumus.
3211 1371 3290 1427 De
3320 1385 3430 1441 quo
3465 1383 3618 1440 smpe
3644 1368 3782 1423 scri-

2176 1471 2255 1526 bit
2292 1479 2348 1526 et
2377 1470 2573 1524 Paulus
2617 1468 2723 1536 bis,
2756 1468 2847 1539 qui
2879 1466 3004 1522 ﬁdei
3034 1475 3090 1521 et
3134 1463 3383 1520 veritatis
3429 1460 3781 1518 sermonibus

2180 1562 2568 1632 nutriuntur(ll
2598 1561 2718 1618 Cor.
2750 1559 3306 1630 tx).Pr:ecipiturqtte
3327 1554 3567 1622 doctori,
3605 1563 3664 1608 ιιι
3692 1569 3784 1626 pa-

2181 1675 2302 1714 nem
2333 1657 2598 1714 doctrina.-
2645 1672 2755 1710 suae
2789 1654 2967 1710 mittat
3001 1667 3168 1722 super
3213 1663 3434 1706 omnem
3477 1661 3699 1718 aquam,
3726 1655 3781 1702 et

2179 1751 2390 1807 cunctis
2437 1748 2686 1805 infundat
2720 1747 2948 1818 gratiam
2981 1743 3349 1814 spiritualem,
3373 1751 3431 1798 et
3465 1741 3606 1797 sciat
3640 1738 3784 1811 quod

479 1839 575 1893 ετίτ
606 1838 812 1893 verbum
840 1853 1029 1905 meum.
1059 1836 1220 1908 651
1243 1836 1383 1907 ααοά
1405 1837 1697 1907 egredietur
1727 1836 1791 1889 άε
1812 1851 1898 1889 ονε
1921 1851 2070 1900 meo;
2107 1843 2152 1904 Β
2181 1848 2228 1900 si
2257 1844 2449 1900 fecerit
2479 1859 2598 1915 qua:
2624 1850 2895 1913 praecepta
2928 1848 3077 1901 sunt,
3113 1837 3166 1892 in
3206 1835 3509 1892 novissimo
3541 1843 3786 1904 tempore

477 1946 580 1984 non
601 1939 885 1984 revertetur
916 1932 983 1983 ad
1022 1945 1104 1983 me
1137 1945 1378 1994 vacuum,
1415 1929 1505 1984 sed
1551 1929 1704 1998 faciet
1742 1945 2079 2001 quwcumque

476 2025 640 2093 volui,
660 2034 706 2078 et
729 2024 1118 2093 prosperabitur
1145 2025 1200 2078 in
1219 2024 1320 2093 Itis,
1344 2023 1414 2077 ad
1435 2039 1550 2094 qua:
1571 2024 1688 2078 misi
1713 2023 1866 2078 illud.
1893 2022 2034 2078 LXX
2062 2041 2077 2078 :

477 2119 751 2186 Quomodo
771 2120 818 2173 si
839 2118 1113 2174 descendat
1141 2119 1337 2190 pluvia,
1366 2127 1457 2172 aut
1483 2120 1574 2173 nia:
1599 2118 1662 2173 de
1695 2116 1843 2186 caelo,
1887 2127 1934 2170 et
1976 2133 2079 2172 non

478 2223 787 2282 revertatur,
812 2212 975 2268 donec
996 2212 1209 2266 inebriet
1236 2222 1447 2279 terram,
1475 2222 1519 2264 et
1541 2220 1744 2284 generet
1780 2221 1826 2264 et
1857 2209 2080 2276 oriatur,

480 2317 529 2360 et
569 2307 654 2361 det
689 2321 861 2361 semen
915 2306 1206 2372 seminanti,
1239 2313 1288 2360 et
1326 2321 1509 2375 panem
1547 2306 1615 2358 ad
1663 2304 2081 2358 comedendum:

477 2401 550 2456 sic
577 2401 672 2456 erit
689 2402 899 2456 verbum
917 2417 1105 2468 meum,
1134 2401 1272 2470 quod
1287 2400 1470 2455 exierit
1493 2401 1554 2454 de
1580 2415 1669 2453 ore
1700 2414 1813 2453 meo
1835 2414 1853 2452 :
1876 2415 1978 2452 non
1999 2414 2084 2452 re-

480 2503 704 2548 vertetur
733 2493 897 2547 donec
918 2494 1171 2562 compleat
1191 2508 1305 2563 quae
1328 2493 1489 2559 volui,
1513 2503 1560 2547 et
1588 2507 1862 2564 prosperas
1889 2491 2083 2562 faciam

479 2589 588 2642 vias
616 2591 727 2660 ejus
756 2579 1093 2659 et‘pra’cepta
1136 2604 1266 2642 mea.
1295 2587 1547 2642 Pendent
1592 2601 1659 2641 ex
1709 2586 2085 2655 superioribus

482 2696 603 2752 qua:
649 2682 923 2749 dicuntur,
954 2692 1013 2737 et
1050 2681 1293 2738 breviter
1326 2681 1417 2737 hic
1462 2695 1657 2736 sensus
1703 2689 1787 2734 cst
1813 2696 1828 2734 :
1859 2693 1966 2735 non
2016 2680 2088 2734 sit

487 2773 808 2830 incredulus
831 2773 1065 2844 pupulas
1097 2773 1405 2836 nationum,
1430 2771 1576 2839 quod
1620 2781 1742 2842 post
1785 2781 1931 2824 tanta
1967 2785 2088 2826 sce-

486 2869 600 2925 lera
633 2869 831 2939 impius
861 2878 1087 2939 repente
1117 2869 1378 2922 salvetur.
1407 2866 1522 2922 Non
1553 2866 1697 2922 enim
1721 2874 1848 2920 sunt
1877 2863 2088 2934 cogita-

490 2963 668 3019 tiones
696 2978 831 3017 mea:
865 2972 922 3017 ut
974 2961 1335 3032 cogitationes
1381 2960 1684 3026 hominum,
1719 2968 1774 3014 et
1821 2968 2087 3029 quantum

488 3056 688 3112 caelum
742 3056 906 3110 distat
949 3071 979 3110 a
1028 3067 1190 3123 terra,
1227 3065 1436 3112 tantum
1479 3071 1617 3110 mete
1662 3054 2027 3126 cogitationes
2056 3067 2087 3108 a

487 3150 912 3220 Cogitationibus
957 3149 1237 3205 hominum
1286 3159 1550 3220 separata:
1599 3158 1747 3205 sunt.
1776 3147 1890 3220 Ego
1941 3150 2086 3203 enim

488 3243 950 3299 clementissimus
997 3260 1138 3310 sum,
1189 3255 1244 3301 et
1290 3245 1493 3299 multus
1539 3243 1607 3298 ad
1667 3243 2083 3314 ignoscendum.

487 3333 666 3391 Vultis
713 3345 769 3391 et
809 3335 1264 3407 aliam'accipere
1303 3335 1758 3390 similitudinem?
1799 3335 2090 3403 Quomodo

491 3427 668 3483 imber
707 3437 761 3482 et
806 3428 896 3482 nix
943 3427 1231 3484 descendit
1262 3428 1331 3482 de
1359 3428 1524 3492 ccelo,
1553 3437 1608 3483 et
1641 3427 1768 3481 illuc
1799 3431 1941 3482 ultra
1977 3443 2084 3483 non

491 3530 813 3583 revertetur.
847 3520 942 3576 sed
969 3521 1203 3576 inebriat
1244 3529 1470 3581 terram.
1501 3529 1556 3576 et
1585 3520 1821 3576 infundit
1860 3536 2006 3586 eam,
2037 3530 2094 3576 et

492 3617 642 3671 varia
676 3618 882 3672 semina
916 3615 1167 3685 pullulat,
1196 3624 1251 3670 ut
1295 3615 1471 3683 plenis
1511 3616 1787 3687 segetibus
1833 3631 2002 3686 panes
2036 3617 2092 3673 in

493 3723 622 3764 usus
646 3709 926 3764 hominum
959 3718 1348 3779 procreentur:
1373 3710 1453 3764 sic
1475 3709 1920 3780 repromissionis
1949 3726 2086 3765 meae

495 3805 746 3870 verbum,
771 3803 915 3873 quod
961 3803 1132 3858 semel
1167 3802 1438 3871 pollicitus
1462 3819 1606 3869 sum,
1641 3811 1698 3858 ct
1727 3803 1871 3874 quod
1903 3819 2094 3876 egres-

490 3909 610 3951 sum
644 3904 730 3952 est
760 3896 828 3952 de
854 3911 950 3951 ore
991 3911 1134 3960 meo,
1171 3895 1385 3950 irritum
1432 3912 1540 3951 non
1583 3896 1726 3961 erit;
1759 3897 1854 3951 sed
1907 3896 2095 3952 omnia

495 4006 663 4061 Opere
691 3991 1136 4061 complebuntur.
1161 3990 1323 4047 Juxta
1363 4005 1645 4061 anagogen
1681 3989 1886 4062 duplex
1934 3991 2096 4045 intel-

491 4083 711 4153 ligentia
743 4093 851 4149 est,
874 4085 1018 4154 quod
1046 4086 1278 4138 verbum
1305 4083 1516 4139 Domini
1544 4083 1628 4139 vel
1656 4084 1749 4139 ille
1777 4085 1870 4151 sit,
1897 4084 1966 4139 tle
1987 4100 2096 4154 quo

495 4177 756 4248 scriptum
789 4185 912 4232 est:
949 4175 1019 4230 In
1057 4177 1314 4247 principio
1356 4187 1464 4231 erat
1502 4176 1754 4242 Verbum,
1786 4188 1833 4231 et
1875 4176 2098 4232 Verbum

493 4281 602 4325 erat
631 4272 772 4338 apud
813 4269 1002 4335 Deum,
1033 4282 1081 4324 et
1119 4268 1261 4325 Deus
1301 4283 1411 4325 erat
1463 4269 1686 4325 Verbum
1722 4269 1904 4341 (Joan.
1940 4287 1979 4338 l,
2014 4271 2093 4343 1).

493 4363 599 4433 Qui
631 4377 737 4416 non
767 4371 1067 4418 revertetur
1090 4363 1156 4417 ad
1187 4379 1310 4418 eum
1345 4380 1568 4430 vacuus,
1597 4364 1702 4420 nisi
1737 4365 1914 4420 Patris
1942 4365 2091 4421 fece-

495 4455 569 4512 rit
596 4455 964 4522 voluntatem;
989 4465 1045 4511 et
1067 4459 1318 4512 universa
1343 4459 1699 4526 compleverit
1729 4471 1954 4529 propter
1973 4475 2095 4528 qua:

496 4548 675 4604 fuerat
713 4560 1054 4620 corporatus,
1084 4559 1138 4604 et
1182 4548 1441 4604 mundutn
1485 4550 1926 4607 reconciliaverit
1955 4551 2089 4608 Deo.

2185 1939 2256 1994 sit
2282 1938 2507 2010 pratmia
2541 1947 2880 2008 recepturus.
2914 1933 3168 2003 Satisque
3193 1929 3471 1986 videbitur
3499 1928 3785 1999 injustum,

2187 2045 2243 2090 ut
2282 2033 2371 2103 qui
2415 2030 2623 2104 praebet
2662 2030 3095 2099 eleemosynam,
3125 2025 3214 2101 de
3238 2025 3427 2093 iniquo
3475 2034 3787 2078 mammona

2186 2127 2349 2184 faciat
2378 2126 2481 2181 sibi
2528 2125 2766 2190 amicos,
2793 2123 2882 2194 qui
2916 2137 3043 2177 eum
3080 2119 3350 2190 recipiant
3379 2118 3435 2172 in
3469 2127 3674 2171 aeterna
3706 2124 3788 2169 ta-

2186 2222 2483 2278 bernacula
2515 2218 2668 2292 (Luc.
2698 2222 2821 2285 xvt)
2851 2235 2865 2272 :
2897 2226 2955 2272 et
2977 2215 3068 2285 qui
3101 2210 3417 2284 spirituales
3449 2208 3683 2279 largitur
3707 2208 3790 2262 ci-

2189 2317 2312 2383 bos,
2344 2314 2546 2384 datque
2586 2312 2870 2368 conservis
2906 2309 3112 2365 cibaria
3144 2307 3198 2361 in
3242 2314 3490 2374 tempore
3533 2317 3655 2368 suo,
3681 2315 3788 2356 non

2190 2407 2430 2463 inveniat
2455 2420 2551 2462 eos
2573 2415 2693 2476 post
2724 2404 2893 2458 multa
2919 2400 3137 2463 satcula,
3160 2413 3282 2470 qua
3313 2394 3677 2452 Ecclesiastes
3698 2407 3790 2465 ap-

2187 2500 2358 2573 pellat
2387 2499 2601 2554 dierum
2635 2494 3038 2551 multitudinem
3069 2489 3246 2567 (Eccl.
3273 2489 3373 2560 xl).

2262 2596 2439 2667 (Vers.
2477 2595 2561 2662 l2,
2613 2594 2729 2667 15.)
2764 2593 2903 2662 Quia
2933 2593 2984 2646 itt
3033 2591 3214 2646 (tetitia
3257 2587 3613 2661 egrediemini,
3645 2595 3695 2641 et
3737 2587 3789 2640 in

2190 2707 2314 2764 pace
2336 2688 2682 2746 deducemini.
2721 2687 2924 2741 Montes
2944 2693 2992 2740 et
3021 2682 3178 2738 colles
3202 2681 3482 2736 cantabunt
3505 2696 3681 2735 coram
3701 2694 3790 2734 vo-

2193 2782 2268 2836 bis
2313 2781 2544 2848 laudem,
2568 2789 2614 2834 et
2659 2779 2836 2833 omnia
2863 2777 3009 2848 ligna
3045 2775 3272 2846 regionis
3325 2772 3580 2846 plaudent
3611 2787 3787 2826 manu.

2194 2875 2304 2930 Pro
2351 2874 2649 2930 saliuncula
2697 2867 2940 2928 ascendet
2984 2871 3146 2932 abies.
3173 2879 3222 2924 et
3270 2884 3365 2940 pro
3400 2866 3572 2920 urtica
3607 2873 3790 2919 crescet

2192 2969 2412 3042 myrtus.
2431 2967 2500 3024 Et
2516 2969 2609 3024 erit
2624 2967 2880 3022 Dominus
2897 2965 3196 3020 nontinazus
3216 2965 3271 3017 in
3291 2964 3498 3034 signum
3518 2969 3788 3028 cternum,

2192 3063 2330 3134 quod
2357 3082 2460 3118 non
2483 3065 2772 3135 auferetur.
2805 3060 2991 3117 LXX:
3027 3058 3092 3114 In
3133 3059 3314 3113 lattitia
3357 3056 3716 3129 egrediemini,
3745 3063 3793 3110 et

2192 3159 2246 3211 in
2276 3158 2467 3226 gaudio
2507 3155 2855 3211 deducemini.
2884 3151 3092 3208 Montes
3120 3160 3169 3206 et
3211 3149 3371 3206 colles
3407 3149 3672 3215 exsilient,
3708 3162 3794 3202 ex-

2117 3247 2164 3311 C
2195 3259 2481 3319 spectantes
2512 3266 2601 3304 vos
2631 3249 2685 3303 in
2717 3248 2937 3323 gaudio,
2970 3257 3019 3300 et
3051 3246 3226 3300 omnia
3256 3243 3403 3315 ligna
3427 3242 3542 3315 agri
3569 3240 3797 3312 applau-

2196 3345 2316 3398 dent
2339 3344 2518 3398 ramis.
2555 3341 2624 3396 Et
2651 3359 2746 3410 pro
2779 3341 2960 3402 στοιϐἠ
2985 3339 3063 3411 (id
3093 3349 3178 3394 est
3201 3337 3492 3392 vilissimis
3521 3335 3796 3408 stipitibus

2198 3438 2307 3511 [AL
2342 3437 2650 3510 stirpibus])
2684 3437 2929 3492 ascendet
2969 3435 3272 3507 cyparissus
3305 3449 3325 3487 :
3354 3440 3405 3487 et
3453 3447 3550 3504 pro
3602 3443 3796 3501 cottyza

2196 3531 2438 3587 ascendet
2467 3540 2685 3602 myrtus.
2711 3527 2778 3584 Et
2807 3529 2904 3582 erit
2937 3527 3190 3581 Dominus
3224 3527 3280 3580 in
3311 3541 3494 3578 nomen
3527 3531 3576 3578 et
3622 3522 3676 3577 in
3727 3521 3798 3577 si-

2197 3643 2356 3699 gnum
2381 3626 2775 3696 sempiternum,
2818 3631 2866 3676 et
2895 3637 2999 3675 non
3029 3620 3258 3690 deficiet.
3299 3616 3564 3684 Verbum,
3598 3615 3792 3686 inqttit,

2199 3736 2376 3776 meum
2409 3733 2518 3774 non
2549 3725 2856 3772 revertetur
2883 3728 3138 3778 vacuum,
3175 3711 3269 3767 sed
3318 3718 3607 3781 postquam
3645 3721 3792 3763 com-

2199 3812 2435 3884 pleverit
2462 3810 2738 3875 universa,
2771 3821 2894 3878 qua:
2934 3805 3106 3872 volui,
3137 3813 3191 3859 et
3219 3817 3396 3858 meam
3432 3801 3486 3855 in
3519 3801 3684 3856 terris
3723 3797 3797 3854 fe-

2197 3907 2332 3961 cerit
2365 3905 2725 3968 voluntatem,
2762 3908 2892 3955 tunc
2914 3897 2983 3953 ad
3015 3913 3103 3952 me
3141 3896 3356 3961 veniet;
3388 3903 3444 3950 et
3484 3891 3797 3962 implebitur

2202 3994 2356 4059 illud,
2383 3992 2532 4065 quod
2581 3992 2842 4060 scriptum
2893 3999 3022 4046 est:
3074 3988 3219 4043 Dixit
3259 3985 3516 4042 Dominus
3571 3982 3794 4038 Domino

2199 4104 2336 4156 meo,
2365 4087 2483 4141 sede
2523 4105 2556 4140 a
2582 4084 2779 4140 dextris
2810 4089 2939 4139 meis
2972 4100 2991 4138 :
3017 4083 3178 4138 donec
3203 4097 3395 4154 ponam
3420 4079 3658 4134 inimicos
3685 4087 3795 4132 tuos

2199 4180 2478 4236 srabellum
2515 4179 2706 4252 pedum
2758 4188 2969 4233 tuorum
2996 4175 3113 4244 (Ps.
3159 4191 3269 4241 etx,
3311 4175 3364 4242 1,
3393 4171 3475 4244 2).
3506 4173 3565 4228 ιιι
3615 4173 3794 4228 laetitia

2200 4273 2344 4328 enim
2374 4271 2732 4344 egrediemini
2763 4271 2833 4326 de
2872 4269 3196 4326 idololatriae
3224 4267 3508 4338 sanguine,
3540 4273 3598 4322 et
3622 4263 3792 4320 dedu-

2199 4365 2398 4420 cemiui
2429 4363 2484 4418 iu
2508 4377 2668 4432 pace;
2697 4371 2756 4416 ut
2787 4360 3022 4415 audiatis
3053 4355 3123 4414 ab
3147 4357 3415 4428 Apostolo
3450 4375 3464 4411 :
3492 4353 3682 4411 Gratia
3705 4372 3788 4410 vo-

2199 4457 2277 4512 bis
2307 4466 2354 4511 et
2381 4473 2484 4526 pax
2510 4453 2692 4524 (Rom.
2726 4469 2765 4521 ι,
2794 4453 2872 4526 7).
2907 4453 3035 4509 Sive
3073 4452 3128 4507 in
3157 4451 3354 4522 gaudio
3400 4449 3751 4506 deducemiui
3781 4467 3795 4505 :

2202 4562 2258 4606 ut
2287 4562 2408 4620 post
2436 4548 2680 4604 umbram
2713 4547 2876 4620 Legis
2906 4546 3133 4602 discatis
3164 4543 3449 4616 Evangelii
3487 4544 3794 4600 veritatem.

495 4640 601 4710 Qui
630 4639 700 4695 de
729 4655 826 4696 ore
858 4639 1157 4710 procedere
1183 4640 1402 4707 dicitur,
1435 4650 1492 4697 et
1523 4640 1592 4697 de
1621 4652 1776 4697 utero
1802 4659 1868 4698 ac
1893 4644 2050 4699 vulva
2077 4661 2092 4698 :
2121 4653 2176 4712 Ῑ)
2203 4645 2413 4700 Montes
2443 4643 2586 4697 enim
2615 4650 2671 4696 et
2695 4639 2882 4708 colles,
2908 4654 3048 4710 quos
3079 4637 3322 4704 Angelos
3347 4635 3663 4707 intelligere
3685 4649 3795 4706 pos-

496 4751 606 4790 non
633 4736 775 4806 quod
811 4735 952 4790 Deus
983 4735 1103 4792 haec
1131 4737 1372 4794 membra
1405 4737 1621 4804 habeat,
1655 4738 1752 4794 sed
1795 4739 1945 4808 quod
1990 4755 2091 4798 nos
2119 4789 2134 4800 .

495 4842 745 4888 naturam
800 4831 1015 4887 Domini
1068 4849 1166 4902 per
1218 4842 1404 4888 nostra
1447 4833 1612 4888 verba
1655 4831 1952 4890 discamus.
1993 4835 2091 4890 Vel

493 4939 646 4983 certe
675 4925 780 4982 hoc
817 4926 1128 4992 dicendum,
1157 4927 1300 4997 quod
1347 4926 1690 4998 Evangelicae
1733 4943 1916 4982 sermo
1955 4929 2091 4982 doc-

497 5021 653 5077 trinm
687 5021 861 5078 imber
882 5021 1208 5092 appelletur,
1235 5031 1284 5076 et
1323 5021 1523 5091 pluvia:
1561 5036 1700 5088 quas
1739 5020 1972 5076 fundunt
2002 5037 2094 5076 su-

497 5131 594 5186 per
618 5125 819 5171 terram
860 5115 1085 5181 bonam,
1121 5115 1294 5170 nubes
1331 5115 1670 5186 spirituales,
1703 5115 1769 5170 ad
1802 5131 1940 5187 quas
1969 5131 2092 5186 per-

494 5211 643 5265 venit
681 5211 882 5264 veritas
927 5207 1042 5265 Dei.
1084 5208 1257 5276 Quem
1307 5209 1562 5277 imbrem,
1601 5219 1658 5265 et
1701 5226 1836 5281 quas
1883 5211 2095 5282 pluvias

493 5301 708 5373 Moyses
754 5303 806 5358 in
851 5303 1261 5359 Deutcronomii
1301 5304 1530 5361 Cantica
1571 5305 1858 5374 pollicetur
1902 5306 2092 5380 (Deut.

499 5410 680 5460 xxxn,
710 5397 762 5465 1,
787 5395 843 5466 2)
873 5397 1097 5452 :Audiat
1125 5408 1262 5452 terra
1283 5400 1436 5453 verba
1467 5401 1572 5454 oris
1598 5401 1697 5454 mei
1721 5416 1740 5454 :
1772 5409 2095 5472 exspectetur

494 5488 626 5541 sicut
656 5486 834 5559 pluvia
860 5488 1122 5560 eloquium
1163 5507 1352 5558 meum,
1384 5501 1433 5545 et
1477 5491 1793 5545 descendant
1840 5493 1974 5546 sicut
2009 5504 2095 5542 ros

496 5579 646 5633 verba
676 5597 821 5647 mea;
850 5593 908 5635 ut
934 5583 1026 5651 qui
1060 5582 1451 5638 seminaverint
1479 5583 1532 5635 in
1563 5581 1839 5653 lacrymis,
1875 5581 1925 5634 in
1954 5594 2091 5650 gau-

495 5672 586 5726 dio
610 5683 818 5729 metant
845 5673 1016 5744 (Psal.
1045 5675 1240 5748 cxxv).
1268 5678 1334 5732 Et
1361 5678 1453 5748 qui
1475 5675 1870 5733 seminaverint
1901 5677 1954 5731 in
1977 5674 2094 5746 jus-

498 5763 612 5834 titia
653 5774 710 5820 et
750 5767 967 5848 spiritu,
1013 5778 1222 5825 metant
1260 5771 1492 5844 fructum
1541 5769 1668 5824 vita:
1719 5768 2092 5838 sempiternae,

496 5853 876 5926 accipiantQuc
907 5846 1102 5927 panem
1130 5859 1392 5916 doctrina.-
1425 5849 1788 5930 Evangelicze,
1811 5859 1880 5915 de
1903 5846 2010 5930 quo
2041 5861 2092 5914 in

2200 4752 2411 4802 sumus,
2440 4743 2496 4790 et
2527 4733 2850 4790 Sanetorum
2877 4732 3109 4795 animas,
3136 4729 3302 4802 653
3329 4744 3451 4801 qua:
3480 4742 3583 4799 pro
3621 4728 3796 4784 varie-

2202 4850 2310 4895 tate
2338 4839 2618 4902 virtutum,
2677 4845 2890 4889 montes
2933 4832 3284 4902 appellantur
3339 4841 3396 4886 et
3436 4831 3632 4894 colles,
3659 4846 3792 4902 gau-

2199 4941 2402 4998 debunt
2433 4953 2598 5009 super
2638 4936 3050 5008 paenitentibus,
3091 4942 3149 4991 et
3172 4933 3374 4990 mentis
3402 4932 3651 4988 laetitiam
3694 4932 3797 4988 sal-

2199 5045 2347 5100 tibus
2369 5041 2708 5098 indicabunt.
2729 5039 2884 5108 Quod
2911 5050 2966 5096 et
2995 5039 3264 5094 Dominus
3291 5037 3535 5108 loquitur
3552 5037 3605 5092 in
3624 5036 3797 5093 Evan-

2198 5149 2339 5221 gelio
2370 5166 2383 5202 :
2413 5145 2757 5202 Ltetabuntur
2783 5143 2968 5212 Angeli
2995 5144 3048 5196 in
3075 5140 3202 5196 caelo
3223 5157 3378 5214 super
3397 5157 3504 5196 uno
3532 5132 3797 5210 peccatore

2201 5250 2552 5324 paenitentiam
2572 5255 2759 5322 agente
2781 5244 2931 5316 (Luc.
2956 5259 3047 5310 xv,
3075 5243 3154 5315 7).
3188 5241 3384 5298 Omnia
3415 5258 3635 5314 quoque
3658 5242 3794 5314 ligna

2203 5354 2316 5425 agri
2349 5351 2612 5424 plaudent
2656 5362 2840 5425 manu,
2866 5345 2982 5401 sive
3007 5344 3340 5416 ramis,qn:e
3385 5344 3628 5414 plantata
3676 5355 3798 5399 sunt

2204 5470 2362 5509 secus
2387 5455 2654 5510 decursus
2679 5423 2969 5524 aquarum,
2994 5463 3115 5519 qttae
3143 5447 3383 5502 fructum
3413 5461 3571 5501 suum
3594 5445 3798 5502 dabunt

2205 5553 2258 5607 in
2281 5560 2526 5622 tempore
2549 5567 2671 5617 suo,
2686 5562 2737 5607 et
2767 5551 3156 5606 foliumeorum
3178 5563 3286 5604 non
3316 5547 3522 5605 detinet
3543 5547 3700 5618 (Psal
3733 5549 3791 5618 ι).

2203 5655 2279 5710 De
2308 5655 2502 5726 quibus
2533 5669 2698 5708 unum
2728 5653 2932 5723 lignum
2962 5653 3290 5724 loquebatur
3322 5650 3376 5705 in
3403 5649 3616 5719 psalmo
3645 5667 3657 5701 ε
3687 5647 3796 5723 Ego

2203 5766 2378 5812 autem
2403 5755 2536 5810 sicut
2559 5754 2697 5830 oliva
2727 5753 2998 5824 fructifera
3038 5755 3092 5809 in
3144 5753 3302 5809 domo
3333 5749 3548 5806 Domini
3575 5749 3696 5824 (Ps.
3720 5765 3792 5814 Li,

2205 5855 2318 5926 10).
2343 5853 2743 5925 lnterrogemus
2793 5866 2910 5921 eos,
2951 5855 3044 5926 qui
3097 5855 3403 5926 simplicem
3458 5861 3664 5910 tantum
3711 5856 3794 5907 sci
