4096 6330
238 313 343 370 557

797 315 1456 375 COMMENTARIORUM
1496 317 1564 374 IN
1604 316 1844 376 ISAIAM
1886 319 2313 379 PROPHETAM
2354 324 2486 382 LIB.
2533 325 2652 384 XV.
2691 325 2840 384 CAP.
2889 327 3025 386 LVI.

3462 332 3568 390 558

231 443 490 504 quuntur
513 435 825 502 historiam,
846 447 899 492 et
919 435 1096 492 elixas
1116 451 1310 493 carnes
1334 445 1359 475 ⁸
1381 437 1506 509 agni
1535 435 1859 494 comedunt.
1891 444 1941 504 Α
1968 457 2130 512 gnum
2153 440 2313 510 (Isai.
2346 459 2440 512 vn,
2483 443 2575 517 14)
2605 463 2620 501 :
2647 444 2716 502 Et
2755 457 2976 504 sanctus
3001 459 3190 506 cantat
3228 450 3280 506 in
3313 453 3528 523 psalmo
3555 470 3568 506 :

233 524 436 583 Utrum
468 528 625 601 ligna
652 529 910 601 plaudant
931 529 1118 595 ramis,
1143 538 1198 586 et
1225 541 1559 600 concrepent
1583 545 1777 596 manu,
1801 539 1860 588 et

230 622 366 679 illud
400 625 566 695 quod
607 626 678 681 de
709 623 1022 680 ﬂuminibus
1047 624 1288 682 dicitur:
1322 622 1578 680 Flumina
1603 625 1860 697 plaudent

230 731 399 770 manu
427 713 619 787 (Psal.
655 732 840 784 xcvtt,
865 717 942 789 8),
974 733 1082 789 quo
1124 733 1287 774 sensu
1329 717 1716 788 accipiendum
1765 719 1859 774 sit.

230 804 344 862 Nec
373 807 570 862 solum
608 821 826 866 montes
875 817 930 865 ct
957 811 1126 866 colles
1157 810 1412 867 essilient
1455 819 1624 882 atque
1669 820 1863 867 canta-

230 900 413 968 bunt;
449 911 513 958 et
544 903 731 959 omnia
780 904 923 976 ligna
952 905 1090 976 agri,
1120 905 1208 962 cui
1251 904 1538 962 benedixit
1567 904 1860 972 Dominus,

233 993 523 1066 plaudent
567 997 760 1064 tantis,
789 1005 846 1052 et
877 997 1130 1054 manibus
1175 997 1755 1069 eoncrepabuntzsed
1807 1007 1864 1056 et

231 1088 428 1148 στοιϐἠ
465 1103 695 1160 quoque
727 1100 782 1145 et
807 1091 985 1156 mea
1015 1091 1132 1146 sive
1151 1091 1451 1146 saliuncula
1483 1099 1540 1147 et
1572 1091 1774 1159 urtica,
1805 1092 1860 1148 in

230 1179 488 1238 abietem
525 1192 814 1240 vertentur
843 1183 954 1257 [Αι.
974 1183 1300 1258 vertuntur],
1326 1200 1390 1241 ac
1419 1193 1658 1258 myrtum
1693 1197 1745 1241 et
1767 1203 1864 1260 cy-

233 1275 555 1344 parissum.
598 1277 784 1338 Στοιϐἡ
807 1276 960 1347 juxta
993 1277 1376 1348 Symmachum
1399 1285 1456 1334 et
1483 1277 1634 1334 LXX
1663 1279 1719 1334 iu
1748 1279 1860 1336 He-

232 1368 388 1424 braeo
420 1369 694 1425 sCribitur
717 1385 884 1427 NBSUS
904 1370 1146 1457 (quas):
1177 1387 1338 1442 quem
1372 1372 1564 1443 Aquila
1591 1384 1645 1428 et
1679 1371 1860 1428 Theo-

232 1463 389 1520 dotio
414 1467 639 1533 κονύζην
663 1465 1007 1538 interpretati
1037 1477 1186 1522 sunt.
1214 1467 1498 1524 Estautem
1517 1471 1702 1535 κονύζη
1731 1469 1857 1524 her-

233 1561 301 1619 ba
333 1564 621 1620 vilissima
651 1574 708 1622 et
729 1581 936 1633 amara,
959 1566 1254 1638 odorisque
1279 1567 1518 1638 pessimi.
1545 1567 1648 1624 Ubi
1675 1577 1856 1623 autem

233 1653 613 1730 Septuaginta
655 1659 1056 1715 transtulerunt
1083 1662 1286 1726 κονύζη,
1319 1675 1441 1732 qum
1483 1661 1538 1716 iu
1586 1659 1858 1722 Hebraico

235 1747 451 1807 dicitur
481 1767 728 1809 ssnruon
757 1753 967 1827 (TS‘D).
1001 1753 1365 1826 Symmachus
1395 1753 1582 1818 vertit,
1613 1755 1854 1809 urticam.

1963 534 2080 592 Fac
2094 553 2288 593 mecum
2306 537 2584 596 Dominum
2605 541 2808 616 signant
2821 543 2874 598 in
2889 542 3103 615 bonum(
3108 542 3202 600 Ps.
3226 561 3294 601 ιι
3305 561 3434 615 xxv,
3454 547 3570 619 17).

1966 630 2037 686 Ει
2059 631 2176 702 ipse
2217 631 2310 702 qui
2358 633 2571 704 signum
2604 645 2690 690 est
2722 653 2735 690 :
2766 636 2896 690 Cum
2948 637 3203 706 videritis,
3235 639 3332 704 ait,
3360 641 3566 711 signum

1965 722 2098 780 Filii
2123 724 2372 792 hominis,
2395 727 2539 798 quod
2569 745 2675 782 non
2705 727 2943 798 deﬁciet,
2972 745 3073 786 uec
3101 729 3212 786 ullo
3240 731 3349 787 line
3378 742 3562 788 muta-

1967 818 2135 888 bitur,
2161 819 2256 876 sed
2286 819 2358 876 de
2388 820 2646 891 praesenti
2675 821 3090 878 conversatione
3135 822 3360 880 transiet
3380 822 3433 878 in
3475 823 3564 880 l'u-

1967 919 2168 967 turum.

2039 1003 2194 1075 (Cap.
2224 1003 2596 1061 LVl.—Vers.
2632 1005 2709 1078 1.)
2735 1005 2870 1062 Hice
2897 1007 3025 1064 dicit
3054 1007 3346 1065 Dominus:
3376 1008 3567 1066 Custo-

1964 1096 2071 1152 dite
2085 1097 2349 1170 judicium
2370 1140 2386 1168 ,
2417 1107 2468 1154 et
2496 1099 2652 1170 facite
2667 1100 2971 1168 justitiam:
3001 1101 3125 1172 quia
3135 1103 3294 1173 juxta
3319 1112 3392 1156 est
3420 1100 3565 1158 salus

1962 1206 2077 1244 mea
2103 1200 2156 1245 ut
2187 1192 2354 1246 ueniat
2376 1233 2392 1259 ,
2420 1203 2470 1247 et
2485 1193 2698 1264 justitia
2723 1210 2836 1249 mea
2867 1204 2922 1248 ut
2949 1195 3225 1250 reveletur.
3251 1195 3394 1252 LXX
3414 1238 3428 1263 ,
3463 1212 3564 1268 pro

1953 1285 2162 1357 justitia
2182 1327 2198 1350 ,
2232 1286 2646 1340 misericordiam
2677 1287 3100 1352 transtulerunt,
3134 1298 3329 1344 caetera
3359 1288 3559 1343 simili-

1963 1389 2064 1436 ter.
2114 1378 2373 1436 Gentium
2416 1380 2678 1437 vaticiuio
2713 1381 3006 1436 terminato
3031 1423 3047 1449 ,
3080 1396 3204 1450 quae
3239 1382 3290 1436 iu
3321 1382 3562 1438 adventu

1961 1471 2234 1528 sermonis
2263 1473 2366 1530 Dei
2403 1472 2472 1529 de
2506 1473 2811 1528 saliuncula
2847 1482 2902 1528 et
2933 1471 3106 1530 urtica
3137 1474 3192 1529 in
3222 1474 3562 1546 cyparissum

1961 1576 2308 1640 myrtnmque
2340 1567 2616 1623 mutanda:
2645 1578 2772 1623 sunt
2797 1609 2812 1633 ,
2846 1567 3088 1640 loquitur
3131 1566 3298 1623 Isaias
3324 1566 3392 1622 ad
3415 1567 3562 1623 illius

1961 1657 2231 1730 temporis
2274 1657 2552 1715 auditores
2579 1705 2592 1725 ,
2642 1667 2700 1713 ut
2745 1658 2949 1714 iaciant
2985 1668 3181 1715 cuncta
3210 1700 3226 1723 ,
3261 1673 3382 1730 quae
3413 1667 3562 1714 recta

1961 1762 2088 1807 sunt
2107 1794 2122 1818 ,
2154 1762 2208 1807 et
2238 1760 2432 1822 parent
2461 1765 2520 1807 se
2541 1751 2798 1806 adventui
2826 1749 3152 1818 Salvatoris,
3176 1749 3302 1822 quia
3330 1750 3451 1821 ipse
3479 1759 3568 1807 est

235 1845 564 1920 Utcumque
591 1863 652 1905 se
683 1847 849 1905 habet
875 1851 1157 1904 nominum
1180 1849 1512 1921 proprietas,
1539 1849 1641 1904 hoc
1667 1850 1852 1905 dicen-
1886 1846 1928 1905 Β
1952 1847 2159 1919 jnstilia
2176 1847 2619 1902 etmisericortlia
2646 1845 2766 1902 Dei.
2789 1845 2845 1903 Si
2873 1845 3019 1901 cnim
3047 1845 3408 1916 cogitationes
3433 1841 3564 1916 San:

236 1938 369 1996 dum
399 1948 517 2003 est,
550 1941 698 2012 quod
727 1942 875 1996 mala
894 1950 1179 1998 vertantur
1209 1940 1264 1997 in
1297 1943 1459 2003 bona.
1489 1952 1544 1997 et
1587 1957 1684 2013 pro
1715 1942 1860 1998 vitiis

240 2045 554 2092 nascantur
605 2037 867 2103 virtutes,
898 2035 950 2091 id
996 2045 1104 2102 est,
1142 2051 1243 2107 pro
1286 2037 1590 2108 iniquitate.
1614 2037 1857 2107 justitia;

237 2142 340 2198 pro
371 2129 711 2196 temeritate,
747 2129 1036 2192 fortitudo;
1064 2146 1164 2202 pro
1186 2131 1427 2195 luxuria,
1462 2133 1855 2203 temperantia;

241 2237 341 2292 pro
365 2222 635 2292 stultitia,
684 2223 996 2292 prudentia.
1024 2224 1229 2281 Demus
1259 2225 1511 2295 exempla
1538 2227 1806 2297 majorum
1841 2247 1855 2284 :

241 2314 537 2372 lllatthzeus
567 2325 626 2371 et
664 2315 928 2373 Zachteus
954 2328 1006 2373 et
1032 2318 1324 2388 publicani,
1349 2319 1651 2374 saliuncula
1678 2329 1856 2389 erant,

243 2416 300 2462 et
324 2409 630 2476 στοιϐἠ,¹θι
653 2412 854 2482 stirpes
882 2412 1127 2474 inutiles.
1152 2424 1204 2470 et
1227 2417 1410 2481 κονύζη
1425 2416 1596 2470 amari
1620 2419 1855 2486 saporis,

195 2507 198 2510 ’
245 2510 298 2556 et
325 2503 524 2558 odoris
555 2502 847 2568 teterrimi,
881 2503 1165 2562 dicentes:
1197 2505 1633 2580 Computruerunt
1663 2518 1710 2562 et
1738 2525 1855 2563 cor-

245 2604 419 2666 rupta:
458 2605 582 2650 sunt
631 2595 894 2651 cicatrices
941 2613 1087 2665 mete,
1129 2615 1162 2651 a
1191 2600 1327 2669 facie
1381 2600 1690 2672 insipientia:
1733 2616 1858 2656 mea:

247 2687 366 2765 (Ps.
397 2690 720 2760 xxsvtt,6).
751 2691 843 2747 Isti
910 2693 963 2747 itt
1004 2691 1296 2763 Apostolus
1352 2703 1574 2760 repente
1639 2693 1853 2760 mutati,

245 2779 375 2839 tacti
409 2793 544 2840 sunt
571 2787 910 2856 cyparissus,
929 2796 984 2842 et
1011 2785 1187 2856 abies,
1205 2795 1261 2841 et
1290 2797 1522 2857 myrtus,
1549 2785 1736 2842 odoris
1761 2801 1859 2856 op-

247 2876 392 2945 timi,
418 2887 474 2935 et
521 2880 574 2933 in
619 2879 768 2934 varia
811 2893 979 2949 opera
1035 2880 1353 2935 necessarii.
1389 2879 1587 2935 Paulus
1635 2894 1856 2951 quoquc

246 2980 572 3041 persecutor
601 2970 890 3038 Ecclesiae,
931 2973 1148 3040 quando
1193 2971 1452 3027 audiebat
1503 2988 1529 3024 a
1587 2972 1851 3028 Domino:

248 3061 440 3131 Saule,
471 3061 662 3130 Saule,
685 3066 810 3134 quid
849 3081 928 3119 me
952 3067 1312 3138 persequeris?
1341 3063 1546 3142 Durum
1561 3075 1638 3122 est
1669 3077 1854 3120 contra

247 3157 522 3211 stimulum
556 3157 831 3211 calcitrare
864 3157 1000 3230 (Act.
1043 3175 1120 3226 ιι,
1150 3157 1206 3226 4,
1235 3158 1317 3231 5),
1351 3158 1518 3213 urtica
1567 3168 1708 3226 erat,
1757 3159 1850 3214 ha-

1963 1949 2182 1995 ctorum
2221 1938 2426 2009 judicia
2459 1949 2618 1994 sunt:
2651 1948 2708 1993 et
2736 1936 2764 1976 ι’
2791 1937 3126 1994 exercitatos
3161 1951 3356 1994 sensus
3382 1937 3448 1992 ad
3478 1935 3563 1992 di-

1962 2033 2290 2089 scretionem
2325 2032 2449 2088 beni
2479 2047 2543 2088 ac
2571 2031 2700 2087 mali
2727 2031 2932 2088 habere
2975 2031 3242 2087 debemus
3270 2071 3286 2097 ,
3315 2045 3417 2086 cur
3451 2043 3560 2086 non

1962 2128 2107 2182 omni
2138 2135 2386 2196 tempore
2401 2125 2775 2182 custodiamus
2793 2125 3080 2196 judicium,
3097 2139 3167 2181 ne
3195 2123 3562 2196 deSpiciamus

1963 2237 2249 2292 personam
2302 2221 2557 2292 pauperis
2603 2223 2658 2276 in
2705 2219 2912 2290 judicio
2939 2262 2952 2286 ,
2996 2235 3065 2276 ne
3102 2219 3289 2274 divitis
3319 2217 3562 2289 potentia

1962 2329 2303 2376 terreamur:
2338 2317 2436 2374 sed
2469 2319 2540 2372 ita
2578 2331 2830 2388 magnum
2859 2315 3174 2386 judicemus
3201 2322 3259 2369 ut
3288 2327 3518 2383 parvmn
3543 2352 3561 2378 ,

1959 2415 2194 2470 scientes
2221 2413 2371 2484 juxta
2401 2412 2623 2484 Moysen
2648 2453 2662 2478 ,
2695 2411 2840 2482 quod
2886 2409 3104 2465 Domini
3146 2407 3416 2479 judicium
3444 2407 3556 2474 sit,

1959 2508 2047 2578 qui
2073 2505 2613 2578 judicatjudicantes
2640 2503 2819 2576 (Deut.
2856 2503 2896 2574 ι)
2920 2519 2935 2568 ;
2961 2503 3128 2576 655
3159 2505 3311 2571 juxta
3337 2499 3480 2572 quod
3503 2509 3560 2555 et

1960 2601 2013 2655 in
2047 2600 2258 2669 psalmo
2289 2597 2523 2669 legitur:
2561 2596 2699 2650 Deus
2729 2597 2870 2650 stetit
2907 2596 2958 2648 in
3001 2609 3268 2666 synagoga
3306 2592 3560 2648 deorum:

1960 2692 2014 2746 in
2039 2692 2208 2745 medio
2249 2701 2418 2744 autem
2459 2691 2580 2744 deos
2619 2688 2874 2759 dijudicat
2918 2685 3039 2759 (Ps.
3075 2699 3236 2740 Lxxxt
3261 2727 3277 2751 ,
3313 2684 3387 2755 1).
3429 2683 3563 2738 Huic

1959 2785 2104 2858 quod
2129 2800 2274 2842 nunc
2295 2785 2525 2840 dicitur:
2558 2783 2826 2838 Custodite
2845 2781 3139 2855 judicium,
3164 2790 3213 2835 et
3234 2779 3562 2851 facitejusti-

1961 2882 2118 2947 tiam,
2150 2880 2284 2936 illud
2312 2879 2491 2935 simile
2511 2885 2626 2935 est:
2658 2875 2807 2933 Beati
2825 2875 2914 2948 qui
2945 2874 3243 2930 custodiunt
3262 2870 3560 2943 judicium,

1959 2986 2005 3032 et
2033 2977 2232 3048 faciunt
2270 2975 2531 3046 justitiam
2556 2973 2608 3028 in
2641 2972 2779 3028 omni
2810 2981 3039 3040 tempore
3062 2966 3239 3041 (Psal.
3269 2981 3356 3032 cv,
3383 2962 3479 3037 3);
3505 2973 3562 3019 ut

1955 3071 2101 3141 juSte
2131 3067 2275 3142 quod
2303 3068 2508 3140 justum
2537 3075 2652 3130 est,
2685 3071 3102 3136 persequantur.
3131 3061 3471 3130 Quamquam
3505 3057 3560 3112 in

1959 3164 2188 3220 nomine
2211 3161 2438 3233 jnstitiae
2465 3201 2480 3226 ,
2510 3159 2690 3215 omnis
2717 3157 2849 3212 mihi
2872 3156 3121 3211 videatur
3150 3151 3450 3224 signiﬁcari
3481 3150 3566 3205 lo-

250 3247 387 3304 bens
417 3249 821 3320 persecutionis
860 3251 1102 3306 aculeos.
1132 3249 1362 3317 Quando
1389 3248 1556 3323 654
1583 3261 1764 3305 autem
1797 3251 1852 3306 in
1884 3245 1930 3308 C
1959 3273 2075 3326 cus,
2109 3258 2254 3329 quod
2283 3257 2376 3324 qui
2411 3271 2574 3310 unam
2599 3253 2870 3325 justitiam
2896 3250 3112 3315 fecerit,
3131 3258 3362 3304 cunctas
3392 3248 3563 3302 νίι-ιυ-

251 3351 366 3399 toto
387 3343 523 3400 orbe
551 3343 904 3415 Evangelium
932 3344 1264 3415 pra-dicavit,
1295 3356 1350 3401 et
1371 3345 1557 3401 dicere
1594 3356 1809 3414 poterat
1837 3363 1849 3400 :

250 3433 447 3492 Christi
475 3437 639 3492 bonus
663 3439 804 3508 odor.
826 3455 1005 3493 sumus
1037 3439 1102 3511 (ll
1131 3437 1251 3494 Cor.
1279 3455 1338 3506 ιι,
1368 3439 1476 3510 15),
1511 3448 1659 3494 recte
1689 3454 1855 3512 cypa-

250 3529 426 3586 rissus
455 3530 782 3602 appellatur,
809 3538 864 3586 et
892 3540 1118 3604 myrtus.
1153 3531 1470 3588 Meretrices
1497 3544 1549 3587 et
1579 3531 1853 3603 publicani

251 3624 602 3691 praeveniunt
649 3622 963 3678 Pbarisnros
1018 3623 1075 3679 in
1125 3639 1296 3695 regno
1343 3623 1466 3692 Dei,
1495 3634 1551 3680 et
1601 3625 1738 3680 laer
1784 3623 1856 3680 de

251 3728 418 3770 cruce
451 3714 647 3771 transit
674 3715 729 3771 in
764 3716 1074 3786 paradisum
1105 3715 1325 3788 (Matth.
1373 3719 1513 3785 XXI).
1545 3716 1690 3787 Ergo
1718 3717 1855 3774 illud

249 3812 391 3882 quod
417 3811 471 3867 in
497 3810 800 3883 Evangelia
823 3811 1026 3867 dicitur
1059 3827 1071 3864 :
1101 3809 1225 3866 Non
1251 3821 1416 3883 potest
1437 3811 1599 3866 arbor
1613 3810 1748 3866 bona
1771 3815 1856 3884 fa-

253 3919 367 3959 cere
407 3906 615 3976 fructus
641 3906 809 3959 malos
835 3903 990 3978 (Luc.
1019 3920 1097 3971 Vl,
1124 3906 1230 3970 45;
1264 3903 1455 3960 Matth.
1487 3920 1580 3971 vtt,
1615 3903 1724 3976 l8),
1755 3921 1854 3961 ne-

251 4011 525 4069 quaquam
569 3998 804 4055 refertur
831 3999 896 4053 ad
943 4009 1155 4054 natura:
1185 4001 1602 4071 proprietatem,
1634 4009 1693 4054 ut
1743 3999 1857 4054 bre-

253 4094 409 4150 retici
464 4093 822 4160 volunt,sed
862 4094 927 4148 ad
983 4093 1185 4150 mentis
1236 4094 1547 4150 arbitrium.
1607 4094 1855 4166 Denique

252 4185 485 4242 infertur
515 4205 528 4242 :
563 4189 667 4242 Aut
704 4188 861 4258 facile
887 4186 1128 4242 arborem
1161 4187 1368 4249 bonam,
1399 4197 1446 4241 et
1493 4191 1692 4259 [ructus
1743 4190 1856 4260 ejus

254 4281 430 4338 bonos.
457 4280 540 4336 Ex
575 4296 686 4353 quo
727 4284 1070 4354 perSpicuum
1110 4294 1214 4348 est,
1247 4298 1696 4355 unumquemque
1731 4299 1858 4354 pro-

253 4377 365 4446 pria
397 4376 680 4432 voluntate
710 4377 893 4432 facere
923 4377 1162 4432 animam
1191 4393 1343 4434 suam
1359 4376 1468 4450 [ΑΙ.
1494 4378 1689 4433 anima:
1717 4377 1852 4450 sum]

253 4466 448 4525 bonam
478 4469 564 4525 vel
590 4469 790 4524 malam
819 4469 1093 4537 arborem,
1115 4470 1274 4542 cujus
1296 4471 1504 4527 fructus
1544 4472 1678 4527 varii
1701 4481 1851 4526 sunt.

252 4561 510 4634 Sequitur
545 4581 556 4617 :
589 4560 658 4617 Et
683 4563 783 4616 erit
814 4561 1071 4618 Dominus
1110 4564 1166 4618 in
1213 4580 1400 4620 nomen
1449 4576 1495 4620 et
1536 4565 1592 4620 in
1647 4565 1854 4639 signum

1959 3359 2040 3407 tes
2066 3349 2320 3422 implesse
2359 3349 2577 3404 dicatur
2619 3361 2743 3417 quae
2773 3345 3008 3400 invicem
3042 3357 3102 3399 se
3129 3349 3433 3412 sequuntur
3457 3383 3472 3408 ,
3507 3347 3564 3395 et

1957 3445 2058 3500 sibi
2079 3444 2320 3500 luerent:
2349 3442 2422 3498 ita
2447 3442 2610 3513 utqui
2637 3455 2799 3496 unam
2822 3437 3096 3504 habuerit,
3123 3450 3314 3490 omnes
3342 3432 3561 3499 habeat,

1958 3548 2014 3594 et
2043 3539 2135 3608 qui
2166 3551 2272 3594 una
2317 3536 2596 3601 caruerit,
2644 3533 2857 3589 cunctis
2899 3538 3107 3586 careat.
3153 3527 3285 3583 Tale
3330 3525 3458 3596 quid
3507 3533 3564 3579 et

1957 3641 2188 3704 quartus
2212 3631 2456 3688 decimus
2485 3629 2728 3700 psalmus
2757 3634 2945 3683 sonat:
2980 3623 3084 3692 Qui
3114 3620 3346 3676 ambulat
3374 3619 3563 3672 imma-

1957 3726 2164 3782 culatus
2193 3767 2208 3792 ,
2239 3736 2287 3780 et
2325 3734 2574 3796 operatur
2605 3724 2875 3797 justitiam
2900 3719 3021 3792 (Ps.
3052 3734 3139 3772 xiv
3165 3759 3180 3782 ,
3212 3713 3292 3785 2).
3335 3713 3405 3769 Et
3431 3712 3558 3768 alibi

1958 3820 2224 3889 scriptum
2254 3828 2368 3875 est:
2396 3817 2666 3872 Justitiam
2693 3816 2877 3870 discite
2901 3814 2992 3880 qui
3017 3809 3262 3866 habitatis
3283 3823 3439 3874 super
3462 3817 3564 3860 ter-

1958 3929 2072 3967 ram
2105 3910 2258 3984 (Isai.
2295 3926 2439 3976 xxvt,
2466 3910 2545 3982 9).
2575 3908 2728 3978 Quod
2760 3916 2945 3962 autem
2972 3903 3244 3968 Salvator,
3269 3901 3361 3972 qui
3386 3898 3565 3954 factus

1959 4018 2043 4063 est
2071 4005 2230 4061 nobis
2251 4005 2462 4074 juStitia
2491 4045 2506 4067 ,
2549 4016 2603 4058 et
2633 4000 2898 4056 sanctitas
2924 4039 2939 4064 ,
2973 4007 3028 4053 et
3059 3992 3368 4065 redemptio
3395 4033 3411 4058 ,
3445 3993 3562 4062 ipse

1960 4100 2030 4154 sit
2053 4097 2431 4154 misericordia
2459 4095 2555 4150 Dei
2585 4094 2630 4168 (ι
2659 4091 2782 4149 Cor.
2817 4094 2860 4162 l)
2884 4132 2900 4157 ,
2933 4098 3249 4147 sanctorum
3282 4083 3446 4140 verba
3479 4091 3564 4138 te-

1959 4203 2204 4248 stantur:
2241 4190 2304 4245 Et
2328 4191 2462 4244 misit
2486 4187 2632 4244 Deus
2664 4184 3076 4241 misericordiam
3101 4196 3272 4247 suam,
3300 4187 3347 4234 et
3377 4177 3566 4234 verita-

1961 4295 2060 4340 tem
2088 4302 2238 4340 suam
2269 4283 2386 4357 (Ps.
2420 4300 2530 4351 LVI,
2554 4282 2634 4355 4).

2033 4380 2216 4454 (Vers.
2247 4378 2329 4453 2.)
2352 4378 2547 4433 Beatus
2570 4378 2648 4432 vir
2686 4379 2772 4448 qui
2805 4375 2934 4446 facit
2965 4378 3082 4437 hoc,
3101 4381 3146 4426 et
3180 4371 3320 4440 [ilius
3343 4367 3568 4424 hominis

1959 4476 2048 4546 qui
2077 4471 2431 4546 apprehendet
2462 4470 2603 4527 istud
2625 4487 2644 4526 :
2677 4470 2975 4526 custodiens
2997 4467 3271 4522 sabbatum
3301 4507 3316 4531 ,
3349 4479 3414 4519 ne
3452 4461 3571 4535 pol-

1962 4569 2070 4624 luat
2111 4568 2282 4622 illud:
2311 4568 2613 4622 custodiens
2655 4582 2848 4621 manus
2888 4581 3010 4618 suas
3036 4603 3052 4630 ,
3094 4578 3158 4616 ne
3205 4561 3366 4633 faciat
3416 4573 3569 4612 omne

249 4657 644 4728 sempiternum,
671 4657 811 4726 quod
849 4674 952 4713 non
999 4657 1228 4727 deficiet.
1266 4659 1383 4728 llis,
1434 4660 1526 4729 qui
1589 4659 1658 4714 de
1710 4659 1855 4715 malo
1882 4651 1937 4714 Ι)
1963 4663 2184 4716 malum.
2209 4659 2388 4715 LXX:
2416 4659 2609 4714 Beatus
2638 4661 2716 4713 uir
2743 4658 2832 4730 qui
2857 4657 3012 4728 faciet
3042 4655 3153 4710 haec
3181 4695 3197 4719 ,
3229 4663 3276 4709 et
3296 4650 3452 4707 homo
3480 4652 3568 4719 qui

251 4751 570 4807 commutati
586 4751 792 4807 fuerint
819 4752 1120 4817 inhenum,
1149 4755 1257 4808 erit
1285 4754 1554 4810 Dominus
1578 4754 1630 4808 in
1651 4769 1853 4810 nomen

251 4846 375 4901 etin
402 4847 622 4918 signum
653 4855 941 4913 aeternum,
978 4857 1035 4901 ut
1063 4860 1127 4900 ex
1168 4847 1346 4917 ipsius
1383 4848 1728 4918 appellentur
1757 4863 1856 4901 no-

253 4943 395 4998 mine
424 4941 752 5006 Christiani,
785 4950 842 4997 et
879 4941 1061 4997 crucis
1107 4939 1227 5010 ejus
1265 4941 1552 4998 imirantur
1587 4943 1855 4997 cauterio.

251 5031 325 5089 De
353 5051 461 5105 quo
489 5035 647 5106 signo
677 5033 903 5090 Simeon
935 5042 1133 5089 tenens
1166 5033 1304 5088 ulnis
1336 5036 1640 5103 parvulum,
1667 5035 1859 5103 loque-

251 5127 411 5185 batur
443 5146 458 5183 :
489 5129 597 5184 Hic
618 5130 714 5184 erit
746 5130 800 5184 in
823 5130 1032 5184 ruinam
1065 5137 1114 5183 et
1137 5129 1192 5184 in
1218 5131 1645 5184 resurrectionem
1669 5129 1855 5184 multo-

251 5239 382 5285 rum,
414 5234 460 5278 et
513 5225 569 5276 in
626 5224 852 5292 signum,
883 5223 971 5276 cui
1025 5219 1414 5278 contradicetur
1437 5222 1591 5296 (Luc.
1619 5237 1679 5288 tt,
1714 5220 1808 5293 34)
1837 5240 1852 5278 :

251 5316 317 5373 de
345 5332 453 5387 quo
475 5325 532 5373 et
562 5315 937 5387 supradictum
965 5325 1087 5373 est:
1118 5315 1278 5372 Dabit
1303 5315 1446 5371 vobis
1477 5314 1735 5370 Dominus
1785 5317 1858 5371 si-

321 5543 346 5571 ιι
378 5534 532 5588 Hanc
562 5532 855 5588 lectionem
883 5531 1168 5589 Victorius
1189 5529 1400 5598 pridem
1431 5529 1694 5593 restituit,
1719 5543 1854 5585 mss.

251 5607 425 5662 nostri
462 5605 628 5676 plane
661 5603 1014 5676 confirmant.
1040 5603 1389 5661 Martianreus
1419 5612 1604 5676 tamen
1635 5617 1701 5656 ex
1733 5601 1858 5657 aliis

249 5678 437 5804 Erepto
465 5674 632 5733 sensu
676 5677 872 5731 maluit
905 5717 918 5739 ,
968 5675 1132 5732 elixus
1164 5691 1345 5730 carnes
1387 5674 1646 5746 sanguine
1688 5688 1858 5729 come-

285 5759 402 5804 unt.

424 5820 697 5890 Sanguine
726 5820 1018 5883 comedunt.
1044 5817 1317 5886 Matienus
1346 5817 1578 5892 mutavit
1607 5817 1754 5892 hunc
1775 5817 1858 5874 lo-

251 5894 405 5962 cum;
437 5887 572 5964 legit
593 5893 740 5946 enim
775 5903 820 5948 ct
847 5892 1012 5948 etiam
1044 5894 1226 5947 carn‘es
1245 5887 1694 5963 Agtiicontedunt.
1719 5887 1858 5958 Qua

1959 4758 2146 4812 retinet
2170 4757 2271 4809 ista
2295 4795 2312 4822 ,
2341 4764 2386 4810 et
2413 4754 2636 4809 custodit
2661 4754 2898 4816 sabbata,
2933 4759 2987 4806 ut
3011 4767 3114 4805 non
3141 4752 3383 4822 profanet
3405 4763 3488 4812 ea,
3516 4753 3568 4801 et

1957 4857 2128 4905 servat
2179 4863 2358 4902 manus
2403 4863 2527 4903 suas
2553 4891 2567 4913 ,
2616 4863 2679 4902 ne
2720 4847 2879 4918 faciat
2913 4845 3260 4916 iniquitatem.
3292 4840 3394 4910 Qui
3439 4853 3564 4894 cum

1960 4943 2208 5015 apostolo
2230 4940 2400 4996 Paulo
2425 4948 2604 5010 potest
2629 4937 2846 4994 dicere:
2873 4937 3095 5004 Quando
3117 4953 3260 4993 erant
3289 4932 3561 5004 parvulus,

1961 5038 2210 5110 loquebar
2234 5044 2289 5090 ut
2310 5035 2596 5108 paruulus:
2623 5043 2677 5088 ut
2699 5031 2949 5108 parvulus
2977 5031 3262 5102 sepiebant,
3291 5037 3348 5083 ut
3372 5040 3565 5097 paruu-

1964 5130 2044 5186 lus
2075 5129 2398 5202 cogitabam;
2429 5138 2705 5200 postquam
2728 5131 2902 5200 factus
2929 5142 3045 5181 sum
3073 5127 3171 5190 vir,
3196 5119 3443 5177 dextruxi
3464 5135 3528 5174 ea
3547 5162 3560 5186 ,

1962 5237 2081 5294 qua:
2123 5221 2333 5292 parvuli
2365 5229 2485 5274 sunt
2513 5219 2557 5293 (Ι
2598 5215 2724 5273 Cor.
2770 5232 2866 5273 xm
2894 5258 2910 5283 ,
2946 5217 3071 5285 ll):
3105 5217 3208 5270 iste
3237 5218 3564 5282 praesentem

1963 5317 2324 5389 consequitur
2353 5311 3177 5385 beatitudinem,przetcritorum
3201 5305 3563 5370 obliviscens,

1961 5527 2130 5586 lectio
2159 5526 2422 5598 optimum
2476 5525 2659 5598 habet
2697 5534 2948 5598 sensum,
3008 5527 3170 5598 atque
3224 5511 3566 5598 prmfgcnda

1961 5583 2262 5667 videretur,
2297 5598 2343 5654 si
2386 5595 2744 5665 manuscripti
2794 5583 3015 5647 codices
3064 5583 3243 5667 eidem
3303 5583 3566 5657 suffraga-

1961 5657 2174 5731 rentur.
2249 5657 2261 5667 ’
2671 5657 2684 5665 ’
3181 5657 3453 5731 Msn'rtttv.

2032 5743 2063 5785 ιι
2095 5745 2211 5798 Duo
2231 5740 2581 5798 Ambrosian.
2609 5751 2744 5795 mss.
2771 5751 2786 5791 :
2803 5732 3011 5808 judicia
3026 5739 3171 5798 sunt,
3191 5745 3307 5802 qua
3327 5729 3395 5784 ad
3417 5745 3562 5786 exer-

1963 5818 2150 5873 citatos
2179 5830 2381 5882 sensus,
2412 5823 2519 5870 etc.
