2002 3574
271 187 325 215 55‘)
898 186 927 213 S.
951 184 1083 213 EUSEBII
1104 182 1293 212 IIIERONYMI
1839 187 1877 216 5l0

270 251 298 274 et
313 252 324 264 ίι
340 248 366 274 in
382 246 501 274 futurum
513 254 543 274 so
556 245 811 278 extendensdmiee
825 246 962 280 perieuiat
974 245 999 272 iii
1011 245 1073 271 uni-
1087 247 1110 276 Α
1126 243 1255 278 liziptizati
1270 265 1276 275 ,
1296 242 1433 271 Christum
1457 243 1603 270 induerunt
1629 242 1718 278 (Galat.
1742 243 1774 280 ν).
1789 244 1835 271 Non
1847 250 1878 273 est

273 298 355 320 tatem
373 293 446 325 lidei,
458 297 484 320 et
498 293 684 328 cognitionem
702 292 761 319 Filii
779 292 841 325 Dei,
859 292 886 319 in
903 292 989 318 Virmn
1008 298 1071 326 per-

273 339 385 372 lectum,
399 340 424 366 in
442 347 597 366 mensuram
615 339 705 367 uitatis
721 338 897 373 plenitudinis
910 338 1031 370 Christi;
1046 342 1074 364 ut

272 386 296 413 ei
315 386 434 420 pi'timlts
449 386 495 412 ille
515 386 603 413 valeat
622 388 760 420 cooptari:
786 385 881 412 Beatus
903 386 941 412 iiir
962 385 1007 420 qui
1023 393 1074 411 non

273 433 335 459 abiit
352 432 377 459 in
397 432 503 459 consitio
516 433 653 466 impiorum
670 432 728 467 (Ps.
746 440 753 459 ι
768 452 775 465 ,
793 433 830 467 ι).
849 432 902 459 Iste
917 432 998 467 igitur
1010 431 1052 458 vir
1064 453 1071 465 ,

274 484 302 506 et
314 479 384 505 lilillS
400 479 539 507 interioris
557 479 674 506 hominis
689 500 696 510 ,
713 479 746 506 de
762 487 816 514 quo
833 480 859 506 iii
875 479 996 506 Lei‘itico
1011 487 1073 505 cre-

274 527 349 554 brius
365 527 469 554 dicitur
485 536 491 554 :
512 527 606 559 Homo,
624 527 699 554 homo
721 526 814 563 (Leuit.
833 535 885 554 xvti
899 548 905 559 ,
929 527 958 562 8)
973 536 978 553 :
996 527 1021 553 in
1042 535 1074 553 eo

275 574 371 601 beatus
393 578 453 607 est,
480 574 553 609 quod
579 573 644 601 facit
670 575 787 609 primum
807 595 814 607 ,
838 579 864 600 ct
889 573 1076 609 npprehetnlet

275 622 350 649 huic:
373 621 506 656 judicium
528 622 637 649 scilicet
658 627 740 656 atque
764 621 898 656 justitiam
914 626 940 649 et
959 621 1073 648 salutem

275 667 400 701 Domini,
418 675 478 702 quae
496 675 580 703 prope
597 672 658 700 est,
674 674 701 695 et
722 667 828 694 cunctis
849 667 976 702 gentibus
998 674 1075 693 reve-

274 713 411 741 iaiid:i:iit
424 722 477 741 non
494 715 581 741 solum
598 714 678 741 l'aciat
693 714 765 750 quod
783 718 948 748 praeceptum
964 716 1015 745 est,
1028 712 1074 739 scd

276 762 370 788 stricta
398 767 491 789 teneat
515 770 615 794 manu;
641 767 668 790 et
689 762 828 790 custodiat
852 761 1015 793 sabbatum,
1043 768 1076 787 ne

275 808 378 842 polluat
393 808 475 836 illud:
493 809 571 843 Quod
586 811 621 836 sit
636 815 727 837 autem
744 810 886 837 sabbatum
897 831 903 842 ,
917 809 988 844 quod
1007 817 1076 844 prie—

275 855 346 889 cepit
360 855 575 888 observandum,
592 864 710 891 sequens
727 864 821 884 VCI‘MIS
836 856 954 883 intendit
966 865 972 882 :
985 857 1076 883 (Insito-

277 901 349 928 dieus
363 910 454 929 manus
560 912 631 935 suas,
645 912 675 930 ne
690 904 852 938 ['aciatomne
864 904 970 929 malunt.
984 903 1076 937 Neque

1124 290 1234 318 luds-us
1248 296 1275 317 et
1291 291 1433 323 Ethnieus,
1449 291 1625 317 Circumcisio
1638 295 1663 317 et
1675 290 1878 327 Pratputiiiui,qui-

1124 337 1174 364 bus
1191 337 1217 364 in
1232 337 1436 364 Dculeronomil
1455 337 1535 372 657
1553 337 1702 371 pra-cipitur
1715 337 1825 365 Caulico:
1837 338 1879 366 La:-

1124 385 1215 410 tamini
1228 388 1315 419 gentes
1328 391 1385 409 cum
1401 384 1496 417 populo
1512 385 1581 419 ejus,
1591 383 1617 409 id
1632 387 1681 415 est,
1691 383 1733 409 Dei
1744 385 1782 418 qui
1795 385 1880 417 priorem

1125 430 1212 456 habuit
1226 431 1349 466 populum
1361 430 1513 457 .ludwornm
1529 430 1619 466 (Deut.
1637 438 1728 464 Χκιιιι,
1743 431 1792 466 45).
1803 432 1844 465 Qui
1856 433 1881 460 de

1124 475 1235 503 Oriente
1247 481 1273 502 ct
1289 476 1438 503 Occidente
1453 476 1596 503 venientes
1606 497 1613 508 ,
1630 476 1791 509 requieseeiit
1803 478 1824 504 in
1835 478 1881 505 sinu

1124 522 1273 550 Abraham.
1292 523 1347 562 lloc
1360 528 1401 550 est
1412 523 1482 557 quod
1496 527 1523 550 et
1533 522 1653 550 Joannes
1667 523 1774 558 Baptista
1786 524 1881 552 dicebat:

1126 569 1160 596 Et
1175 578 1205 596 ue
1220 570 1312 596 dicatis
1326 590 1332 603 ,
1349 575 1448 605 patrem
1462 569 1586 597 habemus
1607 570 1743 596 Abi-aliam.
1763 570 1820 598 Dico
1831 572 1882 598 enim

1125 618 1211 645 t-obis:
1229 617 1321 644 Potens
1335 622 1371 645 est
1384 617 1451 645 Deus
1462 618 1494 644 de
1503 617 1634 653 lapidibus
1648 618 1702 644 istis
1716 618 1824 644 suscitare
1833 619 1884 651 ﬁlios

1126 665 1235 692 Atmdue
1253 664 1367 700 (Matth.
1391 672 1440 696 ιιι,
1464 665 1510 699 9).
1539 666 1570 692 Et.
1595 665 1730 700 quomodo
1747 664 1771 692 in
1790 666 1883 701 prosely-

1128 713 1161 739 iis
1177 721 1229 739 non
1242 716 1284 738 est
1303 712 1355 739 ulla
1371 711 1517 739 diversitas
1531 731 1538 744 .
1553 711 1601 739 sed
1621 717 1647 739 et
1661 712 1708 739 viri
1725 716 1748 738 et
1761 711 1849 738 femina!
1858 712 1883 739 ad

1126 760 1242 787 salutem
1259 759 1361 794 pariter
1380 760 1577 786 vocantiirzsic
1593 764 1620 786 et
1639 759 1665 786 in
1685 758 1805 786 eiinuehls
1816 758 1851 794 qui
1863 766 1885 786 se

1126 809 1316 833 castraverunt
1332 809 1444 840 propter
1459 812 1540 839 regna
1555 804 1697 837 caelorum,
1709 810 1809 838 uterque
1825 811 1885 831 senis

1127 851 1280 885 accipitur;
1303 852 1347 886 qui
1366 850 1602 878 iiiortilicaveiuiit
1626 851 1741 878 membra
1764 857 1804 876 sua
1824 857 1885 884 super

1128 903 1229 924 terrain
1243 918 1251 930 ,
1267 897 1478 924 fornicationem
1491 917 1498 929 ,
1515 897 1711 924 immunditiam
1725 917 1731 927 ,
1745 896 1884 930 passi0iiem,

276 949 347 976 enim
374 949 484 983 prodest
507 950 603 977 sedere
619 950 646 977 in
667 951 800 983 sabbato,
817 950 875 977 sive
889 949 1011 977 dormire
1025 970 1032 982 ,
1050 954 1075 976 et

1129 944 1292 971 desiderium
1317 944 1416 970 malum
1441 953 1448 971 :
1472 944 1560 971 donec
1595 943 1751 977 perveniant
1771 950 1850 969 omnes
1867 943 1886 968 iii

275 995 362 1029 epulis
377 995 495 1023 inhiare.
512 996 564 1024 Sed
581 997 602 1023 si
620 997 689 1024 bona
706 996 818 1028 facietis,
834 998 956 1030 qiiieSeat
977 997 1003 1023 iii
1020 1004 1076 1023 ma-

275 1042 308 1069 lis
322 1063 329 1075 ,
355 1048 382 1070 et
404 1044 467 1078 juge
484 1044 634 1077 iniquitatis
651 1045 747 1071 habeat
768 1045 910 1072 sabbatum
928 1066 934 1076 ,
960 1044 985 1071 id
1007 1048 1050 1071 est
1068 1065 1075 1077 ,

276 1090 375 1123 otium,
392 1086 479 1126 eique
495 1097 598 1118 tantum
617 1092 707 1125 iaciat,
722 1100 782 1127 qum
797 1092 829 1119 ad
846 1094 943 1119 anima:
959 1092 1074 1119 salutem

278 1136 425 1171 pertinent,
440 1142 467 1164 et
481 1138 514 1165 ad
526 1146 608 1165 omne
624 1146 692 1173 opus
708 1139 809 1166 servile
822 1148 875 1166 non
891 1144 1007 1166 moveat.
1025 1139 1075 1172 Qui

276 1183 348 1210 enim
364 1183 427 1210 facit
437 1190 592 1219 peccatum,
611 1192 707 1213 servus
723 1191 763 1213 est
781 1187 881 1220 peccati
900 1185 991 1219 (Joan.
1006 1186 1073 1221 Vill).

277 1228 332 1255 Nos
347 1234 437 1257 autem
453 1230 480 1257 in
494 1231 646 1258 libertatein
661 1232 748 1259 vocati
762 1241 864 1264 sumus,
882 1240 933 1267 qua
950 1233 1077 1260 libertate

276 1274 384 1302 donavit
402 1283 451 1303 nos
463 1275 587 1304 Christus
603 1277 703 1313 (Galat.
721 1278 771 1315 iv),
784 1284 812 1305 tit
828 1287 997 1314 nequaquam
1011 1287 1078 1313 Ope-

278 1330 370 1349 remur
380 1324 488 1357 cibniii,
514 1326 559 1359 qui
578 1326 643 1359 perit
657 1333 668 1357 ;Δ
684 1326 730 1352 sed
749 1326 920 1354 adlimreiites
938 1326 1053 1353 Domino
1067 1347 1075 1359 ,

278 1368 402 1397 dicamus
417 1378 478 1398 cuni
499 1371 650 1407 Propheta:
669 1372 735 1399 Mihi
757 1379 843 1400 autem
866 1373 999 1401 adha’rt’rc
1023 1374 1077 1401 Deo

279 1415 372 1443 bonum
387 1422 423 1444 est
440 1417 499 1454 (Ps.
521 1427 591 1445 Lxxii
606 1440 613 1451 ,
629 1419 687 1454 28).
706 1419 863 1447 Ellicianiur
884 1428 945 1447 cum
961 1429 994 1448 eo
1008 1429 1078 1449 unus

279 1464 400 1498 spiritus,
413 1466 627 1501 iinpleaiiiusque
643 1467 755 1494 sabbata
770 1466 783 1486 ιι
797 1467 933 1500 dedicata,
948 1476 981 1495 ne
992 1469 1078 1496 simus

279 1512 312 1538 de
327 1519 374 1539 sex
387 1512 492 1545 diebus,
510 1514 536 1540 in
551 1514 649 1548 quibus
665 1514 752 1542 factus
764 1520 805 1542 εει
821 1515 955 1549 mundus,
971 1515 1004 1543 de
1020 1517 1079 1551 qiii-

282 1558 329 1585 bus
345 1560 468 1593 Apostoli
485 1568 537 1587 non
549 1565 637 1594 erant,
646 1562 744 1596 quibus
756 1561 887 1589 Dominus
900 1562 1077 1596 loquebatur:

282 1604 313 1632 Si
327 1606 413 1632 essetis
428 1606 459 1633 de
474 1607 571 1634 mundo
586 1608 634 1634 isto
646 1628 654 1640 ,
672 1609 783 1635 mundus
803 1609 889 1643 utique
903 1614 1000 1635 amaret
1011 1609 1080 1643 quod

279 1662 355 1680 suum
378 1659 422 1681 est.
441 1654 519 1682 Nunc
535 1661 619 1682 autem
639 1664 689 1683 non
704 1657 763 1683 estis
778 1656 810 1683 dc
825 1657 921 1683 mundo
936 1657 983 1683 isto
995 1680 1001 1690 ,
1018 1658 1078 1691 quia
1093 1643 1113 1673 ε

281 1700 346 1735 elegi
363 1710 405 1728 eos
418 1724 425 1736 ,
440 1707 465 1729 et
479 1702 575 1729 idcirco
590 1703 643 1730 odit
657 1711 700 1730 vos
719 1703 830 1730 mundus
844 1704 935 1739 (Joan.
952 1712 1001 1736 xv,
1021 1704 1077 1739 l9).

318 1748 409 1783 (νει-5.
425 1749 466 1784 5.)
485 1750 516 1776 Et
533 1758 582 1777 non
598 1751 668 1776 dicat
682 1750 752 1785 ﬁlius
764 1751 871 1777 aduente
884 1771 890 1782 ,
905 1751 948 1785 qui
962 1751 1079 1777 adurere!

282 1793 394 1822 Domino
407 1818 413 1829 ,
435 1797 540 1824 dicens:
560 1797 730 1833 Separatione
744 1798 839 1824 dividet
860 1806 900 1824 me
924 1796 1050 1824 Dominus
1064 1807 1079 1824 a

282 1843 378 1876 populo
394 1850 457 1868 suo:
479 1847 502 1868 et
522 1851 572 1870 non
592 1844 660 1869 dirat
676 1843 825 1870 eiuiurhns:
840 1843 905 1870 Ecce
918 1852 964 1879 ego
979 1844 1079 1879 lignum

282 1888 395 1916 aridum.
411 1889 494 1916 LXX:
512 1890 551 1917 Ne
564 1890 633 1917 dicat
647 1891 792 1925 alienigena
805 1913 811 1925 ,
827 1891 871 1926 qui
890 1892 1024 1925 appositus
1044 1896 1080 1918 est

283 1934 395 1962 Domino
405 1944 415 1963 ε
430 1935 545 1963 Putasne
560 1942 659 1972 separet
674 1946 713 1963 me
730 1937 857 1964 Dominus
871 1946 886 1964 (ι
901 1937 998 1972 populo
1013 1939 1081 1965 suo?

281 1987 306 2008 et
320 1990 352 2008 ne
363 1982 433 2009 dicat
449 1982 581 2009 eunuchus
595 2004 601 2015 ,
618 1984 678 2019 quia
701 1992 747 2019 ego
765 1992 823 2012 sum
845 1985 942 2020 lignum
964 1985 1078 2011 aridum.

281 2027 333 2062 Qui
348 2029 486 2056 humiliter
502 2029 573 2057 hunc
587 2030 673 2057 locum
691 2031 858 2064 intelligunt,
873 2031 906 2058 ad
926 2031 1080 2066 proselytos

283 2082 316 2101 ex
333 2076 458 2109 gentibus
470 2081 496 2103 et
508 2084 573 2104 vere
581 2081 721 2105 eunuchos
733 2078 853 2105 referunt
870 2086 929 2113 quin
941 2079 1078 2110 dicuntur,

282 2122 353 2156 quod
371 2127 398 2148 et
414 2122 530 2150 advenio
545 2145 551 2156 ,
569 2124 590 2151 si
607 2124 692 2159 legem
718 2125 822 2152 Domitii
839 2124 1011 2158 susceperint
1024 2146 1030 2155 .
1053 2128 1082 2151 et

283 2167 523 2203 circumeitlantur,
537 2174 564 2196 et
578 2171 706 2203 eunuchi,
723 2170 810 2205 qualis
827 2172 875 2198 fuit
890 2170 1024 2198 Caudacis
1037 2171 1082 2197 ille

284 2213 387 2248 regina:
403 2214 470 2250 (Act.
488 2215 545 2250 uti)
559 2237 565 2247 ,
581 2217 626 2251 qui
641 2218 722 2244 etiam
739 2218 765 2244 iii
782 2218 880 2245 itinere
902 2218 1006 2245 otiosus
1020 2225 1081 2245 esse

285 2269 338 2288 non
355 2266 459 2296 poterat
472 2283 478 2294 ,
502 2268 528 2291 et
544 2264 606 2290 diiui
622 2265 718 2299 quierit
734 2266 910 2300 interpretem
932 2265 1059 2293 lectionis
1073 2287 1079 2298 ,

283 2308 423 2336 Christum
442 2311 543 2345 reperit
558 2319 637 2346 quem
654 2312 792 2348 quwrebat
806 2333 813 2345 ,
836 2320 889 2339 non
906 2314 960 2340 sint
974 2311 1079 2339 externi

284 2362 298 2382 a
314 2356 402 2383 salute
420 2357 476 2384 Dei.
496 2358 551 2385 lloc
573 2364 661 2387 autem
677 2381 683 2391 ,
705 2360 849 2395 inquiunt,
870 2360 969 2387 dicitur
985 2364 1079 2387 eontra

284 2403 395 2431 .Indaaos
408 2425 414 2436 ,
431 2405 476 2439 qui
496 2406 666 2433 nobilitatem
687 2409 789 2442 jactani
813 2408 922 2442 generis
938 2428 944 2439 ,
969 2412 995 2434 et
1012 2406 1082 2433 illius

284 2451 402 2479 Abraha:
418 2459 447 2479 se
461 2460 523 2479 esse
537 2454 640 2486 dii-init,
657 2459 683 2481 et
699 2455 791 2481 beatth
807 2459 903 2489 putant
918 2455 963 2489 qui
981 2454 1083 2482 habent

284 2505 377 2525 semen
405 2499 431 2526 in
454 2499 519 2526 Sion
533 2520 540 2532 ,
558 2504 582 2526 et
601 2500 765 2528 domesticos
781 2502 806 2528 in
822 2501 974 2529 Jerusalem
988 2500 1079 2537 (Joan.

282 2544 352 2580 viii).
366 2545 420 2573 Nos
441 2551 533 2573 autem
549 2554 616 2582 quos
630 2554 712 2582 supra
731 2556 778 2582 per
794 2549 975 2576 saliiinculain
997 2553 1024 2576 et
1037 2557 1082 2575 iir-

282 2592 363 2618 ticam
381 2597 407 2619 et
422 2595 521 2625 κονόζην
536 2598 562 2620 et
578 2595 685 2624 στοιϐὴν
701 2596 871 2629 interpretati
891 2603 984 2622 sumus
1013 2596 1080 2630 (δτι-ι

282 2646 329 2672 pro
341 2639 375 2664 ad
390 2646 448 2673 cap.
460 2640 516 2674 ων),
526 2642 551 2666 iii
565 2640 681 2667 abietem
691 2645 716 2667 et
727 2641 895 2676 cyparissnm
911 2647 1084 2677 niyrtumqne

280 2691 438 2716 conversos,
447 2686 557 2713 eosdem
572 2694 642 2713 nunc
658 2695 689 2713 uc
704 2687 783 2714 tidem
800 2687 936 2721 Evangelii
953 2688 1082 2723 intelligi-

284 2739 343 2759 mus
361 2733 514 2766 provocari:
532 2734 603 2768 quod
621 2734 767 2768 ileqierare
782 2733 835 2770 [AL
856 2734 1009 2770 desperari]
1027 2744 1080 2761 non

283 2778 415 2811 debeant,
427 2779 450 2806 si
461 2779 628 2808 adliarserint
642 2780 775 2807 Domino:
792 2789 842 2808 nec
855 2789 885 2808 se
897 2785 991 2815 putent
1005 2789 1020 2808 a
1035 2782 1080 2809 Dei

282 2824 384 2859 populo
404 2827 538 2860 separari.
563 2827 663 2855 Omnes
687 2828 757 2855 enini
779 2828 825 2863 qui
847 2828 874 2854 iii
896 2827 1005 2855 Christo
1019 2832 1083 2855 sunt

320 2898 332 2911 ι
349 2893 431 2921 Iidem
440 2916 447 2928 ,
463 2901 487 2923 et
501 2897 527 2923 in
538 2903 614 2925 antea
625 2906 651 2924 se
665 2898 811 2925 extendens.

320 2928 333 2947 ιι
350 2930 388 2956 Λᾶ
406 2930 530 2960 Grmcum
546 2938 595 2961 τῶν
608 2933 679 2961 LXX
695 2935 763 2960 inl'ra
784 2941 845 2967 cap.
868 2941 944 2967 Lviti,
958 2935 1079 2962 σάϐϐατα

286 2968 411 3006 τρυφερὰ,
433 2968 538 2996 sabbata
554 2970 664 2997 delicata
677 2991 684 3005 ,
706 2970 832 2998 rescribit
854 2970 956 2998 Victor.
991 2979 1020 2998 ro
1036 2971 1081 2998 de-

1130 992 1214 1018 riruiii
1231 991 1381 1026 perlectum
1392 1011 1399 1023 ,
1415 996 1441 1017 et
1454 991 1547 1018 dicant
1559 998 1619 1017 cum
1640 990 1781 1025 Apostolo:
1798 988 1843 1015 Nos
1854 997 1886 1015 ιι-

1129 1040 1223 1065 niinem
1246 1039 1361 1065 novimus
1383 1038 1525 1065 secundum
1541 1046 1655 1065 carnem.
1672 1037 1705 1064 Et
1719 1038 1740 1064 si
1757 1037 1887 1071 cognatione

1124 1085 1203 1120 juxta
1219 1092 1322 1111 carnem
1336 1084 1469 1111 Christum
1481 1105 1488 1118 ,
1514 1084 1559 1111 sed
1575 1092 1643 1111 nunc
1664 1084 1718 1119 jam
1738 1091 1784 1110 non
1802 1083 1888 1109 noiiimui

1128 1131 1148 1165 (l
1160 1130 1231 1164 ,σοι
1254 1140 1268 1157 v
1283 1151 1291 1164 ,
1321 1130 1376 1165 16).
1393 1136 1403 1150 ε
1420 1130 1493 1165 Ergo
1510 1130 1535 1157 iu
1552 1130 1686 1158 eunuchis
1702 1136 1848 1164 nequaquam
1861 1128 1888 1154 illi

1129 1177 1297 1212 intelligendi
1312 1183 1395 1209 sunt,
1413 1184 1481 1212 quos
1501 1177 1601 1204 ardens
1621 1183 1699 1211 poeta
1714 1176 1851 1203 describens
1861 1174 1887 1200 ait

1128 1223 1240 1260 (Lucan.
1250 1223 1295 1250 lib.
1311 1223 1355 1258 x):

1238 1281 1290 1306 Nec
1302 1288 1349 1306 non
1365 1280 1448 1306 infelix
1464 1281 1530 1306 ferro
1541 1284 1654 1306 truncata
1662 1280 1776 1312 juventus
1787 1300 1793 1312 ,

1238 1313 1320 1345 Atque
1332 1318 1435 1338 exsecta
1448 1314 1557 1338 virum...

1129 1378 1182 1405 Sed
1200 1378 1239 1404 illi
1256 1378 1289 1405 de
1305 1378 1403 1413 quibus
1420 1377 1549 1404 Dominus
1572 1377 1598 1403 iii
1616 1376 1760 1410 Evangelio
1778 1375 1890 1410 loquitur:

1131 1425 1182 1457 Qui
1195 1433 1221 1450 ειν
1241 1429 1417 1451 mstmverunt
1441 1428 1546 1458 propter
1558 1431 1668 1458 regnum
1684 1422 1796 1449 cwlorum
1810 1418 1889 1455 (Matth.

1130 1480 1184 1501 λιι,
1201 1472 1244 1507 12)
1258 1471 1368 1506 :quales
1378 1475 1457 1498 erant
1471 1475 1498 1497 et
1511 1469 1646 1503 Apestoli,
1663 1469 1757 1502 quibus
1770 1465 1892 1494 admiranti-

1131 1520 1179 1546 bui
1195 1523 1222 1546 et
1237 1527 1286 1553 pro
1309 1519 1346 1545 rei
1364 1517 1524 1545 difﬁcultate
1538 1516 1693 1544 dicentibus
1708 1525 1714 1542 :
1731 1515 1788 1547 Quis
1801 1521 1849 1549 ergo
1861 1521 1893 1547 po-

1130 1572 1176 1593 test
1193 1567 1277 1593 sulcus
1301 1567 1377 1600 ﬁeri?
1400 1565 1541 1600 respondit
1563 1565 1692 1592 Salvator
1704 1572 1711 1591 ε
1723 1563 1770 1596 Qui
1783 1566 1849 1597 potest
1863 1569 1893 1586 ca-

1131 1622 1199 1648 pere,
1218 1614 1312 1649 capiat.
1329 1612 1407 1640 Unde
1427 1619 1454 1639 et
1469 1612 1542 1646 Apos
1556 1612 1617 1639 olus
1633 1612 1667 1638 de
1683 1608 1848 1646 hujuscemodi
1858 1615 1891 1633 ru-

1132 1660 1237 1691 nucliis,
1258 1660 1283 1686 id
1300 1666 1350 1691 est,
1366 1660 1400 1686 de
1414 1660 1573 1693 virginibus,
1594 1662 1758 1692 pra-ceptum
1778 1654 1862 1683 Domini
1873 1659 1893 1679 se.

1131 1715 1184 1734 non
1202 1706 1302 1733 habere
1316 1711 1442 1738 testatur,
1459 1705 1507 1732 sed
1523 1705 1570 1732 dat
1581 1705 1724 1731 consilium
1737 1702 1803 1738 quasi
1816 1698 1894 1727 miseri-

1131 1754 1251 1781 cordiam
1274 1758 1436 1780 consecutus
1454 1760 1468 1779 a
1492 1752 1615 1783 Domino,
1644 1751 1737 1778 volens
1759 1755 1839 1775 omnes
1851 1752 1894 1772 esse

1130 1800 1198 1827 sicut
1224 1800 1342 1832 seipsuiii
1361 1807 1366 1824 :
1387 1797 1498 1833 Tempus
1522 1796 1603 1828 enim,
1623 1797 1672 1828 ait,
1699 1797 1724 1822 in
1743 1794 1836 1821 collecto
1855 1795 1894 1817 ett:

1130 1851 1255 1882 superest,
1276 1851 1303 1872 ut
1319 1852 1343 1872 et
1362 1845 1406 1880 qui
1427 1844 1519 1871 habent
1536 1852 1638 1875 umores,
1664 1844 1701 1870 sic
1724 1843 1771 1869 sint
1789 1839 1849 1875 quasi
1859 1844 1896 1864 nou

1130 1893 1240 1920 habeant
1259 1892 1280 1926 (Ι
1295 1891 1355 1919 Cor.
1371 1899 1417 1921 vn,
1439 1891 1497 1926 ‘29).
1514 1890 1565 1924 Qui
1581 1890 1654 1917 Ctlitll
1680 1889 1746 1916 liber
1761 1890 1853 1913 vitiatus
1868 1886 1896 1909 est

1131 1948 1146 1967 ξι
1163 1940 1292 1967 servitute
1308 1944 1334 1966 et
1350 1937 1441 1965 ol'licio
1463 1938 1614 1973 coujngali,
1632 1938 1684 1964 iste
1699 1943 1762 1964 vere
1775 1940 1856 1961 servus
1867 1933 1897 1957 (ξεῖ

1130 1987 1244 2015 Christi.

1169 2033 1260 2069 (Vers.
1272 2032 1299 2065 4,
1316 2032 1356 2067 5.)
1372 2033 1439 2066 Quia
1455 2033 1509 2059 Itmc
1525 2031 1587 2058 dicit
1602 2031 1731 2058 Dominus
1744 2026 1865 2056 eunuchis:
1877 2022 1898 2051 Si

1131 2079 1299 2107 custodiorint
1314 2079 1420 2106 sabbata
1437 2087 1503 2111 mea,
1513 2083 1536 2105 et
1551 2077 1674 2114 elegerint
1690 2085 1747 2113 (Illa?
1759 2074 1829 2107 volui,
1841 2077 1861 2099 et
1872 2075 1898 2097 tt-

1133 2127 1234 2154 nneriiit
1250 2126 1334 2161 foedus
1347 2134 1441 2156 nteant.
1456 2126 1523 2152 dabo
1537 2126 1572 2152 eis
1587 2126 1612 2151 in
1624 2125 1703 2152 domo
1718 2131 1780 2156 mea,
1795 2126 1814 2149 et
1827 2121 1848 2147 in
1861 2126 1900 2145 niu-

1131 2174 1168 2201 ris
1188 2173 1251 2200 meis
1271 2174 1377 2200 locum:
1400 2178 1423 2199 et
1436 2180 1527 2199 nomen
1547 2172 1639 2198 melius
1654 2180 1669 2198 ιι
1691 2171 1750 2203 ﬁliis
1772 2173 1793 2195 et
1805 2165 1900 2202 filiabus:

1132 2228 1224 2247 nomen
1238 2220 1419 2255 sempiternum
1437 2218 1503 2245 dabo
1518 2219 1565 2251 eis,
1581 2218 1654 2253 quod
1668 2226 1717 2244 non
1729 2215 1822 2252 peribit.
1834 2209 1900 2240 LXX:

1135 2267 1198 2294 Hrec
1208 2267 1269 2293 dicit
1283 2266 1411 2292 Dominus
1427 2265 1568 2292 eunuchis:
1587 2264 1636 2297 Qui
1651 2258 1901 2290 custodiei'iutsabbttlﬂ

1134 2322 1200 2347 mea,
1216 2319 1239 2341 et
1255 2313 1377 2348 elegerint
1390 2321 1448 2348 qua:
1462 2321 1508 2348 ego
1524 2312 1591 2343 volo.
1612 2316 1636 2338 et
1657 2310 1782 2338 tenuerint
1796 2311 1901 2334 testamen-

1134 2366 1186 2388 tuni
1199 2369 1294 2392 meum,
1310 2360 1378 2386 dabo
1394 2360 1430 2386 cis
1444 2360 1470 2386 in
1486 2360 1563 2385 domo
1575 2366 1642 2389 mea,
1661 2362 1684 2384 et
1699 2357 1726 2383 in
1743 2363 1811 2381 muro
1820 2359 1865 2379 ιηεο
1876 2348 1902 2374 ltt‘

1132 2416 1189 2435 cuni
1209 2407 1381 2440 nominatum,
1401 2406 1533 2433 meliorem
1557 2404 1621 2439 ﬁliis
1643 2409 1669 2431 et
1691 2403 1792 2438 ﬁliabus
1809 2408 1818 2427 :
1836 2403 1902 2425 "om!"

1131 2455 1317 2485 sempiternum
1343 2453 1410 2480 dabo
1437 2453 1473 2479 eis
1496 2457 1584 2479 etnon
1611 2450 1725 2483 deﬁciet.
1749 2449 1803 2475 Duo
1825 2451 1901 2480 prol‘i"

1132 2505 1233 2531 stier.it,
1257 2501 1410 2536 proselytos
1430 2504 1456 2526 et
1480 2498 1629 2526 eunuchos.
1657 2497 1736 2523 Prius
1761 2494 1864 2528 loquitur
1877 2488 1903 2536 ille

1133 2548 1277 2580 CllllllCiIL’,
1294 2535 1393 2581 datque
1408 2547 1448 2573 eis
1466 2550 1601 2580 priceepta
1617 2542 1738 2577 vivendi,
1752 2540 1827 2578 658
1839 2541 1861 2565 ει
1873 2535 1903 2581 Γυξ

1137 2599 1259 2622 turnrnin
1287 2594 1397 2628 [il‘n‘lllial
1425 2593 1578 2627 pollicetur.
1595 2591 1626 2618 Et
1654 2594 1714 2625 post
1736 2597 1781 2616 eos
1803 2584 1863 2613 venit
1881 2580 1904 2632 :td

1134 2643 1300 2678 proselytos.
1317 2641 1370 2668 illis
1382 2648 1435 2675 quo
1446 2647 1489 2674 tne
1502 2639 1601 2666 similia
1617 2637 1815 2673 repromittens.
1829 2632 1905 2678 Lollii"

1134 2676 1178 2716 iur
1194 2676 1259 2723 ergo
1275 2687 1419 2717 eunuchis,
1446 2687 1490 2721 qui
1507 2685 1701 2720 desperatione
1717 2683 1842 2711 dixerunt,
1856 2676 1905 2703 Et”

1135 2744 1180 2772 ego
1200 2734 1299 2769 lignum
1316 2743 1391 2760 arens
1407 2733 1506 2768 (Exod.
1530 2732 1620 2767 χχιιι),
1635 2739 1670 2758 ne
1684 2738 1713 2757 Se
1730 2732 1817 2764 Ρ¹¹¹⁶¹¹¹
1835 2722 1903 2772 sibi»?

1133 2770 1197 2809 cere
1220 2781 1376 2812 maledicto,
1394 2780 1465 2814 quod
1483 2780 1625 2807 sterilibus
1640 2778 1744 2805 dictum
1765 2779 1821 2803 est:
1844 2770 1905 2798 ΜΨ

1134 2830 1218 2856 dictus
1232 2829 1325 2856 sterilis
1338 2828 1382 2864 qui
1396 2836 1446 2853 non
1459 2828 1521 2863 facit
1531 2835 1618 2854 semen
1632 2827 1660 2852 in
1672 2823 1757 2852 Israel
1768 2821 1846 2858 (Deut.
1861 2817 1904 2846 ru).

1137 2900 1313 2970 dwcmSatipplet
1328 2934 1431 2962 Victor.
1447 2942 1507 2969 ergo
1523 2943 1555 2962 ex
1570 2933 1699 2962 Hebraeo.
