4096 6330
179 375 275 433 5H

746 358 1388 431 οοιιιιΕΝτΑιιιοιιυΜ
1428 372 1494 429 1N
1535 370 1768 430 tSAlAM
1808 370 2233 430 PitOPiiE‘i‘AM
2270 374 2400 431 LIB.
2441 371 2560 429 xv.
2600 371 2754 428 CAP.
2796 312 2933 426 ιῖγι.

3382 357 3492 419 5η

178 495 256 563 Si,
282 494 491 566 inquit,
511 495 876 555 oustodlerint
904 495 1130 550 sabbata
1159 508 1303 562 mea,
1333 492 1468 550 etde
1489 492 1630 551 meis
1654 506 1792 565 ιιι-ω·
1816 496 1865 556 Α
1895 492 2005 549 illis
2033 504 2248 564 quoque
2290 491 2510 562 praemia
2556 490 2843 560 pollicetur
2873 505 2885 543 :
2920 484 3063 565 quod
3105 484 3150 541 si
3198 476 3494 545 servierint

179 588 351 661 neptis
396 588 681 661 elegerint
722 605 788 645 ea
831 604 954 661 qua:
979 589 1152 657 volui,
1198 598 1253 645 et
1296 604 1406 645 non
1454 603 1519 645 ea
1547 602 1666 659 quae
1696 600 1796 659 pro

178 685 524 741 audientium
558 686 930 743 imbecillitate
973 685 1242 757 concessi,
1292 692 1349 740 et
1392 682 1567 741 imdus
1612 696 1796 740 meum

180 779 292 836 sive
322 785 732 835 testamentum
763 778 910 834 omni
938 775 1274 833 retinuerint
1298 776 1427 843 llde,
1458 774 1605 832 dabo
1633 777 1713 831 eis
1740 774 1798 832 in

182 870 345 927 domo
375 886 529 937 mea,
560 879 621 929 et
647 871 703 927 in
731 871 958 943 Tempio
988 886 1136 937 meo,
1166 880 1221 927 et
1252 871 1305 926 in
1336 869 1507 925 muris
1542 867 1796 925 ﬁrmissi-

186 977 287 1019 ma:
331 962 589 1020 civitatis
618 978 756 1019 mete
796 964 997 1031 locum,
1041 972 1098 1019 et
1140 978 1340 1018 nomen
1368 962 1562 1018 melius
1594 959 1718 1017 [iliis
1745 966 1803 1016 ct

188 1057 427 1126 ﬁliabus,
443 1058 601 1129 quod
628 1058 777 1115 nulla
803 1058 1079 1116 oblivione
1108 1058 1399 1114 delebitur.
1440 1056 1542 1125 Qui
1569 1057 1681 1112 sint
1707 1070 1802 1112 eu-

186 1150 351 1207 nuchi
379 1166 555 1222 supra
598 1152 865 1221 diximus,
915 1152 1006 1223 qui
1038 1152 1253 1208 solliciti
1286 1158 1415 1207 sunt
1457 1150 1524 1206 ad
1570 1165 1631 1204 ea
1680 1164 1802 1222 quae

192 1246 286 1301 Dei
329 1256 500 1313 sunt;
535 1247 738 1317 quibus
782 1247 1019 1317 loquitur
1061 1257 1116 1303 et
1163 1242 1463 1317 Sapientia,
1494 1258 1614 1317 qua:
1644 1243 1802 1299 titulo

187 1337 508 1395 Salomonis
529 1340 855 1395 inscribitur
878 1356 891 1393 :
914 1338 1076 1394 Beata
1098 1339 1291 1394 sterilis
1309 1339 1664 1406 immaculata,
1689 1350 1804 1408 qua

190 1446 292 1486 non
320 1433 575 1505 cognouit
601 1442 826 1487 atratum
869 1433 924 1487 in
971 1433 1182 1499 delicto,
1233 1431 1434 1487 habebit
1481 1435 1705 1490 fructum
1749 1430 1804 1486 in

184 1524 493 1581 uisitatione
520 1527 837 1581 animarum.
884 1525 954 1581 Et
996 1526 1282 1596 eunuchus,
1323 1526 1413 1598 qui
1450 1536 1654 1582 nonest
1684 1542 1806 1598 ope—

192 1628 333 1675 ratus
358 1634 526 1674 manu
548 1619 899 1690 iniquitatem,
943 1636 1106 1692 neque
1133 1621 1377 1692 cogitavit
1415 1630 1597 1675 contra
1626 1617 1808 1673 Domi-

196 1728 318 1769 num
344 1711 519 1769 mla.
549 1711 776 1769 Dabitur
789 1716 921 1769 enim
943 1715 1070 1785 ﬁdei
1090 1718 1207 1790 ejus
1228 1716 1389 1770 electa
1412 1714 1600 1789 gratia.
1617 1724 1662 1766 et
1685 1728 1808 1785 pars

167 1801 242 1855 “ill
270 1800 473 1871 templo
500 1798 724 1857 Domini
754 1798 1078 1856 delectabilis
1114 1799 1281 1874 (Sap.
1308 1814 1396 1868 ιιι,
1428 1798 1653 1871 £25,”).
1682 1796 1807 1854 Hauc

191 1893 395 1949 sterilis
437 1894 761 1966 virginitate
790 1893 1021 1950 fecunda
1061 1892 1171 1961 [ΑΙ.
1208 1890 1516 1966 iecundata]
1564 1901 1677 1957 est;
1719 1890 1805 1946 hic

191 1988 484 2045 eunuchus
529 2002 703 2058 regno
728 1989 995 2044 cmlorunt
1026 1989 1134 2043 vim
1168 1987 1315 2055 facit,
1349 1994 1404 2041 et
1436 1986 1699 2040 \ioienter
1726 1983 1811 2038 di-

194 2081 320 2152 ripit
346 2081 512 2137 illud.
545 2082 658 2138 late
680 2093 874 2138 custos
901 2082 1281 2149 sabbatorum,
1315 2092 1373 2137 ut
1402 2094 1697 2149 numquam
1728 2076 1811 2134 ia-

195 2175 301 2230 aiat
326 2190 502 2246 opera
546 2172 860 2247 nuptiarum
903 2176 948 2248 (1
993 2175 1117 2233 Cor.
1163 2178 1279 2247 vu).
1328 2175 1435 2231 iste
1481 2175 1651 2245 elegit
1689 2186 1811 2243 quae

199 2270 467 2326 Dominus
488 2272 690 2341 voluit,
705 2282 767 2327 ut
788 2270 912 2342 plus
929 2269 1128 2327 oﬂ‘erat
1149 2286 1309 2342 quam
1331 2277 1662 2341 praeceptum
1693 2274 1809 2323 est:

198 2372 255 2419 ut
278 2376 387 2419 non
420 2364 823 2434 indulgentiam
874 2362 1122 2430 Apostoli
1169 2363 1310 2433 ejus,
1343 2361 1441 2418 sed
1475 2361 1810 2415 voluntatem

200 2456 539 2513 consideret.
572 2455 686 2512 iste
716 2464 867 2512 tenet
911 2455 1091 2514 lmdus
1134 2456 1354 2512 Domini
1387 2455 1807 2525 sempiternum,

203 2562 257 2607 ut
300 2568 411 2608 non
452 2552 526 2608 ad
568 2561 789 2623 tempus
818 2561 975 2608 vacet
1014 2552 1274 2619 orationi,
1323 2556 1380 2607 et
1411 2552 1607 2637 iterum
1639 2548 1706 2603 ad
1760 2546 1813 2602 id

205 2646 375 2715 ipsum
409 2650 754 2712 revertatur,
780 2645 876 2700 sed
906 2652 1257 2715 accepturum
1279 2658 1403 2699 esse
1429 2657 1490 2698 se
1519 2640 1734 2698 noverit
1760 2638 1813 2695 itt

206 2736 365 2793 dumo
392 2736 644 2805 Domini,
682 2751 804 2807 quas
843 2746 928 2792 est
973 2735 1226 2791 Ecclesia
1269 2734 1408 2805 ejus,
1456 2734 1633 2789 locum
1675 2732 1815 2802 opti-

208 2848 372 2887 ιιιιιιι.
428 2830 620 2887 Multa
668 2831 819 2887 enim
867 2829 1184 2886 mansiones
1231 2837 1361 2884 sunt
1407 2827 1548 2899 apud
1596 2825 1814 2880 Patrem

210 2924 389 2997 (toan.
425 2922 572 2997 ιιν).
609 2924 676 2978 Et
704 2924 800 2994 qui
830 2922 1115 2978 eunuchus
1158 2921 1341 2989 luerit,
1370 2935 1433 2975 ac
1466 2920 1656 2975 fecerit
1699 2918 1820 2973 ιιιιί-

210 3036 363 3076 vorsu
396 3035 524 3090 quae
544 3020 751 3089 scripta
774 3027 926 3083 sunt,
961 3016 1185 3071 habebit
1215 3032 1266 3070 tu
1297 3015 1468 3069 muris
1489 3014 1608 3084 ejus
1641 3013 1816 3065 loctun

210 3119 500 3183 optimum,
550 3123 610 3170 ut
633 3113 845 3170 scilicet
872 3112 1040 3168 turris
1072 3112 1281 3167 Domini
1313 3108 1611 3174 efﬁciatur,
1659 3116 1715 3161 et
1762 3107 1816 3160 in

211 3207 542 3267 sacerdotali
573 3207 846 3262 consistat
871 3204 1066 3277 gradu,
1089 3215 1139 3259 et
1168 3218 1266 3274 pro
1288 3203 1472 3257 carnis
1502 3200 1649 3265 tiliis,
1676 3199 1815 3253 mni-

1898 586 1975 651 ei,
2013 596 2067 644 et
2094 586 2163 643 de
2188 586 2451 643 servitute
2475 585 2792 642 transierint
2821 582 2888 649 ad
2920 578 3160 638 nominis
3190 574 3335 635 illius
3364 577 3495 633 cha-

1897 681 2139 755 rltatcm,
2176 681 2286 736 sint
2316 679 2366 737 ei
2395 680 2540 737 servi
2570 698 2583 735 :
2613 680 2791 750 qualis
2817 674 2918 733 luit
2946 688 3001 734 et
3030 670 3326 749 Apostolus
3358 668 3496 726 Pau-

1900 776 2006 839 lus,
2039 775 2284 831 scribens
2311 775 2363 829 in
2388 772 2654 846 principio
2679 770 3051 841 Epistolarum
3076 782 3297 829 suarum
3319 783 3331 819 :
3350 760 3497 823 Pau—

1899 866 1985 923 lus
2006 878 2181 921 servus
2201 861 2329 920 Iesu
2352 863 2545 920 Christi
2568 862 2748 935 (Rom,
2778 874 2818 929 ι,
2851 860 2935 932 t).
2961 860 3029 916 Et
3068 858 3289 929 Moyses
3318 854 3496 911 famu-

1900 963 1987 1018 lus
2028 961 2121 1017 Dei
2158 958 2350 1033 (Hebr.
2384 956 2484 1027 In).
2515 958 2674 1028 Quod
2724 964 2904 1015 autem
2955 957 3010 1012 in
3057 950 3203 1012 LXX
3249 948 3495 1008 additum

1903 1066 1987 1113 eSI
2028 1074 2040 1111 :
2071 1065 2117 1111 et
2144 1054 2401 1123 ancillas,
2429 1051 2589 1109 obelo
2630 1052 3079 1125 praenotavimus.
3114 1044 3302 1120 Neque
3346 1042 3497 1105 enim

1904 1148 2023 1206 ﬁeri
2046 1158 2222 1220 potest
2243 1191 2258 1215 ,
2292 1156 2352 1202 ut
2383 1148 2435 1202 in
2467 1144 2856 1219 Spiritualibus
2893 1143 3056 1199 donis
3094 1142 3164 1198 sit
3190 1154 3359 1198 sexus
3388 1136 3496 1195 ulla

1905 1240 2199 1299 diversitas
2232 1258 2244 1296 :
2278 1254 2398 1297 cum
2424 1240 2477 1295 in
2498 1239 2722 1296 Christo
2747 1236 2875 1295 Jesu
2907 1252 3015 1295 non
3049 1230 3121 1290 sit
3159 1235 3244 1290 vir
3283 1241 3339 1290 et
3378 1247 3499 1288 mu—

1905 1337 2038 1404 licr;
2090 1334 2185 1391 sed
2242 1350 2437 1390 omnes
2481 1333 2535 1389 in
2584 1346 2681 1397 eo,
2716 1346 2885 1387 unum
2924 1330 3092 1384 simus
3124 1326 3307 1405 (Joan.
3341 1320 3498 1399 xvu).

1911 1430 1985 1487 De
2012 1426 2242 1486 sabbato
2264 1432 2319 1483 et
2346 1427 2554 1483 foedere
2576 1424 2912 1496 sempiterno
2933 1434 3095 1499 supra
3117 1414 3378 1476 diximus.
3397 1414 3503 1484 Qui

1907 1539 2036 1597 ergo
2059 1524 2174 1578 ιιωο
2204 1520 2423 1587 fecerit,
2451 1518 2686 1574 adducet
2706 1532 2827 1573 eum
2854 1515 2997 1571 Deus
3026 1515 3078 1569 in
3103 1520 3290 1569 monte
3312 1506 3507 1566 sancto

1907 1630 2028 1685 suo,
2060 1630 2113 1673 ct
2146 1616 2337 1672 lattitia
2367 1613 2571 1671 :tl'lleiet
2605 1610 2659 1667 in
2689 1606 3155 1667 domo'orationis
3191 1620 3325 1667 ante.
3350 1600 3505 1660 Mons

1909 1724 2158 1779 sanctus,
2190 1719 2281 1765 aut
2317 1709 2569 1780 dogmata
2616 1704 2865 1763 veritatis
2913 1712 3079 1769 sunt,
3110 1696 3506 1770 Trinitatlsque

1909 1806 2193 1864 Confessio
2220 1823 2233 1862 :
2258 1813 2352 1861 aut
2381 1804 2498 1874 ipse
2529 1801 2815 1871 Dominus,
2844 1796 2912 1853 ad
2942 1812 3106 1870 quem
3137 1794 3327 1850 ultimo
3361 1803 3505 1848 tem-

1839 1919 1881 1981 Β
1914 1916 2045 1980 pore
2071 1900 2247 1971 (juxta
2281 1896 2428 1953 hunc
2455 1893 2709 1951 eumdem
2737 1892 2935 1950 Isaiam
2966 1900 3023 1948 et
3065 1890 3346 1947 Micbazam
3377 1902 3508 1958 pro-

1914 1992 2155 2065 phetam)
2174 2000 2366 2064 gentes
2385 1988 2632 2061 plurimae
2657 1986 2931 2044 continent
2955 1982 3108 2059 (Isai.
3128 2000 3186 2052 ιι,
3210 1980 3373 2037 Hiclt.
3401 1980 3505 2053 tv).

1912 2088 2225 2157 Domusque
2253 2085 2521 2141 orationis
2552 2082 2801 2139 Ecclesia
2832 2090 2935 2148 est,
2968 2095 3089 2151 quae
3126 2079 3178 2134 iu
3220 2083 3335 2132 toto
3377 2074 3512 2130 orbe

1913 2180 2195 2247 dividitur,
2228 2190 2277 2237 et
2299 2192 2405 2235 non
2438 2176 2725 2248 Templum
2749 2172 3087 2235 .ludazorum,
3119 2166 3265 2242 quod
3298 2164 3510 2223 brevis—

1912 2274 2065 2332 simis
2093 2273 2296 2331 Judtezn
2327 2283 2487 2326 terra:
2519 2266 2843 2325 arctabalur
2862 2262 3151 2336 angustiis.

1986 2366 2168 2440 (Vers.
2201 2365 2257 2430 8,
2282 2362 2367 2437 9.)
2402 2360 2728 2419 Holocausta
2772 2370 2951 2415 eorum
2989 2366 3039 2412 et
3084 2355 3305 2411 uictima:
3330 2367 3513 2409 eorum

1916 2460 2193 2533 placebunt
2216 2459 2343 2514 mihi
2366 2472 2523 2529 super
2542 2456 2708 2510 altare
2727 2462 2895 2508 meum
2932 2466 2951 2507 :
2985 2448 3107 2517 quia
3142 2447 3325 2502 domus
3367 2460 3514 2517 mea,

1917 2555 2101 2609 domus
2122 2551 2373 2607 arationis
2404 2548 2668 2604 vocabitur
2692 2544 2892 2599 cunt-tis
2909 2541 3135 2619 populis,
3160 2539 3232 2594 ait
3264 2536 3515 2591 Dominus

1918 2644 2093 2716 Deus,
2124 2645 2213 2716 qui
2246 2651 2523 2715 congregat
2559 2639 2822 2713 dispersos
2847 2632 3021 2690 Israel
3050 2648 3070 2688 .'
3100 2630 3272 2687 adhuc
3302 2644 3517 2701 congre-

1916 2740 2049 2813 gabo
2073 2740 2140 2794 ad
2170 2750 2285 2793 eum
2310 2743 2645 2808 congregatas
2676 2733 2809 2804 ejus.
2848 2728 3041 2785 Omnes
3071 2725 3247 2781 bestia:
3273 2723 3410 2796 agri,
3434 2736 3519 2775 ve-

1918 2834 2027 2890 nite
2055 2832 2125 2887 ad
2164 2830 2547 2896 deuorandum,
2580 2828 2834 2882 uniuersis
2878 2824 3052 2880 bestia:
3089 2821 3270 2876 saltus.
3320 2814 3466 2873 LXX
3500 2831 3515 2870 :

1923 2927 2387 2981 Holocrmstamata
2417 2936 2599 2977 eorum
2639 2928 2684 2974 et
2724 2918 2946 2974 uictima:
2989 2923 3142 2971 erant
3177 2907 3517 2983 acceptabiles

1920 3037 2077 3089 super
2134 3022 2297 3073 altare
2350 3016 2516 3090 660
2558 3028 2746 3069 meum.
2804 3012 2998 3066 Domus
3049 3015 3183 3063 enim
3225 3016 3375 3073 mea,
3424 3005 3520 3056 da-

1922 3128 2036 3169 mus
2085 3113 2336 3169 orationis
2376 3109 2640 3165 vocabitur
2670 3107 2868 3162 cunctis
2906 3104 3164 3179 gentibus,
3223 3100 3353 3154 dixit
3409 3093 3515 3150 Do-

1925 3209 2125 3276 minus,
2175 3204 2265 3277 qui
2320 3212 2593 3277 congregat
2646 3198 2905 3271 dispersos
2950 3194 3121 3251 Israel
3157 3208 3176 3249 :
3217 3192 3340 3261 quia
3391 3202 3516 3242 con-

214 3313 297 3359 tos
321 3302 527 3359 habeat
553 3300 695 3357 illius
720 3300 1053 3371 spirituales.
1077 3298 1265 3352 Talem
1290 3295 1460 3350 fuisse
1479 3291 1815 3359 eunuchum,

1924 3296 2148 3373 grrgabo
2184 3294 2254 3350 ad
2292 3308 2406 3350 eum
2449 3293 2916 3368 congregationem.
2936 3287 3124 3343 Omnes
3158 3284 3330 3340 bestias
3373 3280 3518 3353 ferit,

212 3414 373 3467 quem
401 3397 566 3454 Jesus
601 3396 803 3450 amavit
851 3393 1167 3464 plurimum,
1216 3389 1620 3461 Evangelistatn
1653 3386 1816 3441 Joan-

1921 3396 2104 3461 vem‘te,
2124 3394 2395 3461 comedtte,
2425 3402 2599 3444 omnes
2621 3388 2794 3442 bestia:
2815 3386 2994 3440 saltus.
3017 3378 3391 3437 Differcntiam
3423 3377 3523 3429 bo-

217 3507 359 3559 uem,
406 3489 811 3549 Εοειθείθειίοε
857 3484 1084 3545 ludum
1132 3481 1398 3547 ὶιῖδιυνίίιτο
1431 3480 1520 3550 (illi
1572 3477 1820 3533 νεοιὼυῖι
1919 3488 2142 3542 ειί.ιι·ιιιιι
2174 3495 2228 3539 et
2265 3484 2708 3538 IlolocaItSlOI‘UIll
2753 3480 2807 3533 in
2843 3474 3087 3532 Levitico
3123 3470 3335 3544 plenius
3361 3467 3527 3523 discl-

217 3602 381 3659 super
398 3597 594 3659 pectus
620 3583 748 3640 Jcsu
779 3581 962 3655 (Joan.
993 3580 1138 3651 xm);
1166 3577 1255 3647 qui
1282 3577 1441 3632 Petro
1474 3574 1681 3629 tardius
1707 3588 1818 3626 am-

1925 3594 2064 3636 mus.
2095 3579 2420 3633 ilolucausta
2447 3583 2594 3638 anut,
2617 3582 2738 3643 qua:
2766 3582 2931 3640 super
2954 3569 3128 3622 altare
3152 3564 3367 3632 integra
3394 3572 3525 3616 eon-

217 3681 459 3749 bulantc,
486 3680 669 3736 elatus
695 3675 1025 3748 virginitatis
1045 3674 1149 3728 aiis
1169 3670 1410 3726 cucurrit
1433 3668 1499 3722 ad
1528 3666 1817 3720 Dominum
1923 3679 2256 3728 cremantur,
2287 3666 2531 3723 Victima:
2559 3675 2609 3719 οι
2645 3664 2860 3729 nosam,
2883 3672 3110 3731 quum"
3147 3668 3270 3727 pars
3296 3652 3527 3709 (monui-

218 3772 400 3844 (Joau.
435 3772 556 3840 xx);
589 3771 681 3842 qui
729 3772 782 3824 in
821 3776 1030 3824 secreta
1065 3765 1270 3821 divinae
1301 3778 1362 3819 se
1393 3759 1688 3816 nativitatis
1719 3758 1825 3813 int-

222 3882 496 3938 nsergens,
529 3877 699 3919 ausus
728 3873 811 3919 est
838 3862 1044 3928 dicere,
1083 3857 1229 3930 quod
1260 3865 1452 3911 cuncta
1487 3854 1685 3908 smettla
1730 3866 1827 3907 ne-

223 3962 471 4016 sciebant
503 3975 518 4012 ι
563 3954 631 4012 In
677 3955 937 4028 principia
965 3962 1075 4008 erat
1114 3949 1361 4014 Verbum,
1390 3959 1434 4002 et
1470 3945 1692 4001 Verbum
1717 3952 1829 3998 erat

223 4052 362 4125 apud
408 4051 600 4118 Deam,
628 4057 675 4103 rt
704 4047 846 4103 Deus
874 4056 983 4102 erat
1023 4043 1283 4099 Verbum:
1312 4041 1415 4095 hoc
1441 4049 1552 4094 erat
1575 4038 1744 4111 659
1772 4037 1829 4092 in

224 4145 481 4218 principio
521 4143 665 4217 apud
706 4140 874 4196 Deum
914 4138 1096 4213 (Joan.
1140 4152 1190 4203 ι,
1246 4137 1323 4206 ξ).
1359 4133 1621 4188 Facessat
1665 4133 1832 4202 igitur

224 4245 399 4301 omnis
417 4240 694 4301 cavillatio
721 4239 1057 4306 Juda‘orum,
1091 4247 1147 4291 et
1176 4235 1308 4290 risui
1341 4234 1587 4304 praebere
1615 4242 1675 4283 se
1710 4241 1833 4281 cesn

226 4352 326 4410 set,
356 4340 616 4411 aperiens
635 4334 909 4393 semiviris
952 4342 1119 4403 regna
1150 4330 1437 4394 cmiorum,
1470 4340 1593 4380 cum
1625 4320 1834 4393 pudici~

229 4437 296 4491 tia
319 4450 429 4491 non
452 4432 511 4489 in
529 4419 816 4488 debilitate
846 4428 920 4485 sit
939 4426 1213 4499 corporis,
1247 4423 1342 4479 sed
1372 4424 1424 4478 in
1447 4418 1614 4478 animi
1640 4416 1835 4473 volun-

231 4537 361 4587 tate.

309 4625 492 4697 (Vera.
540 4623 595 4690 ϐ,
631 4619 713 4693 7.)
753 4619 821 4675 Et
867 4618 1009 4690 [illos
1037 4618 1270 4685 aduente,
1299 4614 1389 4688 qui
1418 4611 1685 4669 adhaerent
1728 4609 1838 4664 Do-

1926 3768 2110 3833 aitari,
2144 3777 2270 3835 pars
2294 3758 2675 3818 sacerdotibus
2704 3758 2956 3811 traditur.
2988 3752 3104 3808 Non
3139 3756 3226 3806 est
3252 3762 3385 3818 ergo
3406 3758 3529 3800 cre-

1927 3859 2164 3918 dendum
2189 3854 2332 3928 quod
2362 3854 2792 3925 alienigenarum
2817 3859 2873 3905 et
2895 3844 3275 3902 cunuchorum
3302 3839 3526 3904 hostiae,

1929 3955 2034 4011 ritu
2081 3950 2313 4010 Judaico
2351 3948 2721 4018 requirantur.
2766 3942 2874 4000 Sed
2922 3940 3030 3995 hoc
3060 3939 3202 3992 scire
3240 3934 3526 4001 debemus,

1929 4044 2075 4119 quod
2100 4044 2419 4099 holocausta
2451 4034 2695 4095 eunuchi
2725 4031 2982 4099 offerant,
3015 4029 3105 4101 qui
3142 4034 3288 4081 totos
3316 4034 3376 4079 se
3398 4037 3531 4077 con-

1929 4112 2149 4197 secrant
2194 4139 2327 4201 Deo;
2369 4132 2623 4189 victimas
2667 4136 2852 4184 autem
2910 4124 3265 4194 alienigenae,
3310 4116 3405 4188 qui
3461 4112 3531 4170 ad

1934 4246 2149 4303 tempus
2180 4236 2378 4284 vacant
2398 4223 2653 4291 orationi,
2697 4221 2766 4278 de
2808 4219 3008 4291 quibus
3050 4215 3294 4285 loquitur
3337 4208 3528 4265 Deus:

1936 4327 2127 4383 Hostia
2163 4324 2335 4381 laudis
2361 4318 2673 4396 gloriﬁcacit
2701 4314 2811 4390 [\l.
2845 4306 3185 4389 gloriﬁcabit]
3210 4318 3336 4373 me;
3378 4313 3433 4362 et
3478 4304 3533 4359 ltt

1936 4423 2046 4477 alio
2070 4421 2190 4476 loco
2218 4432 2231 4473 :
2256 4415 2484 4472 Immola
2513 4412 2627 4469 Dea
2663 4408 2977 4480 sacriﬁcium
3018 4404 3188 4461 laudis
3219 4400 3352 4476 (Ps.
3385 4412 3532 4473 sus,

1940 4514 2053 4586 lt).
2096 4512 2175 4569 De
2206 4512 2291 4567 bis
2314 4509 2550 4567 victimis
2578 4515 2635 4563 et
2659 4502 2998 4561 holocaustis
3019 4543 3034 4567 ,
3059 4514 3156 4571 per
3177 4497 3320 4554 Osee
3346 4493 3535 4551 Domi-

1943 4624 2045 4663 nus
2072 4605 2312 4676 loquitur
2344 4621 2358 4657 :
2385 4597 2805 4656 Misericordiam
2832 4594 2947 4651 uolo
2968 4605 3016 4649 et
3046 4606 3149 4647 non
3176 4589 3490 4661 sacrificium
3517 4602 3541 4643 :

239 4680 399 4788 mino,
426 4730 485 4776 ut
514 4680 1175 4787 ealant’sumpstdlligant
1198 4680 1384 4766 nom-en
1410 4712 1543 4781 ejus,
1573 4714 1627 4760 ut
1646 4705 1751 4759 sint
1788 4704 1837 4759 ei
1863 4712 1916 4777 ι)
1942 4701 2208 4756 scientiam
2238 4697 2351 4764 Dei,
2370 4680 2537 4768 magis
2570 4709 2722 4765 quam
2752 4690 3077 4754 holocausta,
3109 4700 3222 4755 qua!
3251 4681 3539 4753 afferuntur

240 4820 294 4874 in
321 4832 501 4875 servos
528 4832 546 4870 :
578 4828 781 4871 omnem
821 4806 1198 4867 custodientem
1237 4806 1503 4862 sabbatum
1530 4818 1594 4857 ne
1634 4799 1838 4874 polluat

233 4915 391 4980 illud,
422 4922 471 4968 et
504 4919 757 4965 tenentem
786 4907 900 4982 [AL
934 4902 1186 4977 tenentes]
1233 4902 1398 4965 (ludus
1421 4913 1612 4963 meum,
1659 4895 1828 4949 addu-

237 5023 350 5062 cant
369 5020 456 5060 eos
471 5013 497 5045 ει
511 5003 565 5057 in
583 5011 806 5056 montem
827 5008 1061 5054 sanctum
1082 5010 1273 5060 meum,
1300 5002 1347 5048 et
1368 4991 1647 5060 laztiﬁeabo
1673 5002 1758 5043 eos
1780 4988 1837 5041 in

239 5100 392 5156 domo
428 5094 679 5152 orationis
704 5106 852 5148 mm.
883 5086 1059 5146 LXX:
1095 5086 1164 5142 Et
1205 5084 1535 5157 alienigenis,
1567 5081 1655 5154 qui
1673 5078 1841 5133 additi

237 5202 355 5247 sunt
385 5188 611 5245 Domino
635 5186 828 5242 seruire
847 5184 915 5251 ei,
945 5194 995 5239 et
1023 5180 1243 5255 diligere
1270 5188 1455 5233 nonten
1476 5179 1609 5249 ejus,
1650 5183 1707 5227 ut
1734 5174 1842 5228 sint

238 5287 285 5343 ei
326 5286 385 5342 ist
424 5298 599 5341 seruas
639 5284 690 5347 εί-
722 5289 769 5334 et
797 5275 1022 5333 ancillas
1043 5282 1086 5344 ⁸,
1129 5284 1176 5329 et
1207 5288 1380 5328 omnes
1416 5270 1505 5342 qui
1548 5266 1847 5323 custodiunt

241 5381 454 5436 sabbata
494 5392 629 5446 mea,
661 5385 719 5431 ut
746 5388 851 5429 non
877 5371 1071 5428 violent
1096 5386 1177 5439 ea,
1208 5379 1257 5423 et
1288 5375 1457 5422 tenent
1488 5370 1847 5420 testamentum

243 5490 433 5544 meum,
458 5472 705 5527 indutam
724 5469 844 5525 illos
872 5468 928 5522 in
952 5475 1177 5522 montem
1202 5473 1445 5517 sanctum
1468 5474 1663 5523 meum,
1681 5465 1728 5511 et
1755 5455 1846 5511 ιω-

245 5568 451 5640 ιὶροοιο
489 5580 578 5622 eos
604 5565 661 5619 in
707 5563 863 5617 doma
900 5560 1150 5616 orationis
1195 5574 1344 5613 meat.
1392 5555 1524 5612 Ροει
1563 5555 1850 5609 eunuchos

246 5663 445 5722 transit
480 5660 551 5716 ad
588 5657 949 5729 alienigenas,
994 5670 1134 5726 quos
1170 5653 1323 5725 prius
1362 5649 1763 5713 nominaverat,
1792 5648 1850 5702 et

318 5884 349 5919 ιι
374 5874 609 5933 Ψίθιον..
630 5870 690 5924 in
711 5876 937 5924 montem
955 5876 1192 5923 sanctum
1211 5876 1384 5921 suum.

1940 4810 2095 4866 super
2114 4793 2283 4848 altare
2314 4789 2524 4846 Domini
2544 4785 2702 4862 (Osee
2723 4826 2739 4853 ,
2774 4799 2825 4840 vt
2844 4828 2857 4848 .
2884 4782 2967 4857 6).
2996 4779 3151 4849 Quod
3197 4777 3439 4836 Joannes
3482 4776 3537 4830 in

1944 4884 2276 4960 Apocalypsi
2297 4887 2349 4941 iu
2378 4884 2522 4941 caelo
2545 4894 2604 4938 se
2626 4878 2832 4936 vidisse
2854 4885 3112 4943 testatur,
3127 4873 3229 4930 sub
3250 4884 3358 4945 quo
3383 4876 3543 4925 erant

1942 4986 2140 5042 animae
2168 4992 2467 5050 martyrum
2501 4977 2687 5053 (Apoc.
2713 4976 2813 5045 vt).
2836 4972 2919 5030 Ex
2958 4988 3065 5044 quo
3099 4982 3239 5026 unus
3274 4966 3342 5022 de
3375 4966 3542 5019 Sera-

1944 5078 2092 5151 pbim
2119 5077 2414 5134 carbonem
2436 5072 2645 5143 forcipe
2671 5068 3129 5141 comprehensum
3162 5062 3227 5119 ad
3254 5061 3409 5118 Isaia:
3439 5059 3539 5112 de-

1944 5175 2064 5231 tulit
2096 5172 2233 5227 inbia
2266 5168 2544 5241 purganda
2570 5165 2727 5239 (Isai.
2757 5178 2829 5233 tv,
2863 5161 2944 5236 6).
2974 5160 3085 5217 Hoc
3115 5164 3201 5213 est
3240 5154 3448 5241 altare,
3487 5156 3544 5241 ct

1949 5267 2053 5320 hoc
2075 5238 2510 5325 tabernaculum,
2547 5238 2611 5312 ad
2645 5255 2800 5325 cujus
2829 5248 3243 5307 similitudinem
3267 5239 3446 5297 omnia
3488 5238 3543 5293 in

1951 5359 2141 5414 Exodo
2173 5355 2312 5411 facta
2336 5352 2675 5416 referuntur,
2709 5344 2907 5419 quibus
2932 5342 3129 5397 oblattc
3151 5344 3275 5392 sunt
3306 5331 3544 5387 vlctinne

1946 5453 2259 5527 spirituales
2281 5449 2394 5504 Deo
2421 5444 2620 5520 (Exod.
2651 5439 2912 5511 xxxvnt).
2944 5431 3197 5527 Alioquin
3238 5428 3305 5481 de
3345 5436 3551 5494 corpo-

1948 5519 2153 5604 ralibus
2181 5542 2400 5611 hostiis,
2429 5519 2487 5595 et
2516 5533 2851 5593 holocaustis
2882 5528 2913 5568 ι
2939 5536 3106 5597 supra
3141 5519 3283 5575 idem
3314 5524 3550 5572 testatur

1955 5643 2135 5701 Deus:
2170 5638 2241 5697 Ut
2265 5637 2394 5708 quid
2420 5633 2545 5690 mihi
2572 5625 2959 5687 multitudinem
2986 5617 3313 5675 victimarum
3351 5620 3549 5667 vestra-

321 5945 347 5993 δ
380 5923 651 6037 licuit—ulli
676 5923 837 6011 mss.,
871 5956 961 6015 per
993 5938 1228 5997 eumdem
1249 5934 1483 6015 (supple
1501 5928 1818 6021 prophetam;

1921 5936 2076 5988 statur
2103 5923 2263 5987 Deus.
