2002 3565
283 190 337 218 5όῦ
909 191 937 219 S.
956 190 1091 219 EUSEBH
1113 189 1303 218 IllERONYMl
1849 194 1887 222 5H

282 246 361 274 rum?
372 246 434 273 dicit
449 246 587 274 Dominus.
604 246 703 274 Plenus
718 255 776 274 sum
789 246 1012 274 holocaustomate
1026 246 1081 284 [ΑΙ.
1096 250 1121 280 Α
1136 254 1213 274 canes
1227 246 1239 265 δ
1254 246 1416 283 impudentes
1429 247 1524 274 anima
1539 248 1717 284 ignoracerunt
1727 249 1775 285 [AL
1787 251 1889 288 ignorant]

284 291 564 328 holocaustomatibus]
576 293 695 326 arietum,
709 297 733 319 et
743 293 821 327 adipe
835 301 974 328 agnorum,
985 298 1009 320 et
1022 302 1083 321 san-

284 340 387 376 guinem
397 345 532 368 taurorum
545 346 569 368 et
584 341 716 368 hircorum
729 342 800 368 nolo.
817 340 918 369 Dontus
936 342 1002 369 enim
1014 350 1080 376 mea,

285 387 377 414 domus
395 387 522 415 arationis
551 388 680 415 vocabitur
703 388 801 415 cunctis
822 388 936 423 populis.
957 388 1015 416 Non
1037 389 1082 416 uni

282 434 356 470 genti
369 433 482 468 JlldiBiB,
495 443 545 463 nec
558 444 611 462 uno
619 435 816 472 Hierosolyma:
829 440 857 463 et
866 435 941 463 urbis
956 436 1026 471 loco,
1035 436 1082 464 sed

279 474 312 508 'in
330 486 386 510 toto
397 482 464 510 orbe
476 487 611 510 terrarum
629 491 635 510 :
653 490 824 517 nequaquam
837 486 976 510 taurorum
989 488 1016 511 et.
1029 483 1085 510 hir-

284 534 391 561 corum,
408 532 437 555 et
456 529 584 560 arietum,
610 527 657 556 sed
681 529 824 556 orationis.
846 528 906 563 Quo
929 529 1085 556 testimonio

285 572 420 601 Dominus
441 574 545 602 abusus
559 579 612 608 est,
630 574 745 610 loquens
761 581 854 603 contra
871 583 928 608 eos,
940 576 985 611 qui
1001 575 1086 611 Spiri-

285 623 329 646 tus
344 621 433 647 sancti
447 620 497 648 sub
513 621 634 654 nomine,
646 621 837 649 eolumbarum
849 622 875 649 in
888 622 1001 657 Templo
1014 622 1085 650 dona

285 667 455 701 vendebant,
472 673 500 696 et
511 668 646 696 sedebant
662 669 688 697 in
703 669 843 697 cathedris
860 671 1042 705 pestilentim,
1060 676 1087 699 et

285 714 424 743 habebant
447 724 556 744 mensas
579 717 823 745 nummulariorum
850 718 968 753 (Matth.
996 726 1041 745 xxr
1063 724 1086 746 et

284 761 366 790 Joan.
377 762 420 798 ιι),
429 763 520 791 omnia
530 763 663 792 facientes
678 765 763 800 turpis
774 765 841 793 lucri
852 766 949 801 gratia,
961 766 1086 794 nescien-

286 813 328 836 tes
340 809 408 837 illud
424 810 497 845 quod
509 811 639 846 scriptum
656 817 698 839 est
711 820 718 838 :
734 811 822 839 Gratis
835 813 969 847 accepistis
982 834 989 845 ,
1006 814 1088 849 gratis

285 855 345 883 date
360 855 469 892 (Matth.
489 865 516 891 κ,
534 857 573 893 8).
588 858 651 885 ll:ec
669 864 760 886 autem
781 859 873 886 futura
893 860 1025 887 Dominus
1041 868 1086 888 re-

288 904 426 938 promisit,
441 904 487 939 qui
499 910 649 941 congregat
660 906 803 940 dispersos
818 906 910 934 Israel.
925 907 964 935 Ad
980 915 1048 943 quos
1062 913 1089 935 et

1134 294 1306 321 saturitatem.
1332 293 1366 320 Et
1386 299 1447 321 sunt
1468 294 1532 320 muli
1555 295 1690 322 nescientes
1708 296 1890 332 intelligentiam:

1134 348 1222 367 omnes
1235 341 1290 367 t-ias
1299 349 1360 367 suas
1370 340 1450 367 secuti
1461 345 1532 367 sunt.
1551 340 1725 377 Unusquisque
1735 343 1802 369 simul
1816 352 1829 370 α
1837 352 1890 371 sum-

1135 386 1309 422 mitate662
1319 388 1385 422 ejus.
1400 386 1490 413 Venite
1506 392 1528 414 et
1542 395 1672 414 sumamus
1683 388 1799 420 uinum,et
1809 390 1891 418 inebrie-

1136 441 1204 466 ntur,
1221 438 1243 459 et
1256 434 1287 459 sit
1297 432 1355 459 talis
1371 433 1425 460 dies
1438 434 1562 466 crastina,
1578 441 1672 470 magna
1687 435 1787 470 amplius
1797 436 1857 463 nimis
1868 439 1890 470 ⁵,.

1136 479 1170 507 Ut
1185 487 1291 512 omnes,
1307 480 1404 514 inquit,
1418 480 1513 507 bestia:
1528 480 1614 508 Saltus
1628 481 1744 514 veniant,
1756 486 1780 508 et
1792 481 1892 511 devorent

1137 532 1328 562 congregatos,
1337 528 1395 556 sive
1405 529 1431 555 in
1443 528 1532 556 locum
1542 528 1820 564 Jud:rorrtnt,gentium
1830 532 1892 559 turba

1138 575 1294 609 sureedant,
1309 576 1496 609 speculatores
1510 584 1604 604 eorutn
1621 576 1647 603 in
1657 584 1733 604 causa
1743 582 1808 611 sunt,
1818 577 1893 606 Scribe

1137 620 1268 648 videlicet
1283 625 1310 649 ct
1325 621 1456 649 Pltarismi
1472 631 1478 648 :
1496 623 1557 657 quia
1574 630 1668 650 omnes
1690 623 1750 651 eieci
1775 625 1894 652 nescierunt

1139 666 1283 694 Dominum
1306 668 1485 701 Salvatoretu,
1502 676 1552 696 nec
1580 669 1667 697 lucem
1684 670 1814 698 voluerunt
1825 671 1894 699 videre

1139 718 1317 748 praesentem.
1335 714 1375 741 Ad
1389 722 1456 749 quos
1475 715 1605 742 Dominus
1621 715 1775 753 loquebatur
1790 725 1796 743 :
1810 716 1895 743 Stultiet

1140 760 1212 793 circi,
1222 760 1285 795 quid
1305 765 1342 787 est
1353 761 1422 796 plus,
1439 769 1543 794 aurum,
1565 770 1598 788 an
1613 762 1696 789 altare
1708 762 1771 797 quod
1785 762 1895 796 sanctiﬁcat

1140 814 1233 833 aurum
1256 807 1364 842 (Matth.
1389 815 1465 840 χχιιι,
1485 808 1549 843 i7)?
1573 812 1600 835 et
1620 808 1736 835 iterum:
1756 808 1828 836 Duces
1845 810 1894 841 cari,

1140 853 1247 880 culicem
1260 853 1397 888 liquentes,
1413 859 1439 881 et
1453 855 1580 882 cantelum
1601 855 1734 890 glutieutet
1751 854 1822 890 (Ibid.
1833 875 1839 889 ,
1850 855 1895 890 24);

1141 905 1186 927 et:
1215 900 1302 927 Caecus
1322 909 1416 929 arcum
1443 901 1550 935 ducens,
1574 902 1649 929 ambo
1674 903 1699 929 in
1721 905 1809 938 foveam
1827 903 1897 930 cadunt

288 950 384 979 Petrus
400 952 548 986 Apostolus
560 953 655 981 scribit
667 954 747 990 661
761 954 911 989 Epistolam
925 955 977 983 :de
991 956 1088 991 quibus

1144 946 1248 983 (Matth.
1267 955 1312 980 xv,
1329 947 1383 983 it).
1401 948 1478 982 Quod
1494 952 1584 976 autem
1611 948 1730 984 magistri
1753 949 1897 984 speculatores

289 999 464 1035 Evangelista
486 1000 630 1036 loquitur:
652 1001 711 1028 Hoc
731 1006 818 1029 autem
839 1011 855 1029 a
882 1004 1015 1038 semetipso
1038 1012 1089 1031 non

289 1046 365 1080 dixit,
382 1047 426 1073 sed
439 1055 497 1074 cum
509 1053 574 1074 esset
590 1048 707 1082 pontifex
719 1048 781 1075 antri
796 1049 868 1076 illius
880 1071 887 1082 ,
911 1049 1070 1085 praphetavit
1079 1072 1086 1085 ,

289 1092 350 1127 quia
365 1091 441 1120 Iesus
454 1093 594 1121 moriturus
607 1098 661 1121 erat
675 1103 721 1130 pro
734 1099 815 1130 gente,
830 1100 853 1122 et
864 1104 915 1123 non
929 1101 1031 1123 tantunt
1042 1105 1089 1131 pro

290 1144 373 1174 gente,
386 1139 430 1166 sed
444 1144 471 1166 ut
483 1140 551 1175 ﬁlios
563 1140 624 1175 Dei,
638 1141 681 1177 qui
694 1146 767 1168 erant
780 1142 890 1175 dispersi
901 1164 908 1175 ,
924 1149 1089 1179 congregaret

289 1185 317 1212 in
336 1193 416 1212 unum
430 1185 525 1221 (Joun.
539 1195 565 1214 xt
575 1207 583 1219 ,
598 1187 646 1222 7),
663 1187 880 1224 implereturque
894 1188 967 1224 quod
987 1189 1088 1217 dictum

291 1237 352 1259 est:
368 1231 539 1269 Congregutio
550 1234 706 1269 populorum
718 1234 888 1262 circumdabit
904 1240 947 1262 te:
960 1240 971 1253 ι·
987 1241 1091 1271 propter

291 1280 358 1307 hanc
369 1280 395 1307 in
406 1281 535 1308 excelsum
550 1286 695 1309 convertere
709 1281 796 1318 (Psal.
809 1290 861 1315 vn,
878 1283 917 1318 8).
935 1283 1089 1318 Congrega-

290 1327 325 1355 tis
340 1332 432 1355 autem
449 1336 498 1363 per
511 1328 661 1363 Apostolos
680 1328 806 1364 reliquiis
822 1328 917 1361 Israel,
930 1334 958 1356 et
970 1329 995 1356 in
1007 1337 1089 1356 unum

289 1374 408 1402 reductis
417 1383 528 1411 gregem
539 1375 591 1409 his,
600 1376 647 1411 qui
659 1375 768 1403 fuerant
778 1380 841 1403 ante
853 1376 983 1410 dispersi,
993 1384 1090 1404 omnes

290 1421 386 1450 bestia:
408 1427 610 1457 provocautur,
630 1427 659 1449 ut
675 1422 785 1449 veniant
799 1428 826 1449 et
840 1422 1090 1455 devorentlsrael.

290 1478 338 1498 eos
350 1470 488 1502 videlicet,
501 1469 546 1505 qui
560 1470 674 1497 credere
693 1470 852 1503 noluerunt,
865 1470 898 1497 de
910 1469 1009 1504 quibus
1020 1471 1091 1504 Apo-

291 1516 379 1544 stolus
392 1525 398 1543 :
412 1515 514 1543 Etenim
525 1516 653 1551 perueniet
668 1524 744 1552 super
758 1525 801 1543 eos
815 1517 875 1551 finis
891 1516 1021 1553 (Philipp.
1039 1515 1090 1552 tu).

294 1563 327 1590 Et
343 1562 473 1590 Dominus
492 1563 518 1589 in
535 1562 685 1598 Evaugelio
700 1571 706 1589 :
722 1562 787 1589 Cum
802 1567 888 1589 autent
908 1563 1025 1589 videritis
1041 1564 1092 1590 cir-

294 1609 412 1635 cumdari
425 1609 457 1636 ab
470 1609 583 1636 exercitu
596 1609 741 1636 Jerusalem
750 1631 756 1643 ,
769 1614 830 1636 tunc
845 1610 932 1637 scitote
941 1632 947 1641 ,
960 1610 1030 1645 quod
1045 1611 1092 1637 ad-

1141 999 1283 1028 vocentur,
1293 1000 1320 1022 et
1335 1003 1417 1028 supra
1428 995 1556 1030 legimus.
1567 995 1595 1023 In
1609 1003 1644 1023 eo
1656 996 1726 1024 enim
1739 996 1791 1023 loco
1804 996 1896 1031 ubijnxn

1141 1041 1215 1069 LXX
1229 1042 1327 1069 dicitur
1342 1052 1347 1069 :
1367 1042 1424 1069 Vox
1435 1043 1571 1070 custodum
1587 1048 1691 1070 tuorum
1706 1044 1795 1070 eleuata
1804 1041 1896 1078 est(lsai.

1142 1097 1188 1123 LII,
1202 1089 1240 1125 8),
1258 1090 1285 1117 in
1302 1090 1436 1118 Hebraico
1452 1091 1584 1125 scriptum
1598 1095 1641 1118 est
1654 1099 1668 1127 ε¹
1680 1090 1736 1118 Vox
1747 1091 1897 1126 speculatorum

1142 1141 1254 1163 tuorunt.
1272 1136 1310 1164 De
1324 1137 1421 1173 quibus
1436 1142 1495 1165 erat
1511 1137 1649 1171 Ezechiel,
1661 1138 1703 1165 cui
1719 1137 1825 1173 loquitur
1834 1137 1896 1164 Deus:

1142 1183 1198 1211 Fili
1209 1184 1332 1216 hominis,
1341 1185 1530 1220 speculatorem
1540 1185 1600 1212 dedi
1611 1189 1635 1212 te
1646 1185 1733 1212 domui
1741 1183 1897 1221 Isracl(Ezec/t.

1142 1239 1181 1265 ut,
1198 1231 1252 1267 t7).
1264 1231 1318 1260 Sed
1335 1232 1371 1259 illi
1383 1232 1572 1267 speculatores
1584 1239 1638 1259 non
1648 1232 1798 1260 erantcaaci.
1810 1231 1898 1264 Denique

1142 1278 1352 1313 appellabantur
1364 1278 1500 1306 videntes.
1522 1278 1569 1306 isti
1591 1284 1682 1306 autem
1703 1278 1736 1306 de
1754 1278 1838 1313 quibus
1854 1277 1898 1304 Pro-

1143 1327 1224 1361 pheta
1240 1332 1311 1352 nnnc
1331 1325 1459 1359 loquitur,
1480 1333 1533 1352 non
1555 1325 1647 1353 solum
1669 1325 1834 1362 speculatores
1845 1324 1897 1357 caci,

1143 1371 1191 1399 sed
1207 1377 1231 1398 et
1246 1379 1327 1398 canes
1348 1372 1412 1398 mttti
1427 1371 1613 1406 appellantur,
1628 1380 1682 1399 non
1697 1371 1808 1399 valentes
1819 1371 1897 1398 latrare.

1143 1418 1195 1452 Qui
1212 1418 1285 1445 enim
1304 1425 1413 1454 gregem
1432 1418 1538 1445 Domini
1554 1418 1693 1446 custodire
1705 1418 1861 1450 debebant,et
1872 1417 1898 1443 lu-

1144 1472 1193 1500 pus
1206 1465 1327 1501 abigere,
1341 1470 1368 1493 et
1384 1465 1483 1493 latrare
1498 1473 1547 1501 pro
1558 1465 1687 1501 Domino,
1700 1464 1897 1501 diliguntsomnia,

1143 1515 1171 1539 et
1184 1511 1360 1539 dmmouiaris
1371 1512 1523 1540 visionibus
1537 1512 1717 1540 delectantur.
1729 1513 1759 1540 Et
1768 1516 1804 1540 est
1813 1517 1896 1539 sensus:

1143 1560 1201 1588 Non
1216 1566 1330 1596 possunt
1343 1561 1416 1596 loqui
1429 1561 1581 1595 veritatem,
1595 1561 1644 1589 sed
1654 1561 1774 1589 universa
1784 1558 1897 1587 mendacia.

1145 1606 1199 1634 Nec
1215 1607 1267 1634 hoc
1284 1607 1338 1635 line
1358 1608 1478 1635 contenti
1502 1612 1576 1642 sunt,
1593 1609 1638 1643 qui
1666 1609 1692 1635 in
1708 1607 1817 1635 custodia
1836 1605 1899 1641 gregis

292 1657 385 1683 uerterit
404 1657 459 1692 ejus
473 1656 658 1683 consummatio
679 1655 756 1692 (Luc.
778 1664 816 1689 ιι,
832 1655 889 1691 20).
905 1656 969 1684 Sive
985 1657 1036 1684 hoc
1051 1656 1093 1684 di-
1105 1658 1128 1689 (ζ
1145 1653 1253 1680 Domini
1268 1653 1485 1687 dormiebant,et
1497 1654 1599 1682 latrare
1614 1662 1668 1681 non
1685 1657 1808 1689 poterant,
1821 1657 1840 1679 et
1849 1657 1900 1678 ama-

292 1703 510 1738 cendum.quod
527 1702 621 1730 bestiis
639 1702 673 1729 ad
689 1702 874 1730 devorandum
897 1702 991 1730 traditi
1013 1709 1092 1735 sunt.

293 1756 360 1784 quas
371 1749 524 1776 detestatur
537 1749 692 1784 Propheta,
708 1749 803 1777 dicens
817 1758 823 1776 :
838 1749 879 1776 Ne
897 1749 987 1776 tradas
1007 1749 1093 1776 bestiis

292 1795 392 1822 animas
408 1795 556 1829 conﬁtentes
567 1795 612 1822 tibi
626 1794 685 1830 (Ps.
699 1803 797 1829 uxnt,
811 1795 856 1831 i9)
874 1804 880 1822 :
896 1795 930 1823 de
946 1796 987 1822 his
999 1801 1090 1830 tropo-

292 1841 382 1877 logice
394 1841 502 1874 bestiis,
515 1849 576 1876 qua:
588 1847 691 1877 partem
704 1841 970 1877 quamdamDomini
983 1842 1094 1870 devora-

292 1892 367 1920 runt,
385 1893 504 1923 etsupra
521 1888 573 1925 (Ad
589 1897 646 1924 cap.
663 1888 701 1924 rx)
717 1888 845 1924 legimus,
859 1889 966 1925 Syriam
984 1890 1018 1917 ab
1032 1893 1093 1916 ortu

293 1935 361 1962 solis
372 1956 379 1968 ,
401 1940 428 1963 et
443 1934 554 1963 Graecos
575 1935 609 1962 ab
622 1936 786 1970 Occidente,
799 1935 845 1971 qui
859 1936 991 1964 devorant
1011 1937 1095 1965 Israel

295 1987 351 2009 toto
363 1990 424 2010 ore.
439 1983 472 2010 Et
488 1983 515 2010 in
535 1982 654 2010 Jercmia
671 1992 677 2010 :
696 1982 757 2010 Ovis
778 1991 866 2010 errans
887 1983 987 2016 lsrael,
1010 1983 1095 2010 leones

293 2031 421 2062 ejet‘erunl
432 2032 488 2056 eam
502 2037 511 2057 :
524 2030 622 2065 primus
635 2030 764 2057 deuorauit
778 2038 833 2057 eant
847 2038 893 2057 rex
904 2031 995 2065 Assur,
1012 2036 1035 2056 et
1047 2039 1096 2057 νιος

295 2076 413 2103 vissintus
428 2077 572 2112 confringet
584 2085 641 2104 ossa
656 2076 728 2104 illius
742 2085 787 2104 rex
796 2076 936 2112 Babylonis
948 2076 1053 2112 (Jerem.
1067 2086 1094 2110 ι,

296 2123 355 2157 17).
367 2123 461 2151 Potest
475 2124 565 2151 ethoc
576 2124 639 2158 dici,
652 2124 724 2160 quod
742 2133 803 2152 cum
824 2125 906 2153 Israel
928 2126 1028 2161 populo
1054 2134 1096 2153 ra-

297 2169 370 2197 bidte
383 2171 460 2205 prius
471 2175 566 2205 gentes
583 2176 765 2205 provocenlur
775 2171 808 2199 ad
824 2171 904 2200 ﬁdem
915 2193 922 2204 ,
939 2178 968 2200 ut
979 2172 1096 2200 desertis

297 2216 429 2250 saltibus,
448 2217 496 2252 qui
518 2216 551 2245 de
566 2218 690 2245 exercitu
709 2218 860 2247 Abessalon
878 2219 1009 2254 plurimos
1024 2221 1097 2248 occi-

295 2262 404 2298 derunt,
417 2264 530 2292 veniant
542 2264 577 2292 ad
594 2265 744 2293 Ecclesiam
756 2271 783 2294 et
793 2266 940 2294 comedant
953 2267 1095 2296 coalestem

296 2318 406 2346 partem,
417 2312 535 2346 agnique
547 2319 631 2339 carne
643 2316 814 2340 saturentur.

1145 1700 1210 1728 bant
1228 1701 1328 1735 cubile,
1351 1709 1400 1736 per
1423 1709 1484 1737 qua:
1501 1701 1626 1736 voluptas
1651 1702 1768 1736 corporis
1786 1699 1899 1728 iudieatllr;

1145 1748 1192 1775 sed
1208 1747 1278 1782 apud
1303 1755 1369 1775 sues
1389 1747 1562 1783 impudentes
1577 1747 1633 1784 [ΑΙ.
1650 1745 1813 1784 impudentis]
1833 1744 1900 1771 animi:

1145 1796 1302 1823 nescierunt
1314 1796 1498 1829 saturitatem,
1508 1795 1555 1830 qui
1568 1803 1715 1830 numquam
1728 1802 1773 1821 suo
1785 1795 1902 1820 saturantur

1145 1850 1248 1871 errore.
1264 1842 1314 1875 Qui
1330 1842 1462 1870 devorant
1473 1842 1581 1877 plebem
1597 1842 1705 1869 Domini
1716 1842 1901 1871 sicutescatupt-

1147 1890 1200 1922 nis,
1216 1895 1244 1917 et
1265 1890 1361 1917 domos
1379 1890 1522 1917 viduarum
1539 1900 1543 1916 :
1560 1889 1688 1925 gulzeque
1707 1896 1738 1916 ac
1757 1886 1845 1915 libidini
1862 1891 1902 1911 ser-

1146 1937 1233 1964 viunt.
1246 1937 1303 1964 Non
1319 1937 1391 1964 enim
1409 1942 1524 1972 pUSsunt
1538 1937 1632 1965 dicere
1649 1947 1654 1964 :
1675 1936 1816 1964 Mandatum
1827 1931 1902 1959 Domini

1148 1984 1262 2012 lucidum
1282 1984 1417 2011 illuminas
1441 1984 1530 2011 oculos
1547 1983 1608 2020 (Ps.
1636 1992 1715 2016 xvnt,
1739 1982 1776 2019 9).
1796 1988 1837 2008 nec
1848 1984 1903 2006 nosse

1147 2030 1218 2065 quod
1231 2030 1359 2065 scripturn
1376 2034 1418 2057 est
1433 2039 1438 2056 :
1464 2030 1600 2065 Sapientia
1625 2030 1734 2057 hominis
1752 2027 1862 2056 illuminat
1875 2025 1903 2058 la-

1148 2079 1213 2105 ciem
1223 2080 1279 2115 ejus
1294 2079 1385 2113 (Prov.
1405 2088 1471 2114 xvn,
1491 2079 1548 2115 24).
1567 2081 1599 2108 Et
1611 2088 1697 2108 canes
1716 2078 1779 2107 muti
1799 2076 1903 2103 adversum

1147 2124 1284 2158 inimicos,
1297 2125 1330 2153 de
1354 2126 1452 2160 quilms
1474 2127 1605 2161 scriptum
1634 2131 1677 2154 est
1695 2136 1701 2153 :
1721 2124 1804 2153 Nolite
1822 2125 1905 2168 lantiulli

1149 2172 1210 2199 dare
1224 2172 1331 2199 canibus
1347 2172 1456 2209 (Matth.
1468 2181 1515 2207 vu,
1525 2173 1565 2209 6).
1579 2174 1609 2200 Et
1619 2181 1703 2201 canes
1717 2170 1868 2200 dormientes.
1876 2172 1906 2200 qm

1148 2218 1273 2246 nesciunt
1289 2226 1349 2246 esse
1363 2224 1529 2254 praeceptum
1541 2228 1547 2246 :
1565 2219 1606 2246 Ne
1624 2219 1729 2246 dederis
1741 2223 1842 2245 somnum
1852 2210 1906 2240 οτυίίε

1149 2266 1210 2298 tuis,
1225 2270 1249 2293 et
1263 2266 1394 2302 palpebris
1418 2264 1470 2294 luis
1492 2266 1704 2294 dot'mitatiouem
1722 2265 1777 2301 (Ps.
1790 2259 1877 2293 cmtli
1890 2261 1906 2285 ει

1149 2320 1257 2340 rursum
1274 2322 1280 2339 :
1302 2312 1426 2348 Vigilate,
1452 2314 1512 2348 quia
1533 2313 1637 2341 nescitis
1658 2322 1709 2349 qua
1736 2313 1795 2339 hora
1815 2306 1907 2335 Domith

335 2356 424 2391 (Vers.
438 2357 543 2393 10-12.)
556 2357 736 2393 Speculatores
749 2359 806 2394 ejus
817 2360 877 2387 cwci
889 2368 985 2393 omnes,
1001 2364 1096 2389 nescie-
1112 2363 1137 2393 D
1150 2365 1231 2387 uester
1248 2366 1368 2387 uenturus
1379 2361 1412 2388 sit
1425 2360 1533 2396 (Matth.
1546 2360 1688 2396 xxrv,42).
1699 2359 1731 2387 Et
1743 2358 1833 2386 idcirco
1840 2355 1906 2380 dantes

295 2409 357 2430 runt
369 2404 481 2432 uniuersi
496 2413 505 2432 :
521 2413 597 2431 canes
609 2405 674 2432 muti
687 2413 737 2433 non
748 2406 860 2434 ualentes
871 2406 1097 2440 latrare.t'identcs

297 2450 550 2486 uana,dormientes,
565 2456 589 2479 et
604 2457 718 2480 amantes
732 2454 842 2481 somnia.
863 2453 896 2481 Et
916 2462 991 2481 canes
1013 2455 1098 2490 impu-

299 2497 441 2525 dentissimi
454 2498 599 2526 nescierunt
610 2500 769 2527 saturitatem
781 2509 791 2528 :
801 2501 853 2536 ipsi
867 2506 982 2536 pastores
996 2503 1099 2537 ignora-

298 2549 388 2571 rerunt
403 2544 600 2580 intelligentiam
614 2554 623 2573 :
635 2554 723 2573 omnes
736 2547 763 2573 in
784 2548 849 2574 uiam
865 2556 940 2574 suam
955 2548 1099 2576 declinare.

298 2596 370 2624 runt,
386 2591 561 2626 unusquisque
574 2592 607 2618 ad
622 2593 758 2620 auaritiam
774 2602 859 2627 suam,
876 2603 891 2621 a
906 2603 1007 2622 sumnto
1020 2604 1099 2629 usque

297 2638 332 2664 ad
345 2639 520 2665 nouissimum.
541 2638 637 2671 Venite,
649 2648 782 2667 sumamus
793 2641 891 2673 vinum,
908 2647 931 2668 et
944 2642 1099 2677 impieamur

299 2684 426 2715 ebrietate,
449 2690 473 2711 et
488 2685 535 2712 erit
549 2686 615 2712 sicut
631 2686 717 2720 hodie,
732 2688 768 2714 sic
784 2693 806 2714 et
822 2697 890 2722 cras,
907 2693 931 2715 et
946 2689 1026 2716 multo
1042 2698 1098 2716 am-

300 2732 377 2768 plius.
394 2731 466 2759 LXX
484 2736 499 2759 .’
511 2732 601 2760 Videte
614 2736 737 2769 quoniam
756 2736 877 2763 exrcecati
899 2741 958 2764 sunt
980 2745 1067 2764 omnes
1091 2747 1099 2765 :

301 2788 351 2807 non
362 2786 535 2817 cognouerunt
555 2782 678 2815 uniuersi,
693 2791 770 2809 canes
783 2784 848 2810 muti
864 2792 915 2811 non
928 2789 1046 2817 poterunt
1062 2785 1100 2812 la-

297 2832 367 2855 trare
378 2836 387 2855 :
397 2829 553 2857 somniantes
565 2829 700 2864 lectulum,
712 2836 826 2859 amantes
841 2831 1048 2861 dormitationes.
1067 2832 1099 2861 Et

303 2964 320 3003 n
340 2932 540 2994 “dumbrosiani
562 2933 617 2960 duo
632 2933 729 2966 codd.,
744 2936 791 2968 pro
811 2934 899 2962 hacin
914 2935 1046 2963 excelsum
1070 2944 1109 2963 re-

322 2975 349 2994 re
368 2974 418 2994 ere.

322 2974 418 2994 reuere.

1150 2407 1239 2434 locum
1255 2406 1375 2440 diabolo,
1385 2414 1468 2435 canes
1482 2407 1713 2442 impudentissimi
1725 2406 1792 2438 sunt,
1804 2401 1842 2438 qui
1856 2405 1907 2426 mnu-

1149 2461 1229 2489 quam
1245 2458 1411 2481 saturantur.
1426 2454 1547 2481 Vomunt
1556 2454 1629 2481 enim
1642 2453 1714 2489 quod
1727 2448 1907 2480 comederunt,cl

1150 2508 1325 2530 revertuntur
1337 2503 1369 2530 ad
1383 2502 1464 2539 663
1480 2503 1610 2529 vomitum
1624 2509 1704 2529 suum
1715 2500 1800 2537 (Prov.
1812 2492 1908 2529 ntvt).l‘e

1151 2549 1249 2585 quibus
1264 2553 1292 2577 et
1306 2549 1401 2577 Petrus
1419 2549 1563 2584 Apostolus
1578 2549 1700 2584 loquitur
1713 2557 1719 2575 :
1734 2545 1823 2574 Accidit
1836 2541 1909 2593 illisrt‘

1150 2605 1209 2624 rum
1237 2596 1304 2624 illud
1330 2597 1492 2632 prouerbium
1508 2596 1607 2624 :Canis
1631 2604 1746 2623 reuersus
1775 2593 1804 2620 ad
1822 2592 1909 2617 comitant

1153 2652 1239 2676 suum,
1254 2648 1278 2670 et
1288 2651 1330 2670 sus
1341 2643 1394 2670 lota
1407 2644 1433 2670 in
1442 2643 1577 2670 volutabra
1588 2642 1636 2670 luti
1650 2642 1683 2677 (ll
1694 2641 1751 2669 Pet.
1765 2648 1791 2673 tt,
1801 2637 1850 2672 2‘3)-
1859 2634 1910 2667 0“”5

1154 2689 1343 2724 speculatores
1357 2693 1385 2716 et
1395 2696 1476 2716 canes
1489 2689 1602 2717 eosdem
1615 2696 1678 2716 esse
1690 2692 1817 2723 pastores,
1826 2683 1910 2729 500"???
1949 2701 1950 2724 ς

1154 2744 1246 2764 sermo
1260 2736 1449 2764 demonstrat:
1467 2736 1523 2773 Ipsi
1538 2741 1653 2773 pastores
1665 2736 1833 2772 ignoraret-unt
1844 2726 1911 2773 intclli:
1949 2731 1950 2736 η

1154 2785 1276 2821 gentiam.
1296 2785 1414 2813 Verbum
1426 2786 1500 2813 enim
1524 2785 1689 2812 llebraicum
1713 2790 1773 2810 noni
1796 2770 1911 2816 [ALsoEIll

1156 2832 1248 2869 (tam)
1270 2833 1342 2869 quod
1357 2838 1474 2869 quatuor
1488 2833 1587 2861 litteris
1613 2832 1759 2864 scribitur,
1773 2837 1809 2857 res
1822 2831 1842 2854 et
1853 2823 1884 2851 ain
1896 2825 1912 2846 rt

1199 2934 1213 2954 δ
1227 2935 1329 2963 Victor.
1347 2935 1522 2971 impudentis.
1540 2943 1572 2963 ex
1589 2934 1686 2964 ϐηρςο
1699 2932 1803 2962 ἀναιδεῖς
1813 2932 1839 2957 τῆ
1850 2924 1911 2961 ψυίῇ
