4096 6330
174 307 280 363 545

721 312 1369 372 COMMENTARIORUM
1410 311 1479 368 lN
1523 311 1761 371 ISAIAM
1801 309 2228 371 PROPHETAM
2267 313 2396 371 LIB.
2440 313 2556 374 XV.
2597 315 2754 374 CAP.
2796 317 2954 377 LVII.

3395 317 3500 375 546

165 422 262 494 jod
290 432 348 478 et
391 439 552 489 nteni,
580 426 626 481 si
661 427 875 499 legatur
899 429 1050 498 roim,
1081 436 1348 502 pastores;
1375 428 1420 483 si
1449 429 1608 494 raim,
1637 426 1795 498 pessi-
1821 430 1874 490 Α
1897 427 1996 482 erit
2016 428 2072 482 in
2094 445 2222 500 pace
2241 431 2510 502 sepultura
2535 436 2651 507 ejus
2676 449 2694 488 :
2719 433 2892 490 ablata
2919 442 2992 490 est
3019 432 3084 489 de
3106 433 3300 490 medio.
3329 433 3502 506 Prop-

168 531 279 570 mos
325 527 515 573 sonat.
557 518 672 576 lloc
707 521 967 589 diximus,
1002 531 1062 578 ut
1106 521 1270 577 varia:
1316 521 1790 591 interpretationis

168 622 369 664 causas
405 621 867 670 monstraremus.
898 613 1100 670 Omnes
1129 615 1274 669 enim
1305 627 1402 668 sua
1430 613 1788 684 qutesieruot,

168 710 222 756 et
254 715 368 756 non
403 718 532 774 qua:
554 705 649 760 Dei
674 713 932 772 sunt,nec
953 707 1373 762 ambulaverunt
1397 721 1496 775 per
1519 705 1661 782 viam
1688 705 1795 762 Do-

168 793 602 871 mini(Philipp.
629 800 718 871 tt),
752 803 821 855 de
852 816 960 870 qua
988 802 1254 871 scriptum
1274 810 1396 855 est:
1430 799 1657 868 Quaerite
1678 813 1797 870 qua:

169 889 234 944 sit
255 889 340 944 via
376 889 519 945 bona
546 908 566 947 :
597 903 646 947 et
675 894 936 949 ambulate
977 895 1030 950 in
1075 912 1137 950 ea
1171 893 1387 966 (Jerem.
1426 909 1508 962 Vl,
1540 893 1652 966 16).
1683 892 1796 949 Sed

165 980 318 1052 juxta
351 983 505 1052 quod
538 984 592 1040 in
623 985 882 1041 Judicum
937 987 1214 1043 volumine
1242 987 1441 1059 legitur
1470 1005 1484 1042 :
1519 985 1643 1042 Non
1683 996 1797 1043 erat

164 1091 254 1129 rex
281 1075 338 1130 in
370 1074 589 1144 Israel;
622 1082 975 1152 unusquisque
993 1081 1132 1152 quod
1159 1090 1354 1136 rectum
1380 1081 1482 1135 sibi
1506 1082 1792 1150 videbatur,

165 1169 260 1224 hoc
284 1170 526 1240 faciebat
563 1171 770 1246 (Judic.
805 1189 936 1238 xvu,
968 1173 1045 1245 6),
1078 1183 1136 1231 et
1165 1176 1420 1245 proprios
1463 1174 1795 1246 sequebatur

164 1279 410 1320 errores.
436 1263 710 1338 Quodque
731 1267 982 1338 sequitur
1012 1285 1026 1323 :
1053 1266 1419 1339 Unusquisque
1433 1269 1503 1322 ad
1520 1268 1796 1323 avaritiam

163 1376 333 1426 suam,
359 1377 395 1414 a
425 1377 637 1416 summa
652 1363 894 1432 usquead
909 1363 1248 1418 novissimum
1272 1377 1291 1415 :
1314 1363 1502 1430 uenite,
1523 1378 1794 1417 sumamus

165 1455 364 1522 riuum,
397 1465 452 1512 et
493 1457 808 1528 impleantur
836 1459 1094 1525 ebrietate,
1120 1468 1170 1513 et
1215 1459 1311 1513 erit
1354 1461 1488 1513 sicut
1519 1459 1692 1526 hodie,
1718 1459 1794 1514 sic

164 1557 210 1603 et
237 1565 382 1616 cras,
417 1559 464 1602 et
488 1551 659 1604 multa
684 1551 933 1621 amplius,
967 1550 1022 1605 in
1053 1549 1198 1606 LXX
1254 1549 1654 1622 interpretibus
1685 1567 1789 1606 non

167 1639 430 1708 habetur,
452 1639 555 1695 sed
587 1657 656 1697 ex
685 1641 956 1698 Hebraico
988 1641 1254 1706 additum,
1275 1642 1456 1699 stellis
1481 1641 1792 1698 illuminan-

168 1733 304 1789 tihus
359 1745 734 1806 praenotatur.
793 1736 1033 1807 Denique
1098 1735 1199 1790 hos
1251 1736 1553 1792 versiculos
1607 1735 1789 1791 nullus

1898 533 1978 577 ter
2008 524 2386 593 speculatores
2407 541 2584 582 etecos
2614 538 2666 583 et
2695 543 2860 584 canes
2889 540 3090 593 mutos,
3120 529 3211 600 qui
3245 530 3346 600 ipsi
3381 544 3506 600 pas-

1898 623 2048 670 tores
2087 625 2235 684 sunt,
2270 619 2585 676 nescientes
2614 619 3056 692 intelligentiam,
3083 636 3186 677 nec
3215 621 3504 694 praesenti-

1897 706 1998 764 bus
2025 717 2344 766 saturantur
2384 711 2781 782 voluptatibus,
2815 715 2911 771 sed
2943 729 3162 785 semper
3191 730 3250 772 se
3287 728 3502 785 przepa-

1896 811 2021 856 rant
2071 801 2138 858 ad
2188 803 2424 870 futuras,
2451 805 2630 874 justus
2673 807 2858 879 periit,
2906 808 2976 864 de
3024 823 3136 880 quo
3188 808 3324 865 dicit
3365 823 3505 865 uxor

1899 891 2058 948 Pilati
2090 911 2102 947 :
2151 893 2308 949 Nihil
2346 895 2439 950 tibi
2473 900 2540 952 sit
2565 908 2614 952 et
2637 899 2778 966 iusto
2804 898 2884 954 illi
2910 898 3130 972 (Matth.
3164 916 3338 970 xxvu,
3382 898 3497 971 i9).

1897 985 1999 1055 Qui
2028 987 2152 1042 lotis
2200 989 2475 1056 manibus,
2503 994 2750 1048 innocens
2777 1010 2894 1048 sum
2933 997 3046 1069 ego,
3076 995 3273 1068 inquit,
3317 1015 3350 1050 a
3377 1013 3500 1052 san-

1896 1079 2052 1150 guine
2071 1081 2212 1152 justi
2255 1079 2436 1156 hujus.
2470 1083 2527 1138 In
2559 1099 2670 1156 quo
2713 1085 3172 1143 considerandum
3195 1089 3341 1160 quod
3377 1105 3500 1146 ver-

1899 1172 2022 1226 bum
2067 1172 2416 1243 perditionis,
2460 1176 2531 1232 de
2574 1193 2685 1248 quo
2715 1192 2861 1250 sarpe
2887 1179 3131 1238 hmretici
3164 1184 3497 1242 calumniam

1897 1264 2121 1334 faciunt,
2146 1267 2291 1338 quod
2335 1268 2619 1326 interitum
2649 1272 2939 1344 signiticet,
2974 1284 3030 1330 et
3053 1275 3410 1333 abolitionem
3442 1278 3502 1337 in

1895 1370 2246 1432 perpetuum,
2291 1373 2527 1436 ponatur
2575 1383 2745 1438 super
2794 1367 3038 1438 Christo,
3094 1373 3250 1443 cujus
3309 1375 3502 1446 utique

1896 1454 2131 1524 perditio
2165 1456 2568 1538 persecutionis
2599 1461 3056 1532 magnitudinem,
3099 1475 3154 1519 et
3191 1480 3296 1520 non
3329 1467 3497 1523 linem

1894 1557 2166 1604 monstrat
2201 1549 2549 1608 substantiae.
2592 1551 2658 1607 Et
2686 1572 2834 1610 nemo
2886 1567 2980 1623 est,
3014 1558 3218 1629 ait,qui
3257 1559 3502 1634 recogitet

1892 1638 1948 1693 in
1977 1641 2131 1695 tarde
2156 1658 2274 1709 suo,
2308 1643 2426 1700 sive
2447 1656 2684 1717 reponat.
2720 1647 2905 1720 Neque
2932 1649 3078 1706 enim
3112 1651 3228 1706 fieri
3259 1659 3497 1723 poterat,

1896 1741 1953 1786 ut
1977 1735 2107 1788 caeci
2140 1745 2196 1789 et
2238 1736 2371 1790 muti
2426 1737 2678 1794 videntes
2719 1755 2856 1796 vana
2895 1754 2951 1798 et
2982 1755 3229 1799 amantes
3258 1745 3497 1814 somnia,

168 1827 701 1886 Ecclesiasticorum
750 1830 1116 1901 Interpretum
1153 1827 1448 1899 'disseruit,
1483 1831 1576 1888 sed
1631 1830 1785 1902 quasi
1818 1831 1864 1892 B
1893 1823 2319 1898 ignorantesmte
2343 1828 2760 1902 intelligentiam
2788 1842 2952 1906 atque
2979 1835 3326 1906 sapientiam,
3351 1839 3501 1909 cogi-

164 1930 451 1991 patentem
495 1924 548 1977 in
597 1923 783 1980 medio
815 1923 1033 1980 foveam
1062 1925 1374 1980 transiliunt
1405 1933 1570 1996 atque
1608 1933 1788 1983 trans-

166 2016 414 2071 mittunt.
469 2015 628 2083 Quod
676 2027 862 2072 autem
897 2017 1052 2086 dicit,
1085 2017 1188 2074 hoc
1219 2027 1327 2086 est,
1356 2019 1614 2090 quoniam
1644 2035 1673 2075 a
1699 2021 1783 2076 via

166 2109 384 2164 Domini
432 2108 803 2180 declinantes,
833 2112 1086 2182 proprias
1132 2112 1358 2166 semitas
1407 2122 1534 2168 sunt
1581 2113 1780 2178 secuti,

69 2210 72 2212 ‘
168 2213 464 2275 propterea
503 2204 707 2260 ardent
735 2206 968 2261 avaritia
996 2221 1026 2260 a
1051 2221 1272 2261 summo
1299 2221 1472 2277 usque
1503 2207 1570 2262 ad
1599 2207 1785 2263 novis-

168 2300 398 2368 simum,
419 2315 448 2353 a
473 2299 821 2371 principibus
844 2315 1018 2366 usque
1038 2299 1105 2356 ad
1130 2299 1379 2371 plebem,
1409 2309 1469 2356 ut
1494 2309 1781 2371 postquam

169 2394 756 2465 emperintpercutere
777 2405 1164 2460 conservos,et
1182 2395 1474 2452 comedere
1500 2410 1564 2451 ac
1596 2396 1785 2453 bibere

168 2503 286 2544 cum
322 2489 524 2557 ebriis,
553 2488 742 2542 dicant
777 2506 788 2542 :
832 2487 1038 2554 Venite,
1071 2504 1338 2542 sumamus
1368 2489 1574 2552 uinum,
1607 2497 1653 2543 et
1683 2489 1781 2542 im-

169 2582 408 2655 pleantur
433 2583 700 2638 ebrietate.
728 2581 1108 2638 Manducemus
1133 2592 1181 2637 et
1203 2581 1436 2638 bibamus
1464 2600 1484 2637 :
1514 2600 1627 2639 cras
1648 2584 1785 2639 enim

169 2681 470 2735 moriemur.
510 2677 578 2733 Et
593 2679 694 2734 erit
717 2679 853 2733 sicut
875 2677 1050 2748 hodie,
1077 2679 1152 2732 sic
1174 2686 1225 2732 et
1248 2694 1365 2732 cras
1385 2693 1404 2732 :
1425 2687 1470 2732 et
1489 2678 1652 2732 multo
1673 2693 1786 2730 am-

168 2771 300 2841 plius
350 2771 396 2841 (1
426 2771 552 2826 Cor.
579 2817 592 2840 ,
632 2787 724 2837 xv,
761 2769 872 2843 '2).
926 2771 1041 2826 [loc
1088 2779 1176 2828 est
1219 2771 1363 2842 quod
1400 2785 1567 2841 supra
1595 2769 1735 2826 dixit
1767 2787 1782 2825 :

171 2867 480 2923 Nescierunt
505 2867 874 2922 saturitatem:
903 2881 1006 2922 nec
1035 2865 1309 2937 prieterita
1338 2866 1617 2937 voluptate
1646 2874 1671 2903 α
1691 2881 1783 2922 sa-

169 2960 394 3030 tiantur,
426 2960 527 3016 sed
570 2959 786 3016 futuras
813 2959 1041 3016 delicias
1081 2968 1300 3032 parant,
1326 2960 1500 3016 multo
1546 2959 1785 3030 majores

167 3071 324 3127 quam
357 3055 561 3128 quibus
589 3056 744 3127 prius
773 3053 923 3111 fruiti
954 3053 1194 3111 fuerant.
1227 3054 1281 3112 Si
1334 3055 1438 3110 hoc
1476 3055 1545 3111 de
1586 3053 1785 3126 princi-

169 3149 326 3218 pibus
359 3149 568 3205 dicitur
595 3149 936 3214 Judaaorum,
971 3157 1196 3220 propter
1239 3164 1380 3218 quos
1410 3149 1565 3218 plebs
1602 3148 1786 3205 Domi-

1891 1925 2075 1973 tarent
2103 1934 2166 1974 ea
2195 1936 2317 1991 quae
2357 1921 2452 1977 Dei
2483 1934 2630 1979 sunt.
2663 1924 2929 1998 Quodque
2967 1928 3212 1999 sequitur
3243 1947 3258 1986 :
3304 1927 3374 1984 Et
3403 1930 3504 1987 uiri

1890 2011 2282 2079 misericordiaz,
2324 2014 2443 2071 sive
2476 2017 2633 2088 justi,
2665 2019 2978 2091 colliguntur
3021 2034 3176 2095 atque
3221 2023 3498 2093 tolluntur,

1889 2107 2189 2176 Apostolus
2219 2107 2508 2179 signiﬁcat,
2541 2111 2634 2182 qui
2668 2112 3074 2172 interficiuntur
3099 2117 3167 2172 ab
3209 2117 3412 2190 impiis,
3444 2129 3504 2179 et

1889 2213 1918 2251 a
1939 2199 2173 2256 Domino
2197 2212 2623 2274 congregantur.
2650 2208 2968 2280 Cansasque
2990 2209 3173 2265 reddit
3199 2225 3301 2267 cur
3329 2210 3503 2270 inter-

1889 2293 2066 2350 fectus
2095 2295 2169 2351 sit
2193 2295 2376 2366 justus
2397 2309 2562 2370 atque
2585 2300 3065 2370 sublatus,dicens
3099 2321 3113 2360 :
3139 2305 3185 2359 A
3207 2306 3344 2377 {acie
3363 2307 3500 2362 enim

1889 2389 2103 2443 malitia:
2123 2389 2370 2446 collectus
2397 2403 2474 2448 est
2486 2394 2687 2463 justus,
2719 2403 2781 2450 ut
2806 2396 2946 2451 mala
2980 2398 3164 2454 saeculi
3199 2416 3306 2455 non
3339 2400 3500 2457 vide-

1886 2490 1992 2536 ret.
2023 2479 2151 2536 Sive
2197 2491 2420 2553 propter
2464 2486 2732 2542 malitiam
2777 2488 3080 2558 hominum,
3110 2507 3346 2562 quorum
3376 2492 3498 2564 ipse

1890 2583 2109 2644 peccata
2137 2578 2416 2648 portabat,
2447 2581 2515 2635 ad
2564 2579 2782 2637 Patrem
2815 2585 2994 2640 victor
3043 2585 3310 2641 ascendit.
3340 2585 3498 2656 Quod

1887 2678 2068 2723 autem
2079 2669 2234 2739 juxta
2264 2670 2590 2729 Hebraicum
2622 2675 2825 2731 dicitur
2853 2692 2867 2730 :
2906 2675 3087 2732 Veniat
3113 2694 3239 2749 pax,
3269 2681 3498 2750 requies-

1889 2769 1972 2814 cat
1992 2762 2045 2816 in
2075 2761 2232 2818 cubili
2253 2781 2348 2820 suo
2375 2783 2396 2820 :
2424 2766 2650 2822 ambulet
2679 2768 2731 2823 in
2749 2767 3210 2841 665directione
3231 2788 3348 2838 sua,
3368 2787 3497 2830 sen-

1887 2869 1984 2912 sus
2002 2857 2221 2929 quidem
2248 2861 2573 2932 perspicuus
2595 2872 2700 2929 est,
2717 2865 2813 2919 sed
2835 2865 3131 2922 verborum
3154 2865 3496 2940 consequen4

1890 2951 1986 3019 tia,
2012 2969 2133 3023 qute
2159 2953 2215 3009 in
2255 2969 2371 3011 ante
2399 2955 2596 3028 linguae
2636 2968 2745 3015 stat
2789 2959 3073 3029 idiomate,
3105 2962 3247 3034 apud
3285 2978 3384 3020 nos
3414 2964 3498 3021 vi-

1888 3044 2052 3102 detur
2071 3062 2196 3105 esse
2227 3050 2463 3106 turbata.
2488 3051 2643 3120 Quod
2684 3063 2866 3110 autem
2907 3054 3062 3125 dicit,
3096 3057 3200 3112 hoc
3229 3065 3312 3112 est
3341 3075 3356 3113 :
3387 3057 3495 3115 Vei-

1890 3139 2004 3196 niat
2031 3156 2133 3211 pax
2189 3142 2355 3212 Justi,
2399 3161 2561 3216 quam
2611 3147 2919 3205 ascendens
2962 3149 3028 3206 ad
3081 3150 3300 3208 Patrem
3347 3153 3497 3225 Apo-

167 3239 222 3296 ni
248 3257 274 3294 a
311 3241 507 3297 bestiis
529 3241 791 3298 devorata
821 3248 928 3306 est,
958 3242 1198 3298 vitemus
1224 3241 1476 3312 exempla
1509 3242 1778 3312 μείω-ηπ),
1810 3229 1857 3294 C
1887 3232 2044 3288 stolis
2056 3233 2370 3306 dereliquit,
2387 3237 2577 3293 dicens
2605 3255 2617 3291 ε
2642 3236 2834 3295 Pacem
2857 3257 3024 3296 meam
3039 3242 3107 3296 άο
3128 3245 3290 3310 vobis,
3311 3261 3492 3317 pacem

168 3349 262 3390 nec
291 3334 645 3390 inebriemur
674 3335 826 3401 vino,
854 3336 908 3390 in
940 3350 1049 3405 quo
1070 3341 1157 3391 est
1182 3334 1426 3401 luxuria,
1458 3350 1558 3391 nec
1589 3335 1782 3407 volup-

168 3428 372 3482 tatibus
406 3427 738 3494 obruamur;
775 3426 922 3485 necb
946 3429 1081 3483 muti
1113 3428 1180 3483 ad
1206 3415 1780 3497 loquendum,contra

165 3521 517 3578 adversarios
543 3531 768 3578 nostros
799 3521 974 3577 rabidi
998 3537 1168 3578 canes
1191 3523 1392 3588 simus;
1421 3521 1516 3578 sed
1558 3522 1652 3578 Dei
1687 3537 1782 3594 po-

169 3615 270 3671 tius
305 3630 469 3687 quam
497 3625 717 3673 nostras
742 3631 1038 3688 sequamur
1061 3617 1269 3685 vias,et
1289 3617 1574 3672 audiamus
1595 3616 1782 3687 Scrip-

169 3721 347 3766 turam
371 3718 690 3766 monentem
719 3729 730 3764 :
754 3709 937 3776 Sapite
958 3711 1023 3768 de
1057 3709 1281 3768 Domino
1302 3711 1357 3766 in
1378 3711 1600 3784 bonitate
1617 3711 1777 3786 (Sap.

167 3819 204 3871 t,
237 3805 321 3878 1).
359 3805 425 3861 Ει
455 3805 656 3862 iterum
689 3823 702 3860 :
733 3804 901 3879 664.
937 3805 1298 3880 Intelligentia
1345 3809 1545 3877 Optima
1575 3817 1651 3861 est
1697 3807 1782 3863 his

166 3900 250 3970 qui
283 3899 486 3971 faciunt
503 3916 638 3954 eam.
677 3899 744 3954 Et
773 3903 819 3955 si
847 3916 1013 3957 canes
1035 3901 1263 3970 fuimus,
1292 3915 1399 3956 non
1424 3901 1782 3972 desperemus

165 3994 420 4062 salutem,
447 3992 737 4050 audientes
768 3995 934 4051 verba
965 3992 1294 4050 Chananteaa
1322 3994 1559 4051 dicentis
1581 3995 1650 4050 ad
1679 3995 1782 4050 Do-

167 4088 376 4143 minum
408 4105 423 4143 :
456 4085 654 4154 Etiam,
696 4087 940 4157 Domine,
969 4104 1090 4143 nam
1133 4098 1180 4144 et
1209 4087 1385 4145 catelli
1417 4087 1690 4144 comedunt
1716 4089 1780 4144 de

165 4182 339 4248 micis,
357 4197 472 4253 qute
492 4184 688 4238 cadunt
705 4183 768 4238 de
782 4199 962 4239 mensa
983 4183 1314 4240 dominorum
1332 4201 1542 4240 suorum
1557 4183 1774 4258 (Matth.

165 4288 258 4343 xv,
288 4273 410 4344 27).
443 4273 523 4331 0b
553 4285 576 4315 ο
627 4291 790 4346 quam
829 4290 1052 4332 causam
1104 4276 1538 4334 misericordiam
1584 4293 1778 4334 conse-

165 4377 314 4436 cuta,
341 4368 548 4425 audita
581 4369 842 4440 Domino:
870 4369 916 4426 0
945 4373 1152 4438 mulier,
1181 4388 1376 4445 magna
1397 4381 1472 4428 est
1493 4373 1624 4444 fides
1646 4382 1738 4428 tua
1757 4389 1778 4430 :

166 4463 258 4529 ﬁat
276 4461 366 4516 tibi
389 4463 525 4518 sicut
549 4463 648 4518 vis.
677 4463 902 4520 Poterat
929 4465 1076 4520 enim
1099 4465 1282 4522 dicere
1303 4481 1427 4521 cum
1459 4465 1732 4537 Propheta
1760 4485 1772 4523 :

172 4552 326 4608 Viam
355 4555 725 4611 mandatorum
752 4565 960 4612 tuorum
975 4559 1180 4613 cucurri
1207 4557 1328 4630 (Ps.
1349 4574 1538 4627 cxvm,
1567 4559 1682 4633 52).
1707 4559 1778 4615 Et

167 4648 367 4704 iterum
404 4666 418 4703 :
451 4647 638 4704 Deduc
665 4665 745 4704 me
764 4649 820 4704 in
847 4650 930 4705 uia
958 4659 1120 4706 recta.

241 4742 396 4814 (Cap.
443 4741 607 4798 LVII.
640 4773 712 4802 τ-
741 4742 898 4800 Vers.
930 4745 983 4812 i,
1016 4744 1099 4816 2.)
1152 4744 1336 4801 Justus
1366 4748 1517 4818 periit
1586 4746 1770 4821 [Vulg.

167 4836 340 4910 perit].
366 4835 392 4875 δ
426 4845 474 4892 et
505 4854 608 4892 non
638 4847 713 4892 est
755 4839 842 4904 qui
870 4839 1114 4910 recogitet
1157 4839 1212 4894 in
1242 4841 1397 4895 corde
1427 4857 1520 4895 suo
1543 4855 1563 4895 :
1587 4849 1637 4894 et
1677 4843 1776 4896 uiri

166 4930 538 4986 misericordia:
577 4930 919 5002 colliguntur,
952 4932 1075 5003 quia
1105 4949 1208 4988 non
1235 4942 1311 4988 est
1346 4935 1434 5004 qui
1471 4935 1725 5007 intelligat
1756 4952 1775 4992 :

166 5038 197 5076 a
233 5024 369 5095 {acie
393 5021 533 5078 enim
560 5021 782 5077 malitia:
805 5025 1050 5079 collectus
1077 5033 1153 5078 est
1180 5025 1366 5089 iustus.
1405 5025 1590 5081 Veniat
1618 5044 1722 5100 pax
1752 5045 1772 5084 :

166 5119 453 5190 requiescat
479 5118 534 5172 in
559 5116 722 5172 cubili
755 5134 850 5172 suo
878 5119 965 5188 qui
992 5118 1220 5174 ambulat
1249 5117 1432 5194 (Vulg.
1467 5122 1770 5198 ambulauit]

163 5207 211 5266 in
232 5211 524 5268 directione
547 5229 668 5267 sua.
701 5211 875 5268 LXX:
903 5212 1090 5268 Videte
1115 5215 1373 5284 quomodo
1385 5219 1565 5290 justus
1586 5217 1763 5287 periit,

163 5313 206 5358 et
230 5323 384 5361 nemo
410 5305 634 5378 suscipit
661 5305 817 5361 corde
843 5323 862 5362 :
891 5314 939 5360 et
967 5307 1064 5361 viri
1083 5309 1222 5381 justi
1251 5307 1528 5375 tolluntur,
1554 5316 1600 5364 et
1623 5325 1770 5364 nemo

162 5400 474 5457 considerat.
522 5398 569 5453 Α
599 5397 736 5470 facie
753 5400 892 5455 enim
919 5400 1212 5470 iniquitatis
1239 5399 1444 5458 ablatus
1465 5411 1538 5458 est
1555 5404 1770 5476 justus:

232 5627 548 5714 {Legimus
585 5623 762 5680 satiati
801 5635 921 5681 sunt
967 5641 1089 5682 cum
1122 5624 1453 5683 Victorianis
1497 5640 1632 5684 mss.
1667 5642 1766 5700 pro

163 5709 518 5826 ἠ’έῗῖᾜὶιω
544 5767 768 5824 diverso
788 5781 954 5824 sensu
975 5785 1114 5826 unus
1141 5771 1518 5838 Ambrosiam,
1533 5788 1624 5827 nec
1640 5773 1773 5827 muti

165 5845 231 5899 ad
274 5841 597 5916 loquendum
654 5849 832 5894 contra
882 5839 1227 5908 aduersarios,
1268 5844 1326 5897 in
1374 5853 1575 5901 nostros
1627 5843 1771 5899 rabi-

1799 4635 1856 4697 D

1886 3342 2053 3382 meam
2098 3328 2334 3400 relinquo
2379 3329 2520 3385 vobis
2565 3329 2748 3404 (Joan.
2795 3349 2907 3402 xw,
2943 3334 3059 3406 27).
3093 3332 3340 3408 Cumque
3386 3352 3492 3408 pax

1885 3418 2112 3490 Christi,
2136 3437 2260 3493 qua:
2295 3436 2589 3493 exsuperat
2620 3441 2838 3482 omnem
2862 3441 3104 3496 sensum,
3135 3429 3368 3496 venerit,
3399 3444 3494 3485 re-

1884 3515 2172 3584 quiescent
2217 3516 2466 3588 Apostoli
2495 3519 2616 3591 ejus
2654 3521 2708 3577 in
2756 3520 3030 3580 cubilibus
3056 3523 3194 3590 suis,
3235 3533 3290 3580 et
3339 3539 3491 3582 mors

1885 3620 2078 3663 eorum
2125 3612 2457 3681 requiescet.
2497 3612 2579 3668 Ex
2628 3631 2738 3685 quo
2789 3615 3030 3672 ostendit
3067 3627 3333 3689 martyres
3377 3633 3490 3675 non

1886 3700 2088 3774 perire,
2117 3705 2211 3759 sed
2241 3707 2490 3776 vincere,
2519 3717 2577 3764 et
2607 3717 2809 3766 aeterna
2831 3710 2965 3767 sede
2987 3711 3491 3784 requiescere.lpse

1885 3815 2020 3856 vero
2041 3800 2201 3870 cujus
2231 3817 2335 3872 pax
2375 3813 2481 3871 est,
2518 3812 2573 3859 et
2597 3804 2754 3875 cujus
2781 3806 3030 3875 Apostoli
3059 3807 3410 3878 requiescunt
3433 3808 3489 3866 in

1885 3895 2155 3952 cubilibus
2168 3897 2311 3964 suis,
2326 3897 2570 3953 ambulat
2590 3899 2642 3953 in
2663 3898 2963 3956 directione
2983 3913 3102 3968 sua,
3119 3911 3272 3957 recto
3298 3901 3491 3958 itinere

1883 3992 1949 4048 ad
1977 3993 2195 4047 Patrem
2230 3993 2406 4049 vietor
2431 3993 2756 4051 ascendens.
2786 3993 2959 4050 Porro
2996 3996 3142 4065 quod
3175 3995 3227 4050 in
3257 3995 3492 4066 Septua-

1883 4084 2032 4156 ginta
2061 4083 2261 4155 legitur
2292 4102 2306 4138 :
2337 4085 2382 4140 Α
2413 4086 2550 4155 facie
2577 4085 2798 4142 malitiae
2835 4087 3041 4142 ablatus
3070 4097 3143 4142 est
3164 4089 3363 4161 justus,
3393 4091 3492 4146 erit

1883 4179 1939 4234 in
1969 4195 2096 4250 pace
2115 4179 2388 4249 sepultura
2416 4182 2548 4252 ejus,
2573 4179 2752 4236 ablata
2780 4190 2854 4236 est
2884 4181 2950 4237 de
2972 4181 3166 4250 medio,
3198 4185 3376 4240 omnia
3403 4201 3494 4243 re-

1883 4272 2136 4328 feruntur
2174 4271 2241 4326 ad
2300 4271 2469 4346 666
2510 4271 2790 4330 Chrisutm
2837 4274 3044 4347 absque
3098 4276 3491 4338 commixtione

1883 4391 2128 4448 persona:
2151 4374 2566 4447 Apostolorum,
2601 4379 2758 4450 cujus
2785 4380 3071 4453 sepultura
3120 4383 3174 4440 in
3223 4399 3355 4454 pace
3383 4397 3491 4450 εει,

1882 4488 1938 4534 et
1964 4479 2182 4534 sublata
2206 4479 2274 4536 de
2301 4480 2507 4538 medio.
2525 4481 2712 4555 Neque
2743 4484 2889 4541 enim
2911 4500 3042 4542 caro
3066 4484 3184 4557 ejus
3211 4485 3345 4543 vidit
3365 4502 3491 4545 cor-

1880 4583 2213 4654 ruptionem,
2239 4599 2342 4641 nec
2383 4588 2686 4657 permansit
2715 4588 2769 4645 in
2801 4590 3074 4661 sepulcro,
3111 4590 3202 4663 qui
3233 4601 3316 4649 est
3346 4592 3491 4650 inter

1879 4696 2129 4744 mortuos
2160 4687 2326 4756 liber,
2355 4687 2576 4746 dicente
2605 4689 2818 4762 Angelo
2857 4691 2925 4747 ad
2967 4691 3224 4750 mulieres
3269 4711 3283 4748 :
3320 4695 3490 4762 Quem

1874 4791 2108 4861 quwritis
2157 4788 2361 4858 Jesum,
2395 4807 2500 4847 non
2527 4802 2600 4847 est
2635 4791 2720 4847 hic
2741 4809 2762 4848 :
2796 4791 3008 4862 Venite,
3040 4802 3087 4849 et
3123 4795 3289 4850 videte
3311 4797 3488 4852 locum
3531 4795 3540 4800 ⁷

1875 4894 1962 4948 ubi
1989 4893 2189 4966 positus
2221 4894 2321 4966 fuit
2346 4892 2603 4950 Dominus
2644 4891 2862 4967 (Matth.
2892 4911 3082 4965 xxvttt,
3112 4897 3170 4963 5,
3203 4895 3281 4968 6).
3305 4896 3484 4953 Judazi

1875 5004 1932 5052 et
1964 4997 2079 5052 hch
2098 5002 2155 5050 et
2197 5005 2395 5053 caetera
2439 5011 2562 5068 quae
2585 5007 2912 5068 sequuntur,
2939 4998 3022 5056 vel
3057 4997 3390 5071 generaliter
3409 4997 3480 5053 do

1876 5095 2130 5154 omnibus
2145 5095 2307 5166 justis
2333 5097 2670 5155 arbitrantur
2685 5098 2934 5171 intelligi,
2952 5114 3183 5171 quorum
3203 5097 3480 5154 Manasses

1872 5196 2016 5253 fudit
2037 5197 2382 5269 sanguinem,
2399 5209 2455 5256 et
2477 5199 2725 5272 implevit
2744 5199 3047 5257 Jerusalem
3072 5215 3102 5254 a
3129 5205 3283 5270 porta
3304 5211 3478 5269 usque

1871 5298 1940 5355 ad
1968 5309 2184 5371 portam
2203 5315 2219 5366 ;
2235 5299 2319 5355 vel
2341 5309 2492 5356 certe
2513 5300 2708 5358 lsaiam
2721 5301 2790 5357 de
2805 5315 2904 5358 sua
2925 5301 3256 5373 prophetare
3276 5305 3474 5366 morte,

1871 5402 2015 5477 quod
2045 5402 2342 5461 serrandus
2361 5404 2432 5460 sit
2459 5418 2492 5460 a
2517 5403 2766 5462 Manassc
2793 5419 2945 5461 serra
2968 5403 3168 5475 lignea,
3188 5416 3310 5473 quae
3331 5401 3475 5474 apud

1875 5629 1976 5742 ώό
1991 5640 2162 5760 ﬁdem
2192 5715 2296 5759 ms.
2324 5719 2337 5757 :
2366 5701 2444 5759 0b
2473 5717 2629 5775 quam
2657 5715 2849 5767 uocem,
2894 5699 3302 5756 misericordiam
3352 5718 3477 5758 con-

1878 5785 2188 5903 “exiliter
2227 5846 2280 5900 in
2312 5845 2526 5901 duobus
2567 5859 2735 5911 mss.,
2765 5852 2813 5899 et
2841 5860 2990 5902 nemo
3017 5846 3272 5922 recogitet
3297 5849 3474 5906 corde.
