2002 3568
305 186 356 216 55!

938 189 966 217 S.
988 188 1123 218 EUSEBII
1145 188 1337 218 HIERONYMI
1859 196 1898 228 δη

306 247 433 275 consistit
447 247 559 276 arbitrio
579 248 680 276 bonum
701 249 838 277 malumve
855 249 968 285 eligere.
986 251 1105 286 Denique
1120 254 1146 284 Α
1159 252 1305 279 recessisses
1318 260 1333 279 a
1353 259 1404 286 me,
1422 252 1480 287 plus
1501 250 1603 286 aliquid
1626 250 1731 279 haberes.
1745 253 1898 285 DileI-t'tlidor-

307 294 350 321 liis
362 295 407 330 qui
423 302 453 322 se
468 295 524 322 Deo
538 295 683 334 virtutibus
697 295 865 328 obtulerunt,
881 296 981 324 dicitur
995 305 1002 323 :
1019 296 1106 332 Elegit

307 341 381 372 nobis
394 342 572 370 hwreditatem
589 351 662 370 suam
675 352 684 371 :
698 344 919 378 pulchritudinem
932 344 1015 371 Iacob
1028 353 1106 380 quan

308 388 403 416 dilexit
425 388 525 424 (Psal.
539 390 670 425 vat,5).
687 390 720 417 Et
732 390 757 417 in
781 390 834 418 alio
859 390 942 417 loco:
965 389 1048 417 Facta
1071 395 1106 418 est

307 443 368 471 pars
383 435 491 462 Domini
501 437 613 472 populus
628 438 685 473 ejus
698 436 779 464 Iacob
794 445 804 464 :
819 436 953 471 funiculus
967 436 1107 464 heredita-

304 484 338 511 tis
348 484 405 518 ejus
427 482 511 511 Israel
529 485 537 519 (
552 484 629 511 Deut.
647 492 734 516 xxxii,
751 483 796 520 9).
814 484 848 511 Et
864 484 889 512 in
907 484 1018 512 Actibus
1030 485 1106 519 Apo-

305 530 438 557 stolorum
456 530 584 563 refertur,
599 530 670 565 quod
687 531 714 558 in
730 534 834 566 partem
851 535 1009 565 sortemque
1030 530 1104 557 Pauli

305 577 411 605 et.Sil:e
438 578 545 613 plurimi
562 586 592 606 se
608 577 744 606 dederint.
761 578 813 611 Qui
833 585 900 612 ergo
916 577 1017 606 fuerint
1043 585 1106 613 pars

305 629 330 651 et
346 630 406 651 sors
421 623 537 657 Domini,
555 624 627 652 sicut
641 623 754 658 Levitze,
771 623 910 651 habebunt
926 629 1030 657 partem
1053 624 1107 651 Do-

304 671 369 698 mini
385 675 413 699 et
424 671 517 700 dicere
534 676 662 707 poterunt
673 679 734 699 eum
748 671 831 699 David
849 680 855 698 2
870 670 937 698 Pars
949 680 1006 698 mea
1017 671 1106 698 Domi-

304 718 369 754 nus(
379 717 426 746 Ps.
437 718 561 752 Lxxttﬂﬁ
569 719 588 754 ).
604 719 669 753 Quae
681 726 827 755 possumus
834 723 860 746 et
869 726 951 754 super
964 718 1107 747 haeretico-

303 772 362 792 rum
379 772 494 800 persona
505 765 631 800 accipere
647 774 652 791 :
672 765 722 801 ipsi
735 765 807 794 enim
819 765 932 793 dimisso
955 766 1028 793 cultu
1044 765 1103 799 Dei,

303 817 429 839 errorum
455 819 566 839 suorum
591 812 734 839 simulacra
752 817 927 846 venerantur,
944 817 972 839 et
987 812 1038 840 illis
1066 813 1106 839 of-

302 858 393 885 ferunt
408 858 535 886 victimas
549 866 582 886 ac
592 858 720 886 libamina
736 858 889 892 effundunt,
907 859 1040 886 facientes
1054 858 1104 885 ab-

302 904 435 939 scondite,
456 913 519 941 qua:
536 910 615 939 turpe
638 911 680 933 est
703 905 786 933 etiam
801 905 904 938 dicere,
928 910 955 933 et
982 906 1104 941 captivas

1159 299 1265 326 mientes
1290 303 1382 332 tecum,
1407 302 1430 325 et
1453 297 1631 334 multiplicasti
1658 299 1827 333 fornicationem
1849 308 1899 330 tuam

1157 353 1216 372 cum
1229 346 1266 373 eis
1275 366 1282 378 ,
1298 345 1442 379 multosque
1454 345 1538 381 fecisti
1552 345 1667 379 procula
1678 350 1710 378 te,
1723 350 1743 373 et
1760 347 1837 375 misisti
1848 350 1899 385 lega-

1158 398 1195 419 tos
1209 392 1278 418 ultra
1293 392 1415 419 terminos
1431 396 1499 425 tuos,
1511 395 1535 417 et
1559 390 1693 417 Itumiliata
1710 400 1733 419 es
1746 400 1813 426 usque
1821 394 1901 430 adiuit-

1157 446 1210 465 ros.
1223 438 1345 465 Primum
1375 437 1540 465 Hebraicttm
1564 437 1734 469 disseramus.
1756 438 1816 473 quod
1832 439 1852 466 in
1866 440 1902 469 hoc

1158 485 1219 512 ineo
1233 484 1439 512 multumdistat
1451 491 1466 511 a
1481 483 1563 511 LXX.
1577 483 1616 511 Atl
1630 491 1706 519 quam
1724 492 1794 519 supra
1806 485 1901 514 dixerat:

1158 530 1243 565 Super
1262 536 1372 558 montem
1399 530 1527 558 excelsum
1543 535 1566 557 et
1577 529 1708 558 sublimem
1730 532 1823 567 posuisti
1843 533 1903 561 cubile

1156 582 1240 610 tuum,
1255 582 1283 606 et
1298 579 1373 613 quasi
1390 578 1562 605 meretriCem
1577 583 1711 614 arguerat,
1732 579 1755 606 in
1766 580 1856 607 introitu
1869 580 1902 608 do-

1157 631 1263 651 morum
1273 628 1301 651 et
1313 624 1338 650 in
1355 623 1424 651 locis
1435 623 1601 656 tenebrosis,
1615 629 1674 658 post
1686 624 1749 651 ostia
1761 626 1903 660 prostitutam,

1158 674 1186 697 ut
1199 669 1364 705 quicumque
1372 670 1444 698 mdes
1456 670 1541 697 vellet
1556 670 1669 704 intrare,
1682 670 1787 699 haberet
1799 677 1849 700 ante
1857 680 1903 700 oru-

1158 716 1198 743 los
1223 717 1374 752 expositam
1405 717 1594 752 voluptatem:
1615 717 1734 745 eamdem
1764 725 1825 746 nunc
1851 720 1906 754 quasi

1156 771 1269 791 uxorem
1290 764 1442 792 adulteram
1455 763 1546 799 arguit
1559 768 1642 799 atque
1653 764 1778 799 confutat,
1789 765 1848 801 quorl
1861 765 1906 793 dor-

1157 811 1243 838 miens
1257 809 1312 847 [ΑΙ.
1328 810 1483 838 dormiente
1498 809 1545 846 se]
1560 818 1621 837 cum
1634 811 1700 844 viro,
1716 811 1778 838 clam
1791 812 1906 839 adulterum

1154 856 1237 893 673
1259 857 1421 892 susceperit,
1446 861 1474 884 et
1489 856 1704 891 discooperuerit
1723 857 1828 892 pallium.
1847 857 1906 884 immo

1156 904 1310 932 dilataverit
1325 909 1439 932 stratum
1459 912 1551 937 suum,
1573 909 1599 932 et
1621 904 1715 932 fecerit
1739 910 1840 939 pactum,
1856 904 1908 939 quasi

302 951 435 979 ducentes
450 952 624 980 mulierculas
638 957 767 981 oneratas
783 953 913 988 peccatis,
925 961 985 988 qua:
999 952 1105 980 ducuu-
1120 956 1144 986 Β
1158 950 1230 978 dotis
1243 951 1422 979 instrumenta
1435 951 1585 979 conﬁciens
1600 959 1662 978 cum
1676 951 1803 979 adulteris.
1817 951 1860 979 lloc
1874 958 1907 977 au-

303 1002 347 1026 tur
370 999 454 1026 variis
480 999 645 1033 desideriis,
677 1007 786 1035 semper
813 1000 971 1034 discentes,
989 1005 1016 1027 et
1031 1008 1106 1027 num-

301 1052 382 1080 quam
396 1045 428 1072 ad
437 1046 579 1073 scientiam
593 1046 718 1074 veritatis
727 1047 918 1081 pervenientes
929 1046 963 1081 (Il
974 1046 1074 1074 Tim.lll
1083 1045 1102 1082 ).

302 1092 341 1119 Cu
347 1101 370 1118 ιιι
379 1092 463 1128 igitur
470 1093 521 1120 ista
529 1093 556 1120 in
565 1098 679 1128 utraque
686 1093 827 1129 impietate
834 1093 934 1122 faciant
942 1095 1027 1129 impii.
1036 1102 1104 1122 non-

304 1147 338 1166 ne
349 1139 454 1175 justum
467 1145 509 1168 est
525 1139 573 1168 Dei
586 1144 679 1168 contra
695 1147 743 1168 eos
757 1140 926 1168 iracundiam
943 1140 1105 1176 provocari?

339 1186 422 1222 (Ver.
440 1187 488 1222 7.)
502 1186 588 1222 Super
601 1191 712 1214 montem
723 1187 851 1214 excelsum
867 1192 891 1214 et
904 1187 1040 1214 sublimem
1056 1195 1104 1222 po-

302 1233 468 1261 suisticubile
481 1237 565 1268 tuum,
597 1238 621 1260 et
632 1233 695 1261 illuc
722 1233 872 1268 ascendisti,
902 1238 928 1260 ut
956 1233 1104 1260 immolares

303 1279 513 1316 Itostias.Etpost
527 1280 659 1315 ostium,et
670 1285 738 1307 retro
763 1285 862 1315 postem
881 1280 990 1316 posuisti
1012 1288 1106 1307 memo«

301 1328 367 1355 riale
379 1332 462 1355 tuum.
471 1326 543 1354 LXX
555 1326 692 1355 similiter.
702 1327 779 1361 Quod
795 1327 821 1354 in
833 1326 953 1355 excelsis
968 1327 1105 1354 montibus

301 1374 472 1410 collibusque
487 1374 542 1402 diis
556 1373 677 1410 gentium
689 1373 771 1401 Israel
786 1374 889 1401 ltostias
905 1373 1061 1407 immolarit,
1077 1377 1105 1401 et

302 1422 379 1458 quasi
395 1421 588 1457 procacissima
601 1421 684 1457 672
705 1420 835 1448 meretrix
850 1420 955 1448 cunctis
971 1420 1104 1447 daemoni-

302 1468 353 1496 bus
374 1468 537 1496 divaricarit
563 1468 645 1503 pedes
661 1474 742 1502 suos,
759 1475 836 1495 sacra
858 1471 952 1495 narrat
963 1467 1078 1495 historia
1096 1475 1102 1493 :

302 1516 448 1551 nullusque
458 1515 541 1543 fuerit
553 1516 628 1543 locus
642 1515 687 1551 qui
711 1523 764 1543 non
786 1515 949 1543 idololatria:
977 1515 1104 1543 sordibus

302 1562 461 1598 inquinatus
475 1562 521 1594 sit,
546 1563 679 1590 intantum
709 1567 738 1590 ut
767 1566 831 1598 post
859 1562 934 1591 fores
960 1562 1102 1590 domorunt

302 1608 373 1636 idola
386 1612 529 1643 ponerent,
540 1615 609 1644 quos
620 1607 788 1636 domesticos
802 1608 942 1643 appellant
951 1607 1067 1642 "Lares,
1077 1612 1104 1636 et

1157 1003 1210 1027 tem
1227 999 1303 1033 dicit,
1321 1004 1351 1026 ut
1373 999 1501 1027 ostendat
1516 998 1588 1034 qttod
1607 1007 1660 1026 non
1683 998 1765 1026 solum
1780 998 1802 1025 in
1821 998 1875 1033 agris
1892 1002 1910 1025 et

1156 1046 1282 1074 domibus
1306 1046 1377 1074 idola
1401 1046 1548 1079 coluerint,
1576 1046 1624 1074 sed
1650 1046 1675 1073 in
1705 1045 1809 1080 Templo
1833 1052 1908 1080 quoque

1157 1094 1297 1129 posuerint
1311 1094 1488 1122 simulacrum
1504 1093 1578 1127 Baal,
1602 1093 1674 1128 quod
1701 1092 1814 1120 Ezechiel
1834 1099 1910 1126 quoque

1156 1141 1280 1177 perfosso
1303 1142 1407 1177 pariete
1428 1141 1529 1168 vidisse
1553 1148 1582 1168 se
1602 1140 1678 1168 dicit.
1703 1139 1821 1170 Dilexisti,
1839 1138 1909 1173 inquit.

1156 1194 1266 1216 stratum
1285 1196 1374 1216 eorum
1396 1197 1475 1215 morm
1497 1192 1588 1223 aperta
1609 1186 1726 1222 (Exerit.
1745 1186 1812 1221 vnt),
1835 1190 1858 1212 ut
1875 1192 1910 1211 non

1155 1235 1334 1264 erubesceres
1348 1235 1374 1263 in
1389 1239 1501 1271 peccato
1516 1239 1573 1266 tuo,
1583 1242 1634 1262 nec
1643 1232 1820 1261 fornicatittnis
1829 1238 1910 1266 cuperes

1155 1281 1324 1309 abscondere
1336 1281 1542 1316 turpitudinem,
1555 1280 1602 1308 sed
1612 1284 1669 1307 tota
1682 1280 1799 1307 libertate
1808 1284 1910 1313 peccares.

1157 1327 1191 1355 Et
1206 1328 1304 1355 ornasti
1319 1332 1342 1354 te
1355 1328 1410 1364 regi
1423 1332 1565 1362 unguento,
1580 1332 1604 1354 et
1620 1326 1794 1362 multiplicasti
1805 1325 1862 1351 idola
1873 1328 1910 1349 itm.

1157 1373 1191 1401 Et
1202 1379 1244 1402 est
1256 1382 1366 1401 sensus:
1386 1373 1464 1400 Varia
1481 1377 1644 1401 ornamenta
1657 1372 1784 1408 quaesisti,
1798 1375 1855 1398 utet
1873 1369 1912 1395 risu

1156 1425 1183 1448 et
1197 1420 1280 1448 odore
1294 1420 1432 1448 adulteros
1444 1426 1621 1455 provocares.
1637 1418 1715 1454 Quod
1731 1422 1811 1445 autem
1823 1415 1912 1443 dicitur:

1156 1468 1255 1495 ornasti
1271 1472 1295 1495 te
1318 1468 1371 1503 regi
1385 1470 1527 1503 unguento,
1544 1466 1692 1501 dupliciter
1706 1463 1862 1499 intelligitur:
1882 1466 1914 1488 aut

1156 1515 1211 1550 regi
1226 1514 1293 1547 Deo,
1306 1514 1368 1541 dtnn
1385 1514 1426 1541 his
1441 1514 1548 1541 ornaris
1564 1521 1626 1548 qua:
1643 1513 1691 1541 ille
1704 1512 1817 1544 dederat,
1827 1516 1848 1538 et
1858 1508 1914 1536 idolis

1156 1561 1349 1598 prostitueris:
1376 1566 1423 1589 aut
1445 1567 1520 1589 certe
1542 1561 1599 1597 regi
1623 1561 1700 1589 idolo
1726 1559 1913 1588 Antmouilarttm,

1155 1608 1200 1644 qui
1228 1607 1379 1643 appellatur
1407 1606 1525 1641 Moloclt,
1546 1611 1573 1634 et
1588 1608 1615 1634 in
1641 1607 1731 1642 lingua
1747 1610 1837 1636 nostra,
1853 1608 1914 1636 regtm

303 1660 357 1683 tam
372 1655 483 1691 publice
497 1661 577 1691 quam
593 1655 720 1690 privatim
736 1655 888 1682 animarum
910 1662 1020 1682 suarum
1042 1662 1104 1682 san-
1118 1661 1140 1692 ρ
1156 1659 1251 1683 sonat:
1272 1662 1351 1690 quam
1366 1654 1442 1689 juxta
1467 1653 1539 1682 LXX
1553 1653 1579 1681 in
1596 1654 1659 1681 aliis
1680 1653 1748 1681 locis
1763 1650 1872 1679 Mclcltom
1887 1648 1915 1676 le:

303 1702 411 1738 guinem
427 1702 582 1729 funderent.
598 1701 661 1733 ;Hoc
682 1709 777 1729 errore
799 1705 827 1729 et
850 1701 965 1736 pessitna
988 1708 1104 1729 consue-

304 1748 398 1776 tudine
409 1748 554 1776 vetustatis
576 1748 723 1775 multarum
739 1747 942 1783 provinciarum
960 1747 1042 1775 ttrbes
1066 1747 1105 1774 la-

304 1795 402 1823 borant
419 1804 424 1821 :
441 1795 555 1830 ipsaque
570 1794 655 1822 Roma
669 1794 743 1822 orbis
756 1793 866 1821 domina
879 1793 906 1821 in
931 1793 1044 1829 singulis
1064 1794 1105 1821 in-

303 1843 372 1871 sulis
385 1842 578 1877 domibusque,
602 1841 707 1869 Tutelae
724 1841 902 1869 simulacrum
920 1841 1007 1868 cereis
1024 1848 1106 1868 vene-

302 1897 367 1918 rans
395 1896 428 1917 ac
455 1888 593 1923 lucernis,
614 1896 695 1924 quam
712 1888 746 1916 ad
772 1888 915 1915 tuitionem
931 1887 1030 1914 mdium
1053 1887 1105 1914 isto

303 1936 443 1973 appellarat
467 1936 590 1971 nomine,
609 1940 638 1963 ιιι
655 1941 709 1963 tam
726 1936 860 1963 intrantes
875 1943 955 1970 quant
973 1940 1105 1962 exeuntes

304 1984 401 2012 domos
416 1992 491 2019 suas,
508 1983 597 2011 inoliti
616 1990 724 2019 semper
746 1986 974 2010 commoueantur
992 1981 1104 2009 erroris.

303 2030 435 2059 ﬂmretici
445 2030 691 2067 quoque,‘quorum
702 2037 750 2056 cor
760 2029 885 2057 elevatur
899 2029 925 2056 in
937 2028 1104 2064 superbiam,

303 2082 331 2106 et
351 2078 396 2114 qui
415 2077 608 2106 Eeclesiastica
624 2076 777 2105 humilitate
800 2081 971 2112 contempta,
985 2076 1037 2104 sibi
1061 2083 1107 2103 ex-

302 2126 374 2153 celsa
383 2124 708 2161 promittunt,ascendunt
715 2124 873 2160 dogmatum
881 2132 990 2152 suorum
999 2128 1106 2152 montes

306 2172 545 2205 sublimissimos,
571 2176 599 2199 et
627 2171 686 2199 illic
714 2179 795 2199 suum
821 2170 993 2199 dmmouibus
1016 2171 1106 2199 cubile

303 2218 481 2254 prostituunt.
507 2218 542 2246 Et
568 2217 630 2253 quia
659 2218 810 2246 secundum
839 2217 1016 2253 Prophetam,
1041 2225 1107 2245 con-

305 2264 378 2293 versi
391 2269 455 2293 sunt
469 2268 630 2298 retrorsum.
646 2265 786 2292 imitantes
799 2271 911 2292 uxorem
929 2263 978 2291 Lot
998 2263 1104 2300 (Genes.

304 2311 374 2348 xix).
387 2316 529 2339 mutantur
542 2312 569 2339 in
585 2315 703 2339 statuam
718 2311 794 2345 salis,
811 2311 945 2339 habentes
958 2310 1104 2346 imaginem

1155 1703 1243 1738 gimus
1256 1702 1265 1737 (
1276 1701 1392 1737 Sophon.
1406 1700 1443 1737 ι).
1462 1701 1495 1728 Et
1509 1701 1616 1728 misistis
1628 1701 1727 1738 legatos
1739 1705 1792 1727 tuos
1807 1696 1886 1734 procul,
1898 1698 1916 1720 ul

1156 1757 1210 1777 non
1229 1749 1317 1777 solum
1342 1749 1369 1776 in
1391 1748 1542 1776 vicinarum
1557 1748 1682 1783 gentium
1698 1746 1786 1780 idolis,
1808 1743 1847 1771 sed
1863 1747 1883 1770 et
1900 1741 1917 1767 in

1156 1796 1236 1830 longe
1250 1796 1399 1831 positarum
1415 1794 1531 1822 haberes
1545 1794 1668 1822 studium
1684 1790 1836 1821 fornicandi.
1850 1786 1914 1823 Signi-

1156 1843 1219 1871 lic:it
1231 1848 1320 1870 autem
1339 1841 1501 1878 Babylonios
1516 1841 1584 1868 deos
1597 1846 1626 1869 et
1640 1840 1790 1877 )Egyptios.
1810 1836 1838 1864 Et
1856 1833 1918 1861 humi-

1157 1889 1220 1917 liora
1231 1898 1268 1924 es,
1285 1889 1333 1922 ait,
1347 1897 1426 1923 usque
1437 1888 1472 1915 ad
1482 1888 1590 1923 inferos.
1606 1887 1667 1915 Non
1683 1894 1715 1914 ea
1726 1884 1863 1913 humilitate
1878 1886 1919 1915 qum

1157 1936 1184 1964 in
1195 1935 1273 1964 laude
1282 1939 1334 1970 est,
1344 1934 1392 1963 sed
1404 1943 1455 1970 qua
1470 1934 1588 1962 Ammon
1606 1942 1734 1963 sororem
1747 1939 1817 1961 suam
1833 1929 1921 1958 Thamar

1157 1982 1349 2010 ltumiliaverat
1367 1981 1405 2015 (ll
1421 1980 1483 2017 Reg.
1503 1982 1581 2015 χιιι).
1604 1981 1640 2009 Et
1664 1988 1760 2009 revera
1776 1976 1870 2014 grandis
1888 1974 1920 2000 hu-

1158 2029 1268 2062 militas,
1285 2029 1368 2056 immo
1379 2035 1466 2063 usque
1479 2027 1512 2054 ad
1525 2027 1631 2055 inferos
1647 2025 1833 2063 praecipitatio,
1845 2020 1922 2050 de.an

1157 2082 1184 2105 et
1197 2076 1318 2104 culmine
1332 2075 1466 2104 eaStitatis
1480 2075 1507 2103 in
1525 2075 1653 2102 tenebras
1669 2074 1815 2109 lupanaris,
1830 2071 1894 2098 immo
1903 2069 1921 2092 In

1157 2123 1316 2152 barathrum
1331 2123 1478 2151 libidinum
1494 2122 1672 2157 praecipitari.
1688 2120 1739 2149 Cui
1755 2118 1845 2147 dicitur
1853 2116 1875 2143 in
1885 2112 1923 2141 alio

1158 2171 1235 2198 loco:
1252 2169 1339 2206 Usque
1353 2169 1388 2197 ad
1403 2169 1499 2205 inferos
1510 2168 1658 2196 deduceris.
1676 2168 1759 2196 Juxta
1773 2163 1846 2194 LXX.
1860 2162 1880 2189 in
1896 2158 1923 2186 his

1157 2227 1217 2254 qum
1227 2218 1377 2251 dissonant,
1389 2217 1432 2245 ltic
1443 2217 1508 2245 mihi
1518 2224 1615 2245 Sensus
1631 2217 1744 2245 videtur
1756 2225 1762 2244 :
1773 2212 1874 2243 Potasti,
1885 2216 1924 2237 πίε·

1158 2266 1252 2299 retrix,
1271 2265 1344 2301 quod
1359 2265 1381 2293 si
1394 2273 1409 2292 a
1423 2273 1466 2292 me
1481 2264 1646 2292 recessisses
1662 2263 1833 2299 eljunxisses
1845 2265 1865 2286 te
1873 2262 1924 2284 anu-

1159 2313 1262 2341 toribus
1278 2312 1341 2345 tuis.
1357 2313 1418 2348 plus
1431 2311 1531 2347 aliquid
1544 2311 1705 2340 invenires?
1720 2309 1770 2339 Cui
1784 2313 1810 2337 et
1827 2314 1866 2342 per
1878 2303 1924 2332 Ete-

304 2359 503 2388 Ecclesiastieze
512 2358 675 2391 conditum,
690 2362 719 2386 et
728 2365 855 2393 saporem
872 2358 979 2394 penitus
990 2365 1043 2386 non
1056 2358 1104 2386 ha-
1117 2358 1143 2388 D
1156 2359 1225 2387 cliiel
1236 2359 1354 2395 loquitur
1361 2359 1432 2386 Deus
1443 2367 1449 2385 :
1464 2357 1588 2385 Omnibus
1601 2357 1783 2386 meretricibus
1793 2355 1925 2382 danturan

305 2405 424 2434 bentes:
450 2405 496 2441 qui
522 2404 708 2441 projicittntur
722 2405 806 2436 foras,
833 2409 859 2431 et
885 2404 912 2431 in
935 2404 1002 2432 nihil
1026 2404 1106 2432 utiles

304 2457 378 2487 sunt,
387 2452 440 2481 nisi
449 2458 477 2480 ut
487 2457 650 2481 cunctorum
662 2451 777 2487 pedibus
786 2451 992 2479 conculcentur.
1005 2451 1107 2485 Quam-

304 2500 399 2528 obrem
420 2503 514 2528 monet
536 2499 669 2527 Dominus
690 2499 718 2526 in
732 2498 892 2534 Evangelia,
914 2499 1001 2534 utqui
1021 2498 1105 2526 aratri

304 2548 402 2576 stivam
420 2551 496 2576 tenet
507 2569 514 2581 ,
533 2552 596 2582 post
610 2551 715 2582 tergum
732 2553 785 2573 non
797 2545 927 2581 reSpiciat
942 2545 1020 2581 (Luc.
1035 2545 1105 2581 vni).

341 2594 434 2630 (Vers.
449 2595 489 2629 9.)
502 2593 571 2627 Quia
576 2595 655 2631 juxta
667 2601 707 2620 me
721 2592 928 2628 discooperuisti,
943 2597 967 2619 et
979 2593 1107 2628 suscepis-

304 2642 325 2668 ti
340 2640 488 2669 adulterum
501 2648 511 2667 :
525 2640 643 2667 dilatasti
661 2638 745 2667 cubile
756 2645 827 2666 tuum
844 2647 852 2666 :
868 2643 893 2666 et
912 2638 1032 2675 pepigisti
1046 2646 1106 2665 cum

304 2689 341 2716 eis
352 2688 363 2725 [
373 2688 452 2723 Vulg.
465 2686 540 2715 addit
554 2686 665 2723 [stilus]:
677 2687 911 2714 dilexististratum
926 2695 1014 2713 eorunt
1029 2694 1106 2713 manu

305 2739 413 2771 aperta;
422 2739 445 2761 et
457 2734 556 2762 ornasti
565 2738 589 2761 te
596 2734 651 2771 regi
661 2733 736 2769 [ναι.
749 2732 832 2769 regio]
841 2738 982 2770 unguento,
990 2739 1013 2760 et
1019 2733 1108 2760 multi-

306 2782 409 2817 plicasti
421 2782 551 2818 pigmenta
561 2785 617 2808 tua.
632 2779 729 2807 Misisti
740 2780 902 2815 lcgatostuos
910 2780 1012 2813 procul,
1022 2784 1045 2807 et
1058 2779 1108 2806 Itu-

306 2828 407 2857 miliata
419 2836 446 2856 es
457 2835 537 2864 usque
548 2827 582 2854 ad
592 2825 790 2862 inferos._LXX
803 2834 809 2852 :
825 2826 939 2855 Putabas
950 2828 1071 2860 quoniam
1084 2827 1108 2855 si

344 2929 356 2943 ι
375 2923 535 2952 Tertullian.
554 2924 581 2951 in
598 2923 741 2959 Apologet.
753 2930 778 2951 c.
792 2922 843 2950 13:
859 2921 1017 2959 Domesticos
1032 2922 1104 2959 deos,

308 2964 371 2998 quos
388 2959 467 2988 Lares
478 2960 575 2994 dicitis,
591 2957 732 2988 domestica
746 2962 872 2995 potestate
890 2958 1015 2986 tractatis.
1032 2957 1104 2986 Con-

1157 2408 1249 2441 redes;
1263 2413 1290 2435 tu
1302 2413 1387 2435 autem
1410 2407 1505 2434 dedisti
1517 2406 1663 2440 mercedes,
1684 2410 1708 2434 et
1724 2406 1752 2433 in
1768 2410 1791 2432 te
1815 2403 1926 2439 perversam

1157 2458 1255 2492 factum
1267 2459 1304 2483 est
1326 2454 1395 2483 istud
1410 2453 1523 2490 (Ezech.
1539 2462 1596 2486 xvt,
1620 2454 1688 2490 35).
1712 2453 1771 2481 Non
1786 2451 1864 2479 solum
1874 2445 1925 2475 enim

1158 2503 1224 2531 nihil
1238 2492 1366 2536 accepisti
1381 2501 1415 2529 ab
1428 2501 1596 2529 amatoribus
1607 2501 1675 2536 tuis,
1693 2500 1743 2529 sed
1759 2499 1835 2528 etiam
1847 2504 1873 2524 ea
1886 2497 1927 2527 ίιιιπ

1156 2559 1171 2578 a
1200 2551 1259 2578 viro
1284 2557 1442 2582 acceperas,
1471 2548 1623 2584 perdidisti.
1655 2547 1792 2582 Quodque
1815 2542 1926 2584 εραιιίίιπξ

1159 2595 1283 2624 Dilatasti
1299 2595 1382 2623 cubile
1405 2582 1488 2628 tuum,
1510 2599 1533 2622 et
1556 2594 1682 2631 pepigisti
1699 2603 1760 2622 cum
1775 2593 1820 2627 eis,
1834 2591 1858 2618 in
1879 2582 1929 2615 ΗΧ

1161 2651 1213 2670 non
1237 2642 1362 2669 habetur.
1380 2642 1442 2669 llaec
1458 2641 1552 2668 dilexit
1565 2640 1745 2668 dormientes
1759 2645 1846 2667 sccnm
1860 2638 1929 2670 ερθειιε

1158 2689 1259 2717 latores
1269 2695 1366 2722 caccOs,
1379 2693 1407 2715 et
1420 2695 1503 2716 canes
1514 2693 1615 2721 mulos,
1625 2687 1677 2723 qtti
1689 2686 1855 2715 dormientes
1865 2679 1931 2708 rident

1157 2736 1263 2763 somnia
1289 2735 1427 2762 vanitatis.
1460 2734 1492 2762 Et
1519 2734 1721 2769 multiplicavit.
1755 2729 1930 2761 fornicationem

1159 2790 1246 2816 suam,
1261 2787 1290 2809 ut
1303 2790 1357 2809 non
1369 2781 1456 2809 semel
1470 2788 1531 2809 cum
1545 2789 1611 2814 uno,
1623 2781 1675 2809 sed
1693 2780 1849 2817 frequenter
1857 2778 1932 2804 etcum

1159 2828 1283 2864 plurimis
1309 2827 1591 2864 misceretur..67ﬁ
1615 2827 1739 2863 Propter
1766 2824 1835 2862 quod
1859 2822 1932 2850 multos

1160 2921 1200 2949 l'er
1222 2921 1256 2949 de
1277 2920 1330 2949 Dea
1347 2919 1442 2948 Tutela
1466 2920 1604 2956 Augustin.
1627 2919 1681 2948 lib.
1706 2927 1733 2947 tv
1752 2919 1786 2947 de
1802 2916 1872 2945 Civit.
1892 2910 1932 2939 Dei,

1156 2964 1218 2993 cap.
1234 2957 1261 2990 8,
1275 2960 1328 2985 etc.
