4096 6330
268 323 369 383 553

787 326 1443 387 conuenramonun
1482 326 1551 389 lN
1592 322 1829 387 tssnu
1870 320 2295 386 PROPllETAM
2340 331 2470 387 LIB.
2515 311 2658 388 'xvr.
2701 330 2859 390 car.
2890 314 3066 391 'Lvn.

3496 342 3604 401 554

268 441 386 498 fecit
417 456 445 495 a
477 456 542 500 se
571 442 736 516 longe
760 444 1056 502 recedere:
1088 445 1327 518 Angelos
1373 444 1467 516 qui
1500 446 1550 500 in
1585 445 1704 515 eius
1736 461 1875 514 prac-
1903 455 1951 513 Α
1981 426 2239 513 cxxxvttt,
2272 445 2397 516 2i).
2436 446 2501 500 Et
2530 447 2583 500 in
2620 446 2727 501 alio
2755 447 2878 503 loco
2904 465 2918 503 :
2949 447 3146 503 Notam
3187 452 3275 520 [ar
3304 451 3451 524 mihi,
3486 453 3604 512 Do—

266 537 415 594 sidiis
443 549 628 605 erant,
662 540 752 596 vel
794 554 1013 598 sanctos
1044 544 1190 596 viros
1235 544 1326 613 qui
1374 542 1443 598 al)
1489 540 1879 609 hujuscemodi

268 620 569 685 meretricis
592 633 879 689 consortio
906 645 1272 690 recesserunt.
1298 633 1454 704 Quod
1480 635 1703 705 quidem
1730 644 1785 689 et
1812 633 1883 689 de

269 724 538 780 haereticis
568 741 859 794 possumus
888 726 1092 793 dicere,
1116 729 1207 799 qui
1234 727 1504 783 derelicto
1528 728 1664 795 Deo,
1694 737 1719 764 ἰ
1749 741 1881 783 suos

268 827 571 889 sequuntur
595 833 841 887 errores,
874 830 927 875 et
953 829 1147 891 putant
1175 836 1236 876 se
1262 820 1468 893 aliquid
1516 820 1642 890 plus
1676 820 1883 878 habere

267 925 387 967 cum
427 925 730 985 sequentes
773 913 1079 982 mendacia,
1113 915 1451 986 perdiderint
1480 914 1800 982 veritatem,
1829 923 1885 970 et

267 1005 755 1076 multiplicaverint
806 1006 1225 1065 fornicationem
1276 1024 1456 1075 suam,
1515 1024 1624 1063 non
1673 1009 1728 1064 in
1773 1023 1884 1064 uno

268 1098 544 1170 dogmate,
578 1100 678 1157 sed
708 1100 763 1157 in
793 1102 1061 1172 pluribus,
1091 1111 1146 1159 et
1173 1102 1405 1159 fecerint
1433 1118 1464 1157 a
1497 1117 1559 1157 se
1603 1101 1887 1159 Ecclesia-

266 1208 385 1249 rum
419 1192 689 1263 pricsides
737 1196 973 1268 Angelos
1016 1197 1279 1253 recedere
1307 1214 1320 1251 :
1353 1197 1445 1267 qui
1492 1210 1601 1251 non
1634 1197 1885 1252 contenti

269 1282 631 1341 fernicatioue
678 1287 878 1353 vicina,
926 1287 1149 1343 mittunt
1193 1289 1403 1360 legatos
1435 1289 1575 1344 ultra
1619 1289 1884 1346 terminos

268 1392 398 1434 suos
423 1378 493 1434 ad
522 1379 815 1450 gentilium
847 1380 1099 1453 dogmata
1129 1390 1184 1436 et
1227 1397 1449 1437 errores
1472 1382 1724 1454 gentium
1757 1383 1885 1437 bar-

268 1471 547 1540 bararum,
572 1482 633 1527 ιιι
655 1474 898 1529 novitate
924 1475 1548 1545 sermonumdecipiaut
1575 1475 1878 1532 audientes.

341 1566 698 1638 (Vers.10.)
746 1566 815 1623 1η
845 1567 1174 1624 multitudine
1222 1572 1318 1624 via:
1363 1579 1468 1624 tuae
1515 1570 1785 1640 laborasti,
1833 1580 1881 1626 et

272 1679 375 1719 non
424 1664 653 1718 dixisti:
701 1663 1012 1730 Quiescam:
1049 1666 1207 1719 vitam
1239 1681 1424 1719 manus
1474 1675 1576 1719 tute
1618 1664 1879 1732 invenisti,

272 1764 549 1826 prapterea
597 1772 702 1811 non
749 1757 947 1830 ragasti
996 1773 1076 1811 me
1118 1754 1304 1829 [Vulg.
1354 1756 1479 1812 silet
1521 1757 1642 1831 me].
1688 1756 1880 1813 LXX:

1986 541 2144 609 mine,
2187 541 2321 595 viam
2361 543 2413 595 in
2460 558 2563 613 qua
2606 542 2897 607 ambulem;
2944 546 3192 615 quoniam
3223 546 3295 599 ad
3337 556 3385 601 te
3431 548 3600 603 levavi

1991 644 2013 672 ο
2038 634 2216 688 oculos
2232 651 2372 689 meos
2395 632 2516 705 (Ps.
2540 650 2708 703 CXLII,
2733 635 2813 707 8).
2838 637 2911 691 De
2934 635 3247 693 istiusmodi
3279 640 3359 692 via
3383 650 3441 695 et
3459 640 3594 696 alibi

1987 726 2267 797 Scriptura
2298 738 2724 783 commemorat:
2753 727 2983 796 Quwrite
3004 729 3137 784 viam
3159 732 3364 799 bonam,
3400 741 3451 786 et
3476 749 3593 788 ant-

1987 818 2163 875 bulate
2204 820 2259 873 in
2297 835 2380 889 ea,
2431 831 2478 874 et
2524 822 2793 876 invenietis
2842 822 3261 890 puriﬁcationem
3291 824 3592 881 animarum

1986 924 2275 968 vestrarum
2300 909 2525 986 (Jerem.
2548 929 2620 980 vt,
2652 912 2774 983 ιιι).
2794 913 3102 969 Jerusalem
3135 929 3270 985 ergo
3298 926 3592 986 propterea

1988 1004 2281 1062 humiliata
2310 1018 2394 1062 εει
2420 1021 2595 1075 usque
2638 1006 2707 1075 ad
2736 1006 2966 1075 inferos,
2998 1007 3123 1077 quia
3167 1007 3219 1063 in
3260 1009 3447 1064 multis
3489 1009 3594 1065 viis

1988 1096 2015 1137 ά
2043 1100 2332 1169 laboravit,
2357 1116 2535 1174 neque
2557 1099 2693 1155 dixit
2720 1119 2732 1155 :
2780 1099 3103 1157 Emendabo
3130 1118 3378 1158 errorem
3413 1104 3594 1174 pani-

1990 1192 2195 1260 tentia;
2229 1192 2327 1251 sed
2372 1209 2404 1250 e
2433 1195 2733 1262 contrario,
2787 1194 3139 1249 confortabor
3169 1195 3434 1265 inccepto,
3486 1211 3589 1253 nec

1988 1290 2189 1345 curabo
2237 1290 2568 1345 sententiam
2608 1290 3054 1343 commonentis:
3115 1299 3138 1325 ο
3171 1290 3356 1344 Averte
3406 1288 3590 1360 pedem

1987 1391 2133 1438 tuum
2160 1399 2192 1437 a
2222 1384 2304 1437 via
2350 1398 2554 1456 aspera,
2582 1391 2629 1436 et
2656 1390 2835 1455 guttur
2878 1389 3024 1435 tuum
3070 1397 3104 1433 a
3145 1382 3233 1436 siti
3264 1380 3494 1451 (Jtrem.
3526 1397 3587 1449 tt,

1984 1474 2110 1547 25).
2147 1475 2391 1547 Denique
2418 1474 2705 1545 sequitur:
2740 1476 2812 1530 At
2850 1473 2942 1529 illa
2993 1474 3301 1544 respondit,
3348 1473 3590 1552 ἀνδρίσο-

1985 1591 2102 1642 μαι,
2129 1568 2181 1623 id
2209 1579 2312 1634 est,
2345 1584 2495 1641 agam
2521 1567 2757 1635 viriliter,
2782 1566 2925 1636 quod
2956 1581 3098 1622 nunc
3123 1567 3292 1622 verbo
3319 1567 3426 1622 alio
3454 1567 3593 1622 dici:
3662 1556 3671 1561 ’

1989 1675 2114 1720 tur:
2151 1662 2514 1735 Confertabor.
2548 1661 2619 1717 Et
2653 1663 2776 1732 quia
2818 1661 2947 1717 fecit
2980 1660 3096 1717 base
3125 1676 3248 1732 qua:
3281 1664 3593 1731 prseteritos

1988 1772 2172 1813 sermo
2215 1756 2477 1823 narravit,
2528 1756 2652 1811 ideo
2698 1772 2805 1810 nun
2835 1763 2921 1811 est
2953 1754 3242 1811 Dominum
3271 1756 3588 1826 deprecata,

272 1849 461 1905 Multis
475 1850 749 1906 itineribus
771 1852 873 1905 tuis
895 1849 1168 1920 laborasti,
1194 1861 1366 1905 etnon
1386 1851 1585 1920 dixisti,
1609 1850 1875 1907 desinam:
1906 1865 1956 1926 Β
1984 1852 2036 1905 in
2061 1852 2176 1906 suis
2220 1852 2392 1921 magis
2419 1848 2624 1905 viribus
2651 1864 2811 1919 quant
2855 1849 2907 1902 in
2938 1847 3050 1903 Deo
3077 1847 3284 1903 habens
3314 1849 3592 1907 liduciam.

271 1947 568 2017 confortata
607 1946 776 2017 feciin
801 1944 911 2000 lues
936 1961 955 2000 :
985 1930 1258 2019 propterea
1286 1962 1391 2000 non
1419 1949 1612 2015 rogasti
1649 1961 1748 1999 me.
1778 1944 1882 2013 Qui

271 2039 513 2095 ambulat
538 2037 593 2092 in
621 2039 706 2092 via
739 2054 843 2093 una
874 2049 928 2093 et
957 2042 1127 2109 regia,
1159 2054 1268 2093 non
1302 2037 1532 2107 laborat,
1563 2041 1630 2093 de
1653 2054 1756 2108 qua
1788 2051 1884 2107 per

274 2130 499 2202 Moysen
533 2133 801 2202 praecepit
834 2131 1018 2187 Deus:
1059 2129 1095 2185 l’
1102 2132 1155 2187 ia
1182 2132 1326 2203 regia
1353 2129 1660 2195 ambulabis,
1702 2139 1748 2184 et
1781 2146 1882 2185 non

273 2226 557 2281 declinabis
611 2227 681 2280 ad
733 2227 1000 2281 dexteram
1051 2242 1213 2298 neque
1263 2225 1333 2280 ad
1380 2225 1644 2280 sinistram
1683 2222 1877 2298 (Deut.

274 2308 467 2393 v,32).
496 2318 620 2377 Una
642 2320 727 2375 via
755 2330 839 2376 est
867 2321 1136 2385 veritatis,
1164 2336 1288 2391 quae
1311 2319 1439 2375 dicit
1471 2321 1523 2374 in
1551 2319 1878 2391 lSvangi-lio:

273 2413 388 2489 Ego
413 2431 534 2470 sum
563 2415 669 2483 via,
698 2418 887 2471 veritas
908 2425 955 2469 et
984 2415 1087 2469 vita
1115 2413 1309 2485 (Joan.
1342 2429 1452 2481 xtv,
1478 2412 1544 2486 6)
1572 2429 1587 2467 :
1612 2423 1666 2467 et
1695 2414 1882 2468 multa:

271 2508 685 2567 mendaciorum
719 2509 843 2577 vim,
872 2523 967 2578 per
998 2524 1131 2575 qttas
1168 2523 1311 2563 nnnc
1338 2507 1653 2563 arnbulaSse
1699 2509 1884 2578 argui-

271 2609 358 2655 tur
381 2601 724 2666 Jerusalem,
753 2616 982 2670 quarum
1005 2600 1213 2655 viarum
1247 2601 1389 2655 Deus
1419 2600 1597 2655 sciens
1618 2598 1880 2654 dill'eren—

270 2695 421 2764 tiam,
451 2711 619 2766 supra
645 2690 891 2764 loqt'titur
912 2695 978 2750 ad
1002 2709 1253 2751 errantes
1280 2712 1293 2748 :
1318 2693 1437 2748 Non
1460 2693 1590 2748 sicut
1614 2693 1708 2748 vite
1730 2707 1876 2763 mete,

268 2790 363 2845 vim
394 2802 578 2846 vestra!
608 2794 627 2857 (
654 2787 787 2844 lsai.
836 2805 927 2859 LV,
955 2788 1045 2861 8),
1081 2804 1205 2859 qua}
1229 2788 1420 2845 dicunt
1452 2789 1682 2842 Domino
1709 2787 1882 2843 conli-

269 2893 485 2940 tentes:
522 2883 801 2939 Declinare
840 2885 1009 2955 fecisti
1033 2887 1139 2940 vias
1172 2895 1377 2940 nostras
1415 2901 1446 2938 a
1476 2885 1571 2939 viis
1615 2884 1715 2938 tuis
1745 2881 1875 2956 (Ps.

266 2993 415 3047 ιιιιι,
457 2976 583 3050 ill).
637 2978 865 3046 Cognita
913 2981 1078 3049 igitur
1126 2996 1231 3035 una
1264 2981 1347 3037 via
1390 2980 1560 3051 regia,
1594 2979 1877 3034 videamus

265 3089 386 3144 quae
406 3075 551 3129 dexti
568 3090 615 3129 ac
636 3075 740 3127 via:
762 3073 871 3127 sint
889 3074 1216 3145 etsinistrze,
1246 3091 1341 3144 per
1361 3091 1497 3146 quas
1520 3073 1879 3146 prohibemur

266 3166 543 3222 incedere.
576 3164 673 3220 Via
706 3168 851 3236 regia
882 3176 1185 3237 temperata
1211 3166 1318 3240 (Al.
1353 3163 1739 3239 temperantia]
1769 3173 1872 3233 est,

1985 1941 2159 1998 Porro
2189 1942 2333 2013 quod
2360 1942 2512 2014 juxta
2545 1940 2869 1998 Hebraicum
2902 1942 3162 2012 ponitur:
3197 1940 3373 1996 Vitam
3407 1957 3592 1997 manus

1987 2046 2090 2091 tua:
2113 2035 2376 2098 invenisti,
2410 2046 2687 2107 propterea
2716 2050 2823 2089 non
2847 2034 3066 2107 rogasti,
3100 2033 3245 2088 hunc
3272 2032 3439 2090 habet
3467 2048 3597 2090 sen-

1984 2146 2103 2187 sum
2131 2141 2188 2187 et
2233 2130 2572 2186 intellecmm
2601 2148 2612 2183 :
2646 2128 2784 2196 Quia
2815 2127 2979 2184 rebus
3005 2128 3261 2183 omnibus
3293 2128 3590 2183 abundasti

1985 2222 2315 2281 ctamuxisti
2348 2222 2575 2291 divitiis,
2613 2222 2736 2277 ideo
2767 2221 3055 2275 Dominum
3099 2222 3385 2292 neglexisti
3413 2239 3425 2275 :
3457 2234 3595 2291 quas

1985 2320 2200 2375 divitias
2228 2332 2282 2374 et
2309 2302 2567 2374 Salomon
2618 2318 2820 2372 habere
2859 2315 3147 2382 detrectat,
3197 2330 3267 2368 ne
3314 2313 3595 2369 oblivisca-

1988 2423 2074 2467 tur
2105 2412 2199 2467 Dei
2245 2410 2444 2484 (Prov.
2478 2426 2584 2465 xxx
2637 2419 2684 2461 rt
2718 2408 2908 2478 xm).
2946 2406 3013 2460 Et
3043 2407 3109 2459 ad
3159 2404 3452 2461 Sodomam
3496 2420 3594 2474 per

1985 2506 2240 2563 Ezechiel
2263 2505 2500 2560 dicitur:
2531 2507 2657 2574 quia
2685 2509 2933 2556 saturata
2961 2500 3035 2555 sit
3058 2500 3310 2570 panibus,
3347 2509 3595 2570 propter-

1986 2616 2049 2658 ea
2079 2598 2452 2670 superbivisse
2479 2594 2706 2669 (Escelt.
2731 2609 2820 2649 xvr
2840 2591 2883 2665 ).
2908 2592 3025 2647 Non
3050 2593 3224 2647 Stilum
3249 2603 3430 2646 autem
3452 2593 3591 2647 divi-

1987 2694 2094 2763 lite,
2126 2692 2221 2748 sed
2248 2701 2305 2747 et
2331 2698 2621 2763 paupertas
2656 2688 2849 2757 probat
2883 2685 3183 2740 hominem.
3220 2683 3376 2741 [inde
3404 2699 3597 2754 supra-

1985 2791 2247 2858 scriptum
2278 2794 2398 2840 est:
2428 2781 2653 2837 Probavi
2677 2790 2724 2835 te
2750 2780 2805 2834 in
2836 2782 3041 2834 camino
3070 2780 3394 2849 paupertatis
3423 2780 3439 2848 (
3457 2777 3593 2833 lsai.

1988 2886 2212 2959 min),
2245 2887 2299 2940 in
2331 2899 2439 2955 quo
2467 2892 2522 2937 et
2550 2883 2788 2937 Lamrus
2822 2878 3084 2948 probatm
3113 2885 3199 2931 est
3237 2889 3467 2946 pauper,
3502 2874 3595 2944 qui

1983 2991 2287 3053 egestatem
2312 2979 2469 3032 simul
2495 2975 2947 3043 debilitati-inque
2972 2971 3234 3025 sustinuit
3260 2968 3434 3042 (Luc.
3466 2969 3593 3039 xv).

2055 3075 2074 3147 (
2103 3073 2257 3129 νει-5.
2294 3070 2420 3144 il.)
2464 3070 2569 3125 Pro
2596 3085 2698 3141 quo
2729 3067 2954 3122 sollicita
2986 3065 3207 3119 timuisti
3235 3079 3255 3117 :
3276 3063 3399 3134 quia
3447 3078 3593 3116 men-

1983 3168 2080 3222 tita
2102 3183 2177 3235 es,
2197 3176 2245 3220 et
2274 3167 2367 3218 mei
2390 3180 2491 3217 non
2519 3180 2570 3216 es
2598 3159 2892 3227 recordata,
2914 3174 3076 3226 neque
3106 3157 3346 3227 cogitasti
3368 3172 3421 3208 tn
3445 3154 3600 3209 corde

270 3275 370 3316 nec
401 3261 524 3332 plus
553 3263 605 3315 iit
650 3277 709 3315 se
742 3262 948 3315 habens
982 3275 1085 3316 nec
1118 3264 1320 3319 minus.
1353 3262 1516 3316 Verbi
1543 3264 1738 3332 gratia,
1789 3262 1872 3313 via
1903 3265 1949 3330 C
1983 3263 2109 3317 tuo?
2135 3262 2260 3331 quia
2284 3277 2377 3332 ego
2401 3270 2575 3313 tacens
2607 3268 2652 3311 et
2683 3256 2837 3327 quasi
2868 3271 2967 3308 non
2993 3254 3189 3307 videns.
3226 3262 3275 3305 et
3306 3251 3403 3304 mei
3433 3247 3595 3303 oblita

268 3361 409 3410 recta
441 3366 498 3408 et
522 3352 693 3424 regia,
728 3354 1010 3421 prudentia
1049 3367 1155 3409 est.
1192 3355 1540 3411 Declinamtts
1569 3352 1635 3408 ad
1681 3353 1874 3406 dexte-

272 3462 408 3513 ram,
444 3447 488 3500 si
520 3449 647 3516 plus
683 3446 929 3513 sapimus
950 3462 1111 3516 quam
1143 3455 1359 3517 Oportet
1404 3461 1616 3514 sapere,
1669 3454 1723 3500 et
1777 3460 1873 3512 pro

268 3542 559 3613 prodentia
587 3540 831 3596 callidua
860 3559 945 3595 ent
971 3541 1247 3613 diligimus
1276 3559 1288 3596 :
1318 3544 1441 3613 quia
1469 3540 1575 3614 [ΑΙ.
1604 3538 1730 3611 qua]
1758 3553 1875 3592 ser-

272 3652 404 3707 pcns
447 3638 776 3707 prudentior
823 3646 942 3689 erat
981 3640 1238 3691 ottimlms
1290 3638 1478 3692 bestiis
1526 3636 1578 3689 in
1623 3633 1875 3703 paradiso

273 3729 493 3803 (Cenes.
526 3731 656 3800 tu):
706 3731 769 3784 Et
811 3729 905 3783 lilii
948 3733 1309 3785 tenebrarum
1336 3728 1716 3801 prudentiores
1752 3736 1876 3779 :unt

271 3821 397 3878 ﬁliis
420 3825 559 3878 lucis
586 3821 751 3896 (Luc.
787 3824 932 3893 xvi).
965 3822 1043 3876 .-\d
1090 3822 1483 3892 sinistramque
1526 3820 1870 3886 divertimus,

272 3919 487 3986 quando
500 3920 653 3971 stulti
680 3930 890 3981 smnus,
914 3924 969 3970 et
997 3917 1174 3970 minus
1198 3916 1442 3986 sapimus
1465 3931 1535 3984 qu
1556 3932 1624 3965 Illt
1651 3928 1877 3967 nocease

276 4020 376 4064 Bal.
406 4012 482 4065 De
505 4009 710 4080 quibus
732 4008 938 4064 dictum
967 4019 1053 4065 est
1077 4028 1090 4064 :
1118 4009 1262 4064 Dixit
1293 4010 1483 4064 stultus
1505 4012 1556 4061 in
1586 4008 1742 4061 corde
1759 4023 1871 4075 suo,

272 4123 369 4161 non
401 4115 477 4160 est
531 4103 672 4159 Dens
714 4102 841 4177 (Ps.
894 4120 1010 4173 xm,
1062 4106 1145 4175 1).
1198 4106 1375 4161 Pietas
1406 4119 1623 4175 quoque
1662 4114 1715 4159 et
1750 4115 1879 4156 vera

272 4200 483 4270 religio,
527 4200 614 4253 via
653 4200 798 4269 regia
847 4208 951 4253 est.
986 4197 1013 4236 δ
1060 4200 1305 4256 Declinat
1352 4198 1419 4253 ad
1446 4200 1755 4265 dexteram,
1789 4195 1878 4267 qui

273 4293 688 4362 superstitiosus
710 4305 816 4361 est,
845 4302 902 4346 et
930 4304 1172 4346 meretur
1196 4291 1407 4359 audire,
1440 4289 1523 4345 Ne
1547 4292 1618 4344 sis
1662 4290 1879 4342 multum

265 4391 443 4460 justus
472 4387 710 4459 (Eccles.
758 4401 859 4454 vlt,
908 4384 1035 4457 17).
1071 4385 1150 4441 Ad
1180 4386 1486 4453 smistram,
1521 4384 1612 4454 qui
1658 4381 1885 4453 negligit

273 4481 478 4535 Cultnm
530 4479 647 4547 Dei,
680 4488 735 4534 et
775 4479 923 4533 inter
971 4478 1158 4533 bardos
1192 4476 1482 4544 bireosque
1532 4485 1875 4531 numeratur.

274 4572 604 4627 Liberalitas
624 4586 843 4642 quoque
868 4569 1034 4643 675
1066 4584 1121 4626 et
1145 4570 1485 4640 dispensatio
1511 4573 1686 4624 virtus
1710 4567 1882 4622 maxi-

1956 3351 2230 3436 -e.~'..,LXX
2261 3372 2272 3407 ε
2311 3352 2474 3420 Quem
2519 3351 2704 3405 timens
2735 3350 3010 3418 perterrita
3054 3360 3104 3399 es
3130 3362 3149 3400 :
3178 3358 3224 3399 et
3274 3345 3490 3397 ntentita
3541 3360 3593 3397 es

1980 3451 2128 3517 mihi,
2150 3465 2243 3502 nec
2266 3450 2541 3501 recordata
2566 3445 2772 3515 t’spwl.
2800 3442 2982 3514 Neque
3011 3440 3233 3511 pasuisti
3262 3456 3342 3494 me
3364 3442 3415 3491 in
3429 3448 3598 3494 mente

1977 3551 2085 3608 tua,
2114 3552 2159 3595 et
2189 3541 2242 3594 in
2266 3539 2421 3593 sorde
2444 3553 2551 3593 tm.
2584 3538 2751 3610 676
2780 3535 2843 3590 Et
2875 3553 2967 3604 eqo
2999 3547 3045 3588 te
3075 3533 3248 3587 videns
3278 3533 3583 3597 despiciunt,

1980 3646 2027 3690 et
2060 3652 2162 3689 non
2194 3652 2272 3686 nte
2302 3634 2544 3686 timuisti.
2596 3638 2735 3699 Quia
2785 3629 2960 3698 plenis
3006 3628 3222 3682 hvrt‘vts
3256 3628 3425 3677 babes
3460 3625 3598 3678 litiu-

1979 3732 2121 3784 ciam
2159 3730 2212 3781 in
2238 3728 2469 3790 dtvitiis,
2498 3741 2691 3795 rogare
2730 3740 2815 3777 me
2848 3720 3092 3781 noluisti,
3129 3718 3334 3772 lllt'il'l‘ﬂ
3365 3718 3594 3771 timuisti

1982 3823 2270 3892 plurimos.
2305 3819 2418 3873 Non
2452 3820 2601 3873 enim
2633 3796 2855 3886 pbteras
2900 3816 3086 3871 dicere
3115 3831 3125 3866 :
3164 3810 3418 3865 Dominus
3441 3814 3597 3865 attai-

1983 3915 2138 3969 liator
2167 3928 2329 3973 meus,
2361 3924 2410 3965 et
2435 3928 2526 3978 ego
2550 3909 2829 3978 despiciam
2853 3907 3085 3960 inimicm
3111 3921 3250 3958 meos
3274 3904 3404 3978 (Ps.
3429 3919 3594 3972 cxvn,

1984 4006 2076 4078 7);
2113 4006 2181 4061 Et
2212 4007 2406 4059 iterum
2434 4020 2447 4056 :
2487 4000 2738 4055 Dominus
2778 4000 3098 4053 illuminqu
3126 4012 3260 4064 mea,
3293 4005 3340 4049 et
3371 3998 3599 4050 salvator

1984 4117 2150 4165 meus,
2185 4112 2333 4169 quem
2370 4093 2565 4149 timiba
2589 4092 2613 4167 ί
2638 4091 2729 4147 Ps.
2760 4107 2907 4160 xm,
2944 4088 3227 4163 l)?Quod
3252 4097 3309 4142 et
3330 4092 3375 4143 si
3403 4100 3599 4144 contra

1985 4193 2187 4249 mentis
2228 4204 2334 4245 tua:
2364 4188 2755 4263 cpnscientiam
2797 4184 2983 4240 dicere
3027 4183 3321 4252 aliquando
3350 4181 3593 4250 voluisti,

1985 4286 2211 4342 mentita
2234 4299 2315 4339 es.
2336 4279 2621 4351 Quomodo
2641 4278 2784 4335 enim
2812 4292 2901 4333 me
2926 4285 3142 4347 poteras
3165 4275 3441 4344 invocare,
3476 4289 3598 4343 quae

1986 4383 2093 4436 mei
2117 4394 2225 4433 non
2242 4376 2483 4433 habebas
2513 4373 2862 4440 memoriam,
2891 4384 3065 4442 neque
3087 4368 3336 4439 cogitasti
3358 4382 3595 4439 unquam

1989 4484 2284 4543 przrcepta,
2316 4469 2555 4524 dicentis
2582 4486 2595 4523 :
2628 4448 2867 4522 .Honora
2898 4463 3200 4528 Dominum,
3245 4470 3296 4515 et
3324 4464 3597 4532 conforta-

1987 4566 2144 4629 beris,
2176 4576 2223 4619 et
2250 4563 2445 4634 absque
2472 4562 2565 4617 illo
2592 4561 2793 4616 nullum
2822 4566 3019 4610 metuas
3054 4552 3292 4625 (Eccles.
3322 4569 3521 4608 xxautt
3539 4550 3602 4623 )?

274 4681 356 4721 ma
384 4675 493 4731 est,
526 4681 557 4720 a
585 4680 690 4734 qua
718 4664 959 4719 declinat
987 4667 1054 4718 ad
1081 4662 1386 4729 dexteram,
1430 4664 1519 4733 qui
1549 4679 1741 4730 parcus
1769 4670 1876 4731 est,
1909 4673 1963 4735 ι)
1989 4661 2101 4733 Ego
2128 4660 2275 4714 enim
2309 4672 2432 4710 sum
2461 4654 2573 4723 qui,
2614 4655 2763 4721 juxta
2792 4647 3180 4723 Symmachum
3226 4657 3279 4703 et
3325 4647 3598 4718 Aquilam,

275 4770 328 4817 cl
357 4778 464 4816 non
494 4762 670 4816 solum
713 4762 854 4827 aliis,
887 4759 983 4813 Sed
1035 4778 1103 4817 ne
1146 4759 1248 4814 sibi
1271 4758 1486 4827 quidem
1521 4756 1712 4813 tribuit
1734 4757 1881 4827 quod

278 4872 501 4912 neceSsc
526 4866 629 4911 est.
663 4854 742 4910 Ad
774 4854 1075 4923 alliisll'ulll,
1106 4857 1195 4927 qui
1224 4853 1465 4910 comedit
1510 4853 1879 4907 substantiam

276 4965 428 5005 suam
456 4965 581 5004 cum
626 4947 1029 5016 meretricibus,
1066 4960 1118 5003 vt
1149 4949 1278 5004 dicit
1310 4963 1431 5002 cum
1471 4947 1637 5002 Israel
1668 4964 1680 5000 :
1733 4943 1887 4999 Man-

278 5045 521 5099 ducemus
544 5054 591 5097 et
616 5043 894 5109 bibamus;
926 5059 1044 5097 cras
1077 5044 1211 5098 enim
1243 5043 1522 5097 morientur
1549 5038 1712 5113 (Isai.
1745 5054 1881 5107 xxtt,

280 5138 404 5206 13).
438 5138 732 5194 Fortitudo
764 5139 929 5191 etiam
963 5146 1125 5209 atque
1154 5140 1461 5193 constantia
1490 5139 1574 5191 via
1601 5135 1746 5207 regia
1776 5143 1884 5201 est,

278 5242 306 5283 a
339 5246 443 5302 qua
475 5229 719 5286 declinat
743 5231 810 5284 ad
838 5230 1144 5299 dexteram,
1175 5229 1267 5301 qni
1293 5229 1616 5283 temerarius
1641 5235 1696 5283 et
1723 5225 1888 5294 perti-

282 5338 385 5378 nax
421 5333 505 5378 est
534 5343 546 5376 :
583 5324 650 5379 ad
675 5323 980 5393 sinistram,
1013 5325 1105 5396 qni
1140 5322 1529 5380 formidolosus
1555 5334 1607 5378 et
1637 5320 1885 5395 pavidus.

282 5415 437 5472 Unde
467 5419 552 5471 vir
581 5429 803 5472 sanctus
835 5433 931 5488 per
956 5419 1098 5473 viam
1123 5426 1326 5473 rectam
1356 5418 1512 5488 gradi
1540 5417 1770 5487 cupiens
1796 5412 1919 5477 dea

285 5524 578 5581 precatur:
637 5509 817 5566 Deduc
867 5529 968 5578 me,
1028 5512 1265 5582 Domine,
1326 5512 1380 5566 in
1437 5513 1521 5567 via
1566 5519 1707 5566 recta
1760 5506 1889 5580 (Ps.

353 5684 379 5746 ἐι
422 5676 599 5730 Antea
629 5680 749 5728 erat
772 5672 1019 5728 derelicto
1048 5672 1160 5728 Deo
1190 5690 1303 5737 suo,
1335 5680 1645 5746 sequuntur,
1674 5678 1783 5727 etc.

355 5745 384 5785 ιι
428 5745 589 5808 Mss,
621 5763 652 5798 a
678 5761 783 5816 qua
810 5745 1058 5808 declinat,
1092 5757 1201 5802 etc.
1370 5788 1377 5794 .

362 5830 383 5856 ε
430 5817 621 5883 Iidem,
653 5817 721 5870 ad
745 5827 793 5870 te
820 5816 981 5871 levavi
1009 5821 1233 5872 animam
1262 5834 1452 5875 meam.

359 5885 384 5927 ιι
432 5888 581 5947 Unus
611 5887 979 5954 Ambrosiam,
1007 5890 1061 5943 in
1096 5890 1267 5945 multis
1296 5890 1389 5945 viis
1418 5888 1581 5948 deviis
1618 5883 1893 5942 laboravit.

664 5981 943 6041 Parnon.
999 5980 1234 6043 XXIV.

1985 4767 2208 4822 semper
2238 4750 2379 4804 tacui
2412 4753 2629 4817 peccata
2664 4755 2776 4812 tua,
2816 4754 2871 4799 et
2891 4740 3093 4797 scelera
3126 4757 3483 4811 quietumque
3518 4739 3601 4795 fa-

1987 4848 2196 4915 ciebas,
2231 4842 2390 4913 quasi
2436 4856 2543 4895 non
2587 4839 2846 4905 viderem,
2890 4836 3322 4891 dissimulatione
3365 4834 3600 4905 neglexi,

1989 4954 2044 4996 ut
2075 4942 2121 4996 si
2156 4955 2263 4994 non
2290 4937 2486 4990 timore
2514 4934 2641 5003 mei,
2666 4936 2856 4986 saltem
2886 4930 3138 4999 patientia
3165 4929 3229 4983 ad
3258 4944 3342 4982 nte
3371 4928 3599 4982 redires.

1988 5036 2091 5104 Qui
2130 5049 2238 5088 non
2272 5030 2471 5095 oculis,
2516 5026 2610 5083 sed
2645 5024 2914 5096 palpebris
2946 5024 3227 5093 interrogo
3259 5021 3401 5075 lilios
3428 5018 3606 5073 homi-

1993 5146 2147 5185 num.
2187 5126 2261 5182 At
2289 5136 2344 5179 ιιι
2380 5121 2688 5177 θροιιιιυητὶο
2714 5119 2878 5173 oblita
2918 5133 2979 5172 es
3030 5118 3155 5181 mei,
3192 5124 3241 5170 et
3272 5113 3465 5167 audire
3492 5125 3607 5166 me-

1995 5222 2155 5280 ruisti
2189 5241 2202 5276 :
2231 5220 2407 5275 Oblita
2426 5234 2480 5273 es
2501 5216 2630 5288 legis
2648 5214 2748 5269 Dei
2771 5214 2868 5281 tui,
2892 5223 2940 5269 et
2966 5228 3062 5284 ego
3085 5210 3356 5265 obliviscar
3371 5208 3604 5278 ﬁliorum

1994 5329 2208 5373 tuorum
2233 5315 2251 5383 (
2276 5314 2405 5367 Osee
2431 5325 2513 5375 tv,
2547 5307 2640 5380 6).
2679 5309 2738 5361 Et
2770 5305 3011 5361 iterum:
3052 5302 3164 5367 Ipsi
3206 5300 3605 5357 ambulaverunt

1996 5420 2180 5467 contra
2226 5422 2309 5462 me
2352 5403 2603 5479 perversi,
2646 5412 2695 5455 et
2738 5416 2831 5471 ego
2876 5395 3151 5453 ambulubo
3200 5404 3379 5447 contra
3420 5411 3508 5451 eos
3552 5398 3608 5450 in

1996 5511 2178 5579 furore
2201 5492 2464 5577 perverso.
2503 5497 2654 5554 Mens
2675 5510 2798 5567 quae
2828 5495 2882 5548 in
2911 5488 3056 5546 LXX
3087 5502 3212 5543 cum
3238 5485 3404 5543 corde
3426 5488 3606 5543 socia-

2077 5680 2100 5702 ι·
2142 5661 2357 5732 Vulgati
2400 5668 2557 5715 antea
2584 5658 2740 5732 libri,
2771 5653 3019 5710 Converte
3049 5650 3253 5716 pedem,
3286 5657 3419 5732 etc...
3459 5650 3606 5708 haud

2000 5740 2164 5797 bene,
2194 5722 2677 5803 elvrel'ragatttibus
2707 5741 2839 5803 mss.
2871 5735 2923 5779 et
2947 5736 3106 5803 sac‘ro
3139 5732 3309 5803 l_t'Xlll.
3355 5722 3479 5779 Mox
3510 5740 3610 5797 pro

2004 5792 2340 5885 iwdpieopat,
2380 5792 2829 5858 invAmbrosiano
2853 5804 2937 5851 est
2963 5792 3292 5869 ἁνδριοῦμαι.

3130 5957 3207 6021 18
