1930 3629
229 177 281 205 559

225 237 308 262 iratus
324 241 392 266 sunt,
411 240 434 260 et
450 233 564 267 perculsi
579 240 660 259 eum:
676 232 799 258 abscondi
811 252 817 263 ,
834 236 858 258 et
875 232 1026 267 indignatus

227 290 301 309 sum:
326 286 348 307 et
362 280 504 307 ambulavit
520 287 629 306 mmrens
648 279 739 315 [\‘ulg.
757 279 820 305 abiit
837 278 928 314 vagus]
950 279 975 304 in
989 278 1028 304 ria

227 329 313 356 cordis
332 328 382 354 sui.
402 327 466 354 i’ias
489 328 548 357 eius
569 326 633 356 uidi,
660 331 682 352 et
696 326 874 351 sanavicnm:
901 330 923 350 et
939 323 1030 350 reduxi

226 384 295 407 eumI
312 379 336 401 et
357 373 461 401 reddidi
480 373 669 399 consolationes
687 372 737 406 ipsi
752 376 775 398 et
800 370 948 406 lugentibus
961 372 1027 405 ejus.

228 423 318 449 lfreovi
332 424 447 456 fructum
461 421 589 447 labiorunt
599 440 606 450 ,
628 427 718 455 parent
728 441 735 451 ,
759 427 848 454 pavent
860 418 882 444 ei
897 418 940 452 qui
953 418 1029 452 longe

228 475 264 496 cst
277 474 300 496 et
314 469 359 504 qui
374 476 466 502 prope,
484 467 550 493 dixit
564 466 702 497 Dominus,
727 472 750 491 et
765 465 854 492 sanari
869 474 935 491 eum.
950 464 1030 499 [mpii

226 521 312 543 autent
327 514 398 550 quasi
411 522 481 541 mare
497 516 597 548 fervens
612 513 681 548 quod
695 513 824 548 quiescere
838 521 888 539 non
899 517 992 548 potest,
1006 516 1030 539 et

226 562 375 589 redundant
401 561 496 596 [laetus
521 562 578 597 ejus
594 560 621 587 in
644 559 868 586 conculcatiomm
886 564 908 585 et
933 559 1028 585 Iulum.

228 609 290 635 Non
302 613 338 635 est
351 616 414 642 pax.
427 607 494 634 dixit
508 606 589 638 Deus,
605 606 702 641 impiis.
718 605 803 633 LXX:
815 605 924 641 Propter
935 613 1028 641 perca-

227 660 281 682 tum
293 655 326 682 ad
341 655 471 681 modicum
491 653 554 687 quid
570 654 652 689 682
679 653 827 680 contristari
841 661 910 683 eum,
931 657 954 678 et
971 660 1029 688 per-

224 701 295 728 διιδδὶ
310 709 387 728 eum:
403 706 426 727 et
441 701 523 727 averti
540 701 633 735 faciem
651 709 732 726 nteam
748 700 778 726 ab
792 708 831 728 co.
854 704 877 726 et
891 700 1027 726 contristac

227 753 269 775 tus
285 753 322 774 est
339 753 362 774 et
375 747 517 774 ambulauit
537 747 618 774 tristis
631 747 658 773 ia
672 747 719 773 riis
733 747 797 773 suis.
817 746 881 773 Vitis
893 748 949 783 ejus
965 746 1028 778 ridi,

223 800 247 821 et
263 795 355 821 sanaui
370 803 428 821 eum
442 802 450 820 :
477 800 500 820 et
526 794 676 820 consolatus
692 802 749 820 sum
770 793 847 820 illum
858 814 864 825 ,
888 799 912 820 et
932 793 992 820 dedi
1007 794 1030 820 ei

228 842 432 869 Consolationem
446 850 541 874 verum,
554 849 643 877 pacem
655 841 694 867 liis
707 841 751 876 qui
762 840 850 875 longe,
861 846 884 868 et
894 841 938 876 qui
950 849 1031 876 prope

226 894 298 919 sunt.
314 889 376 915 dicit
392 888 534 921 Dominus,
558 892 581 914 et
593 887 690 913 sanabo
701 895 755 913 eos.
783 887 833 919 Qui
849 891 936 913 autem
947 887 1030 921 iniqui

226 941 305 969 sunt,
324 936 506 969 ﬂuctuabant,
521 940 558 961 ἐι
580 935 712 968 quiescere
736 942 787 960 non
803 939 936 968 poterunt.
965 933 1028 960 Non

225 988 262 1010 est
276 983 402 1020 gaudium
412 982 513 1016 impiis,
535 982 598 1009 dicit
615 982 745 1009 Domitius
760 981 840 1008 Deus.
860 982 922 1009 Post
938 981 1029 1016 :thjec-

226 1029 329 1057 tioncm
347 1029 439 1065 papuli
465 1028 622 1056 Judatorum
639 1033 666 1055 et
681 1036 777 1056 eorum
802 1028 846 1062 qui
863 1028 888 1054 in
905 1028 1029 1055 Salvato—

223 1084 282 1104 rem
295 1077 411 1103 credere
424 1075 581 1108 noluerunt,
605 1075 744 1109 pollicitus
760 1075 849 1102 fuerat
866 1075 1029 1102 habentibus

226 1122 255 1149 in
273 1130 303 1149 se
319 1122 443 1149 ﬁduciam
457 1144 463 1153 ι
488 1126 589 1149 terram
605 1122 710 1149 Initium
728 1127 904 1156 montemque
921 1128 1030 1149 sancto-

225 1178 298 1200 rum.
312 1175 339 1196 et
354 1168 492 1203 Apostolis
519 1172 705 1203 prmcepcrat:
735 1168 812 1195 Viam
831 1169 910 1195 facile
930 1169 1029 1203 populo

223 1216 397 1248 revertenti,
431 1219 457 1242 et
484 1215 577 1241 omnia
603 1215 637 1241 de
667 1214 757 1242 medio
778 1214 905 1242 scandala
931 1215 1028 1242 tollite.

224 1262 264 1289 Ac
291 1269 325 1288 ne
362 1261 521 1288 incredibile
546 1261 701 1293 videretur,
732 1262 848 1295 exponit
880 1262 1028 1295 potentiam

195 1339 203 1345 ἢ
225 1317 313 1340 suam,
328 1309 399 1343 quod
424 1308 550 1335 excelsus
565 1312 592 1335 et
609 1315 723 1342 magnus
744 1308 821 1335 facile
836 1308 922 1343 pessit
942 1309 1030 1343 pomi:

223 1355 342 1382 tenuibus
359 1355 466 1382 veniam
483 1354 613 1387 tribuere,
632 1359 659 1381 et
677 1354 780 1388 justum
795 1355 840 1386 sit,
871 1362 898 1381 ιιι
913 1353 1029 1382 Crealor

218 1402 392 1430 .tnisereatur
402 1407 535 1429 creatura:
556 1409 622 1428 sum.
639 1401 823 1435 l’t'0ptt-rqu.i~
837 1402 939 1438 jungit.
955 1404 1027 1438 quod

227 1449 314 1477 iratus
340 1450 373 1475 sit
389 1453 416 1476 et
430 1448 638 1476 contristaverit
655 1449 782 1483 populum
798 1457 876 1476 suum
891 1458 897 1475 :
924 1449 1028 1477 idcirco

222 1503 252 1523 se
267 1495 367 1523 fecisse
389 1495 452 1529 quia
468 1493 621 1528 peccaverit
636 1515 642 1524 .
670 1500 697 1522 et
710 1494 862 1530 iniquitatis
885 1496 1027 1523 avaritiam

227 1541 371 1574 habuerit,
386 1549 435 1568 nec
451 1549 503 1567 una
525 1540 606 1567 fuerit
622 1540 766 1575 iniquitate
794 1546 959 1575 contentus;
980 1543 1027 1570 sed

223 1596 331 1622 semper
343 1588 478 1615 addiderit
499 1593 611 1622 peccata
638 1589 767 1623 peceatis.
785 1588 819 1615 Et
843 1591 968 1623 percussi,
984 1590 1024 1617 iu-

854 173 882 202 s.
906 171 1044 201 unseen
1064 169 1254 199 HIERONYMI
1793 175 1832 204 δίο

1043 231 1064 260 Α
1079 229 1213 263 oportebat
1237 228 1378 264 pra’dicari
1402 229 1505 255 verbum
1528 228 1596 261 Dei;
1621 229 1662 256 sed
1673 231 1727 265 quia
1739 232 1832 269 indignos

1082 285 1124 304 vos
1133 278 1273 313 judicastis
1289 278 1390 307 saluto:
1406 285 1463 303 ecce
1475 278 1644 304 c0nvertimur
1654 278 1685 304 ad
1697 284 1770 315 gentes
1780 281 1831 316 (Δί’.

1081 331 1139 352 χιιι.
1156 322 1215 357 46).
1244 323 1295 356 Qui
1310 323 1435 350 scribens
1458 323 1490 349 ad
1521 323 1659 356 Ephesios,
1681 324 1834 359 etdepotntlo

1080 367 1301 397 Circunu-isionis
1326 374 1407 404 atque
1436 369 1583 397 Gentilium
1609 370 1749 404 plenissime
1762 371 1834 407 dispu-

1080 421 1142 444 tans
1155 438 1162 448 ,
1181 417 1269 443 intulit
1284 426 1291 444 :
1310 416 1387 444 Nunc
1402 422 1487 443 autem
1502 418 1528 443 iu
1550 415 1649 443 Christo
1663 417 1735 451 Iesu,
1750 426 1785 445 vos
1803 421 1836 454 qui

1080 463 1224 499 aliquando
1237 465 1415 499 eratis‘longe,
1443 464 1505 499 facti
1522 465 1583 490 estis
1610 472 1681 498 νιοβε
1693 465 1715 491 iu
1731 464 1835 501 Sanguine

1081 510 1188 538 Christi.
1205 510 1266 545 Ipse
1280 515 1317 537 est
1331 511 1399 538 enim
1416 519 1468 544 pax
1483 515 1590 536 nostra:
1614 510 1655 545 qui
1677 510 1730 544 fecit
1755 515 1838 547 utraque

1080 565 1171 588 unum,
1198 561 1219 582 et
1231 558 1343 583 medium
1361 557 1485 591 parietem
1501 557 1632 587 maceriw,
1648 557 1737 584 solt'ens
1749 557 1838 584 inimici-

1080 603 1142 628 tiam
1156 603 1181 629 in
1194 611 1269 629 carne
1278 611 1336 635 sua,
1350 607 1378 630 et
1388 603 1491 637 reliqua
1503 602 1650 635 (Epheso,
1665 603 1791 636 13.“);el
1803 604 1839 630 itc-

1081 657 1140 675 rum
1153 658 1159 676 :
1179 648 1211 675 Et
1225 650 1336 681 veniens,
1351 649 1514 675 annuntiatrit
1529 657 1615 683 pacmt
1625 648 1689 675 vobis
1699 649 1737 683 qui
1749 650 1839 684 longe,et

1079 699 1171 731 pacem
1186 696 1226 722 Itis
1240 697 1284 731 qui
1300 704 1380 731 prope
1394 700 1465 722 erant
1488 695 1583 729 (lbid.,
1599 694 1652 730 l7).
1677 695 1793 728 Quoniam
1805 703 1840 728 per

1081 743 1170 776 ipsum
1188 743 1321 770 habemus
1336 751 1475 770 accesstnn
1501 750 1611 777 utrique
1627 743 1652 769 in
1666 750 1715 770 uno
1728 742 1806 777 spiritu
1815 742 1839 769 ad

1082 789 1207 817 Patrem:
1226 789 1294 816 dans
1321 797 1416 824 pacem
1435 797 1518 823 super
1534 797 1626 823 pacem
1644 788 1682 815 his
1697 789 1737 823 qui
1759 789 1841 816 inerant

1081 836 1171 871 longe,
1182 841 1208 863 et
1223 837 1268 869 qui
1283 836 1295 855 ιι
1310 844 1395 870 pmpe
1407 840 1435 863 et
1450 836 1495 870 qui
1511 844 1563 862 non
1576 835 1720 863 habuerant
1731 835 1811 871 Legem
1821 840 1841 863 et

1082 886 1246 920 Prophetas:
1260 892 1284 913 et
1298 886 1342 920 qui
1360 891 1423 913 ante
1439 889 1629 919 susceperant,
1640 885 1750 920 Suscepit
1763 893 1801 911 eos
1812 889 1842 910 at-

1045 924 1068 954 B
1081 941 1133 967 que
1149 933 1265 960 sanavit.
1288 932 1365 966 lmpii
1390 938 1480 960 autem
1505 933 1563 959 sive
1584 932 1677 965 iniqui,
1693 932 1839 964 lhn-tualntnt,

1081 981 1159 1015 quasi
1177 987 1251 1006 mare
1268 981 1377 1006 li-rvens
1390 1002 1396 1011 ,
1419 986 1446 1006 ct
1465 980 1609 1014 quiescere
1625 986 1760 1012 numquam
1780 983 1839 1012 pote-

1080 1031 1152 1053 runt.
1170 1026 1246 1060 Quod
1264 1027 1326 1053 licet
1340 1026 1373 1053 de
1387 1027 1461 1053 omni
1487 1026 1570 1059 impio
1586 1026 1670 1060 possit
1685 1024 1798 1060 intelligi.
1813 1030 1841 1051 la-

1082 1081 1144 1100 men
1170 1074 1281 1108 proprie
1298 1073 1416 1100 refertur
1430 1073 1462 1099 ad
1479 1075 1608 1107 pupulum
1636 1072 1788 1104 Jutlzcorutn,
1809 1071 1842 1105 qui

1080 1127 1200 1147 consona
1220 1128 1285 1148 Voce
1300 1121 1437 1153 clamavit,
1451 1125 1478 1148 et
1493 1121 1679 1154 perseveravit
1695 1120 1717 1146 in
1732 1118 1844 1153 ῖΠΙΙ¹ί’⁴ΙέιΙ.ὓ

1081 1173 1140 1200 5w),
1155 1166 1267 1194 dicens:
1284 1166 1423 1202 Cruci/iga,
1440 1167 1562 1203 Clutiﬁge
1577 1166 1621 1192 tuli
1630 1174 1663 1193 nt.
1684 1165 1740 1192 Non
1751 1165 1845 1191 habentur

1081 1223 1165 1250 regem
1191 1216 1242 1241 nisi
1268 1215 1396 1242 Cwsarem
1420 1214 1512 1247 (Joan.
1541 1223 1596 1245 χιχ,
1618 1214 1671 1250 15).
1697 1214 1765 1241 Sicut
1784 1213 1844 1246 igitur

1082 1263 1278 1289 marol‘ervens
1299 1262 1442 1296 quiescere
1464 1271 1515 1288 non
1531 1266 1641 1296 potest.
1660 1260 1704 1288 sed
1725 1258 1846 1287 tedttudant

1080 1310 1177 1338 ﬂuctus
1192 1304 1262 1343 eius’,
1277 1314 1303 1336 et
1317 1310 1496 1337 revolvuntur
1512 1309 1544 1336 ad
1562 1310 1664 1341 littora,
1682 1314 1755 1341 atque
1770 1308 1844 1332 iterum

1081 1357 1269 1390 rosei-bentur,
1285 1361 1309 1382 cl
1326 1356 1353 1383 in
1368 1364 1398 1383 se
1413 1357 1501 1385 tracti.
1517 1356 1603 1383 lutum
1615 1353 1801 1388 eiliciuutquod
1814 1359 1847 1386 pe-

1080 1403 1160 1430 dibus
1183 1403 1381 1430 eunt-ulcatur:
1411 1403 1450 1429 sic
1464 1402 1539 1437 impii
1555 1408 1664 1429 alternat
1680 1397 1845 1428 conculcationi

1080 1450 1270 1484 suhjaeebunt,
1289 1458 1405 1483 quorum
1433 1450 1538 1476 nullum
1565 1453 1609 1475 est
1624 1447 1759 1483 gaudium,
1783 1450 1804 1473 et
1814 1443 1848 1478 qui

1081 1497 1155 1523 nulla
1174 1505 1239 1529 pace
1252 1496 1426 1529 requiescunt
1437 1496 1462 1522 in
1474 1503 1506 1522 eo
1516 1497 1589 1530 quod
1603 1495 1676 1529 impii
1691 1496 1847 1527 perseverant.

1079 1544 1194 1577 Quidam
1221 1544 1292 1570 hunc
1309 1543 1397 1569 i0('||lll
1419 1542 1578 1577 Spl‘Ciillllﬂr
1590 1549 1672 1575 super
1684 1536 1849 1566 Salvatoreitt-

1081 1591 1222 1623 [ltiliglllllt
1240 1590 1311 1625 quod
1329 1596 1440 1624 propter
1455 1594 1564 1624 peccata
1584 1588 1677 1616 mundi
1693 1588 1722 1614 ad
1738 1586 1847 1614 modicum

219 1636 290 1669 quit,
307 1642 363 1661 eum
385 1634 417 1660 ad
434 1634 527 1665 breve,
541 1640 569 1661 nt
584 1642 723 1666 sanarem,
736 1640 759 1661 et
774 1635 910 1668 abscondi,
925 1637 1022 1663 subau‘
1039 1621 1061 1652 ε
1077 1640 1254 1665 contristatus
1267 1637 1424 1669 sit,dicens:
1446 1637 1537 1663 Tristis
1548 1636 1679 1663 estaninta
1690 1629 1847 1668 nteausqttead

222 1680 307 1713 ditur,
326 1680 420 1715 faciem
434 1688 527 1709 meum.
544 1685 574 1707 ut
586 1680 669 1715 magis
687 1689 728 1707 me
740 1681 920 1713 desideraret,
945 1687 972 1709 et
986 1682 1028 1709 di-

221 1731 314 1756 ceret:
327 1727 440 1754 Ostende
453 1727 546 1762 faciem
560 1732 630 1753 tuam
642 1732 666 1754 et
682 1727 747 1754 salvi
760 1728 921 1763 erimus(Ps.
933 1737 1024 1763 uxtx,

220 1772 260 1808 ι).
277 1772 492 1808 ludignatusque
505 1780 575 1804 sum;
591 1773 661 1807 quod
678 1773 723 1800 ille
740 1775 875 1806 sentiens,
888 1776 973 1803 ιι·ί›ιίε
986 1776 1026 1802 iu-

222 1822 317 1853 ccssit,
327 1820 437 1848 dicens:
453 1819 518 1847 Tota
530 1820 571 1846 die
585 1820 665 1847 tristis
677 1821 839 1855 ingrediebar
849 1821 907 1857 (Ps.
921 1831 1025 1857 xxxvii,

225 1868 262 1904 'l).
281 1868 315 1896 Et
339 1868 490 1895 ambulavit
514 1876 653 1900 moerens,
683 1868 740 1896 sive
764 1876 912 1897 conversus
942 1871 968 1897 in
984 1871 1024 1898 via

224 1914 316 1942 cordis
333 1915 387 1948 sui,
404 1919 433 1940 nt
447 1922 500 1941 non
516 1914 550 1941 ad
566 1915 662 1942 faciem
675 1915 828 1948 hominum,
841 1916 888 1944 sed
902 1918 927 1944 in
942 1918 1026 1945 corde

224 1964 318 1995 ageret
331 1960 532 1994 pmniteutiaut.
559 1960 708 1995 Propterea
725 1961 820 1989 videns
836 1963 895 1990 vias
911 1971 1027 1990 conver-

225 2006 311 2033 sionis
325 2006 396 2040 ejus,
425 2005 519 2033 sanat‘i
536 2006 665 2040 vulnera,
693 2008 793 2042 quibus
810 2016 870 2036 cum
887 2013 950 2036 ante
967 2017 1028 2043 pcr-

224 2060 378 2080 cusseram.
393 2053 426 2080 Et
443 2053 537 2080 reduxi
554 2061 615 2080 eum
633 2054 665 2081 ad
680 2062 735 2087 me,
749 2063 829 2090 quem
845 2055 921 2090 prius
937 2056 1026 2091 ejecc-

228 2108 298 2132 ram,
311 2104 338 2127 et
351 2099 456 2127 reddidi
468 2100 492 2127 ei
503 2101 719 2130 consolatioiiem
734 2110 835 2130 veram.
846 2103 936 2131 Multa:
952 2104 1025 2131 enim

224 2146 300 2174 falsae
313 2151 377 2174 sunt
392 2146 714 2182 consolationes,quibus
727 2156 813 2184 genus
827 2149 961 2183 decipitur
974 2150 1021 2177 hu-

224 2200 346 2219 manum.
365 2192 429 2219 Sive
446 2193 606 2221 consitionis
625 2201 684 2221 sum
702 2194 828 2230 lugentes
844 2196 915 2230 ejus,
929 2197 1026 2224 dicens

223 2239 251 2267 in
269 2239 520 2274 Evangeliozlteati
543 2240 670 2276 lugentes,
687 2243 808 2277 quoniam
831 2244 879 2279 ipsi
903 2245 1025 2272 consola-

224 2288 320 2314 buntur
334 2286 442 2322 (.llattli,
455 2295 483 2320 ν,
550 2288 682 2324 Quodque
697 2290 836 2324 sequitur:
853 2290 943 2317 Creuri
956 2292 1024 2327 fruc-

224 2338 279 2361 tum
294 2334 434 2366 iabiorum,
444 2334 515 2362 ltunc
530 2335 608 2363 habet
623 2344 745 2367 sensum,
761 2337 870 2372 implevi
883 2339 954 2372 quod
967 2339 1025 2373 pol-

222 2382 316 2410 licitus
327 2389 413 2414 erant,
438 2382 533 2410 dicens
548 2392 553 2409 :
576 2382 638 2410 Vivo
652 2393 710 2420 ego,
725 2384 787 2411 dicit
802 2384 939 2418 Dominus,
957 2387 1040 2413 malo-

225 2429 403 2463 pwnitentiam
418 2429 573 2462 peccatoris,
589 2439 666 2465 quam
681 2436 787 2458 mortem
806 2431 914 2467 (Ezeclt.
930 2441 1023 2466 χχχιιι,

224 2474 281 2510 ll).
297 2475 361 2502 Sive
375 2475 466 2501 omnia
481 2475 564 2503 tribui
580 2485 640 2510 tunc
656 2484 734 2504 antea
752 2479 941 2512 promiseram.
960 2480 1026 2513 Qua:

224 2525 383 2552 est'autem
411 2521 518 2548 Domini
547 2523 729 2556 pollicitatio?
760 2523 856 2551 Pacem
886 2534 968 2552 meam
991 2526 1024 2552 do

224 2568 315 2594 vobis:
339 2566 432 2594 Pacem
453 2575 535 2594 nteant
558 2568 677 2604 relinquo
693 2570 764 2596 vobis
792 2570 952 2605 (Joan.xtv,
966 2572 1024 2607 ε27).

225 2614 258 2641 Ει
274 2614 325 2641 hoc
339 2619 380 2642 est
392 2615 464 2649 quod
476 2623 545 2642 ttunc
561 2615 616 2642 ait:
640 2615 734 2642 Pacem
752 2625 831 2653 super
846 2626 955 2652 pacem;
971 2627 1025 2646 non

223 2662 269 2688 uni
286 2666 389 2688 tantum
405 2662 490 2695 genti,
519 2662 566 2689 sed
583 2663 658 2689 omni
673 2664 790 2691 mundo:
809 2669 820 2682 ¹¹
839 2665 879 2691 Itis
897 2666 1026 2693 videlicet

224 2707 269 2742 qui
283 2712 361 2734 erant
372 2707 454 2743 633
470 2708 561 2742 longe,
574 2715 602 2735 et
617 2709 663 2743 qui
680 2718 774 2743 prope,
794 2711 820 2737 id
835 2717 888 2744 est,
906 2713 1024 2746 primum

224 2753 371 2789 gentibus,
387 2759 415 2781 ct
432 2759 525 2788 postea
543 2754 585 2782 his
596 2755 641 2790 qui
653 2764 686 2782 ex
709 2756 790 2784 Israel
806 2758 918 2785 credere
931 2761 1025 2787 value-

223 2806 298 2828 runt.
326 2801 363 2828 De
383 2801 482 2836 quibus
505 2801 611 2830 dicitet
636 2803 786 2837 Apostolus
805 2812 811 2830 :
828 2803 906 2832 Vobis
918 2806 1022 2840 quidem

243 2902 349 2965 l°‘.\lss.,
359 2910 448 2934 pacem
459 2903 499 2931 his
513 2904 556 2938 qui
568 2904 653 2940 longe,
670 2910 692 2932 et
706 2914 794 2941 patent
807 2906 845 2933 his
857 2907 902 2942 qui
910 2915 999 2942 prope,

225 2945 278 2967 οισ.

2 3191 1924 3620 .-

1078 1690 1184 1712 ntortetn
1201 1684 1309 1720 (.llatlh.
1324 1692 1396 1714 xxvi.
1417 1683 1473 1718 58).
1489 1683 1520 1710 Et
1537 1682 1703 1717 percusserit
1717 1687 1771 1707 enni
1789 1678 1849 1705 Patet

1077 1734 1122 1768 qui
1138 1733 1257 1767 loquitur
1272 1740 1320 1767 per
1335 1731 1495 1758 Zachariam
1510 1740 1516 1758 :
1539 1730 1688 1757 Percutinm
1702 1732 1821 1765 pastorem.
1834 1728 1850 1750 tt

1078 1788 1136 1807 ores
1147 1780 1330 1816 dispergentur
1345 1778 1439 1814 (Zaclt.
1457 1786 1517 1810 xm,
1534 1778 1572 1813 7);
1591 1777 1637 1813 qui
1653 1782 1679 1803 et
1694 1777 1748 1809 ipse
1759 1773 1787 1800 de
1801 1779 1823 1798 se
1832 1770 1850 1796 in

1076 1824 1248 1862 sexagesimo
1262 1832 1359 1853 octavo
1372 1826 1476 1860 psalmo
1492 1825 1593 1852 dixerit
1606 1833 1615 1851 :
1630 1823 1754 1858 Quoniam
1765 1823 1852 1856 quequ

1077 1874 1243 1909 percussisti,
1266 1874 1317 1906 ipsi
1331 1873 1460 1908 persecuti
1480 1877 1541 1899 sunt
1555 1872 1636 1907 (Psul
1660 1878 1749 1901 vaut,
1763 1867 1811 1900 ὶ7)-
1829 1864 1853 1890 Et

1078 1920 1210 1947 averterit
1219 1920 1289 1947 Dens
1297 1920 1396 1946 I'aciem
1406 1928 1483 1947 suam
1492 1919 1525 1946 ah
1534 1928 1577 1950 eo,
1584 1925 1611 1945 ut
1619 1920 1729 1945 turmam
1737 1913 1853 1947 schlPM“

1077 1968 1160 2002 lisper
1170 1968 1321 2001 acciperet,
1338 1967 1495 1994 ambularet
1509 1966 1607 1999 tristis,
1619 1970 1646 1992 et
1662 1965 1752 1999 lugens
1766 1962 1853 1993 peccata

1078 2014 1181 2048 populi.
1196 2013 1344 2048 deplorans
1354 2018 1382 2041 et
1397 2013 1533 2048 plangens
1546 2011 1715 2039 Jerusalem.
1733 2008 1763 2036 Et
1773 2006 1811 2042 qui
1823 2003 1854 2031 vi-

1077 2060 1149 2087 derit
1166 2059 1247 2087 Pater
1261 2060 1323 2087 vias
1338 2060 1409 2095 ejus,
1427 2066 1575 2094 propterea
1591 2057 1728 2086 sanaverit
1744 2063 1806 2085 cunt.
1820 2051 1853 2087 qui

1077 2106 1128 2133 fuit
1145 2107 1215 2133 inter
1229 2111 1351 2133 mortuus
1369 2107 1455 2133 liber:
1475 2110 1502 2133 et
1514 2114 1580 2133 caro
1597 2107 1659 2140 ejus
1674 2112 1726 2133 nou
1738 2102 1854 2130 vidilcut-

1078 2154 1251 2187 ruptionem,
1273 2157 1301 2180 ιιι
1317 2154 1362 2188 qui
1391 2160 1541 2188 percussus
1565 2151 1652 2188 684
1676 2156 1717 2179 est
1736 2151 1759 2177 iu
1776 2153 1853 2176 cruce.

1078 2205 1223 2228 saltaretur
1239 2201 1266 2227 in
1283 2200 1500 2228 resurrectione.
1528 2200 1559 2227 Et
1576 2199 1736 2227 con‘oiatus
1749 2204 1810 2224 sum.
1823 2194 1855 2220 iu-

1078 2249 1227 2283 quit,enm,
1241 2247 1310 2275 dans
1324 2250 1348 2274 ci
1360 2255 1409 2282 pro
1425 2255 1476 2273 una
1493 2251 1574 2282 gente
1590 2247 1757 2276 .ludtnorum,
1770 2241 1856 2268 univer-

1079 2302 1138 2321 sutu
1154 2295 1295 2321 mundum.
1305 2295 1337 2321 Et
1353 2295 1478 2329 lugentes
1492 2295 1562 2329 ejus,
1576 2288 1857 2325 subaudit11r,consuln-

1080 2345 1123 2367 tus
1139 2349 1209 2367 sntit.
1235 2341 1290 2368 Nec
1306 2341 1418 2368 dubium
1434 2342 1497 2376 quin
1512 2341 1666 2376 Apostolus
1690 2338 1821 2375 signiticet.
1834 2334 1857 2360 Et

1077 2388 1224 2423 complmit
1239 2387 1356 2415 fructum
1386 2388 1518 2415 Iabiorum
1549 2395 1666 2415 suorum
1680 2409 1687 2420 ,
1711 2386 1753 2421 qui
1774 2383 1858 2411 divinat

1077 2435 1120 2461 ei:
1150 2434 1261 2461 Postulo
1277 2444 1291 2461 a
1308 2443 1361 2467 me,
1388 2440 1412 2462 et
1437 2435 1503 2462 dabo
1520 2435 1565 2461 tibi
1590 2440 1680 2471 gentes
1708 2432 1858 2460 hereditatem

1077 2487 1159 2515 (nam,
1174 2487 1196 2509 ct
1211 2483 1398 2518 possessionem
1416 2488 1486 2510 tuam
1499 2484 1624 2510 terminos
1637 2488 1712 2510 term
1727 2480 1772 2517 (Ps
1790 2487 1813 2510 ιι,
1824 2475 1857 2510 ΒΥ

1079 2539 1171 2565 pacem
1187 2539 1271 2564 super
1287 2539 1390 2565 pacem,
1420 2530 1552 2557 mundum
1570 2531 1754 2558 recaneiiians
1769 2527 1824 2554 Dea.
1839 2527 1859 2549 υι

1080 2584 1221 2613 utrumque
1236 2578 1364 2612 popttlutn
1377 2583 1488 2604 voearet
1504 2577 1537 2604 ad
1554 2585 1596 2610 se,
1611 2582 1640 2604 et
1653 2580 1791 2604 sanaretur
1801 2579 1813 2599 ε
1824 2570 1861 2596 Γει-

1077 2627 1127 2650 tre.
1142 2624 1241 2657 lmpios
1255 2630 1356 2657 autem,
1375 2624 1408 2652 de
1420 2625 1520 2659 quibus
1531 2632 1616 2659 supra
1630 2624 1757 2655 diximus,
1770 2624 1860 2651 conti‘i“

1078 2675 1119 2697 rat
1131 2671 1287 2705 mari,quod
1304 2679 1451 2705 ninnquam
1465 2676 1553 2706 pote~t
1569 2672 1727 2706 quiescere.
1738 2667 1782 2696 sed
1795 2664 1859 2694 etiam

1082 2717 1108 2743 in
1138 2724 1242 2744 summa
1272 2718 1481 2751 tranquillitate,
1513 2719 1611 2745 tractis
1634 2719 1668 2745 ad
1691 2719 1780 2745 littora
1795 2710 1861 2738 voltl'

1076 2754 1120 2789 ni}
1135 2763 1273 2796 ﬂuetibus,
1303 2763 1419 2799 liniSquc
1446 2764 1504 2799 ejus
1532 2765 1624 2792 lutum
1654 2755 1741 2793 estet
1769 2756 1859 2789 concul-

1074 2816 1103 2835 ca
1108 2808 1154 2836 tio.

1104 2908 1117 2927 ι)
1141 2909 1302 2949 Supplemus
1327 2919 1388 2939 cum
1416 2913 1535 2941 Victorio
1551 2914 1638 2942 verba
1652 2936 1658 2947 ,
1683 2920 1706 2941 ct
1728 2913 1768 2949 qui
1786 2916 1858 2945 proP’u

1079 2953 1137 2980 quae
1152 2952 1230 2975 antea
1243 2947 1365 2975 deerant.
