4096 6330
276 272 387 380 56ιὶ
812 319 1466 380 COMMENTARIORUM
1507 319 1578 378 IN
1618 321 1854 379 lSAIA‘I
1892 321 2321 380 PROPIIE'I‘AM
2363 323 2499 381 LIB.
2541 324 2685 382 XVI.
2724 324 2883 385 CAP.
2926 325 3116 387 LVIII.
3150 326 3170 380 ἶ

276 530 410 588 tuba
439 533 622 588 exulta
650 548 819 587 vocem
849 542 1017 600 tuam,
1044 539 1091 585 et
1120 530 1377 585 annuntio
1407 530 1606 602 populo
1641 545 1756 584 meo
1795 545 1905 586 sce-

276 629 394 684 lera
418 645 625 696 eorum,
651 638 698 683 et
719 628 895 683 domui
920 626 1085 683 Jacob
1108 635 1319 697 peccata
1352 642 1553 681 eorum.
1574 624 1753 681 LXX:
1780 623 1905 681 Cla-

274 738 368 776 ma
394 723 448 777 in
477 722 815 792 fortitudine.
839 730 887 777 et
916 738 978 777 ne
1010 736 1236 792 parcas:
1265 714 1420 792 quasi
1451 718 1575 775 tub’a
1604 720 1784 775 exulta
1811 736 1903 775 vo-

272 832 389 871 cem
413 827 588 881 tuam,
624 827 673 870 et
701 816 959 871 annuntio
1006 816 1205 888 populo
1247 826 1455 882 peccata
1487 830 1692 883 eorum,
1726 824 1774 869 et
1801 814 1901 868 do-

273 909 394 962 mui
432 906 599 962 Iacob
629 909 932 980 iniquitates
963 923 1159 961 eorum.
1213 906 1401 961 Finito
1428 906 1597 975 priori
1631 906 1898 985 cqpitulo,

274 1001 335 1058 in
371 1018 479 1073 quo
502 1017 609 1071 pax
635 1001 825 1073 justis,
846 1012 903 1058 et
943 1001 1095 1056 nulla
1124 1001 1344 1071 requies
1372 1001 1561 1071 impiis
1590 1003 1894 1071 nuntiatur,

272 1077 543 1168 praecipit
569 1094 719 1150 Deus
746 1094 900 1151 Isaite
933 1094 1238 1167 prophetae,
1269 1105 1328 1150 ut
1360 1095 1560 1150 clamet
1587 1095 1644 1150 in
1679 1097 1899 1151 fortitu-

272 1188 432 1257 dine,
466 1200 523 1243 et
552 1188 729 1242 instar
759 1189 900 1242 tubu:
927 1188 1136 1243 exaltet
1160 1202 1349 1242 vocem
1379 1202 1561 1255 suam,
1593 1197 1645 1241 ct
1672 1195 1895 1255 peccata

269 1298 343 1340 ac
369 1285 583 1340 scelera
613 1282 799 1355 populi
833 1282 997 1339 Israel
1026 1283 1214 1339 dicere
1236 1297 1342 1337 non
1377 1281 1659 1348 formidet,
1692 1298 1896 1355 nequa-

266 1394 439 1451 quam
475 1386 713 1434 mortem
744 1388 1016 1448 metuens,
1052 1394 1154 1435 nec
1185 1380 1476 1449 impiorum
1502 1386 1529 1415 α
1554 1379 1815 1435 terricula
1836 1387 1894 1436 et

267 1471 560 1537 convicia;
614 1470 713 1527 scd
744 1472 918 1543 magis
956 1471 1272 1527 eottsideret
1313 1472 1675 1540 imperantem
1709 1472 1893 1528 Domi-

268 1582 426 1621 num.
489 1564 556 1621 Et
601 1567 729 1638 quia
783 1566 982 1621 surdas
1036 1581 1200 1622 aures
1260 1565 1530 1635 habeam,
1588 1578 1643 1623 et
1697 1567 1891 1625 audire

264 1660 364 1716 vix
409 1662 646 1730 possint,
694 1660 844 1732 juxta
876 1659 1267 1735 Symmachum
1306 1672 1362 1719 et
1398 1661 1675 1731 Aquilam,
1705 1672 1891 1735 guttur

265 1767 433 1809 suum
460 1764 644 1810 vertat
672 1755 729 1810 in
759 1754 1074 1820 bnecinam,
1108 1772 1231 1826 quae
1267 1756 1541 1815 Ilebraice
1568 1757 1769 1813 dicitur
1794 1772 1885 1816 so-

2006 626 2133 680 :cisti
2158 626 2183 679 i
2205 623 2597 680 ltuntiliavimus
2622 628 2830 681 animas
2853 636 3085 693 nostros,
3120 640 3169 686 et
3196 634 3414 689 nescisti
3440 637 3469 691 7
3495 633 3638 692 Ecce

2004 718 2059 773 in
2082 717 2117 772 d
2138 735 2166 771 e
2178 720 2376 791 jejunii
2392 720 2550 773 vestri
2576 720 2868 776 invenietur
2888 720 3002 794 [AL
3031 723 3346 800 invenitur],
3382 729 3631 785 voluntas

2003 810 2035 851 1³
2056 825 2224 867 vestra
2272 822 2323 867 et
2348 829 2525 867 omnes
2566 813 2826 870 debitores
2853 828 3052 872 vestros
3089 823 3356 889 repetistis
3379 819 3494 895 [AL
3524 839 3611 878 re-

2003 904 2219 978 petitis].
2258 904 2395 960 Ecce
2416 905 2487 959 ad
2517 904 2637 961 lites
2655 918 2703 960 et
2726 910 3083 964 contentiones
3110 911 3389 985 iejunatis,
3423 927 3473 969 et
3498 931 3622 988 per-

2000 998 2173 1053 cutitis
2200 1014 2378 1071 pugno
2406 999 2584 1071 impie.
2618 998 2759 1054 LXX
2800 1018 2812 1053 :
2852 999 3044 1061 Petunt
3072 1020 3153 1058 me
3188 1021 3328 1061 nunc
3348 1008 3621 1080 judicium

1990 1094 2195 1165 justum
2224 1137 2238 1161 ,
2292 1102 2338 1146 et
2384 1094 2810 1164 appropinquare
2849 1091 2968 1149 Deo
3024 1098 3268 1170 cupiunt,
3318 1102 3546 1157 dicentes
3597 1119 3619 1156 .·

2004 1184 2179 1251 Quare
2201 1186 2585 1258 jejunuvimus,
2621 1193 2667 1239 et
2698 1201 2803 1240 non
2835 1186 3054 1241 vidisti?
3081 1186 3476 1247 humiliavimus
3498 1193 3623 1247 ani-

1996 1291 2109 1330 mas
2128 1286 2352 1343 nostras,
2380 1276 2431 1330 ἐι
2457 1292 2559 1330 non
2598 1276 2936 1348 cognovisti?
2974 1276 3043 1332 In
3070 1278 3257 1334 diebus
3297 1284 3436 1336 enim
3457 1286 3615 1355 jeju-

1994 1372 2200 1425 niorum
2246 1380 2530 1425 vestrorum
2566 1371 2899 1426 inveniuntur
2944 1372 3240 1427 voluntates
3286 1383 3503 1441 vestrae,
3554 1379 3612 1429 et

1994 1478 2169 1520 omnes
2197 1463 2454 1535 subjectos
2475 1463 2615 1518 vobis
2643 1462 2909 1535 afﬂigitis,
2933 1466 3003 1516 ad
3019 1463 3232 1535 judicia
3251 1473 3299 1518 et
3320 1464 3502 1536 iurgia
3522 1465 3606 1527 ie-

1981 1562 2253 1633 junautes,
2285 1567 2333 1613 et
2362 1558 2630 1627 percutitis
2653 1562 2842 1630 pugnis
2865 1559 3133 1613 humilem.
3166 1557 3265 1613 Est
3288 1557 3399 1613 alia
3425 1544 3601 1613 teme-

1992 1654 2126 1710 ritas
2162 1654 2504 1719 Iudaeorum,
2545 1654 2701 1723 quasi
2743 1653 2940 1709 ﬁducia
2986 1652 3146 1708 bona:
3196 1650 3552 1708 conscientiae
3585 1694 3602 1720 ,

1984 1751 2256 1821 Iudicium
2290 1750 2574 1821 postulant
2607 1749 2844 1817 justum,
2874 1759 2931 1803 et
2964 1747 3248 1802 imitantur
3276 1757 3601 1801 sanctorum

268 1862 417 1902 eum
447 1846 677 1921 (nam),
701 1864 862 1919 quam
892 1853 1179 1928 κερατίνην,
1212 1850 1264 1906 id
1293 1863 1400 1915 est,
1429 1869 1673 1907 corneam
1702 1857 1878 1910 inter-
1910 1843 1958 1904 B
1988 1845 2149 1901 verba
2189 1844 2493 1900 dicentium
2526 1860 2540 1895 :
2572 1840 2769 1897 Judica
2806 1857 2907 1910 me,
2944 1839 3188 1928 Domine,
3222 1839 3466 1910 quoniam
3507 1852 3601 1909 ego

268 1941 472 2011 prelati
505 1956 657 1998 sunt.
691 1941 757 1998 Et
789 1957 956 2012 supra
987 1945 1211 2013 quidem
1244 1943 1335 2000 ubi
1362 1946 1644 2013 Apostolis
1669 1946 1890 2002 diceba—

267 2044 387 2097 tur,
434 2032 504 2089 In
562 2045 792 2089 montem
842 2037 1101 2091 excelsum
1146 2037 1391 2101 ascende,
1421 2038 1513 2109 qui
1560 2040 1885 2112 evangelizas

266 2125 442 2185 Sion:
487 2129 665 2184 exaltu
691 2128 1003 2200 fortitudine
1031 2146 1206 2185 vnum
1249 2142 1415 2199 tuam,
1441 2135 1531 2204 qui
1562 2135 1884 2207 euangelicos

262 2221 603 2280 Jerusalem:
629 2224 829 2294 exalto,
858 2227 965 2281 noli
993 2228 1174 2281 timere
1206 2226 1364 2299 (lsai.
1392 2243 1483 2295 xc,
1513 2227 1592 2299 9);
1616 2244 1719 2285 nec
1751 2230 1881 2285 buc-

262 2320 389 2375 cina
420 2318 751 2389 assumitur,
783 2335 883 2374 nec
914 2321 1041 2373 tuba
1061 2365 1074 2390 ,
1101 2321 1197 2374 sed
1231 2332 1471 2375 montem
1496 2320 1765 2390 jubentur
1793 2336 1884 2377 as-

262 2412 529 2470 cendere.
568 2414 671 2470 llic
695 2425 878 2470 autem
929 2414 1056 2485 quia
1090 2424 1409 2484 peccatores
1453 2425 1634 2483 erant,
1682 2416 1882 2488 quibus

263 2506 635 2562 nuptiamlum
668 2515 772 2572 est,
797 2519 850 2561 et
885 2509 1243 2563 morabantur
1273 2508 1567 2587 deorsum,
1586 2525 1692 2565 non
1721 2511 1881 2578 jube-

264 2610 355 2657 tur
379 2601 656 2673 Propheta
681 2609 741 2657 ut
766 2603 1029 2658 ascendat
1059 2602 1112 2658 in
1142 2615 1419 2660 mentem:
1449 2606 1546 2660 sed
1580 2608 1787 2660 tantum
1819 2615 1881 2662 ut

262 2696 471 2761 exaltet
513 2696 659 2750 sicut
703 2695 829 2751 tuba
863 2692 1054 2752 vocem
1086 2713 1263 2762 suam,
1294 2711 1348 2753 et
1380 2699 1463 2753 eis
1492 2699 1707 2757 nuntiet
1733 2699 1877 2753 bella

260 2798 520 2842 ventura.
582 2786 839 2856 Alioquin
901 2788 956 2845 in
1006 2789 1100 2845 die
1148 2788 1374 2860 judicii,
1428 2790 1649 2859 quando
1701 2791 1755 2846 itt
1788 2807 1877 2848 re-

260 2879 616 2935 surrectione
657 2892 999 2936 mortuorum
1030 2892 1083 2935 et
1128 2882 1427 2937 novissima
1449 2884 1604 2959 .tuba
1635 2883 1871 2952 dicitur,

258 2975 526 3045 scriptum
554 2983 662 3040 est,
690 2972 849 3030 Canet
874 2976 1011 3029 enim
1039 2974 1184 3045 tuba,
1207 2983 1255 3029 et
1284 2975 1474 3030 mortui
1498 2987 1767 3047 resurgent
1794 2979 1875 3032 in-

262 3068 499 3136 corrupti
523 3082 543 3122 :
572 3077 630 3120 ut
662 3068 938 3138 quomodo
968 3068 1044 3123 illi
1068 3068 1135 3123 ad
1166 3083 1357 3125 vocem
1392 3070 1535 3124 tuba:
1578 3081 1705 3125 sunt
1727 3071 1877 3141 judi-

1984 1940 2040 1994 in
2060 1938 2355 1993 innocentia
2380 1936 2494 1990 mea
2516 1936 2778 2006 ingressus
2791 1949 2907 1989 sum
2925 1932 3043 2006 (Ps.
3060 1918 3188 2001 xxv,
3216 1931 3269 1992 I,
3291 1930 3375 2000 ‘2).
3406 1930 3477 1985 Et
3494 1934 3603 1984 ite-

1986 2049 2106 2089 rum
2134 2052 2146 2087 :
2174 2031 2349 2088 Proba
2372 2050 2472 2101 me,
2492 2031 2732 2101 Domine,
2758 2039 2808 2085 et
2832 2040 2975 2086 tenta
2997 2045 3077 2083 me
3105 2046 3123 2083 :
3143 2028 3313 2101 686
3332 2042 3428 2081 ure
3452 2037 3602 2081 renes

1944 2132 2123 2184 'nteos
2166 2137 2215 2183 et
2258 2144 2348 2182 cor
2377 2145 2566 2182 meum.
2616 2129 2680 2182 Et
2725 2129 2776 2181 in
2819 2127 2927 2181 alio
2977 2126 3096 2180 loco
3123 2126 3351 2180 :Judtca
3385 2137 3599 2177 causam

1983 2238 2173 2285 meam,
2197 2231 2244 2275 et
2284 2220 2478 2275 redime
2520 2237 2601 2274 tne
2630 2221 2861 2291 (Psalm.
2884 2232 3073 2284 cxvttt,
3104 2216 3253 2290 154).
3295 2216 3361 2272 Et
3401 2229 3601 2286 appro-

1984 2316 2250 2387 pinquare
2273 2315 2384 2370 Deo
2413 2313 2726 2370 desiderant
2754 2331 2769 2367 ς
2812 2327 2939 2367 cum
2968 2313 3072 2366 hoc
3100 2327 3206 2366 non
3251 2310 3303 2365 in
3344 2310 3465 2365 loco
3490 2308 3597 2376 sit,

1981 2412 2077 2467 sed
2102 2412 2155 2465 in
2184 2409 2398 2471 all‘ectu.
2432 2425 2534 2464 nec
2565 2408 2768 2464 mentis
2798 2407 3016 2471 otiosae,
3048 2407 3144 2460 sed
3174 2405 3435 2461 laboriosi
3458 2417 3599 2473 ope-

1980 2506 2077 2560 ris.
2115 2504 2356 2573 Denique
2394 2504 2521 2573 qtlitI
2565 2502 2641 2557 sit
2680 2503 3130 2572 appropinquare
3166 2499 3317 2562 Deo,
3370 2498 3595 2553 instruit

1981 2598 2286 2668 Scriptura,
2326 2598 2517 2652 dicens
2550 2614 2562 2650 :
2618 2595 2846 2661 anrite
2890 2592 3190 2648 Dominum.
3221 2590 3362 2648 Cum
3407 2598 3591 2647 autem

1979 2689 2499 2763 apprOpinquaverit
2554 2690 2710 2745 vobis
2742 2732 2756 2752 .
2818 2686 3168 2760 derelinquat
3212 2686 3415 2757 impius
3466 2688 3586 2743 vias
3632 2673 3648 2689 ’

1982 2804 2128 2854 suas,
2154 2798 2208 2844 et
2234 2789 2317 2844 vir
2347 2788 2566 2860 iniquus
2592 2787 2965 2857 cogitationes
2991 2800 3140 2841 suas.
3168 2784 3595 2856 Appropinquat

1979 2884 2123 2938 enim
2176 2881 2442 2938 D'tmlltlls
2476 2881 3056 2951 approtiinquantibus
3099 2879 3228 2948 sibi,
3271 2887 3325 2934 et
3370 2878 3457 2933 his
3499 2876 3595 2949 qui
3660 2944 3673 2954 ο

1973 2977 2120 3047 juste
2160 2977 2304 3047 quod
2333 2980 2539 3044 justum
2573 2984 2660 3031 est
2693 2984 3126 3045 persequuntur,
3158 2983 3213 3029 et
3243 2984 3473 3045 possunt
3507 2972 3596 3028 di-

1976 3086 2102 3127 cere
2128 3090 2140 3127 :
2174 3070 2310 3126 Mihi
2337 3080 2508 3124 autem
2530 3069 2796 3125 adluerere
2815 3067 2927 3123 Deo
2950 3070 3140 3125 bonum
3166 3078 3241 3123 est
3272 3066 3392 3142 (Ps.
3423 3083 3594 3133 usu,

260 3158 419 3214 candt
444 3176 458 3212 :
481 3158 654 3234 685
680 3161 762 3216 sic
786 3156 957 3216 Israel
983 3170 1210 3231 peccato
1251 3168 1501 3217 mortuus
1528 3162 1721 3217 audiat
1751 3178 1874 3220 set.L
1918 3235 1933 3237 _
1975 3166 2094 3237 28).
2126 3166 2183 3223 Si
2206 3167 2352 3222 enim
2375 3164 2740 3235 Omnipotens
2765 3165 2908 3219 Deus
2942 3163 3107 3218 Pater
3134 3171 3219 3217 est
3239 3164 3495 3219 veritatis
3523 3171 3603 3219 at-

263 3254 375 3310 lera
406 3238 550 3323 sua;
599 3257 872 3327 simulque
914 3256 1226 3327 appellatur
1258 3256 1488 3327 pepulus
1516 3256 1637 3323 Dei,
1668 3272 1725 3314 ut
1759 3259 1873 3313 dis-
1899 3235 1945 3298 Ο
1978 3235 2085 3333 quc
2128 3263 2388 3332 justitiaz,
2440 3262 2778 3330 quicumque
2816 3269 2902 3314 est
2952 3257 3185 3315 mendas
3234 3270 3290 3315 et
3341 3258 3600 3330 injustas,

260 3356 348 3417 cat
373 3348 600 3421 qualem
633 3358 847 3417 patrem
877 3347 1198 3419 perdiderit,
1218 3349 1311 3419 qui
1333 3347 1497 3406 etiam
1522 3360 1872 3422 peccatorem

258 3454 417 3500 vocet
448 3443 713 3515 populum
744 3458 925 3499 suum.

264 3526 273 3537 ’
329 3539 517 3609 (Vers.
543 3538 631 3607 Ξ.)
657 3536 746 3594 Me
766 3539 955 3595 etenim
975 3538 1039 3594 de
1055 3538 1140 3595 die
1162 3540 1214 3595 in
1237 3540 1374 3596 diem
1390 3551 1650 3613 quaerunt,
1667 3548 1717 3598 et
1738 3544 1875 3599 scire

256 3634 366 3687 vias
388 3648 531 3686 meos
554 3629 735 3686 volunt
760 3632 944 3701 :quasi
980 3640 1105 3704 gens
1131 3648 1246 3697 quae
1266 3635 1533 3707 justitiam
1579 3635 1780 3706 fecerit,
1825 3649 1876 3693 et

256 3742 370 3798 qua:
377 3725 644 3797 judicium
670 3723 769 3779 Dei
797 3726 880 3779 sui
904 3742 1005 3780 non
1033 3727 1384 3799 dereliquerit.
1416 3726 1562 3783 LXX
1587 3727 1871 3784 similiter.

257 3818 372 3874 Iloc
411 3818 642 3889 proprie
670 3816 876 3873 ludatis
904 3819 1187 3884 convenit,
1209 3819 1298 3889 qui
1340 3835 1437 3889 per
1470 3822 1720 3891 singulos
1754 3821 1879 3879 dies

254 3922 491 3967 currunt
538 3910 608 3967 ad
656 3926 983 3985 synagogas,
1030 3924 1083 3969 et
1138 3913 1232 3969 Dei
1277 3914 1450 3983 legem
1492 3914 1872 3985 meditantur,

255 4006 399 4060 scire
416 4005 711 4075 cupientes
728 4004 856 4076 quid
889 4006 1181 4067 Abraham.
1200 4006 1351 4061 Isaac
1379 4020 1431 4063 et
1456 4009 1646 4072 Jacob,
1667 4009 1799 4080 quid
1821 4020 1878 4067 et

254 4098 439 4152 caeteri
468 4103 790 4152 sanctorum
811 4097 1063 4163 fecerint,
1095 4109 1151 4153 et
1184 4097 1354 4154 libros
1381 4098 1783 4170 Prophetarum
1812 4117 1878 4159 ac

257 4188 429 4261 Moysi
455 4191 775 4245 memoriter
800 4191 1169 4260 revolventes,
1198 4192 1500 4249 decantant
1519 4195 1699 4251 divina
1726 4213 1880 4252 man-

255 4283 402 4346 data,
432 4285 633 4358 quibus
668 4285 974 4341 rectissime
999 4287 1128 4340 illttd
1149 4286 1466 4356 optabitur:
1497 4291 1758 4357 Qua-rent
1789 4307 1877 4348 me

261 4376 479 4445 mali,et
504 4392 611 4431 non
637 4376 938 4433 invenient.
963 4377 1053 4434 Sic
1075 4381 1222 4434 enim
1248 4382 1514 4452 scriptum
1542 4394 1627 4437 est
1651 4405 1662 4436 :
1694 4382 1878 4440 Omnis

258 4470 342 4541 qui
364 4469 551 4541 quierit
574 4470 764 4524 invenit
792 4469 950 4544 (Mat.
974 4469 1073 4542 vn)
1104 4492 1116 4528 :
1140 4475 1472 4545 quicumque
1508 4491 1615 4531 non
1641 4477 1874 4547 invenit,

260 4565 400 4617 male
422 4565 693 4631 quaesisse
713 4564 1099 4631 convincitur;
1145 4565 1404 4622 Dominus
1425 4570 1573 4624 enim
1598 4569 1875 4625 invenitur

1978 3354 2421 3427 appropinquare
2445 3353 2562 3409 Deo
2586 3369 2693 3408 non
2719 3360 2924 3424 potest,
2948 3352 3019 3408 de
3046 3368 3154 3424 quo
3176 3352 3443 3423 scriptum
3463 3360 3551 3410 est
3576 3370 3594 3409 :

1981 3446 2102 3503 Non
2133 3446 2389 3502 habitabit
2406 3449 2566 3519 juxta
2602 3454 2652 3501 te
2687 3445 2974 3517 malignus,
3018 3460 3180 3514 neque
3216 3451 3595 3515 permanebunt

1976 3541 2158 3616 injusti
2179 3550 2298 3597 ante
2320 3542 2496 3596 oculos
2516 3551 2631 3596 tuos
2653 3538 2774 3609 (Ps.
2803 3555 2856 3609 v,
2880 3538 2961 3606 6).
2987 3538 3169 3609 Quare
3191 3539 3588 3612 jejunavimus,

1976 3630 2255 3705 inquiunt,
2297 3641 2353 3687 et
2389 3650 2496 3687 non
2537 3632 2855 3699 aspexisti?
2909 3632 3323 3688 hutniliavitnus
3373 3635 3589 3690 animas

1974 3720 2219 3797 nosnos,
2245 3736 2301 3784 et
2331 3724 2599 3782 nescisti?
2633 3734 2656 3764 ο
2685 3724 2972 3795 Iujustitize
3001 3734 3231 3796 arguunt
3262 3724 3586 3796 Dominum,

1978 3823 2124 3895 quod
2175 3822 2315 3878 bona
2363 3836 2531 3892 Opera
2574 3834 2682 3876 non
2727 3817 3012 3889 respiciat,
3048 3819 3332 3891 solamque
3373 3821 3589 3879 ventris

1976 3915 2240 3982 esuriem,
2266 3915 2475 3983 absque
2495 3928 2665 3982 opere
2690 3913 2953 3967 vit-tutum
2986 3911 3243 3983 ingerunt
3277 3912 3388 3966 Deo
3412 3930 3426 3965 :
3471 3928 3587 3968 non

1978 4007 2334 4065 comedentes
2356 4022 2453 4062 eos
2483 4006 2637 4059 cibos
2665 4018 2804 4076 quos
2832 4004 3039 4060 creavit
3067 4002 3214 4059 Deus
3242 4001 3497 4060 ﬁdelibus
3527 4015 3588 4063 et

1980 4101 2069 4157 bis
2103 4101 2196 4170 qui
2241 4106 2588 4169 cognoscunt
2622 4096 2936 4162 veritatem,
2980 4106 3039 4149 ut
3079 4105 3302 4151 sumant
3328 4111 3426 4152 eos
3459 4112 3588 4154 cum

1979 4195 2280 4267 gratiarum
2311 4192 2529 4248 actione
2562 4209 2574 4246 :
2609 4190 2703 4247 sed
2735 4189 2859 4246 illos
2888 4188 2957 4245 de
2984 4188 3184 4259 quibus
3210 4189 3474 4261 scriptum
3497 4197 3586 4246 est

1980 4289 2036 4345 in
2061 4287 2413 4344 Proverbiis:
2442 4284 2513 4341 Hi
2536 4285 2674 4341 enim
2696 4285 2908 4340 aluntur
2931 4282 3057 4338 cibis
3086 4283 3370 4352 impietatis
3396 4291 3444 4338 et
3464 4285 3587 4340 vino

1980 4382 2267 4449 iniquitatis
2308 4380 2631 4435 inebriantur
2671 4375 2857 4451 (Prov.
2901 4393 2976 4445 tv,
3026 4377 3140 4449 I7).
3190 4376 3588 4445 Hujuscemodi

1980 4478 2158 4549 epulis
2193 4483 2466 4530 saturatos
2496 4473 2833 4537 Pharisauts,
2867 4471 3013 4527 inter
3043 4481 3243 4527 cratera
3283 4471 3452 4527 verba
3485 4486 3585 4528 su-

1983 4572 2209 4643 perbiae,
2254 4570 2337 4625 bis
2378 4569 2432 4623 in
2475 4568 2702 4624 sabbato
2755 4581 2816 4621 se
2857 4565 3109 4636 jejunare
3139 4564 3383 4635 iactabat
3421 4564 3581 4637 (Luc.

260 4654 437 4711 abhis
461 4656 555 4727 qui
579 4673 700 4710 cum
721 4669 969 4728 quaerunt
989 4657 1042 4712 in
1065 4658 1330 4721 bonitate.
1355 4668 1409 4718 et
1427 4663 1739 4718 ostenditur
1762 4664 1869 4719 illis
1886 4642 1950 4705 ’1)
1974 4642 2129 4734 svnt)
2157 4680 2170 4717 :
2193 4664 2283 4732 qui
2310 4675 2416 4715 non
2441 4660 2654 4715 biberat
2679 4659 2867 4712 vinum
2890 4656 2960 4712 de
2981 4656 3135 4713 vinea
3159 4655 3350 4726 Sorec,
3387 4657 3481 4714 sed
3511 4658 3584 4715 de

260 4749 350 4817 qui
381 4765 489 4804 non
523 4762 649 4805 sunt
678 4750 726 4803 ei
757 4750 1047 4806 increduli.
1072 4750 1207 4807 Cum
1239 4753 1402 4824 igitur
1426 4753 1695 4824 justitiam
1721 4754 1870 4824 judi-

258 4844 517 4914 ciumque
546 4842 873 4912 reliquerint
901 4845 1016 4909 Dei,
1055 4843 1254 4914 quibus
1279 4847 1589 4900 nominibus
1617 4846 1868 4901 Christus

257 4938 572 4993 ostenditur
594 4979 609 5003 ,
638 4937 854 4993 dicente
884 4937 1312 5008 psalmograplto
1343 4957 1355 4991 :
1386 4939 1525 4993 Deus
1551 4981 1564 5003 ,
1605 4939 1866 5014 judicium

257 5037 400 5084 tuum
422 5031 534 5101 regi
558 5031 650 5097 da,
667 5039 714 5083 et
722 5030 993 5103 justitiam
1020 5038 1164 5083 tuam
1186 5030 1296 5098 ﬁlio
1312 5031 1581 5103 regis(Ps.
1609 5048 1758 5098 uxr,
1783 5032 1863 5103 I):

257 5110 513 5179 Christus
543 5123 690 5178 enim
721 5122 896 5178 lactus
918 5134 1002 5179 est
1027 5123 1183 5178 nobis
1212 5124 1542 5193 redemptio,
1572 5126 1855 5193 sanctitas,

258 5224 311 5271 et
335 5216 555 5286 jnstitia
587 5216 632 5285 (I
663 5213 787 5271 Cor.
809 5214 848 5290 t)
885 5234 897 5269 :
925 5214 1131 5271 frustra
1163 5215 1300 5286 legis
1318 5216 1527 5284 jactant
1551 5216 1862 5285 scientiam,

256 5325 380 5367 eum
427 5322 653 5367 sanctus
700 5326 806 5366 non
857 5312 909 5365 itt
952 5312 1148 5365 notitia
1197 5310 1636 5379 Scripturarum,
1674 5311 1770 5367 sed
1813 5311 1871 5367 in

256 5406 519 5475 operibus
553 5405 857 5477 glorietur,
891 5403 1083 5460 dicens
1116 5422 1129 5455 :
1168 5402 1324 5458 Viam
1354 5404 1719 5458 mandatorum
1760 5413 1878 5459 tuo-

168 5536 173 5543 .
258 5515 375 5555 rum
389 5499 620 5564 cucurri,
637 5497 850 5569 quando
864 5497 1098 5555 dilatasti
1116 5512 1206 5551 cor
1223 5512 1397 5553 meum
1414 5494 1540 5569 (Ps.
1557 5511 1744 5568 cxvut,
1761 5495 1877 5567 5|).

335 5663 362 5692 ⁸
396 5652 568 5709 Iidem
602 5669 694 5708 nec
727 5651 1009 5722 impiorum
1050 5653 1342 5708 truculenta
1366 5652 1618 5708 convicia.

333 5723 362 5764 δ
393 5724 702 5795 Antiquiss.
730 5724 1074 5778 Ambmstan.
1102 5740 1208 5779 non
1233 5728 1396 5781 habet
1420 5726 1663 5783 additum
1680 5734 1881 5781 vestra:

258 5797 415 5871 qubd
444 5797 665 5864 quidem
702 5810 879 5871 neque
899 5796 951 5850 in
980 5795 1210 5851 thrtco
1234 5807 1338 5853 est.
1858 5807 1865 5833 ξ

341 5866 363 5908 '9
406 5871 582 5923 Amen
613 5874 731 5923 erat
759 5865 954 5933 injuste
977 5876 1222 5936 arguant.

1974 4759 2129 4813 vinea
2180 4755 2570 4821 Sodomorum,
2634 4754 2794 4820 cujus
2834 4752 3021 4806 viuum
3069 4749 3226 4807 l'nror
3269 4751 3578 4807 draconum

1971 4858 2078 4913 est,
2106 4857 2164 4903 et
2187 4849 2336 4902 furor
2367 4846 2613 4915 aspidum
2638 4842 2979 4906 insanabilis,
3006 4853 3061 4899 et
3091 4859 3196 4898 uva
3224 4858 3439 4905 eorum.
3472 4856 3580 4899 uva

1971 4940 2116 4996 fellis
2146 4958 2159 4993 :
2210 4954 2350 5010 quos
2393 4937 2539 4991 Deus
2585 4938 2764 5006 arguit
2797 4952 2893 5007 per
2934 4936 3268 5005 Prophetam
3300 4954 3315 4990 :
3350 4935 3580 4990 Peccata

1973 5032 2153 5103 populi
2180 5032 2281 5086 mei
2311 5030 2587 5085 comedunt
2615 5029 2763 5101 (Ose.
2797 5045 2871 5099 tv,
2901 5028 2982 5101 8).
3012 5030 3078 5084 Et
3106 5042 3326 5084 rursum
3361 5045 3376 5082 :
3409 5027 3586 5095 Quare
3624 5037 3629 5040 ’

1967 5124 2201 5180 tacuistis
2239 5123 2558 5191 impietatem
2588 5110 2768 5176 eorum
2793 5167 2809 5191 ,
2844 5131 2892 5176 et
2926 5122 3227 5191 iniquitates
3263 5119 3582 5174 vindemias-

1974 5218 2038 5272 tis
2065 5226 2113 5272 et
2142 5215 2436 5271 comedistis
2467 5211 2493 5252 ἀ
2524 5216 2842 5285 frumentum
2870 5215 3132 5269 mendacii
3161 5212 3313 5280 (Ose.
3347 5227 3412 5285 x,
3437 5210 3526 5281 I5)
3558 5210 3586 5267 τ

1978 5312 2113 5380 Quia
2140 5314 2300 5383 igitur
2328 5321 2722 5382 preposnerant
2750 5310 3106 5382 quaestionem
3139 5307 3276 5369 Deo,
3308 5305 3456 5361 scire
3479 5320 3585 5362 cu-

1985 5406 2200 5475 pientes
2239 5420 2408 5476 quare
2439 5403 2811 5475 jejunaverint
2837 5413 2892 5458 et
2922 5397 3339 5457 humiliaverint
3368 5399 3588 5457 animas

1991 5512 2117 5553 suas
2142 5539 2159 5565 ,
2200 5507 2254 5554 et
2282 5497 2433 5553 Deus
2464 5513 2571 5551 non
2601 5493 2912 5567 respexerit
2941 5511 2956 5548 :
2988 5491 3139 5547 obliti
3171 5490 3377 5548 veteris
3406 5491 3582 5549 histo-

1980 5670 1987 5675 ·
2051 5653 2078 5692 εί
2110 5655 2301 5710 Mirum
2331 5665 2437 5719 est,
2471 5656 2646 5724 inquit
2673 5655 2966 5715 Victorius.
2996 5670 3157 5725 quam
3200 5656 3414 5721 omnia,
3446 5663 3586 5714 tem-

1992 5742 2124 5797 pore
2146 5742 2195 5781 et
2222 5728 2450 5795 incuria,
2474 5738 2909 5793 corrumpantur.
2937 5726 3042 5781 Pro
3068 5727 3381 5796 frumentum
3405 5729 3587 5795 legen-

1987 5801 2225 5869 dun_t_e3t
2261 5798 2520 5867 fructum.
2563 5798 2833 5869 quilocus
2869 5807 2953 5869 est
2976 5799 3248 5869 Oseejlb,
3279 5798 3589 5869 habentque

1989 5866 2132 5922 LXX
2160 5862 2377 5939 καρὸνὸν,
2396 5879 2454 5925 et
2482 5862 2732 5923 Hebr-sic.
2768 5868 2859 5927 ηε
2887 5862 3110 5940 ipshqtte
3137 5862 3304 5941 Vulg.
3332 5862 3587 5937 fructum;

3542 334 3650 392 562

356 436 515 509 (Cap.
549 435 734 495 LVIII.
765 467 835 480 -—-
863 435 1018 494 Vers.
1055 437 1134 507 I.)
1171 433 1388 501 Clama,
1439 451 1502 489 ne
1530 451 1728 491 cesses:
1758 437 1914 509 quasi
1937 442 1994 504 Α
2094 435 2275 504 (Vers.
2326 436 2411 507 5.)
2451 435 2664 511 Rogant
2703 454 2784 493 me
2821 440 3033 513 judicia
3063 442 3320 515 justititz,
3367 454 3418 503 et
3445 463 3645 522 appro-

2011 531 2267 602 pinquare
2294 529 2403 586 Deo
2425 534 2619 587 volunt.
2662 533 2838 600 Quare
2855 534 3241 608 jejunavimus,
3277 549 3329 595 et
3349 557 3455 597 non
3481 559 3641 613 aspe-
