4096 6330
468 246 577 304 567

1716 242 1774 297 s.
1822 239 2096 299 unseen
2141 238 2520 328 lllliBONYMl

3677 242 3780 296 508

469 365 677 421 venistis
697 364 767 418 ad
794 379 893 417 me.
944 362 1282 432 Peregrinus,
1326 370 1372 415 et
1408 358 1631 414 duxistis
1660 373 1739 413 me
1782 359 1837 411 in
1865 357 2076 411 domum
2102 358 2151 419 Α
2180 357 2330 412 nium
2355 365 2527 423 tuum,
2561 366 2616 413 et
2671 366 2922 428 erumpet
2973 356 3302 413 matutinum
3357 356 3544 412 lumen
3588 365 3775 424 tuum;

470 469 710 513 vestram.
762 455 833 511 Et
879 455 1083 523 nudus,
1132 464 1181 510 et
1207 454 1425 508 vestistis
1450 469 1531 507 me
1557 449 1785 526 (Matth.
1819 466 1930 506 Xxv
1954 495 1969 521 ,
2007 448 2077 506 54

473 552 661 622 seqq).
686 548 909 619 lllisque
938 546 1244 603 humilitate
1270 545 1601 615 dicentibus,
1628 560 1687 600 se
1718 543 1851 599 nihil
1883 542 2078 598 fecisse

474 643 705 697 Domino
730 640 1021 707 Salvatori,
1056 639 1339 710 respondit
1380 657 1393 693 :
1442 638 1706 706 Quamdiu
1745 636 1937 707 fecistis
1986 635 2080 690 uni

473 734 538 790 de
569 734 816 796 tmtribus
855 734 980 789 meis
1017 735 1265 795 minimis,
1294 734 1418 791 mihi
1444 734 1659 805 fecistis.
1706 731 1865 788 Juxta
1894 738 2081 797 tmpo-

473 827 671 897 logiam
701 828 818 883 haec
842 841 1134 894 possumus
1154 826 1339 883 dicere
1385 844 1399 881 :
1446 827 1548 896 Qui
1572 826 1782 897 jejunat
1808 825 1877 880 ab
1906 824 2080 879 omni-

472 920 575 977 bus
602 921 781 987 malis,
813 929 871 977 et
898 923 1013 977 vult
1038 937 1193 977 suum
1222 921 1490 993 jejunium
1519 921 1739 992 respici,
1771 935 1876 974 non
1905 918 2078 974 solum

471 1015 710 1070 declinet
736 1030 762 1066 a
795 1014 959 1080 malo,
992 1015 1089 1070 sed
1119 1027 1174 1071 et
1202 1014 1365 1071 faciat
1386 1015 1610 1079 bonum,
1637 1022 1694 1069 ut
1720 1013 1894 1069 solvat
1920 1027 2080 1066 omne

473 1107 747 1162 vinculum
795 1107 961 1181 692
1013 1107 1358 1177 iniquitatis,
1409 1123 1518 1177 quo
1557 1104 1834 1177 simplices
1880 1103 2081 1176 quique

474 1200 819 1257 credentium
848 1244 864 1267 ,
916 1202 1298 1258 lnoreticorum
1344 1200 1626 1255 fraudibus
1667 1199 1902 1269 colligati
1929 1206 2076 1253 sunt.

474 1291 545 1350 Et
569 1288 942 1370 πραῄαλιάς,
977 1294 1318 1368 obligationes
1346 1295 1703 1350 violentorum
1735 1301 2077 1358 tractatuum,

472 1401 611 1455 quas
660 1387 822 1441 et~in
850 1370 1064 1458 psalmo
1100 1386 1374 1454 Propheta
1420 1386 1798 1452 demonstrat,
1841 1385 2079 1440 dicens:

477 1479 815 1537 Declinantes
857 1492 1029 1538 autem
1074 1481 1528 1555 in'obligationes,
1575 1481 1792 1536 adducet
1827 1480 2083 1535 Dominus

475 1590 595 1628 cum
623 1575 954 1643 operantibus
985 1577 1308 1649 iniquitatem
1335 1574 1471 1648 (Ps.
1508 1590 1669 1630 cxxtv
1694 1572 1715 1644 ,’
1740 1572 1834 1644 5).
1879 1571 2082 1629 Omnes

476 1670 624 1723 enim
656 1670 747 1739 qui
776 1669 1157 1725 haereticorum
1189 1669 1421 1725 vinculis
1456 1670 1769 1740 alligantur,
1805 1668 2082 1724 declinant

2179 450 2343 525 693
2370 450 2452 505 sol
2485 448 2744 505 videlicet
2790 448 3038 519 justitize,
3074 448 3142 505 de
3170 464 3276 519 quo
3308 448 3608 504 Malachias
3659 464 3782 515 pro-

2183 543 2347 614 pheta
2367 558 2432 597 ex
2460 556 2695 611 persona
2716 540 2813 597 Dei
2844 541 3026 597 Patris
3066 541 3304 612 loquitur
3334 558 3348 599 :
3378 539 3596 596 Orietur
3642 540 3782 597 vobis

2181 636 2476 693 timentibus
2507 654 2692 693 nomen
2742 653 2933 703 meum,
2982 638 3061 692 sol
3102 636 3348 709 justitiw,
3402 646 3454 693 et
3508 638 3704 691 sanitas
3732 637 3784 691 in

2181 731 2362 804 pennis
2385 730 2498 802 ejus
2521 729 2864 803 (Malacltuv,
2887 729 3077 801 ηοω
3102 731 3175 785 ibi
3208 731 3411 797 sol,ltie
3442 730 3533 786 lux
3561 730 3781 786 dicitur.

2183 824 2345 880 Sient
2371 824 2520 877 enim
2550 825 2818 878 matutina
2847 823 2939 878 lux
2966 822 3409 877 solvittenebras
3442 840 3455 876 :
3493 824 3565 878 ita
3603 822 3784 878 lumen

2182 917 2430 972 scientia),
2462 928 2517 971 et
2544 918 2793 972 veritatis
2820 932 3012 973 omnes
3040 931 3272 973 ecrores
3301 916 3469 989 fugat.
3487 915 3557 971 Et
3579 917 3782 973 sanita-

2183 1018 2282 1075 tes,
2314 1011 2510 1079 inquit,
2549 1020 2651 1064 tute
2670 1010 2772 1064 cito
2797 1010 3050 1064 orientur.
3100 1008 3209 1064 I’ro
3264 1024 3375 1074 quo
3416 1010 3635 1076 Aquila,
3664 1022 3787 1063 ver-

2184 1103 2311 1158 bttm
2343 1103 2413 1158 de
2436 1104 2605 1158 verbo
2632 1106 2972 1174 exprimens,
3007 1103 3192 1173 posuit
3223 1120 3235 1156 :
3269 1099 3336 1156 Et
3365 1102 3591 1157 cicatrix
3612 1102 3791 1156 vulne-

2184 1196 2258 1252 ris
2287 1196 2362 1250 lui
2382 1196 2484 1250 cito
2508 1197 2823 1265 abducetur;
2848 1204 2907 1251 ut
2932 1197 3146 1252 scilicet
3171 1196 3396 1252 vulnera
3440 1203 3789 1267 peccatorum

2187 1299 2497 1344 nostrorum
2546 1288 2613 1343 ad
2649 1297 2829 1343 ortum
2862 1287 2996 1343 solis
3024 1287 3280 1359 justitite,
3314 1288 3425 1344 cito
3452 1288 3691 1343 obducta
3715 1287 3792 1342 ci-

2185 1383 2416 1449 catrice,
2444 1381 2799 1438 claudantur.
2838 1383 2942 1437 Pro
2970 1398 3037 1437 eo
3059 1382 3205 1451 quod
3232 1381 3592 1453 Septuaginta
3626 1390 3797 1436 trans-

2188 1475 2432 1532 tulerunt
2478 1480 2545 1532 τὰ
2588 1476 2784 1549 ἰάματὰ
2824 1495 2922 1531 σου
2948 1517 2962 1542 ,
2996 1473 3049 1530 id
3096 1486 3203 1542 CSI,
3250 1474 3503 1530 sanitates
3527 1484 3659 1541 tute,
3693 1472 3793 1529 La-

2185 1571 2285 1627 tini
2318 1571 2644 1640 interpretes
2669 1570 2821 1625 ducti
2874 1572 3114 1625 nominis
3167 1571 3553 1638 similitudine,
3591 1571 3789 1643 ἱμάτια,

2188 1666 2240 1722 id
2272 1674 2376 1731 est,
2400 1666 2701 1719 vestimenta
2726 1674 3050 1735 posuerunt.
3088 1663 3241 1749 Unde
3292 1665 3447 1721 multi
3478 1668 3794 1722 translatio-

475 1774 507 1814 a
539 1760 810 1828 Domino;
838 1771 894 1819 et
923 1763 1077 1831 quasi
1112 1764 1210 1819 bos
1234 1763 1429 1819 ductus
1448 1765 1516 1819 ad
1547 1764 1822 1819 victimam
1852 1781 1867 1831 ;
1898 1776 1950 1818 et
1981 1764 2078 1819 eli-
2112 1765 2162 1826 Β
2190 1758 2276 1814 nis
2324 1758 2564 1813 falsitate
2625 1759 2865 1831 decepti,
2916 1758 2982 1814 ad
3023 1760 3495 1816 resurrectionem
3544 1761 3795 1832 corporis

476 1858 611 1920 guut
660 1862 824 1922 atque
879 1861 1220 1908 commutant
1278 1869 1378 1925 pro
1430 1856 1665 1910 veritate
1721 1855 2087 1911 mendacium.

421 2019 425 2023 ἡ
477 1942 794 2000 Istiusmodi
844 1946 1009 2017 igitur
1055 1945 1347 2015 homines,
1378 1948 1469 2017 qui
1507 1958 1632 2003 sunt
1680 1946 1832 2002 fracti
1862 1946 2087 2018 judicio,

478 2034 723 2093 dimittat
750 2040 831 2093 vir
863 2038 1282 2095 Ecclesiasticus
1321 2050 1482 2111 atque
1528 2040 1828 2106 dissitlvat;
1876 2050 1932 2097 et
1970 2057 2091 2095 om-

479 2146 605 2188 nem
636 2133 968 2206 scripturam
1016 2135 1435 2202 btereticorum,
1487 2134 1556 2192 de
1585 2136 1780 2206 quibus
1812 2134 1901 2190 bie
1944 2134 2087 2191 idem

485 2226 764 2297 Propheta
786 2229 919 2284 dicit
944 2248 958 2285 :
998 2229 1094 2286 Vat
1121 2232 1211 2303 qui
1233 2231 1464 2287 scribunt
1486 2232 1837 2303 iniquitatem:
1860 2231 2087 2286 scriben-

480 2327 554 2374 tes
584 2321 724 2400 enim
748 2321 981 2376 scribunt
998 2323 1273 2393 malitiam,
1303 2323 1561 2394 rapientes
1581 2324 1847 2396 judicium
1887 2340 2091 2397 paupe-

479 2428 595 2467 rum
616 2414 799 2485 p0puli
819 2416 919 2469 mei
946 2415 1102 2489 (Isai.
1128 2420 1255 2487 x,§l,
1280 2417 1357 2490 2),
1375 2419 1552 2473 solvat
1579 2429 1741 2489 atque
1759 2418 2082 2490 disrutupat,

483 2514 545 2560 ut
585 2521 927 2577 nequaquam
978 2508 1188 2581 laqueis
1241 2514 1357 2566 suis
1395 2510 1673 2581 simplices
1706 2527 1952 2584 quosque
2010 2522 2090 2569 te-

482 2613 648 2655 neant
673 2601 938 2659 irretitus.
974 2603 1188 2660 Etcum
1223 2608 1325 2660 ltoc
1349 2604 1562 2673 fecerit,
1590 2606 1803 2678 frangat
1823 2608 2088 2663 doctrina:

482 2693 890 2753 Ecclesiastica:
920 2700 1292 2757 esurientibus
1314 2692 1509 2771 panem
1537 2719 1696 2759 suum
1717 2746 1734 2771 ,
1781 2704 1927 2773 quod
1958 2703 2088 2762 fecit

479 2794 537 2839 et
568 2786 828 2843 Dominus
851 2829 869 2857 ,
903 2790 1103 2848 fractos
1131 2807 1298 2864 panes
1336 2791 1620 2866 Apostolis
1646 2798 1916 2863 tribuens,
1952 2811 2089 2866 quos

482 2878 563 2934 eis
592 2880 647 2935 in
678 2890 887 2953 septem
931 2887 1134 2954 sportis
1162 2896 1217 2941 et
1254 2886 1542 2944 duodecim
1570 2889 1854 2959 caphinis,
1886 2904 2089 2962 nequa-

482 2987 646 3043 quam
664 2973 913 3045 integros
927 2977 1065 3032 sicut
1096 2977 1435 3035 habebantur
1462 2984 1515 3037 in
1538 2982 1709 3053 Lege,
1741 2984 1837 3039 sed
1861 2984 2089 3040 commi-

487 3076 650 3122 nutos
684 3076 849 3139 atque
892 3068 1202 3127 confractos
1241 3072 1297 3128 in
1323 3073 1619 3146 Evangelia
1667 3076 1957 3149 dereliquit
1980 3119 1998 3146 ,
2030 3090 2088 3135 ιιι

2192 1852 2684 1923 comprobandum,
2717 1852 2823 1909 ltoe
2855 1864 3084 1910 tttttntur
3114 1856 3460 1924 testimonio,
3507 1873 3618 1929 quo
3649 1857 3796 1913 scili-

2192 1955 2278 2001 cet
2307 1946 2695 2001 vestimentum
2723 1948 2922 2003 animte
2965 1963 3165 2020 corpus
3209 1950 3389 2020 accipi
3422 1950 3621 2019 velint,
3652 1952 3796 2022 quod

2193 2038 2370 2096 indie
2399 2039 2822 2096 resurrectionis
2870 2041 3100 2097 oriatur.
3160 2039 3229 2096 Et
3281 2043 3571 2109 antecedet,
3602 2044 3793 2121 inquit,
3864 2059 3881 2082 ⁸

2189 2134 2245 2188 in
2268 2144 2546 2203 conspectu
2568 2134 2878 2202 tuojustitia
2906 2145 2995 2188 tua
3013 2132 3166 2206 (Gen.
3200 2137 3443 2205 xxx,33,
3478 2153 3585 2192 sec.
3608 2135 3795 2209 LXX).

2189 2226 2504 2283 Secundum
2536 2227 2671 2281 illud
2700 2227 2844 2298 quod
2878 2227 3124 2299 loquitur
3152 2226 3323 2284 Jacob
3356 2247 3371 2283 :
3400 2228 3670 2285 Exaudiet
3717 2245 3798 2285 me

2194 2335 2307 2374 cras
2315 2320 2527 2392 justitia
2558 2335 2705 2385 mea;
2747 2332 2796 2376 et
2830 2319 3149 2390 implebitur
3193 2321 3335 2392 quod
3372 2322 3639 2393 scriptum
3670 2333 3793 2379 est:

2194 2411 2336 2468 Ecce
2356 2415 2542 2481 homo,
2568 2424 2619 2467 et
2646 2428 2816 2485 opera
2849 2413 2989 2485 ejus.
3022 2411 3092 2468 Et
3135 2415 3306 2489 gloria
3329 2411 3546 2469 Domini
3574 2400 3825 2469 circum:

2193 2508 2338 2564 dabit
2365 2520 2435 2573 te,
2499 2508 2656 2579 quasi
2704 2516 2856 2565 veste
2912 2508 3304 2581 pulcherrima,
3366 2518 3426 2564 ut
3470 2509 3799 2579 gloritieeris

2192 2604 2336 2679 apud
2371 2604 2541 2659 Deum
2570 2613 2626 2659 et
2659 2604 2800 2675 apud
2826 2604 3103 2659 homines.
3126 2602 3273 2657 Tunc
3302 2602 3591 2670 inrocabis,
3622 2613 3670 2657 et
3698 2601 3801 2657 Do-

2191 2701 2363 2753 minus
2388 2698 2674 2754 exaudiet:
2699 2697 2970 2766 clamabis,
2994 2706 3043 2752 et
3070 2698 3245 2752 dicet:
3276 2695 3413 2752 Ecce
3448 2698 3660 2767 adsum,
3693 2713 3796 2755 non

2191 2806 2347 2860 voce,
2389 2792 2484 2846 sed
2537 2805 2745 2862 opere;
2785 2807 2895 2845 non
2939 2793 3326 2861 responsione,
3359 2790 3456 2845 sed
3491 2771 3796 2847 beneﬁciis.

2191 2884 2347 2953 Quod
2386 2885 2541 2955 juxta
2575 2883 2816 2939 litteram
2845 2891 2903 2939 et
2952 2884 3005 2939 in
3040 2883 3341 2955 Evangelia
3387 2884 3797 2957 comprobatur,

2190 2979 2411 3050 quando
2456 2977 2675 3034 dicente
2712 2976 2779 3032 ad
2812 2976 3105 3032 Dominum
3141 2978 3386 3049 leproso,
3415 2978 3478 3035 Si
3508 2981 3609 3046 vis,
3660 2989 3799 3051 potes

2190 3087 2273 3127 me
2302 3071 2575 3138 mundare,
2609 3069 2891 3142 respondit
2916 3070 3179 3126 Dominus
3207 3069 3436 3126 dicens:
3470 3069 3632 3141 Volo,
3656 3089 3800 3128 mun-

486 3155 759 3215 baberent
786 3162 932 3231 quod
963 3165 1293 3235 pauperibus
1331 3167 1664 3238 largirentur
1691 3169 1924 3242 (Matth.
1952 3170 2084 3244 xv).
2115 3159 2163 3223 C
2193 3167 2337 3222 dare.

486 3250 635 3320 Quos
662 3254 865 3310 videris
888 3271 994 3312 non
1026 3258 1287 3315 habentes
1314 3261 1558 3318 calorem
1596 3262 1723 3319 ﬁdei
1749 3304 1766 3329 ,
1795 3267 1892 3320 sed
1934 3275 2090 3321 extra

487 3347 787 3405 Ecclesiam
834 3349 1131 3423 frigoribus
1174 3354 1513 3412 inﬁdelitatis
1566 3357 1851 3427 algentes,
1902 3361 2093 3430 inopes

485 3450 648 3512 atque
672 3446 1015 3517 peregrinos,
1058 3448 1242 3515 indue,
1280 3452 1380 3520 ait,
1414 3453 1466 3507 in
1492 3452 1713 3508 domum
1742 3462 1768 3491 ⁸
1796 3455 2088 3522 Ecclesiae,

487 3544 544 3592 et
570 3538 723 3608 operi
751 3538 1175 3613 incorruptionis
1202 3545 1409 3615 pallio;
1457 3554 1515 3601 ut.
1546 3548 1724 3605 vestiti
1752 3548 1955 3605 Cbrisﬁ
2001 3564 2091 3605 tu-

486 3628 631 3699 uica,
683 3647 1026 3706 nequaquam
1055 3647 1313 3693 maneant
1339 3637 1392 3693 in
1432 3640 1722 3708 sepulcris,
1753 3641 1899 3712 quod
1927 3640 1995 3696 de
2025 3657 2092 3698 eo

488 3723 743 3795 legimus,
780 3729 874 3798 qui
904 3742 1188 3797 possessus
1219 3744 1250 3784 a
1278 3731 1587 3787 daemonum
1618 3732 1867 3803 legione,
1915 3734 2093 3790 nudus

488 3816 766 3873 habitabat
789 3821 842 3875 in
866 3823 1146 3878 memoriis
1178 3834 1541 3880 mortuorum.
1595 3824 1861 3898 Cumque,
1893 3827 2088 3898 inquit,

485 3908 602 3965 hmo
619 3910 827 3967 feceris.
844 3924 901 3978 et
916 3913 1218 3972 liberalitas
1239 3929 1327 3971 tua
1350 3918 1416 3972 ad
1438 3933 1631 3973 omnes
1644 3920 1889 3989 exposita
1906 3920 2089 3989 fuerit,

483 4008 797 4077 specialiter
822 4024 891 4066 ne
919 4002 1191 4082 despicias
1207 4012 1543 4069 domesticos
1568 4014 1717 4069 tldei.

557 4099 747 4171 (Vers.
779 4100 925 4173 8,9.)
955 4103 1347 4178 Tuncerumpet
1367 4108 1521 4178 quasi
1552 4122 1700 4162 mane
1722 4107 1898 4162 tamen
1919 4117 2084 4175 tuum,

484 4202 534 4247 et
560 4197 757 4248 sanitas
785 4204 874 4249 tua
904 4198 1007 4250 cito
1035 4196 1219 4269 [Vulg.
1253 4198 1431 4272 citius]
1459 4200 1673 4265 orietur,
1702 4211 1750 4255 et
1777 4200 1986 4255 anteibit
2009 4204 2093 4274 fa-

487 4285 619 4338 ciem
650 4295 792 4339 tuam
823 4287 1039 4359 justitia
1069 4298 1160 4343 tua
1182 4306 1201 4343 :
1232 4300 1281 4344 et
1308 4291 1477 4363 gloria
1522 4290 1735 4346 Domini
1785 4290 1992 4364 colliget
2020 4304 2088 4349 te.

486 4374 640 4432 Tunc
667 4379 950 4447 invocabis,
992 4390 1039 4434 et
1090 4379 1343 4437 Dominus
1389 4384 1631 4440 exaudiet
1674 4404 1695 4440 :
1723 4387 1972 4442 clamabis
1993 4431 2008 4456 ,
2041 4399 2092 4444 et

487 4468 664 4524 dicet:
690 4468 828 4525 Ecce
853 4472 1060 4527 adsum.
1101 4472 1247 4529 LXX
1274 4493 1287 4529 :
1325 4474 1469 4531 Tunc
1516 4489 1755 4547 erumpet
1775 4481 2089 4536 matutinum

2267 3260 2288 3331 (
2311 3258 2466 3314 Vers.
2503 3259 2588 3314 lo.
2615 3256 2634 3329 )
2667 3258 2728 3316 Si
2753 3257 3032 3314 abstuleris
3055 3260 3121 3315 de
3145 3258 3314 3314 medio
3344 3260 3421 3315 tui
3447 3268 3688 3315 catenam
3713 3303 3728 3329 ,
3756 3270 3800 3316 et

2195 3353 2406 3407 desieris
2431 3353 2653 3424 digitum
2682 3352 2957 3408 extendere
2976 3398 2990 3419 ,
3021 3362 3067 3407 et
3095 3351 3237 3425 loqui
3256 3351 3393 3424 quod
3424 3369 3533 3408 non
3560 3352 3790 3425 prodest.

2196 3444 2327 3502 Cum
2370 3444 2618 3513 effuderis
2669 3446 2918 3501 esurienti
2971 3448 3197 3502 animam
3244 3455 3424 3515 tuam,
3481 3457 3533 3503 et
3574 3450 3799 3504 animam

2193 3541 2430 3612 aﬂtictam
2451 3541 2724 3611 repleveris
2751 3557 2769 3595 :
2795 3551 2916 3595 tunc
2940 3540 3124 3616 [ang.
3154 3543 3309 3598 abest
3331 3541 3484 3617 tunc]
3521 3545 3719 3601 orietur
3746 3545 3799 3601 in

2197 3634 2418 3689 tenebris
2444 3636 2539 3691 tua:
2568 3645 2679 3703 tua,
2712 3644 2760 3690 et
2787 3635 3011 3691 tenebris
3064 3647 3167 3692 tua:
3191 3645 3341 3691 erunt
3363 3638 3503 3692 sicut
3539 3638 3798 3694 meridies.

2198 3726 2341 3784 LXX
2372 3743 2391 3783 :
2419 3728 2481 3783 Si
2529 3727 2806 3783 abstuleris
2830 3745 2863 3782 a
2890 3739 2940 3782 te
2968 3730 3378 3801 colligationem,
3411 3740 3461 3785 et
3508 3732 3795 3786 ordinatio-

2196 3838 2312 3876 nem
2333 3831 2381 3875 et
2408 3822 2619 3876 verbum
2649 3825 3102 3888 murmurationis,
3127 3812 3403 3881 et'dederis
3432 3827 3682 3881 esurienti
3705 3844 3796 3896 pa-

2198 3931 2313 3970 nem
2342 3923 2487 3970 tuum
2505 3930 2573 3971 ea:
2602 3917 2774 3970 animo
2800 3924 2910 3983 tuo,
2943 3925 2993 3971 et
3021 3917 3252 3971 animum
3300 3917 3635 3974 humiliatam
3663 3928 3800 3974 satu-

2193 4013 2388 4067 raveris
2418 4029 2437 4067 :
2461 4022 2583 4067 tunc
2609 4013 2806 4066 orietur
2834 4012 2889 4066 in
2915 4012 3139 4067 tenebris
3170 4013 3344 4067 lumen
3369 4020 3539 4078 tuum,
3570 4024 3621 4070 et
3666 4024 3795 4069 tene-

2196 4106 2300 4161 brae
2348 4115 2449 4161 tua:
2492 4116 2643 4160 erunt
2689 4106 2824 4160 sicut
2874 4105 3136 4159 meridies.
3174 4104 3414 4161 Verbum
3469 4107 3794 4163 Hebraicum

2194 4213 2341 4255 non
2373 4200 2561 4270 (nun:
2583 4197 2621 4269 ),
2649 4198 2797 4269 quod
2824 4199 2878 4253 in
2918 4197 3158 4254 Jeremia
3190 4207 3400 4270 torques
3432 4202 3603 4270 ferrea
3633 4201 3795 4256 inter-

2196 4302 2442 4364 pretatur
2475 4292 2696 4369 (lerem.
2733 4294 2912 4362 xvnt),
2943 4293 2993 4346 in
3031 4293 3290 4363 pra-senti
3346 4293 3589 4365 capitulo
3618 4296 3702 4351 bis
3728 4295 3795 4351 le-

2193 4390 2360 4460 gitur.
2394 4388 2451 4443 lu
2480 4403 2548 4445 eo
2578 4389 2723 4444 enim
2750 4388 2870 4442 loco
2904 4386 2995 4442 ubi
3041 4401 3208 4457 supra
3248 4387 3403 4458 juxta
3449 4387 3798 4460 Septuaginta

2194 4482 2434 4537 diximus
2464 4501 2477 4537 :
2505 4479 2742 4536 Dissolve
2772 4480 3111 4552 obligatione:
3154 4480 3545 4537 uiolentarumb
3574 4499 3799 4538 commu-

489 4563 664 4617 lumen
695 4574 860 4627 tuum.
890 4575 941 4619 et
968 4567 1219 4623 sanitates
1247 4577 1351 4624 tute
1379 4571 1482 4625 cito
1520 4573 1781 4642 orientur,
1809 4582 1857 4628 et
1886 4574 2088 4646 prwibit
2118 4559 2173 4619 D
2199 4576 2472 4645 talionum,
2527 4574 2695 4648 69E,
2733 4590 2829 4645 pro
2857 4590 2967 4629 uno
3013 4574 3184 4630 verbo
3214 4591 3361 4631 non
3415 4576 3657 4631 sciamus
3708 4591 3799 4634 eos

488 4653 547 4708 in
576 4664 855 4725 conspectu
877 4666 967 4711 tuo
983 4660 1197 4732 justitia
1227 4671 1335 4727 tua,
1359 4673 1412 4717 et
1432 4664 1600 4734 gloria
1625 4663 1726 4720 Dei
1748 4668 2091 4722 circumdabit

488 4759 556 4805 te.
592 4748 740 4806 Tunc
770 4750 1038 4822 clamabis,
1068 4766 1114 4810 et
1141 4754 1280 4813 Deus
1307 4759 1547 4814 exaudiet
1569 4770 1633 4815 te.
1666 4761 1846 4817 Adhuc
1874 4763 2090 4836 loquen-

485 4852 536 4899 te
580 4855 651 4915 te,
695 4847 850 4931 dicet,
906 4847 1039 4906 Ecce
1086 4853 1290 4909 adsum.
1341 4854 1575 4923 Quando
1608 4855 1697 4911 illa
1740 4873 1848 4913 non
1884 4857 2087 4914 feceris

488 4955 613 5012 quae
641 4943 955 5006 prateritus
1009 4961 1193 5003 sermo
1233 4952 1508 5017 narravit,
1555 4960 1610 5007 et
1652 4953 1757 5007 ista
1790 4951 1992 5009 feceris
2016 4952 2087 5009 de

486 5034 682 5106 quibus
723 5052 869 5094 nunc
912 5037 1199 5097 diximus:
1230 5048 1361 5098 tunc
1408 5044 1749 5116 acceptabile
1798 5047 1907 5103 erit
1947 5047 2091 5119 jeju-

575 5231 603 5261 ⁸
633 5223 923 5282 Brixianus
944 5236 1191 5284 vetustus
1217 5228 1344 5301 eod.
1378 5245 1550 5301 penes
1575 5230 1809 5300 Victor.,
1843 5234 2002 5288 induc
2028 5235 2081 5287 in

486 5293 698 5376 domum
725 5304 887 5376 tuam,
924 5302 1021 5353 hoc
1050 5307 1126 5376 est
1153 5302 1206 5355 in
1243 5293 1454 5357 domum
1500 5301 1746 5360 Ecclesia:
1772 5293 1988 5376 {quam
2031 5314 2087 5360 et

485 5365 938 5438 ips_e_lectionem
972 5370 1190 5438 probat.

560 5434 587 5474 δ
617 5436 851 5503 RepOnit
883 5434 1092 5515 Victor.
1127 5446 1425 5500 cantionum
1448 5461 1546 5515 pro
1601 5447 2086 5513 commutationum,

487 5521 841 5585 erroremque
869 5514 948 5568 ait
974 5522 1163 5585 patere
1202 5533 1268 5571 ex
1295 5514 1505 5580 verbis,
1548 5517 1778 5580 ipsoque
1816 5525 1917 5572 τῶν
1945 5515 2087 5571 LXX

489 5580 793 5659 textu.‘_8ed
844 5580 1351 5659 non'diflileudttm
1409 5589 1745 5659 συνάλλαγμα
1791 5597 1847 5643 et
1891 5603 2088 5643 secun-

486 5650 614 5703 dum
659 5650 870 5708 (inerte
916 5656 1117 5728 lingum
1143 5660 1557 5728 proprietatem.
1587 5650 1938 5726 in'terprt-tari
1965 5660 2091 5715 llic-

488 5733 790 5798 ron)'_t_nntn_
818 5727 1269 5798 commutationem
1296 5732 1351 5782 in
1394 5733 1634 5783 subuexa
1677 5730 2048 5798 expositione.

564 5799 585 5826 ε
614 5787 819 5863 Nostri,
849 5805 906 5851 et
930 5812 1071 5866 quos
1102 5796 1349 5853 Martiau.
1380 5799 1687 5866 consuluit,
1732 5787 1864 5857 mss.
1916 5802 2085 5858 κλνόν.

2196 4669 2448 4739 posuisse
2479 4670 2728 4722 violentas
2758 4667 3047 4734 cautiones,
3081 4682 3181 4737 pro
3202 4668 3404 4738 quibus
3432 4669 3635 4737 Aquila
3660 4685 3799 4726 erro-

2192 4779 2300 4817 rem
2320 4807 2335 4831 ,
2360 4761 2721 4834 Symmachus
2761 4762 3190 4830 declinationem,
3224 4762 3536 4818 'l‘lteodotio
3565 4774 3589 4804 ο
3619 4765 3793 4829 κλοιὸν,

2196 4856 2248 4910 id
2281 4866 2386 4923 εει,
2420 4866 2672 4928 torquem,
2707 4857 3130 4912 transtulerunt.
3165 4855 3406 4914 Rursum
3446 4858 3501 4913 in
3535 4858 3795 4930 praesenti

2195 4949 2319 5006 loco
2376 4950 2474 5005 ubi
2519 4963 2621 5004 nos
2675 4953 2983 5006 vertimus:
3014 4949 3076 5007 Si
3111 4951 3386 5007 abstuleris
3435 4952 3500 5006 de
3531 4954 3702 5009 medio
3729 4951 3797 5007 tui

2198 5056 2466 5111 catenam,
2500 5052 2557 5099 et
2598 5059 2697 5115 pro
2739 5053 2925 5099 catena
2980 5043 3337 5115 Septuaginta
3390 5043 3697 5120 συνδεσμὸν,
3748 5044 3794 5101 id

2192 5232 2250 5287 S.
2303 5231 2503 5285 Doctor
2539 5230 2636 5285 lib.
2689 5229 2760 5285 de
2812 5227 3142 5284 Nominibus
3168 5228 3456 5283 Hebraicis
3482 5243 3549 5284 ex
3585 5228 3791 5284 Josue:

2193 5302 2359 5374 Luca,
2392 5301 2592 5372 inquit,
2638 5302 2847 5371 quidam
2876 5302 3287 5374 interpretantur
3319 5300 3492 5374 illum)
3517 5344 3532 5363 ,
3566 5309 3793 5370 torquem

2193 5372 2428 5430 videlicet
2452 5370 2839 5445 damnatorum,
2858 5370 3027 5445 quam
3049 5373 3202 5445 uulgo
3231 5370 3416 5426 Boiam
3444 5382 3653 5426 vocant.
3692 5375 3791 5428 Pa-

2196 5446 2279 5501 ria
2320 5446 2482 5502 habet
2506 5443 2734 5500 inferius
2764 5445 2820 5498 in
2844 5444 3101 5500 Jeretnize
3129 5443 3253 5507 (an.
3282 5459 3449 5499 xxvn.

2270 5515 2631 5571 —Theodotio
2656 5516 2838 5582 κλοιὸν,
2861 5527 2968 5571 etc.
2994 5515 3121 5571 Mss.
3148 5515 3366 5571 codices
3385 5516 3569 5583 legunt
3591 5522 3794 5573 Knox

2200 5602 2254 5644 ut
2314 5597 2472 5642 antea
2526 5589 2945 5643 0bSt‘rvthlltllS
2995 5588 3061 5641 ad
3119 5588 3313 5640 librum
3376 5585 3671 5643 Nominum
3726 5586 3788 5639 ad

2199 5676 2388 5714 vocem
2419 5659 2583 5720 Luza,
2612 5674 2771 5724 quam
2814 5659 3037 5727 quidam
3081 5659 3585 5727 interpretatigsunt
3631 5658 3791 5727 κλοιόγ

2198 5741 2445 5802 torquem
2478 5716 2736 5785 videlicet
2773 5716 3193 5795 damnatorum,
3218 5716 3384 5801 vulgo
3409 5725 3599 5802 ﬁgam
3625 5716 3789 5786 voca-k

2197 5798 2325 5858 tam.
2359 5801 2599 5858 Consule
2626 5802 2803 5857 locttm
2836 5811 2889 5856 et
2918 5802 3128 5857 scholia
3158 5798 3363 5857 nostra.
3405 5798 3679 5857 Maurus.
