4096 6330
250 232 371 287 1³6)

800 238 1456 303 COMMENTARIOBUM
1496 244 1562 302 1N
1601 244 1836 306 ISAIAM
1876 248 2304 310 PBOPHETAM
2345 253 2479 314 LIB.
2523 254 2666 313 XVI.
2707 255 2867 315 CAP.
2915 257 3102 318 LVIII.

3517 267 3627 327 570

247 363 345 455 est
388 396 437 455 ἶ,
469 356 869 455 colligationem
903 401 919 428 ,
969 361 1085 416 sive
1134 363 1401 419 vinculum
1456 364 1885 433 transtulerunt;
1918 380 1964 441 Α
1992 369 2200 426 alienis.
2232 370 2388 428 Sicut
2413 387 2546 445 ergo
2585 375 2639 430 in
2667 374 3110 434 ordinationibus
3132 378 3629 455 malorum,parti-

250 446 500 518 Aquila,
554 453 708 507 sicut
759 467 948 524 supra,
1005 470 1275 527 errorem,
1324 457 1718 529 interpretatus
1773 469 1889 527 est;

251 536 655 610 Symmachus
698 547 753 600 in
793 546 1182 606 Theodotionis
1235 551 1371 606 scita
1420 552 1733 607 concedens
1780 551 1890 625 [ΑΙ.

251 633 634 708 concidens],
670 647 903 709 torquem
930 640 1130 710 posuit.
1151 641 1284 697 ‘Hoc
1312 643 1380 698 de
1424 644 1895 715 interpretationis

250 728 551 783 varietate
581 731 655 784 sit
684 731 912 787 dictum.
947 735 1204 805 Alioquin
1245 751 1443 792 sensus
1471 739 1553 794 sic
1574 754 1698 794 cum
1729 754 1893 808 supe-

251 816 526 875 rioribus
552 823 809 893 jungitur
834 842 848 879 :
881 824 1102 882 Orietur
1127 829 1222 883 tibi
1248 832 1511 885 matutina
1544 830 1656 899 lux,
1683 840 1737 888 et
1760 833 1898 887 saui-

253 918 420 966 tates
457 922 565 969 tua:
588 915 703 973 cito
735 921 1025 976 orientur:
1054 932 1111 977 et
1140 923 1417 992 praecedet
1450 933 1504 980 te
1544 925 1748 996 justitia
1780 937 1894 992 tua,

249 1015 315 1063 et
338 1009 531 1078 gloria
555 1010 775 1069 Domini
814 1017 1106 1073 cornu-abit
1145 1029 1216 1074 te.
1250 1018 1759 1093 Deprecantemque
1777 1033 1892 1078 sta-

251 1099 359 1154 tim
391 1104 686 1172 exaudiet,
746 1119 802 1164 et
852 1124 913 1165 se
961 1110 1217 1167 ostendet
1243 1127 1367 1169 esse
1406 1127 1764 1184 praesentem.
1814 1115 1894 1173 Ita

249 1192 586 1263 dumtaxat,
631 1198 677 1257 si
716 1201 785 1254 ad
813 1205 1097 1270 superiora
1132 1219 1300 1275 opera
1354 1205 1472 1261 hzec
1495 1222 1717 1278 quoque
1737 1209 1896 1265 addi-

248 1284 448 1354 deris,
486 1296 548 1343 ut
580 1291 745 1348 tollas
772 1293 842 1349 de
890 1304 942 1350 te
983 1295 1373 1368 obligationem
1405 1310 1460 1354 et
1512 1308 1764 1355 catenam
1787 1317 1891 1372 qua

254 1391 354 1434 tua
383 1381 575 1437 anima
608 1387 870 1456 colligata
894 1398 997 1442 est.
1031 1388 1105 1444 De
1132 1404 1236 1459 qua
1263 1399 1319 1445 et
1340 1389 1534 1445 Petrus
1568 1391 1892 1463 loquebatur

249 1473 327 1526 ad
362 1474 665 1531 Simonem
699 1475 807 1532 :ln
834 1477 961 1548 felle
989 1482 1127 1534 enim
1168 1483 1555 1550 amaritudinis,
1585 1492 1633 1537 et
1688 1484 1892 1557 obliga-

252 1567 412 1621 tione
438 1569 743 1642 iniquitatis
772 1572 925 1629 video
972 1584 1021 1628 te
1048 1591 1158 1631 esse
1189 1576 1332 1648 (Act.
1354 1592 1479 1647 ‘Vltl,
1500 1578 1619 1648 25).
1656 1578 1723 1634 Et
1752 1581 1892 1635 Pau-

188 1706 193 1710 .
250 1658 350 1715 lus
410 1662 661 1732 dolebat,
706 1665 999 1737 obligatam
1056 1684 1290 1725 cernens
1346 1670 1675 1726 idololatria:
1722 1674 1891 1729 Athe-

1993 476 2125 533 eeps
2146 473 2231 520 est
2261 477 2614 536 peccatorum
2644 468 2734 539 qui
2768 470 2909 525 tales
2935 473 3227 529 constituit
3257 492 3273 529 :
3308 476 3393 532 sic
3444 476 3500 532 in
3533 494 3624 534 or-

1992 556 2271 613 dinatione
2298 552 2914 635 sanctorum,particeps
2932 573 3020 620 est
3039 580 3230 623 eorum
3259 567 3622 641 juSIitite,qui

1994 652 2166 706 honos
2211 652 2396 724 elegit.
2445 654 2705 726 Sequitur
2736 656 2839 713 :Et
2892 661 3101 714 uerbum
3151 668 3617 738 murmurationis,

1993 744 2338 814 subauditur,
2362 750 2467 806 ἀπὸ
2492 757 2683 819 κοινοῦ,
2708 752 2753 807 si
2779 753 3069 809 abstuleris
3094 770 3122 807 a
3146 766 3220 812 te.
3246 755 3488 814 Verbum
3517 776 3619 817 au-

1995 850 2104 897 tem
2129 834 2577 898 murmurationis
2596 855 2699 914 est,
2726 847 2945 918 quando
2973 857 3174 905 contra
3219 865 3325 906 nos
3376 856 3622 923 loquitur

1996 934 2141 991 Deus
2172 953 2185 990 :
2222 934 2436 991 Desinat
2455 954 2487 991 a
2513 954 2592 992 me
2625 940 2968 996 murmuratio
2996 943 3184 1011 papuli
3214 945 3398 1019 ltujus,
3431 956 3478 1000 et
3508 964 3614 1003 non

1998 1029 2283 1094 morietur;
2315 1037 2618 1100 nostraque
2677 1043 2900 1101 peccata
2955 1036 3247 1092 referimus
3287 1040 3355 1092 ad
3414 1038 3607 1109 Deum,

1994 1122 2061 1177 ad
2089 1124 2433 1179 excusandas
2455 1127 2838 1181 excusationes
2868 1127 2919 1180 in
2952 1129 3219 1199 peccatis,
3251 1139 3311 1186 et
3332 1130 3567 1188 dicimus
3595 1149 3609 1187 :

1991 1215 2247 1286 Corporis
2279 1232 2365 1272 me
2394 1216 2676 1285 superavit
2695 1219 2881 1285 ardor,
2914 1219 3598 1280 adolescentia:incentiva

1996 1312 2263 1373 vicerunt.
2287 1326 2317 1366 a
2341 1311 2456 1367 Deo
2477 1313 2602 1367 talis
2639 1321 2861 1368 creatus
2898 1327 3018 1368 sum
3049 1330 3062 1367 :
3099 1324 3395 1385 paupertas
3424 1319 3607 1390 coegit

1995 1401 2061 1457 ad
2088 1402 2314 1457 furtum.
2347 1403 2534 1472 Itaque
2562 1404 2743 1459 sinon
2788 1403 3077 1460 fecerimus
3128 1406 3229 1460 ista
3285 1423 3407 1477 quae
3455 1409 3600 1463 dicta

1993 1504 2138 1562 sunt,
2160 1503 2217 1550 et
2238 1496 2526 1551 fecerimus
2555 1511 2617 1550 ea
2646 1511 2769 1567 quae
2794 1497 3025 1553 dicenda
3048 1505 3200 1565 sunt,
3228 1506 3285 1553 ut
3307 1499 3598 1565 esurienti,

1993 1603 2101 1643 non
2132 1590 2271 1644 sicut
2315 1603 2501 1661 supra,
2562 1588 2756 1645 demus
2796 1604 2990 1660 panem
3025 1600 3298 1657 uestrum,
3347 1591 3443 1646 sed
3484 1591 3602 1646 aui-

1993 1696 2138 1737 mam
2165 1691 2442 1748 nostram,
2478 1692 2536 1738 ut
2565 1699 2689 1738 eum
2734 1684 2785 1738 in
2839 1683 3273 1754 quibuscumque
3312 1698 3600 1755 possumus

254 1753 552 1809 ηίθηείυῖη
575 1756 881 1814 “malem.
916 1757 1160 1816 Funibus
1190 1763 1336 1817 θιιίω
1378 1773 1723 1830 βεεθειῑοτυηὶ
1755 1778 1884 1820 δυο·
1920 1784 1963 1843 Β
1991 1774 2330 1844 adjuvemus,
2356 1784 2411 1831 et
2440 1790 2547 1830 non
2580 1776 2735 1847 quasi
2766 1791 2836 1830 ex
2882 1777 3102 1832 trisnitia
3147 1753 3202 1832 et
3234 1753 3591 1846 necessitate,

253 1859 387 1900 rum
423 1847 805 1920 unusquisque
832 1855 1229 1924 constringitur
1257 1853 1454 1939 (Prov;
1472 1864 1549 1927 ν).
1584 1856 1659 1912 De
1689 1856 1888 1927 quibus

256 1940 472 1995 animm
508 1942 753 1998 vinculis
781 1953 835 1999 et
871 1944 1039 2001 David
1080 1948 1404 2017 precabatur
1431 1952 1484 2005 in
1529 1952 1738 2020 psalmo
1771 1951 1887 2006 :Ab

190 2078 213 2101 ,
258 2034 498 2089 occultis
525 2039 653 2091 meis
673 2040 868 2093 munda
890 2056 989 2109 me,
1041 2039 1287 2111 Domine,
1337 2054 1386 2098 et
1423 2045 1488 2099 ab
1515 2045 1703 2100 alienis
1731 2062 1888 2117 parce

146 2128 165 2146 '
253 2144 413 2185 seruo
445 2142 533 2186 tuo
572 2133 696 2195 (Ps.
724 2150 881 2202 xvnt,
916 2137 1027 2211 15).
1063 2137 1293 2195 Dillictle
1344 2142 1616 2212 reperitur
1657 2145 1750 2214 qui
1801 2144 1885 2198 his

254 2236 375 2277 non
410 2225 721 2297 stringatur
751 2231 989 2286 catenis.
1038 2231 1185 2288 Raro
1217 2236 1491 2290 invenitur
1530 2238 1713 2292 anima
1761 2253 1885 2308 qua:

256 2318 408 2376 hanc
431 2326 814 2393 gravissimam
839 2336 1089 2398 torquem
1125 2346 1232 2387 non
1264 2332 1459 2388 habeat
1478 2347 1577 2389 suo
1605 2334 1751 2390 collo
1772 2335 1885 2389 cir-

255 2414 601 2482 cntudatam,
633 2419 704 2473 ad
730 2431 944 2475 terrena
967 2436 1027 2477 se
1051 2438 1223 2494 opera
1250 2425 1674 2497 deprimentem,
1707 2437 1766 2482 ut
1796 2443 1883 2483 ne-

257 2520 543 2578 quaquam
573 2513 800 2579 ccelum,
848 2516 942 2571 sed
978 2524 1183 2572 terram
1235 2521 1484 2588 aSpiciat.
1519 2521 1673 2590 Quod
1707 2533 1763 2577 et
1813 2523 1884 2578 de

260 2600 598 2678 Evangelica
624 2608 863 2664 refertur
890 2611 1143 2682 muliere,
1171 2629 1337 2683 quam
1370 2616 1619 2671 vinxerat
1648 2614 1882 2673 Satanas

258 2689 361 2767 p‘ei
392 2713 571 2779 annos
599 2702 792 2758 decem
820 2713 875 2759 et
894 2716 1041 2773 octo,
1075 2717 1131 2761 ιιι
1154 2709 1457 2779 incurvata,
1488 2711 1738 2767 caelestia
1771 2726 1881 2767 non

257 2791 482 2849 videret
532 2793 688 2867 (Luc.
716 2803 859 2869 xm).
891 2797 947 2854 Si
993 2816 1148 2872 ergo,
1207 2804 1306 2870 ait,
1360 2805 1551 2860 tuleris
1597 2805 1666 2860 de
1698 2805 1882 2862 medio

256 2889 448 2942 cordis
475 2892 551 2944 tui
585 2889 730 2947 hanc
746 2902 1021 2964 catenam,
1056 2905 1108 2951 et
1136 2897 1449 2953 istiusmodi
1472 2898 1687 2954 vincula
1718 2899 1883 2955 dissi-

258 2982 516 3053 paveris,
569 2994 623 3039 et
673 2989 1066 3065 σχιιροτρνίαν,
1113 3003 1214 3060 pro
1260 3006 1362 3060 qua
1397 3000 1511 3047 tres
1562 2992 1652 3049 alii
1712 2994 1883 3049 inter-

260 3080 449 3148 pretes
497 3095 635 3137 voce
667 3097 944 3153 consona,
997 3093 1259 3141 extentum
1298 3087 1517 3159 digitum
1576 3089 1878 3145 transtule-

1989 1866 2085 1923 sed
2108 1885 2172 1923 ex
2216 1870 2402 1925 animo
2451 1869 2777 1935 tribuamus,
2831 1868 3166 1940 accipientes
3187 1871 3385 1942 magis,
3431 1885 3593 1938 quam

1988 1962 2183 2020 dantes
2234 1962 2557 2020 beneficium
2587 1982 2599 2018 :
2632 1963 2873 2020 Hilarem
2934 1965 3073 2018 enim
3119 1963 3359 2019 datorem
3416 1963 3594 2038 diligit

1989 2054 2128 2112 Deus
2144 2056 2209 2129 (ll
2223 2058 2399 2114 Corax
2411 2057 2578 2131 ,7),nt
2592 2056 2829 2114 animam
2845 2056 3184 2115 esurientem
3200 2057 3318 2113 sive
3331 2057 3590 2114 afﬂictam

1989 2167 2094 2206 non
2138 2150 2516 2207 refocillemns
2557 2168 2627 2207 ex
2666 2164 2843 2223 parte,
2883 2151 2981 2207 sed
3013 2163 3363 2208 saturentus:
3397 2163 3452 2206 et
3497 2151 3598 2206 do-

1986 2243 2194 2299 leamus
2220 2259 2347 2299 cum
2378 2244 2713 2313 dolentibus,
2747 2245 3140 2313 lugeamnsque
3191 2259 3312 2299 cum
3353 2242 3593 2313 lugenti-

1987 2336 2088 2391 bus
2113 2336 2294 2404 (Rom.
2342 2335 2465 2408 xu),
2507 2348 2634 2393 tunc
2664 2337 2874 2392 orietur
2906 2339 2958 2391 iu
2991 2336 3230 2393 tenebris
3269 2337 3361 2390 lux
3382 2346 3589 2403 nostra,

1985 2431 2077 2487 ille
2106 2435 2197 2502 qui
2228 2432 2366 2487 dicit
2392 2450 2406 2483 τ
2439 2430 2664 2504 Egotux
2690 2433 2802 2487 veni
2822 2433 2877 2486 in
2904 2433 3154 2487 mundum
3189 2447 3208 2487 :
3234 2442 3292 2485 ut
3314 2432 3481 2486 omnis
3498 2432 3590 2503 qui

1985 2525 2149 2579 credit
2168 2526 2223 2579 in
2245 2542 2342 2593 me,
2377 2527 2433 2579 in
2458 2526 2675 2580 tenebris
2693 2542 2795 2580 non
2810 2533 3015 2579 maneat
3046 2523 3181 2579 :scd
3206 2523 3389 2579 habeat
3421 2521 3589 2579 lucem

1985 2620 2101 2674 vitta
2124 2616 2411 2690 (laeuam,
2435 2619 2555 2691 46).
2580 2618 2825 2675 Lucerna
2855 2620 3000 2675 enim
3028 2632 3275 2691 corporis
3304 2620 3475 2674 nostri
3508 2627 3595 2674 est

1983 2712 2217 2768 oculus:
2250 2713 2294 2766 si
2323 2713 2555 2783 simplex
2576 2712 2755 2777 fuerit,
2808 2722 2979 2767 tutum
3029 2726 3232 2784 corpus
3257 2712 3427 2785 696
3458 2725 3589 2767 nos-

1984 2813 2128 2862 trum
2151 2806 2260 2863 erit
2282 2808 2542 2863 lucidum.
2571 2807 2625 2863 Si
2676 2816 2856 2862 autem
2895 2807 2987 2878 qui
3022 2807 3114 2861 lux
3169 2821 3292 2861 esse
3340 2806 3588 2875 deberet,

1982 2916 2178 2957 versus
2207 2899 2376 2958 fuerit
2420 2903 2472 2957 in
2504 2902 2793 2966 tenebras;
2847 2909 2979 2956 tunc
3024 2915 3186 2956 omne
3207 2913 3407 2968 corpus
3440 2911 3594 2954 tene-

1982 2994 2204 3052 brosum
2228 2997 2354 3063 erit,
2381 3007 2434 3050 et
2466 2993 2680 3051 dicetur
2699 2993 2858 3049 nobis
2900 3010 2915 3048 :
2950 2993 3012 3051 Si
3053 2993 3145 3048 tua:
3169 3008 3285 3062 quae
3331 2994 3385 3046 in
3418 3003 3465 3047 te
3492 3001 3589 3061 est,

1983 3087 2202 3144 tenebris
2231 3097 2375 3153 sunt,
2404 3089 2531 3158 ipsa:
2577 3087 2797 3142 tenebrte
2825 3095 3035 3155 quanta:
3084 3095 3207 3140 sunt
3234 3082 3456 3152 (Matth.
3508 3100 3586 3155 Vt,

263 3184 435 3228 runt:
467 3184 526 3228 ut
554 3190 661 3230 non
686 3178 867 3232 solum
900 3178 1105 3233 malum
1125 3178 1246 3250 ipse
1273 3197 1381 3236 non
1410 3182 1650 3252 cogites,
1683 3191 1737 3237 et
1766 3197 1873 3237 non
1904 3173 1950 3236 C
1980 3180 2106 3257 Ωδμ
2141 3181 2572 3257 Consideretnus
2596 3181 2816 3250 quantis
2861 3180 3157 3235 virtutibus
3206 3177 3591 3249 perveniamus

259 3266 450 3338 facias,
477 3270 663 3326 sedne
692 3270 953 3327 detrahas
978 3275 1200 3342 quidem
1227 3278 1478 3344 proximo
1525 3285 1645 3341 tuo,
1678 3285 1735 3332 et
1762 3278 1876 3332 sin-

256 3372 418 3439 gulos
462 3371 621 3439 quasi
653 3370 825 3438 digito
873 3383 1049 3441 notes,
1085 3386 1135 3428 et
1162 3375 1404 3445 loquaris
1442 3374 1586 3445 quod
1611 3390 1717 3430 non
1750 3390 1877 3446 pro-

255 3461 601 3520 destanima:
625 3473 756 3534 tute,
791 3481 895 3520 non
920 3473 1011 3521 tua
1039 3468 1208 3533 mala,
1243 3466 1341 3523 sed
1384 3467 1618 3522 aliorum
1650 3483 1875 3525 errores

259 3557 627 3614 considerans
653 3576 667 3614 :
696 3558 937 3629 accipies
956 3575 1074 3631 φησι
1104 3575 1344 3631 sequens
1368 3575 1554 3616 sermo
1573 3560 1872 3617 subnectit.

257 3650 519 3723 Plerique
571 3660 884 3709 nostrorum
931 3656 1287 3732 χειροτονίαν,
1339 3654 1390 3708 id
1420 3662 1541 3719 est,
1585 3654 1876 3710 ordinatio-

257 3764 376 3802 nent
398 3744 739 3809 clericorum,
773 3761 895 3816 qua:
925 3761 1034 3800 non
1074 3748 1253 3802 solum
1298 3746 1365 3801 ad
1417 3746 1872 3817 imprecationem

255 3842 427 3909 vocis,
450 3841 620 3914 695
641 3838 735 3895 sed
766 3837 834 3895 ad
883 3839 1292 3909 impositioncm
1366 3840 1626 3913 impletur
1680 3856 1874 3897 manus

260 3937 354 4006 (ne
376 3938 615 4000 scilicet,
644 3944 703 3989 ut
735 3935 788 3988 in
823 3933 1150 4003 quibusdam
1186 3935 1427 4000 risimus,
1463 3936 1611 3991 vocis
1662 3936 1876 4007 impre-

257 4029 400 4085 ratio
417 4027 764 4083 clandestina
795 4027 1030 4083 clericos
1047 4028 1264 4084 ordinet
1285 4030 1649 4099 nescientes),
1677 4030 1757 4086 sic
1787 4031 1873 4086 itt-

271 4122 539 4194 ‘.elliguut,
572 4132 631 4176 ut
659 4132 940 4177 assumant
984 4123 1356 4177 testimonium
1396 4123 1549 4179 Pauli
1580 4124 1876 4180 scribentis

270 4217 321 4273 αι
350 4217 705 4274 Timotheum
744 4235 757 4271 :
786 4216 974 4271 Manus
997 4217 1098 4271 cito
1132 4219 1324 4272 nemini
1353 4218 1688 4288 imposueris,
1715 4236 1877 4291 neque

273 4310 724 4367 conmunicaveris
780 4310 1003 4377 peccatis
1031 4311 1214 4366 alienis
1246 4309 1290 4382 (l
1324 4309 1461 4365 Tim.
1493 4327 1550 4375 v,
1605 4311 1722 4383 ‘22).
1755 4311 1872 4367 Non

271 4418 331 4459 es
369 4407 522 4464 enim
580 4416 866 4477 peccatum
913 4406 1057 4472 leve,
1109 4406 1324 4463 tnittere
1380 4408 1702 4475 margaritas
1747 4417 1875 4464 ante

273 4512 474 4571 ponas,
517 4512 575 4559 et
606 4501 740 4556 dare
789 4512 1042 4557 sanctum
1097 4502 1325 4559 canibus
1374 4502 1592 4575 (Matth.
1647 4502 1744 4575 vlt)
1776 4513 1871 4560 τοι

1977 3278 2046 3333 ad
2070 3278 2246 3333 lucem
2274 3275 2456 3345 Dei,ut
2479 3277 2721 3331 tenebrae
2735 3286 3022 3330 vertantur
3046 3276 3098 3329 in
3129 3272 3594 3341 meridiem,dica-

1981 3385 2210 3441 musque
2227 3386 2353 3426 cum
2373 3384 2575 3441 sponsa
2602 3389 2615 3429 :
2644 3367 2749 3425 Ubi
2771 3370 2962 3440 pascis,
2980 3369 3067 3424 ubi
3082 3368 3264 3435 cubas,
3290 3367 3347 3425 in
3374 3368 3590 3425 meridie

1977 3461 2159 3535 (Cant.
2188 3479 2229 3533 ι,
2256 3461 2352 3535 6)?

2052 3557 2232 3630 (Vers.
2268 3555 2386 3627 Η.)
2412 3554 2478 3610 Et
2499 3556 2728 3628 requiem
2762 3555 2908 3609 dabit
2950 3555 3044 3611 tibi
3068 3552 3328 3609 Dominus
3358 3571 3584 3627 semper,

1976 3658 2025 3704 et
2051 3648 2283 3719 implebit
2305 3646 2672 3717 splendoribus
2702 3648 2934 3701 animam
2979 3657 3145 3714 tuam,
3177 3656 3228 3701 et
3251 3646 3368 3701 os'sa
3395 3658 3486 3702 tua
3516 3648 3584 3703 li-

1976 3742 2192 3797 berabit.
2226 3742 2293 3797 Et
2318 3749 2343 3779 τι
2368 3742 2469 3797 eris
2493 3743 2642 3812 quasi
2665 3742 2850 3794 [tortus
2896 3742 3147 3812 irriguus,
3200 3751 3246 3795 et
3298 3742 3435 3795 sicut
3464 3745 3583 3813 [ous

1976 3854 2255 3909 aquarum,
2307 3839 2458 3907 cujus
2501 3852 2605 3890 non
2648 3836 2894 3906 deﬁcient
2949 3850 3116 3905 aquce.
3150 3834 3293 3891 LXX
3327 3834 3436 3891 :Et
3487 3838 3586 3891 erit

1979 3929 2121 3983 Deus
2154 3938 2275 3983 tuus
2305 3938 2469 3983 tecum
2495 3944 2697 3997 semper
2721 3944 2740 3982 :
2773 3936 2820 3983 et
2865 3925 3161 3999 impleberis
3217 3931 3350 3983 sicut
3379 3927 3580 3983 deside-

1976 4033 2057 4077 rat
2105 4024 2285 4076 anima
2325 4031 2435 4084 tua,
2477 4031 2527 4076 et
2548 4038 2665 4075 ossa
2693 4032 2779 4074 tua
2811 4022 3163 4092 pinguescant.
3203 4020 3269 4077 Et
3297 4032 3447 4076 erunt
3477 4023 3579 4077 sic-

1977 4127 2031 4170 ut
2063 4117 2242 4171 hortus
2266 4116 2441 4171 ebritts
2467 4132 2485 4170 :
2513 4126 2558 4169 et
2591 4115 2725 4170 sicut
2753 4115 2892 4185 foris,
2927 4116 3011 4169 cui
3062 4132 3166 4170 non
3188 4116 3390 4187 deﬁciet
3419 4132 3575 4189 aqua.

1976 4209 2185 4277 anod
2221 4212 2273 4264 in
2318 4208 2699 4264 Alexandrinis
2754 4209 3163 4279 exemplaribus
3208 4209 3262 4264 in
3312 4210 3583 4281 principio

1978 4304 2140 4373 hujus
2166 4304 2387 4373 capituli
2420 4302 2663 4358 additum
2692 4310 2778 4357 est
2807 4321 2818 4357 :
2854 4302 2923 4357 Et
2961 4303 3133 4357 adhuc
3177 4303 3231 4357 in
3263 4314 3311 4358 te
3340 4307 3435 4359 erit
3464 4306 3581 4360 laus

1977 4416 2089 4456 mea
2120 4416 2342 4471 semper;
2373 4400 2498 4455 etin
2531 4397 2679 4454 fiuc.c
2704 4407 2749 4453 et
2774 4415 2891 4453 ossa
2912 4406 3004 4453 tua
3022 4398 3172 4470 quasi
3219 4396 3378 4454 herba
3408 4401 3578 4457 orien-

1978 4504 2083 4566 tur,
2125 4505 2170 4575 et
2194 4498 2553 4568 pinguescent,
2581 4505 2629 4550 et
2652 4496 2956 4549 Iurreditate
2975 4493 3311 4567 possidebunt
3342 4498 3395 4550 in
3418 4512 3575 4569 gene.

272 4592 663 4650 0rdnatiuuem
706 4594 1018 4661 clericatus,
1073 4611 1414 4667 nequaquam
1468 4599 1696 4664 sanctis,
1727 4606 1783 4653 et
1810 4596 1866 4652 in
1899 4568 1950 4629 ί)
1976 4572 2229 4645 rationem
2250 4600 2296 4644 et
2323 4590 2698 4663 generationes,
2756 4590 2808 4642 in
2855 4588 3124 4644 Ilebraico
3173 4606 3278 4643 non
3325 4590 3578 4657 habetur,

274 4682 389 4754 lege
423 4688 519 4743 Dei
555 4687 918 4755 doctissimis,
945 4688 1042 4744 sed
1083 4691 1312 4744 asseclis
1351 4690 1467 4743 suis
1517 4690 1785 4758 tribuere,
1812 4698 1869 4745 et

274 4778 441 4835 viliun
468 4779 779 4835 officiorum
806 4780 1075 4836 ministris
1107 4799 1119 4835 :
1149 4782 1404 4852 quodque
1448 4785 1532 4838 his
1571 4783 1866 4839 dedecoro-

276 4873 387 4943 sjus
412 4875 987 4943 tstfmuliercularum
1031 4876 1309 4945 precibus.
1363 4875 1421 4930 In
1470 4889 1576 4946 quo
1615 4874 1867 4929 conside-

274 4970 736 5039 randaloquentis
763 4971 817 5024 itt
850 4984 913 5024 se
939 4966 1144 5024 Christi
1187 4968 1435 5039 Apostoli
1462 4968 1751 5039 sapientia,
1773 4967 1867 5038 qui

272 5066 333 5114 ut
359 5059 708 5117 orduationis
739 5061 1045 5133 periculum
1069 5062 1495 5127 demonstraret,
1524 5060 1705 5129 junxit
1751 5072 1864 5116 tor—

277 5162 458 5209 menta
496 5155 881 5215 peccantium:
915 5154 1096 5228 Neque
1136 5154 1592 5210 communicaveris
1641 5157 1866 5226 peccatis

346 5323 373 5351 ⁸
407 5319 587 5384 Antei,
618 5324 666 5369 et
686 5316 804 5370 erit.
842 5315 1109 5371 ﬂebraice
1137 5324 1319 5370 autem
1373 5319 1543 5372 nam.
1569 5309 1708 5367 Vide
1732 5310 1864 5366 sub-

278 5401 472 5459 uexam
507 5385 713 5459 Her;_.n.
746 5391 1170 5459 exiiositionem.

345 5456 374 5495 ι)
418 5454 640 5524 Quodin
667 5457 1052 5523 Alexandrinis,
1097 5467 1205 5513 etc.
1242 5453 1642 5519 Mannscriptus
1689 5453 1864 5512 codex

275 5526 799 5604 Alexandritus,_in
855 5529 1177 5604 Polyglottis
1232 5527 1671 5604 Londinensihus
1723 5527 1867 5604 typis

276 5612 598 5671 expressus.
616 5602 819 5657 retinet
847 5598 1152 5657 fcre't'utant
1186 5604 1387 5655 hancce
1415 5600 1707 5671 pericopen
1732 5598 1757 5665 ;⁷
1784 5598 1865 5653 le-

275 5669 526 5752 giten'ﬂu
563 5686 664 5738 pm
691 5688 881 5729 vocent
923 5673 1064 5752 ὕδῳρ
1097 5675 1349 5752 ultimam
1380 5669 1655 5752 undet-inti
1692 5671 1863 5752 ιρι-εἱ)

276 5739 407 5816 culi.
442 5739 511 5795 Et
539 5758 653 5816 938:
694 5757 781 5799 tua
820 5749 965 5816 quasi
996 5739 1152 5800 It'erba
1180 5745 1411 5799 orientur
1437 5755 1482 5796 et
1511 5743 1864 5813 pinguescant;

280 5822 324 5864 et
374 5808 673 5869 licereditate
697 5808 1025 5885 possidebunt
1066 5816 1413 5888 generationes
1449 5808 1861 5883 generatiaumn.

1970 4683 2067 4737 sed
2111 4699 2179 4738 ne
2206 4685 2259 4737 in
2315 4681 2666 4753 Septuaginta
2710 4683 2929 4751 quidem
2985 4682 3296 4738 emendatis
3344 4693 3399 4739 et
3439 4684 3578 4739 vctis

1972 4775 2381 4844 exemplaribus
2407 4791 2421 4828 :
2453 4774 2597 4829 unde
2628 4775 2789 4829 obelo
2821 4776 3237 4844 prmuotandum
3287 4787 3393 4833 est.
3443 4774 3573 4831 Cum

1974 4869 2212 4932 tenebrae,
2241 4868 2437 4939 inquit,
2464 4868 2683 4936 pectoris
2716 4869 2809 4936 tui,
2836 4877 2954 4925 orta
2996 4871 3134 4936 lucc,
3168 4871 3370 4928 fuerint
3397 4869 3577 4924 disso-

1974 4963 2122 5029 lutze,
2153 4967 2209 5015 et
2225 4976 2321 5030 pro
2353 4974 2513 5016 nocte
2543 4961 2800 5030 palpabili
2855 4964 3116 5019 meridies
3147 4958 3301 5018 fuerit
3359 4973 3572 5029 exorta,

1975 5065 2103 5110 tunc
2121 5068 2341 5121 semper
2364 5054 2723 5111 habitatorem
2746 5055 2975 5112 habebis
3002 5055 3196 5121 Deum,
3220 5053 3315 5126 qui
3349 5055 3574 5123 impleat

1971 5150 2357 5223 splendoribus
2412 5148 2650 5204 animam
2695 5158 2863 5203 tuam.
2917 5148 2994 5205 De
3021 5149 3218 5219 quibus
3260 5149 3313 5202 in
3358 5145 3570 5218 psalmo

1972 5309 2053 5365 Ex
2080 5323 2188 5380 quo
2218 5306 2567 5362 manifestum
2601 5315 2890 5380 est‘ttnnm
2920 5320 3045 5361 esse
3072 5320 3141 5359 cx
3186 5304 3572 5380 Atesttndt'inis

1969 5375 2406 5450 exemplaribus.
2437 5394 2669 5450 quorum
2702 5378 2805 5433 hoc
2847 5380 2966 5432 loco
3004 5377 3328 5450 recordatur
3371 5375 3568 5433 Hiero-

1967 5446 2188 5527 ηιιιιιιΪε-
2341 5522 2353 5527 ,
2457 5446 2467 5450 ⁷
2594 5522 2644 5527 ,-
3183 5446 3454 5527 limum

2041 5538 2063 5563 ο
2108 5525 2309 5595 Estque
2339 5522 2395 5578 in
2420 5537 2487 5579 eo
2515 5522 2761 5595 quidem,
2795 5519 2939 5595 quod
2967 5517 3401 5595 Alettuu‘driuutn
3426 5517 3566 5595 dici-

1967 5606 2079 5666 tur,
2125 5588 2444 5663 excmttlztri,
2489 5588 2949 5665 quemadmodum
2980 5601 3033 5666 et
3073 5591 3129 5666 _itt
3158 5588 3561 5666 Aldtuo‘altera

1966 5661 2084 5725 lucc
2126 5661 2378 5721 versiculi
2403 5661 2525 5733 ejus
2552 5666 2828 5730 perictvpe.
2850 5666 2938 5716 καὶ
2961 5663 3036 5735 τὰ.
3064 5661 3197 5717 ὀστᾶ
3223 5682 3322 5716 σου
3361 5664 3431 5725 ὡς
3460 5664 3567 5735 βων

1966 5741 2087 5800 τάνη
2114 5739 2347 5795 ἀνατιλιῖ
2370 5732 2456 5794 καὶ
2482 5738 2835 5810 «iuvenescere,
2880 5736 2967 5789 καὶ
2996 5732 3561 5810 ﬂammatis-comps—

1967 5815 2084 5874 mz;
2113 5814 2314 5881 γενοῶύ,
2346 5824 2509 5881 quam
2556 5810 2613 5861 et
2651 5806 2895 5875 hyrillns
2927 5811 2982 5859 et
3008 5804 3314 5875 Promptus
3360 5804 3564 5879 legunt.
