4096 6330
218 343 315 405 577

738 342 1387 404 COMMENTARIORUM
1422 342 1491 401 IN
1530 341 1774 403 ISAIAM
1812 341 2239 403 PROPIIETAM
2278 345 2409 402 LIB.
2452 344 2592 404 XVI.
2635 344 2788 403 CAP.
2834 345 2972 404 LIX.

3409 314 3523 405 sui

219 468 429 524 bantur.
459 464 559 520 sed
591 464 910 521 ell'nsioncm
940 466 1236 536 sanguinis,
1267 465 1337 521 de
1364 480 1472 537 quo
1501 464 1665 538 ’1οά
1691 475 1816 520 ante
1843 467 1889 526 Α
1920 478 1995 525 ιν,
2017 463 2096 532 8),
2122 466 2306 518 statim
2336 466 2722 523 interlicietur:
2747 468 2864 523 sive
2886 479 2937 523 ut
2968 465 3323 536 Septuaginta
3346 474 3519 522 trans-

211 558 315 630 jam
338 557 558 613 dixerat
582 576 600 615 :
624 560 805 613 Justus
833 568 860 597 ⁸
885 558 1038 632 perit,
1083 569 1132 613 et
1156 575 1261 613 non
1299 567 1375 613 est
1418 560 1506 631 qui
1544 558 1809 630 recogitet.

216 650 282 707 Et
335 652 432 705 viri
461 654 603 725 justi
653 652 926 721 tolluntur,
958 662 1005 706 et
1059 669 1207 708 nemo
1254 653 1409 708 corde
1462 652 1727 727 intelligit.
1770 652 1817 707 Α

216 745 344 817 facie
366 746 510 798 enim
545 746 836 809 iniquitatis
873 746 1108 801 sublatus
1129 756 1206 801 est
1224 750 1440 821 justus:
1467 748 1564 801 erit
1594 749 1651 800 in
1690 763 1818 819 pace

215 839 477 911 sepultura
507 842 649 912 ejus,
673 840 980 910 tolleturque
1005 840 1073 897 de
1100 843 1265 896 medio
1294 840 1449 914 (Isai.
1478 856 1609 911 Lvn,
1652 841 1702 905 l,
1729 841 1811 912 '2).

216 931 279 988 Et
303 946 637 999 quamquam
663 933 766 1001 ipsi
799 949 991 988 manus
1019 950 1125 988 non
1164 935 1413 990 miserint
1440 935 1493 990 in
1527 934 1813 989 Dominum

219 1024 584 1091 Salratorem,
620 1035 798 1082 tamen
829 1041 1067 1082 consona
1095 1027 1389 1097 impietatis
1416 1042 1550 1081 voce
1576 1027 1843 1087 clautan-.

219 1126 334 1174 tes:
385 1117 624 1189 Sanguis
664 1124 777 1194 ejus
823 1136 978 1194 super
998 1132 1099 1176 'nos
1145 1129 1194 1176 et
1241 1138 1400 1190 super
1429 1121 1568 1190 ﬁlios
1612 1124 1819 1175 nostros

220 1208 430 1282 (.llattlt.
463 1226 641 1278 xsvn,
670 1209 764 1283 25)
785 1253 800 1275 ,
850 1212 1043 1267 mortis
1073 1212 1194 1283 ejus
1237 1213 1315 1270 rei
1346 1224 1496 1277 sunt,
1526 1224 1580 1268 et
1616 1213 1819 1270 habent

218 1304 452 1375 pollutas
482 1320 701 1361 manus.
740 1305 814 1360 De
853 1307 1050 1377 quibus
1075 1307 1217 1362 idem
1261 1307 1534 1378 Propheta
1568 1318 1814 1375 testatur,

222 1397 402 1452 dicens
426 1415 441 1453 :
473 1395 538 1453 Si
570 1397 862 1452 levaveritis
882 1415 1070 1454 manus
1094 1406 1288 1455 vestras
1315 1400 1385 1455 ad
1413 1416 1514 1464 me,
1538 1417 1642 1455 non
1661 1417 1823 1456 exau-

222 1489 374 1545 diam.
407 1489 604 1545 Manus
629 1499 807 1547 vestrte
824 1494 1080 1567 sanguine
1109 1492 1278 1563 plente
1300 1504 1417 1549 sunt
1449 1493 1607 1566 (Isai.
1633 1511 1673 1562 ι,
1701 1494 1817 1565 15).

224 1581 381 1638 Lahia
412 1597 635 1654 quoque
655 1598 846 1640 eorum
875 1594 925 1640 et
953 1586 1135 1656 lingua
1164 1587 1820 1657 loquunturiniquitatem

225 1687 380 1748 atque
412 1677 781 1748 mendacium,
812 1689 870 1732 ιιι
907 1694 1007 1750 pro
1036 1677 1257 1735 Christo
1285 1681 1390 1738 sihi
1422 1679 1821 1739 Antichristutn

228 1770 628 1840 repromittant,
658 1785 758 1826 nec
787 1772 857 1826 sit
877 1773 1018 1828 ullus
1041 1772 1094 1829 in
1124 1774 1327 1844 popqu
1350 1773 1443 1844 qni
1473 1777 1689 1829 ἱιινιιρρι
1708 1773 1828 1843 jus-

1919 556 2162 611 tulerttnt
2195 575 2208 611 :
2244 556 2347 623 Qui
2378 561 2593 614 voluerit
2616 560 2681 615 tle
2730 562 2836 616 ovis
2866 578 3041 616 eorum
3076 561 3362 626 comedere,
3394 578 3523 616 con-

1918 658 2083 704 terens
2109 649 2329 704 inveniet
2359 651 2652 721 putridum,
2679 661 2725 708 et
2751 654 2807 709 in
2825 655 2938 723 ipso
2961 654 3220 729 regulum.
3254 654 3355 722 Qui
3375 653 3522 709 enim

1918 742 2095 813 prima
2126 741 2303 797 fronte
2333 742 2616 816 deceptus,
2668 761 2773 801 ova
2818 750 3091 815 putaverit
3123 746 3447 815 gallinarum
3472 754 3527 802 et

1917 835 2148 892 aliarum
2177 838 2481 906 volucrum,
2507 854 2734 909 quarum
2762 855 2888 895 esus
2913 841 3169 897 innoxius
3191 850 3276 896 est
3310 856 3324 894 :
3348 841 3392 894 si
3422 837 3530 894 frc-

1917 933 2057 1002 ειη-ῆι
2079 943 2373 999 antequam
2400 933 2671 1003 comedat,
2707 937 2891 991 statim
2916 945 3162 1006 putorem
3189 935 3531 991 teterrimum

1918 1024 2265 1096 fetoremque
2294 1037 2608 1096 cognoscet,
2639 1038 2694 1083 et
2729 1026 2873 1094 quod
2905 1028 3182 1084 conl‘otum
3226 1038 3332 1095 est,
3377 1028 3534 1111 inve-7

1921 1119 2038 1174 niet
2069 1119 2337 1190 regulum.
2359 1120 2657 1190 Sivejuxta
2696 1119 3085 1192 Symmachum
3116 1132 3171 1176 et
3194 1119 3533 1177 Theodotio-

1922 1228 2068 1279 nem,
2098 1214 2351 1281 aspidem.
2384 1214 2581 1283 Aquila
2605 1220 2789 1268 autem
2814 1213 3045 1285 viperam
3074 1214 3290 1284 posuit;
3313 1227 3410 1281 pro
3425 1225 3533 1283 qua

1922 1306 1976 1360 in
2029 1307 2297 1364 llehrairo
2343 1305 2541 1377 legitur
2588 1321 2765 1362 senes:
2794 1305 3060 1376 (unus).
3095 1305 3197 1373 Qtti
3229 1306 3392 1376 igitur
3436 1318 3536 1359 au-

1922 1404 2081 1460 diens
2111 1402 2433 1457 traditiones
2459 1399 2739 1467 Judaiczts,
2775 1397 2841 1454 ad
2883 1412 3046 1454 escas
3077 1413 3137 1452 se
3168 1398 3317 1453 mille
3359 1412 3537 1452 anno-

1923 1513 2045 1553 rum
2077 1496 2308 1550 voluerit
2333 1509 2666 1566 praeparare,
2701 1502 2757 1548 et
2801 1490 3295 1561 repromissionum
3322 1487 3538 1545 deliciis

1925 1589 2195 1653 irretitus,
2226 1600 2446 1641 manum
2474 1584 2543 1639 ad
2576 1595 2598 1622 ο
2625 1600 2787 1638 ovum
2817 1582 3118 1639 extendere
3143 1598 3156 1634 :
3179 1582 3225 1635 si
3247 1592 3539 1646 antequam

1926 1682 2200 1747 comedat,
2220 1679 2329 1736 hoc.
2359 1690 2440 1736 εει
2466 1677 2648 1733 verbis
2664 1677 2966 1733 mortiferis
2991 1676 3329 1745 acqttieseat,
3354 1674 3545 1731 volue-

1928 1775 2000 1830 rit
2023 1774 2172 1845 prius
2202 1772 2562 1829 considerare
2591 1770 2738 1842 quod
2777 1770 3005 1839 dicitur,
3038 1779 3092 1826 et
3138 1769 3385 1841 singulos
3420 1784 3545 1825 ser-

229 1861 417 1927 titiatn,
453 1870 511 1917 et
530 1861 741 1930 judicet
770 1863 1052 1931 veritatem,
1083 1864 1202 1921 sive
1232 1879 1285 1919 ut
1314 1865 1368 1920 in
1400 1865 1633 1922 Hebraeo
1666 1866 1831 1921 habe-
1861 1876 1910 1937 Β
1938 1879 2125 1920 mones
2150 1865 2449 1933 discutere,
2468 1879 2766 1934 eorumque
2798 1873 3042 1919 tractare
3090 1863 3386 1930 rationem,
3436 1871 3552 1918 sta-

232 1966 332 2016 tnr.
351 1956 529 2027 ﬁdem,
560 1956 707 2027 quod
729 1958 942 2013 scilicet
969 1958 1160 2014 credat
1185 1961 1238 2014 in
1266 1959 1513 2026 Christo;
1536 1960 1631 2014 sed
1661 1958 1832 2014 conli-

230 2048 359 2104 du'nt
382 2049 434 2105 in
459 2048 643 2115 nihili,
670 2058 727 2104 et
748 2049 1046 2118 loquuntur
1067 2050 1522 2107 vanitates.Unde
1534 2050 1831 2121 Apostolus

232 2141 488 2213 percipit,
508 2158 580 2197 ne
600 2130 949 2199 attendamus
964 2142 1219 2200 Jndaiczts
1239 2142 1472 2211 fabulas,
1501 2153 1556 2198 et
1577 2142 1830 2198 mandata

232 2232 503 2288 hominum
554 2236 923 2290 aversantium
971 2252 1032 2292 se
1077 2252 1107 2291 a
1151 2238 1382 2293 veritate
1414 2234 1542 2309 (Tit.
1592 2236 1657 2308 t).
1690 2236 1831 2290 Vere

231 2327 367 2382 enim
399 2327 683 2382 conﬁdunt
714 2326 769 2383 itt
796 2327 972 2394 nihili,
1023 2337 1079 2383 et
1108 2336 1411 2400 sequuntur
1454 2330 1745 2395 vanitates,
1777 2328 1830 2382 in

232 2435 332 2491 quo
355 2420 617 2492 impletur
643 2422 854 2477 Domini
882 2421 1198 2478 vaticinium
1226 2442 1238 2477 :
1267 2422 1379 2497 Ego
1403 2422 1517 2477 veni
1543 2423 1595 2476 in
1625 2423 1832 2476 nomine

232 2511 399 2569 Patris
426 2532 547 2579 met,
574 2523 757 2571 etnon
794 2516 1094 2581 suscepistis
1136 2531 1216 2570 me
1254 2531 1272 2571 :
1317 2516 1363 2570 si
1392 2513 1530 2570 alius
1562 2514 1751 2569 venerit
1775 2514 1833 2568 in

232 2608 426 2664 nomine
455 2625 574 2675 suo,
606 2608 761 2663 illunt
782 2608 1073 2681 suscipietis
1103 2606 1287 2680 (Joan.
1322 2624 1376 2676 ν,
1406 2608 1521 2680 45).

295 2704 484 2775 (Vers.
518 2706 571 2772 5,
609 2707 703 2777 6.)
746 2705 1102 2778 Conceperunt
1145 2706 1396 2775 laborem,
1441 2714 1490 2760 et
1523 2713 1833 2779 pepererunt

232 2794 588 2869 iniquitatem:
617 2808 667 2854 et
696 2814 792 2853 ova
813 2800 1057 2865 aspidum
1088 2808 1363 2873 ruperunt,
1391 2809 1439 2854 et
1468 2800 1601 2854 telas
1627 2814 1836 2855 aranea:

234 2895 511 2945 texuerunt.
550 2889 660 2957 Qui
687 2891 963 2946 comederit
999 2891 1064 2947 de
1093 2909 1201 2948 ovis
1226 2909 1426 2962 eorum,
1470 2895 1754 2948 morietur:
1784 2903 1832 2947 et

232 2983 360 3055 quod
384 2988 653 3055 confotunt
693 2997 790 3054 est,
836 2996 1070 3059 erumpet
1112 2988 1164 3040 in
1190 2990 1450 3055 regulum.
1480 2985 1617 3042 Tela:
1656 3002 1832 3041 eorum

234 3092 329 3131 non
358 3086 503 3132 erunt
533 3079 586 3133 in
632 3079 1012 3148 vestimentum,
1041 3096 1204 3147 neque
1248 3082 1544 3150 aperientur
1591 3076 1834 3151 operibus

234 3170 355 3225 suis.
387 3170 566 3227 LXX:
607 3170 747 3240 Quia
779 3173 1072 3241 parturiunt
1100 3173 1353 3242 dolorem,
1383 3181 1433 3227 et
1454 3182 1704 3246 generant
1732 3172 1835 3226 ini-

1939 1962 2032 2015 tim
2084 1962 2138 2016 in
2176 1960 2309 2031 ipsis
2383 1962 2624 2029 reperiet
2675 1957 2804 2034 [ΑΙ.
2850 1958 3095 2033 repet-it]
3152 1960 3548 2016 Antichristum

1938 2055 2253 2125 prmparari.
2288 2053 2436 2122 Ergo
2463 2055 2608 2121 juxta
2643 2053 2989 2122 llebraicum,
3024 2056 3116 2123 qui
3152 2055 3453 2111 comederit
3480 2053 3550 2110 de

1936 2149 2057 2202 ovis
2085 2164 2300 2218 eorum,
2321 2147 2608 2203 morietur.
2631 2148 2732 2215 Qui
2757 2156 2967 2211 autem,
2994 2149 3149 2216 juxta
3165 2146 3550 2219 Septuaginta,

1936 2240 2188 2309 frangere
2209 2253 2337 2295 ante
2361 2239 2618 2304 voluerit,
2648 2250 2701 2295 et
2726 2237 3047 2309 diligentius
3075 2240 3276 2294 intueri
3304 2253 3370 2294 ac
3400 2238 3554 2295 vide;

1938 2346 1999 2385 re
2045 2331 2177 2401 quid
2234 2332 2435 2401 latitet,
2496 2331 2744 2401 reperiet
2792 2330 3021 2385 fetorem
3083 2332 3450 2399 teterrimum,
3498 2336 3556 2386 et

1938 2424 2238 2495 principem
2290 2426 2532 2479 ninnium
2578 2433 2894 2493 serpentem
2939 2422 3242 2493 diabolum,
3276 2423 3553 2480 ineorum

1940 2517 2152 2572 latitare
2204 2516 2612 2572 traditionibus.
2640 2520 2708 2571 lat
2734 2517 2860 2586 quia
2890 2531 3054 2586 supra
3095 2516 3313 2572 dixerat
3348 2535 3363 2573 :
3400 2515 3554 2573 Telas

1936 2627 2141 2668 aranea:
2168 2620 2368 2681 texunt,
2399 2612 2623 2678 esponit
2651 2611 2794 2680 quod
2827 2611 3055 2667 telarum
3084 2612 3309 2669 ietarunt
3342 2620 3558 2669 textura

1937 2721 2046 2762 non
2107 2707 2375 2778 proﬁciat.
2426 2705 2625 2775 Labor,
2659 2706 2854 2776 inquit,
2883 2721 3074 2762 eorum
3117 2707 3411 2776 omnisque
3455 2706 3558 2763 du-

1938 2800 2108 2872 ctrina
2149 2815 2260 2853 ttun
2294 2796 2499 2853 Christi
2546 2796 2716 2853 efﬁcit
2757 2782 3166 2863 vestimentum,
3200 2814 3300 2856 nec
3330 2798 3555 2866 pallium

1938 2909 2046 2965 quo
2073 2892 2290 2947 nuditas
2317 2892 2514 2946 anima:
2554 2899 2893 2962 protegatur,
2925 2892 3020 2947 sed
3056 2906 3217 2948 casso
3245 2893 3431 2949 labore
3460 2895 3554 2949 de-

1938 2988 2156 3051 sudant,
2186 2986 2402 3042 dicente
2442 2986 2548 3042 hoc
2577 2984 2770 3043 eodem
2820 2986 3095 3057 Propheta
3130 3002 3144 3041 :
3179 2985 3421 3057 Populus
3473 2991 3560 3048 hic

1938 3076 2089 3133 labiis
2114 3093 2193 3133 nte
2213 3078 2476 3145 honorat;
2503 3094 2594 3133 cor
2622 3096 2744 3134 vero
2770 3095 2944 3133 eorum
2972 3076 3127 3150 longe
3147 3089 3221 3135 est
3243 3098 3275 3134 a
3292 3097 3391 3137 me.
3409 3078 3557 3138 Fru-
3592 3114 3597 3118 ο

1939 3180 2049 3227 stra
2078 3180 2249 3227 autem
2285 3188 2365 3226 me
2389 3169 2587 3239 colunt,
2634 3173 2874 3228 docentes
2913 3173 3178 3229 doctrinas
3209 3183 3256 3229 et
3284 3187 3553 3246 prtecepta

236 3264 490 3335 quitatem.
537 3265 657 3319 Ova
703 3265 946 3335 aspidum
989 3269 1302 3337 fregerunt:
1338 3274 1384 3320 et
1433 3267 1590 3321 telam
1630 3281 1837 3321 aranea:
1863 3250 1907 3314 C
1943 3265 2207 3319 hominum
2238 3264 2393 3339 (Isai.
2422 3268 2578 3336 ἠως,
2605 3263 2695 3338 l3)
2725 3281 2739 3318 :
2771 3281 2892 3337 qua:
2918 3277 3237 3336 sequentes,
3274 3270 3559 3342 negligant

236 3353 576 3414 1tacuerunt.
614 3356 682 3412 Et
721 3362 809 3431 qui
840 3359 906 3413 de
932 3360 1040 3414 oris
1085 3376 1257 3414 eorum
1299 3361 1568 3414 comedere
1594 3359 1836 3429 voluerit,

237 3452 471 3524 frangens
502 3452 727 3518 reperiet
768 3453 1057 3524 putridum,
1090 3461 1137 3508 et
1176 3455 1232 3509 in
1272 3455 1389 3525 ipso
1413 3456 1686 3525 regulum:
1738 3454 1841 3508 tela

237 3560 407 3600 eorum
439 3563 540 3602 non
571 3547 669 3601 erit
694 3548 749 3601 in
767 3548 1149 3616 vestimentum,
1174 3564 1264 3603 nec
1283 3548 1585 3616 aperientur
1605 3547 1841 3620 operibus

240 3639 360 3693 suis.
410 3640 515 3709 Qui
562 3640 885 3696 Antichristi
937 3641 1326 3711 praestolamur
1365 3643 1685 3708 adventum,
1739 3656 1842 3697 nec

242 3743 465 3800 possunt
490 3732 718 3788 dicere:
761 3733 807 3788 Α
835 3735 1016 3788 timore
1045 3745 1155 3801 tuo,
1209 3733 1451 3802 Domine,
1491 3734 1839 3802 concepimus,

246 3835 289 3879 et
316 3830 687 3896 parturivimus
714 3838 761 3883 et
793 3830 1105 3901 peperimus,
1146 3828 1392 3897 spiritum
1419 3828 1604 3883 salutis
1633 3840 1737 3882 tua:
1766 3831 1846 3899 fe-

246 3918 399 3976 cimus
419 3939 576 3997 super
604 3932 795 3977 terram
819 3922 977 3995 (Isai.
1008 3939 1163 3991 ιυί,
1196 3922 1316 3993 18),
1350 3933 1502 3981 recte
1527 3922 1847 3995 concipiunt

245 4011 504 4083 dolorem,
535 4025 599 4071 et
628 4017 935 4087 parturiunt
970 4015 1348 4087 iniquitatem:
1387 4028 1442 4071 ιιι
1470 4032 1632 4088 quem
1675 4018 1848 4073 multo

247 4104 428 4165 labore
450 4112 802 4181 perquirunt,
832 4111 886 4165 in
919 4110 1209 4179 iniquitate
1235 4110 1574 4178 suscipiant;
1610 4108 1679 4165 de
1710 4126 1848 4179 quo-

248 4214 361 4254 rum
388 4202 657 4272 scriptum
691 4212 775 4259 est
800 4211 991 4273 patre:
1025 4200 1273 4274 Concepit
1303 4201 1557 4271 dolorem,
1582 4212 1630 4256 et
1652 4204 1848 4276 peperit

248 4294 560 4368 iniquitatem
592 4297 713 4373 (Ps.
745 4315 840 4370 vtt,
872 4299 985 4369 15).
1015 4299 1110 4356 Isti
1140 4299 1405 4371 frangunt
1425 4313 1592 4372 atque
1613 4300 1850 4356 disrum-

252 4400 380 4461 punt
408 4408 508 4448 ova
552 4394 832 4464 aspidum,
867 4403 928 4448 ut
971 4409 1158 4449 earum
1188 4410 1405 4451 venena
1442 4396 1495 4450 in
1526 4410 1628 4451 sua
1669 4405 1851 4453 mente

254 4484 566 4554 suscipiant,
590 4485 787 4556 quibus
806 4485 862 4541 itt
876 4486 1180 4559 Evangelia
1196 4486 1398 4543 dicitur
1414 4506 1427 4544 :
1443 4486 1742 4562 Serpentes,
1763 4506 1853 4561 ge-

256 4576 440 4633 nimina
450 4581 749 4651 viperarum
766 4578 985 4649 (Matth.
1004 4596 1083 4649 ιιι,
1099 4580 1178 4652 7).
1199 4579 1537 4652 l’ulchreque
1551 4596 1654 4638 ora
1665 4583 1854 4653 posuit

1941 3361 2112 3431 legent
2147 3359 2263 3415 Dei.
2300 3361 2358 3415 Et
2385 3371 2447 3415 ut
2477 3360 2717 3414 sciamus
2748 3361 2799 3414 in
2826 3358 2929 3414 tela
2954 3375 3119 3430 opera
3147 3363 3554 3433 demonstrari,

1941 3451 2126 3508 intulit
2152 3471 2163 3507 :
2186 3452 2367 3525 Neque
2388 3453 2684 3525 operientur
2710 3452 2950 3524 operibus
2971 3455 3100 3509 suis.
3121 3455 3353 3522 Quidam
3372 3457 3554 3514 locum

1943 3546 2109 3621 706
2130 3550 2291 3603 istum
2313 3548 2399 3604 sic
2426 3548 2743 3605 edi~serunt
2773 3565 2785 3598 τ
2820 3548 2930 3602 Ova
2974 3548 3217 3617 aspidem
3260 3548 3553 3619 sciderunt,

1945 3645 2061 3698 sive
2088 3653 2359 3716 ruperunt,
2396 3643 2446 3699 id
2479 3653 2585 3709 est,
2630 3642 2945 3699 mordentes
2985 3643 3379 3711 Prophetarum
3425 3644 3557 3700 reli-

1945 3750 2116 3807 quere
2140 3752 2425 3792 sermones
2462 3750 2654 3790 omnes
2674 3777 2687 3802 ,
2718 3745 2773 3789 et
2793 3734 2994 3791 blanda
3022 3732 3049 3773 ἀ
3078 3734 3180 3791 sibi
3215 3737 3556 3806 pseudopro-

1947 3830 2230 3900 pltetnrttm
2258 3829 2472 3899 eloquia
2502 3837 2796 3884 texuerunt
2826 3846 2837 3882 :
2862 3828 2930 3885 de
2955 3827 3152 3898 quibus
3174 3830 3262 3900 qtti
3295 3832 3557 3887 eomede-

1949 3924 2039 3991 rit,
2069 3937 2100 3977 a
2133 3934 2392 3994 serpente
2414 3921 2678 3988 ferietur;
2702 3935 2759 3979 et
2800 3921 3068 3993 intelliget
3091 3921 3223 3978 nihil
3256 3923 3361 3980 sibi
3392 3916 3558 3981 verba

1951 4015 2231 4087 proluisse
2250 4014 2547 4070 mendacii.
3548 4024 3553 4035 '

2021 4109 2206 4181 (Vers.
2235 4109 2288 4179 7,
2319 4107 2371 4164 8.
2381 4116 2400 4177 )
2434 4108 2607 4175 Opera
2634 4124 2812 4164 eorum
2856 4125 3017 4180 opera
3064 4108 3276 4166 inutilia
3305 4120 3392 4165 :et
3431 4127 3560 4185 opus

1949 4202 2238 4275 iniquitatis
2267 4203 2320 4256 in
2346 4201 2587 4257 manibus
2618 4219 2812 4259 eorum.
2845 4201 3014 4259 Pedes
3054 4212 3232 4260 eorum
3260 4205 3329 4259 ad
3359 4209 3560 4263 malum

1951 4307 2279 4353 currunt:et
2301 4298 2546 4369 festinant
2573 4307 2629 4353 ut
2651 4296 2924 4367 e/fundant
2965 4300 3273 4371 sanguinem
3314 4302 3563 4357 innocen-

1953 4402 2073 4448 tem.
2104 4392 2450 4466 Cogitationes
2491 4408 2691 4456 eorum,
2744 4392 3085 4467 cogitationes
3114 4394 3327 4450 inutiles
3359 4409 3380 4449 .°
3409 4398 3568 4451 vasti-

1955 4498 2033 4543 tas
2058 4497 2102 4541 et
2127 4486 2369 4541 contritio
2390 4487 2443 4540 in
2464 4487 2559 4541 viis
2587 4501 2790 4542 eorum.
2838 4485 2985 4542 Viam
3032 4489 3175 4561 pacis
3223 4489 3561 4546 nescierunt:

1954 4593 2002 4635 et
2026 4597 2126 4635 non
2150 4589 2223 4636 est
2250 4579 2505 4648 iudicium
2532 4581 2588 4634 in
2633 4578 2896 4651 gressibus
2923 4596 3120 4636 eorum.
3147 4580 3361 4637 Semita:
3384 4598 3568 4637 eorum

255 4671 495 4741 aspidem
526 4681 693 4740 atque
732 4687 1073 4744 serpentum,
1110 4689 1232 4744 qua:
1262 4688 1365 4729 ora
1398 4675 1549 4744 prius
1583 4689 1851 4745 generare
1877 4659 1932 4721 D
1956 4667 2238 4729 incurvata:
2266 4685 2386 4728 sunt
2416 4674 2488 4728 eis
2516 4689 2535 4727 :
2559 4675 2726 4728 omnis
2773 4674 2861 4742 qui
2886 4675 3067 4759 calcat
3108 4675 3164 4729 in
3216 4678 3312 4741 eis,
3360 4677 3569 4749 ignorat

256 4762 521 4822 dicuntur.
544 4766 710 4841 705
741 4765 809 4821 Et
832 4766 959 4836 quia
986 4766 1094 4821 non
1119 4767 1299 4823 solum
1327 4767 1546 4821 malitiae
1564 4781 1768 4821 venena
1804 4767 1856 4821 in

257 4860 507 4916 cordibus
534 4876 651 4917 SlllS
671 4861 931 4931 retinent,
957 4860 1052 4917 sed
1081 4861 1134 4916 in
1162 4861 1281 4930 lege
1310 4860 1529 4916 Domini
1551 4861 1640 4916 die
1665 4875 1728 4915 ac
1752 4876 1855 4916 no-

260 4964 340 5009 cte
368 4955 911 5023 meditantur,aniles
925 4954 1134 5012 fabulas
1161 4957 1532 5021 mussitantes,
1569 4964 1854 5027 propterea

262 5046 456 5104 dicitur
495 5068 509 5104 :
555 5048 627 5104 Et
671 5050 803 5106 telas
847 5065 1057 5105 aranea:
1122 5057 1353 5104 texunt:
1393 5050 1594 5118 quibus
1641 5061 1859 5103 muscas

263 5148 318 5196 et
343 5144 549 5201 culices
577 5151 635 5200 et
652 5159 816 5215 parva
863 5146 1088 5214 capiunt
1110 5141 1445 5207 animantia;
1481 5141 1547 5195 ad
1571 5156 1708 5213 quas
1729 5155 1854 5196 cum

265 5232 406 5292 forte
424 5238 555 5308 quid
573 5238 816 5305 venerit,
857 5239 1014 5309 quasi
1038 5253 1132 5308 per
1153 5251 1340 5293 aerem
1364 5249 1591 5291 vacuum
1612 5243 1860 5290 transvo-

264 5326 357 5385 lat.
378 5330 478 5396 Qui
501 5333 798 5401 comederit,
831 5333 1024 5404 inquit,
1041 5332 1106 5387 de
1133 5330 1238 5386 ovis
1251 5345 1449 5397 eorum,
1475 5330 1741 5392 morietur,
1759 5326 1864 5385 hoc

265 5432 369 5491 est,
385 5428 472 5494 qui
490 5427 737 5483 consiliis
757 5443 945 5484 eorum
966 5426 1321 5499 acquieverit,
1336 5422 1610 5494 quomodo
1631 5421 1870 5478 Ahelac—

268 5520 469 5587 quievit
512 5520 645 5578 Cain
671 5521 897 5588 dicenti,
932 5520 1281 5577 Transeamus
1306 5519 1361 5573 in
1387 5532 1630 5588 campum
1660 5513 1868 5584 (Cenes.

343 5648 365 5716 ἡ
397 5640 636 5709 Victor.,
662 5642 838 5716 periit,
866 5651 913 5716 et
935 5656 1085 5716 nemo
1100 5640 1317 5712 suscipit
1342 5638 1514 5693 corde.
1533 5633 1612 5716 ﬁt
1626 5635 1725 5716 uiri
1733 5636 1869 5716 justi

274 5711 543 5783 tolluntur,
581 5723 633 5771 et
662 5709 825 5768 'nemo
864 5713 1177 5783 intelligit...
1221 5709 1279 5767 et
1325 5725 1453 5767 mox
1491 5709 1668 5764 ablata
1693 5716 1766 5761 est
1810 5709 1874 5762 de

278 5785 477 5853 medio:
509 5801 575 5840 ex
602 5784 876 5853 superiori
908 5799 1031 5851 cap.
1066 5783 1122 5839 5.

348 5851 376 5893 δ’
397 5855 516 5913 Duo
532 5856 630 5912 Atti
639 5851 904 5921 btosiutti,
925 5863 1122 5927 texunt,
1141 5854 1296 5927 juxta
1309 5854 1563 5913 Graecum
1584 5852 1870 5924 ὑφαίνουσι.

1963 4784 2161 4841 pacem.
2188 4766 2332 4823 LXX
2366 4785 2380 4822 :
2408 4766 2581 4834 Opera
2603 4768 2743 4821 enim
2761 4781 2943 4822 eorum
2969 4784 3130 4836 opera
3156 4769 3451 4841 iniquitatis
3478 4787 3496 4825 :
3518 4779 3567 4825 et

1961 4863 2122 4934 pedes
2144 4878 2319 4916 eorum
2351 4862 2420 4915 ad
2442 4860 2694 4915 malitiam
2721 4872 2957 4916 currunt.
2994 4861 3206 4919 Veloces
3219 4857 3570 4932 adelfunden-

1962 4956 2087 5009 dum
2107 4954 2409 5026 sanguinem
2427 4954 2696 5009 innoxium
2717 4971 2736 5010 :
2762 4964 2812 5010 et
2835 4956 3173 5031 cogitationes
3199 4972 3398 5025 eorum,
3429 4956 3575 5027 cogi-

1963 5051 2182 5105 tationes
2206 5051 2506 5104 stultorum.
2540 5046 2797 5105 Contritio
2822 5060 2870 5104 et
2902 5050 3113 5106 miseria
3142 5051 3194 5104 in
3219 5049 3314 5104 viis
3342 5065 3520 5102 eorum
3549 5062 3569 5103 :

1964 5154 2011 5200 et
2037 5145 2169 5199 tiam
2194 5145 2338 5217 pacis
2365 5159 2469 5199 non
2488 5156 2835 5217 cognoverunt
2867 5161 2887 5199 :
2913 5156 2960 5200 et
2987 5161 3088 5199 non
3111 5154 3184 5198 est
3214 5143 3479 5215 judicium
3514 5142 3573 5198 in

1967 5239 2065 5295 viis
2094 5255 2291 5293 eorum.
2314 5238 2527 5294 Semita:
2570 5238 2707 5293 enim
2737 5255 2914 5293 eorum
2937 5253 3210 5312 perversae,
3242 5252 3372 5304 quas
3403 5248 3573 5291 trans-

1971 5330 2115 5402 eunt,
2167 5340 2216 5385 et
2259 5331 2493 5387 nesciunt
2544 5346 2742 5400 pacem.
2775 5329 2903 5385 Ideo
2941 5345 3049 5386 non
3087 5328 3413 5398 operiuntur
3459 5327 3571 5400 [Ali

1974 5421 2308 5497 aperientur]
2343 5423 2603 5493 cperibus
2632 5424 2769 5485 suis,
2800 5420 2925 5491 quia
2954 5435 3120 5491 opera
3177 5433 3369 5474 eorum
3403 5434 3573 5490 opera

1978 5516 2280 5587 iniquitatis
2306 5524 2453 5583 sunt,
2484 5531 2608 5588 quae
2631 5513 2929 5585 Apostolus
2982 5512 3322 5567 infructuosa
3368 5527 3575 5584 cogno-

2051 5648 2074 5677 °
2116 5636 2306 5700 Iidem,
2331 5635 2401 5688 ad
2421 5634 2592 5690 cibum
2620 5630 2913 5700 extendere.

2049 5705 2078 5746 ἀ
2121 5708 2270 5763 Unus
2294 5699 2673 5771 Ambrosiam,
2706 5713 2750 5756 et
2773 5699 2967 5756 blanda
2992 5717 3055 5755 ac
3073 5699 3378 5771 adulatoria
3408 5699 3578 5759 Pseu-

1980 5779 2419 5851 dapropltetarum
2462 5770 2668 5847 eloquia
2702 5782 3046 5843 sumpserunt,
3071 5771 3135 5827 de
3153 5770 3362 5842 quibus,
3392 5784 3502 5834 etc.
