4084 6324
468 216 477 224 ’
492 223 597 282 587

1750 212 1810 277 S.
1853 212 2133 276 EUSEBII
2166 204 2549 275 ΗΙΕΒΟΝΫΜΙ

483 340 638 396 luere
658 329 953 395 credentes
978 338 1035 389 et
1076 342 1199 388 cum
1256 325 1537 400 Apostolis
1580 327 1925 385 omneculum
1974 327 2097 383 ﬁdei
2125 333 2175 395 Α
2202 325 2520 384 Judaeorum
2550 337 2610 379 se
2642 320 2878 381 similem
2906 318 3223 379 conﬁtetur.
3269 315 3376 379 Alii
3412 282 3605 377 autem
3658 326 3808 371 asse-

486 429 930 488 consccnderunt
949 427 1087 497 (Act.
1117 422 1201 493 v):
1229 421 1625 493 descenditque
1655 436 1821 490 super
1851 436 1947 477 eos
1971 419 2097 491 Spi-

486 524 625 581 ritus
653 529 874 579 sanctus
898 518 1099 591 (Galat.
1130 519 1196 586 t).
1229 516 1465 585 POstque
1497 529 1672 585 usque
1703 512 1769 569 ad
1801 515 2094 586 septimum

488 617 759 673 decimum
786 628 1072 670 numerum
1102 608 1295 668 ordine
1320 608 1598 683 gradiens,
1623 618 1681 664 et
1709 610 2096 681 Evangelicam

488 706 780 778 possidens
799 705 1141 777 dignitatem,
1174 702 1531 774 praecipiente
1555 701 1791 756 Domino
1807 702 1874 758 de
1892 700 2101 756 dextris

487 800 760 871 partibus,
783 811 1006 856 centum
1053 797 1447 869 quinquaginta
1504 804 1614 852 tres
1666 796 1845 865 pisces
1871 808 2099 867 magnos

487 894 657 964 capit,
691 904 747 948 et
772 892 826 949 in
854 892 1102 949 Ecclesia
1132 889 1367 946 collocat
1389 887 1571 960 (Joan.
1601 887 1736 963 xm).
1764 886 2100 945 Cuietnunc

488 986 659 1045 lsztias
690 986 960 1060 propheta
997 973 1264 1058 loquitur.

567 1172 725 1247 (Cap.
753 1172 866 1229 LX.
893 1203 962 1214 —
994 1171 1155 1229 Vers.
1190 1173 1216 1228 t
1255 1171 1442 1247 seqq.)
1471 1172 1631 1246 717
1667 1170 1855 1246 Surge,
1894 1168 2100 1224 illumi-

494 1284 621 1323 nare
647 1283 667 1322 :
693 1267 816 1338 quia
850 1267 990 1322 venit
1016 1266 1192 1321 lumen
1220 1275 1387 1331 tuum,
1417 1275 1467 1320 et
1492 1264 1660 1337 gloria
1693 1262 1904 1318 Domini
1945 1277 2107 1329 super

493 1369 544 1419 te
568 1373 683 1417 orta
711 1372 806 1416 est.
833 1360 973 1431 Quia
991 1374 1108 1415 ecce
1127 1358 1352 1414 tenebrae
1372 1358 1601 1430 operient
1633 1366 1846 1423 terram,
1870 1364 1917 1410 et
1934 1352 2108 1429 Caligo

498 1453 724 1529 populos
755 1469 775 1509 :
803 1468 962 1526 super
1003 1463 1051 1507 te
1086 1460 1258 1506 autem
1291 1452 1489 1504 orietur
1527 1448 1805 1513 Dominus,
1844 1458 1891 1500 et
1934 1445 2110 1521 gloria

503 1549 617 1622 ejus
664 1546 717 1600 in
761 1553 810 1599 te
856 1544 1135 1599 videbitur.
1168 1541 1237 1597 Et
1259 1539 1598 1596 ambulabunt
1626 1550 1800 1613 gentes
1829 1539 1886 1592 ‘iu
1915 1538 2112 1593 lumine

506 1649 616 1707 tuo,
646 1648 695 1694 et
725 1654 871 1711 reges
900 1638 952 1692 in
984 1637 1261 1710 splendore
1284 1647 1428 1689 ortus
1457 1635 1554 1688 tui.
1577 1630 1753 1688 LXX:
1774 1630 2109 1699 llluminare,

2199 431 2327 477 runt
2369 419 2488 477 ιιωο
2533 419 2723 477 omnia
2758 415 2965 475 Judaeis
3014 414 3320 473 carnaliter
3366 410 3733 484 repromissa,
3760 409 3809 465 si

2197 514 2540 589 recepissent
2576 528 2701 571 eum
2724 554 2741 581 ,
2779 513 2872 585 qui
2905 511 3043 571 dicit
3086 511 3141 566 in
3170 509 3473 580 Evangelia
3501 525 3515 559 :
3561 504 3673 578 Ego
3699 521 3812 561 sunt

2198 611 2291 667 tua:
2320 609 2499 665 mundi
2528 606 2711 681 (Joan.
2734 623 2848 674 vut,
2870 606 2985 677 t3),
3008 619 3138 677 qua:
3169 603 3447 661 illuminat
3466 613 3696 657 omnem
3719 596 3812 653 bo-

2200 704 2403 759 minem
2431 706 2743 759 venientem
2780 702 2835 757 in
2867 697 3158 763 mundum,
3188 705 3248 750 ut
3274 691 3561 767 quomodo
3579 689 3815 749 victima

2199 811 2479 855 concessae
2510 805 2637 854 sunt
2665 796 2869 868 populo
2901 793 3092 860 Israel,
3131 805 3242 849 non
3292 803 3402 860 quo
3430 802 3531 857 per
3568 800 3635 841 se
3660 785 3817 845 bona:

2202 901 2411 958 essent,
2444 891 2541 947 sed
2574 906 2643 948 ne
2667 889 3010 947 daemonibus
3033 885 3373 946 allen-rentur
3402 900 3416 939 :
3456 883 3534 939 ita
3562 890 3624 938 et
3652 879 3812 951 gula-

2205 986 2284 1043 sis
2321 984 2550 1053 Judaeis,
2598 983 2845 1056 nihilque
2874 982 3025 1039 aliud
3056 978 3439 1053 adurentibus
3466 975 3577 1035 nisi
3625 986 3818 1042 corpo-

2206 1098 2327 1141 rum
2359 1081 2689 1151 voluptates,
2736 1081 2839 1137 ista
2887 1077 3157 1139 Dominus
3180 1074 3494 1146 pollicetur,
3522 1079 3585 1126 ut
3623 1068 3819 1125 saltem

2210 1193 2306 1245 pro
2344 1173 2657 1233 carnalibus
2705 1170 3021 1241 desideriis,
3059 1179 3117 1227 et
3140 1184 3311 1237 opum
3354 1164 3697 1225 abundantia
3734 1159 3822 1216 lii-

2207 1270 2342 1327 lium
2373 1268 2470 1325 Dei
2500 1267 2871 1338 susciperent,
2903 1280 3071 1337 quem
3114 1263 3245 1335 quis
3275 1276 3387 1319 non
3427 1265 3818 1327 susceperunt,

2210 1361 2679 1437 repromissiones
2723 1376 2945 1433 quoque
2988 1359 3173 1415 irritas
3218 1358 3359 1415 lieri.
3408 1354 3655 1424 Denique
3684 1351 3824 1411 Cha-

2212 1474 2417 1515 nanaue
2448 1471 2551 1529 pro
2584 1456 2698 1513 lilia
2728 1453 3047 1525 deprecanti
3087 1470 3100 1506 :
3157 1450 3280 1509 Non
3311 1448 3448 1509 seni.
3482 1448 3684 1518 inquit,
3726 1446 3821 1501 nisi

2214 1551 2285 1605 ad
2308 1567 2427 1607 oves
2460 1549 2692 1620 perditas
2718 1546 2906 1605 damus
2928 1542 3103 1600 lsrael
3164 1541 3383 1614 (blatta.
3436 1556 3507 1599 xv
3528 1582 3544 1611 ,
3599 1538 3721 1607 an.
3760 1537 3828 1594 Et

2216 1643 2509 1714 discipulis
2534 1642 2651 1699 suis
2677 1658 2693 1697 :
2718 1639 2785 1697 In
2815 1640 2951 1697 viam
2974 1640 3211 1713 gentium
3229 1654 3295 1693 ne
3318 1635 3581 1699 abieritis,
3606 1643 3655 1689 et
3682 1632 3826 1688 inci-

500 1732 807 1789 illuminare
833 1738 883 1797 έ-
929 1727 1225 1786 Jerusalem
1250 1734 1293 1795 ⁸,
1323 1729 1460 1782 venit
1486 1727 1624 1781 enim
1662 1726 1834 1781 ιιιηιρη
1869 1736 2036 1794 tuum,
2062 1732 2111 1780 et
2143 1729 2193 1792 Β
2222 1738 2404 1793 vita“;
2434 1736 2890 1791 Samaritanorum
2922 1750 2985 1789 ηε
3021 1732 3340 1791 ﬁgurarum-ﬂ};
3380 1746 3400 1785 ε
3759 1726 3827 1783 οδ

501 1825 670 1898 gloria
701 1824 916 1879 Domini
938 1839 1096 1893 super
1128 1831 1177 1876 te
1205 1831 1320 1876 orta
1344 1830 1442 1875 est.
1467 1817 1602 1873 Ecce
1630 1818 1851 1873 tenebrat
1878 1818 2113 1888 operient

505 1929 737 1985 terram;
763 1927 810 1973 et
838 1916 1018 1989 caligo
1048 1931 1203 1988 super
1242 1922 1440 1987 gentes.
1475 1910 1648 1983 Super
1680 1923 1728 1966 te
1750 1918 1925 1965 autem
1952 1925 2118 1980 appa-

503 2012 635 2067 rebit
666 2011 939 2077 Dominus,
969 2019 1017 2064 et
1043 2008 1215 2083 gloria
1244 2008 1389 2063 illius
1419 2012 1553 2061 tute
1578 2004 1875 2061 ‘videbitur.
1906 2001 1975 2058 Et
2005 2019 2118 2058 am-

506 2103 759 2159 bulabunt
788 2112 965 2176 gentes
992 2103 1047 2156 in
1088 2101 1282 2155 lumine
1323 2109 1437 2168 tuo,
1481 2107 1532 2154 et
1569 2115 1715 2171 reges
1753 2099 1805 2152 in
1835 2095 2119 2171 splendore

505 2207 615 2253 tuo.
651 2197 794 2266 Quid
828 2195 987 2252 nobis
1034 2192 1417 2251 videreturde
1456 2187 2029 2251 immattmieSion
2064 2198 2120 2243 et

504 2291 847 2358 Jerusalem,
889 2300 945 2346 et
984 2288 1203 2346 cunctis
1241 2303 1363 2360 qua:
1396 2288 1445 2344 ei
1493 2284 1805 2358 pmpbelali
1851 2284 2122 2340 vaticinia

507 2385 928 2455 promittuntur,
974 2383 1027 2438 in
1058 2383 1166 2438 line
1213 2382 1524 2453 superioris
1562 2381 1689 2437 libri
1723 2379 1937 2449 plenius
1979 2378 2125 2433 dixi-

400 2512 405 2517 -
509 2492 655 2543 usus,
687 2478 778 2533 ubi
826 2475 1176 2547 interpretati
1218 2488 1429 2537 sumus,
1472 2472 1601 2543 quid
1648 2470 1987 2543 signiﬁcaret
2031 2470 2125 2525 ille

510 2575 825 2633 versiculus
851 2592 866 2629 :
895 2572 1082 2628 Veniet
1111 2571 1245 2627 Sion
1273 2570 1588 2641 redemptor,
1623 2576 1675 2623 et
1692 2566 1773 2620 his
1801 2566 1892 2637 qui
1913 2565 2128 2621 redeunt

509 2669 575 2724 ab
596 2667 871 2738 iniquitate
900 2666 954 2720 in
973 2661 1161 2721 Jacob.
1189 2661 1342 2717 Nunc
1364 2661 1611 2717 breviter
1638 2659 2125 2732 perstringendum

509 2770 621 2825 est,
674 2760 807 2831 quid
857 2758 1080 2829 plurimi
1124 2757 1195 2813 de
1244 2756 1351 2811 hoc
1403 2755 1529 2810 loco
1553 2756 1816 2820 sentiant,
1851 2760 2128 2807 uterrore

515 2867 832 2928 perspecta,
882 2854 1101 2909 facilius
1147 2851 1427 2922 possimus
1471 2849 1758 2920 suscipere
1802 2846 2127 2902 veritatem.

518 2951 694 3009 Judaei
712 2960 771 3007 et
786 2950 957 3005 nostri
982 2946 1315 3018 semijudazi,
1336 2947 1431 3015 qui
1456 2960 1677 3001 auream
1698 2954 1868 3015 atque
1885 2955 2133 3013 gemma-

517 3056 627 3103 tam
654 3047 724 3101 de
745 3045 889 3101 coelo
919 3048 1246 3113 exspectant
1266 3038 1601 3107 Jerusalem,
1626 3037 1744 3094 brec
1767 3037 1822 3093 in
1850 3034 2006 3092 mille
2031 3050 2131 3089 an-

2220 1846 2335 1886 oves
2374 1829 2600 1899 perditas
2644 1829 2828 1883 domus
2873 1824 3044 1882 Israel
3092 1824 3318 1898 (Ναυῆ.
3347 1838 3401 1891 x,
3434 1823 3494 1890 5,
3530 1821 3615 1890 6).
3650 1821 3821 1889 Qum

2219 1924 2291 1980 ob
2316 1936 2537 1977 causam
2563 1927 2620 1977 et
2647 1918 2899 1993 Aposmli
2940 1920 3176 1993 primum
3205 1919 3259 1971 in
3293 1915 3594 1991 synagogis
3640 1913 3825 1970 Domi-

2221 2031 2355 2072 num
2405 2012 2754 2081 nuntiabant,
2785 2013 2985 2085 quibus
3007 2027 3115 2068 non
3147 2008 3545 2080 recipientibus
3578 2008 3826 2076 Evangeo

2223 2110 2383 2176 lium,
2409 2108 2598 2165 dicttnt
2627 2107 2694 2163 ad
2723 2123 2818 2163 eos
2843 2125 2858 2162 :
2898 2106 3054 2161 i'obis
3077 2105 3289 2178 quidem
3320 2112 3623 2174 oportuerat
3645 2102 3833 2175 pradi-

2220 2204 2334 2261 cari
2380 2204 2585 2261 verbm
2620 2216 2642 2259 ε
2688 2202 2782 2261 sed
2826 2202 2957 2274 quia
2996 2216 3105 2257 non
3142 2198 3406 2272 recepistis
3445 2195 3691 2265 salutem,
3724 2212 3835 2252 ecce

2225 2297 2574 2352 convertimur
2602 2300 2671 2349 ad
2697 2302 2871 2368 gentes
2900 2293 3040 2366 (Act.
3067 2308 3180 2356 xm,
3200 2290 3317 2362 46).
3346 2291 3461 2346 Lux
3490 2292 3646 2347 enim
3678 2290 3830 2345 venit

2226 2390 2284 2447 in
2318 2387 2581 2445 mundum
2627 2405 2640 2442 :
2692 2397 2745 2443 et
2780 2388 2952 2458 magis
3001 2385 3175 2441 Judaei
3207 2384 3521 2441 dilexerunt
3552 2383 3830 2441 tenebras.

2227 2483 2385 2541 Unde
2413 2494 2469 2539 et
2504 2480 2764 2537 Dominus
2792 2498 2916 2537 cum
2949 2480 3255 2538 Jerusalem
3282 2478 3552 2544 ﬂevisset,
3586 2477 3788 2550 adjecit
3816 2495 3829 2533 :

2232 2578 2294 2634 Si
2322 2577 2479 2631 scires
2507 2576 2662 2630 etiam
2692 2586 2747 2629 tu
2773 2590 2891 2647 quae
2929 2570 2999 2628 ad
3024 2589 3200 2645 pacem
3238 2580 3360 2629 sunt
3384 2571 3478 2627 tibi
3518 2569 3678 2642 (Luc.
3727 2583 3833 2637 xu,

2232 2670 2348 2744 4‘2).
2381 2668 2552 2741 Quam
2582 2670 2706 2742 quia
2756 2683 2863 2725 non
2903 2667 3167 2739 suscepit,
3210 2664 3398 2720 intulit
3429 2680 3441 2717 :
3484 2663 3648 2719 Nunc
3672 2673 3839 2717 autem

2232 2765 2394 2820 veniet
2430 2764 2536 2818 dies
2577 2779 2729 2831 super
2776 2771 2825 2816 te
2863 2778 2881 2816 :
2923 2770 2972 2815 et
3007 2760 3406 2815 circumdabant
3436 2768 3484 2814 te
3524 2758 3730 2814 inimici
3766 2756 3839 2812 tui

2233 2856 2370 2912 vallo
2397 2875 2417 2912 :
2445 2868 2490 2911 et
2512 2854 2846 2912 coarctabunt
2865 2866 2933 2926 te,
2966 2857 3035 2909 ad
3065 2854 3229 2929 719
3256 2862 3550 2926 terramque
3576 2856 3833 2907 deducent

2235 2967 2353 3006 cum
2375 2950 2500 3022 ﬁliis
2528 2951 2631 3005 tuis
2669 2948 2863 3023 (Ιιιῑά.³
2892 2946 3008 3021 45).
3042 2949 3148 3002 Nus
3189 2955 3369 3003 autem
3406 2947 3567 3017 juxta
3601 2945 3836 3017 priorem

2236 3059 2486 3112 sensum,
2521 3045 2587 3099 ad
2613 3044 2915 3101 Ecclesiam
2938 3042 3046 3101 dici
3073 3046 3328 3099 universa
3355 3042 3649 3099 credamus
3680 3058 3694 3096 :
3724 3055 3841 3112 qua

524 3150 907 3209 nontmregno
924 3136 1107 3190 futura
1120 3130 1711 3202 contendunt,qttandn
1728 3144 1920 3186 omnes
1936 3135 2127 3200 gentes

2240 3138 2476 3207 primum
2509 3134 2577 3191 de
2598 3136 2822 3193 Judaicn
2845 3136 3052 3207 populo
3073 3144 3400 3206 entigregata
3429 3140 3537 3198 est,
3573 3144 3624 3189 et
3660 3133 3841 3189 lumen

519 3232 811 3289 servitura:
853 3238 983 3286 sunt
1028 3226 1219 3290 Israel,
1264 3234 1320 3281 et
1358 3223 1559 3281 cameli
1608 3222 1822 3279 Madian
1868 3231 1925 3278 et
1974 3218 2128 3291 pra

520 3326 589 3382 de
613 3325 757 3383 Saba
802 3327 1111 3391 venientes,
1147 3335 1348 3376 aurum
1383 3316 1639 3374 delerent
1657 3326 1713 3373 et
1744 3314 1893 3379 thus,
1929 3324 1982 3370 et
2011 3328 2135 3368 om-

522 3434 625 3476 nes
649 3433 791 3473 oves
812 3415 993 3473 Cedar
1037 3418 1468 3485 congregemur,
1502 3407 1813 3478 arietesque
1859 3403 2133 3476 Nahajutb

526 3512 777 3579 veniant,
802 3518 863 3565 ut
894 3508 1257 3565 immolentur
1278 3518 1446 3573 super
1482 3502 1656 3558 altare
1698 3498 1941 3568 Templi,
1985 3495 2135 3569 quod

522 3606 697 3662 luerit
720 3612 1084 3662 exstructum.
1106 3602 1187 3658 De
1215 3597 1409 3654 insulis
1433 3580 1672 3668 quoque,
1699 3605 1755 3650 et
1775 3593 2011 3649 maxime
2040 3606 2136 3647 na-

531 3699 688 3756 vibus
718 3698 975 3765 Tharsis,
1016 3697 1206 3752 volare
1234 3692 1380 3748 ﬁlias
1402 3691 1550 3747 illius
1588 3688 1972 3753 utcotombas,
2020 3685 2139 3743 auri

528 3793 820 3865 etargenti
858 3791 1086 3847 divitias
1122 3785 1476 3845 conferentes
1508 3800 1522 3837 :
1574 3791 1630 3839 et
1658 3780 1920 3837 aediﬁcari
1953 3793 2140 3836 muros

528 3887 835 3946 Jerusalem
862 3886 935 3941 ab
954 3882 1309 3954 alienigenis.
1337 3879 1533 3951 quibus
1565 3876 1792 3948 pra-sint
1819 3889 1979 3945 reges
2007 3889 2145 3945 gen-

536 3986 697 4050 tium,
742 3994 1081 4052 semperque
1120 3986 1341 4049 apertas
1387 3972 1509 4029 fore
1546 3982 1738 4044 portas
1781 3968 2050 4033 civitatis,
2080 3976 2142 4022 ut

534 4075 734 4131 diebus
787 4089 853 4130 ac
902 4072 1158 4128 noctibus
1203 4067 1410 4124 divitia:
1449 4064 1758 4124 Jerusalem
1803 4072 1863 4118 et‘
1902 4061 2142 4117 victima:

532 4169 868 4225 deformatur.
904 4166 972 4220 Et
1009 4164 1195 4221 omnia
1233 4177 1360 4233 qua!
1414 4160 1634 4217 deserta
1676 4166 1805 4213 sunt
1834 4156 2141 4229 cyparisso,

537 4269 597 4318 et
632 4261 784 4331 piito,
834 4267 893 4314 et
926 4257 1099 4313 cedro
1140 4254 1310 4310 sectis
1342 4252 1396 4308 in
1448 4252 1677 4317 Libano,
1727 4246 2092 4305 construenda
2129 4264 2143 4301 :

543 4355 823 4425 praecipue
853 4347 1147 4418 Tampium
1180 4345 1421 4411 Domini,
1455 4346 1510 4398 in
1541 4356 1650 4414 quo
1675 4341 1749 4396 sit
1777 4340 1958 4396 laetltia
1999 4356 2147 4398 sem-

2236 3229 2385 3302 quod
2408 3245 2577 3301 super
2603 3245 2723 3285 eam
2755 3240 2943 3284 ortum
2974 3227 3169 3294 luerat,
3206 3242 3305 3297 per
3333 3224 3635 3296 Apostolos
3672 3236 3842 3281 trans-

2239 3325 2389 3378 misit
2426 3322 2491 3377 ad
2523 3335 2737 3394 gentes.
2770 3318 2870 3377 Cui
2903 3319 3104 3376 dicitur
3134 3337 3149 3376 :
3196 3316 3393 3390 Surge,
3416 3317 3760 3389 illuminare;
3789 3328 3844 3375 nt

2239 3430 2361 3486 qure
2387 3414 2588 3471 cecidit
2614 3414 2667 3469 in
2694 3412 3013 3481 incredulis,
3050 3421 3236 3480 surgat
3261 3408 3315 3466 in
3346 3410 3635 3469 Fidelibns
3668 3431 3679 3467 :
3722 3428 3844 3484 qua:

2239 3508 2447 3564 cecidit
2490 3509 2543 3564 in
2591 3509 2909 3583 synagugis,
2952 3517 3141 3579 surgat
3169 3506 3221 3565 in
3254 3506 3524 3566 Ecalesiis
3563 3526 3577 3565 :
3612 3518 3671 3563 et
3698 3516 3845 3579 pust-

2242 3616 2405 3674 qnam
2430 3604 2754 3671 surrexerit,
2784 3603 3142 3668 illuminelur,
3160 3612 3221 3659 ut
3246 3612 3589 3675 nequaquam
3613 3601 3847 3660 habeant

2244 3696 2449 3754 erroris
2492 3698 2766 3755 tenebras.
2817 3694 2969 3755 Venit
3018 3698 3181 3764 enim,
3226 3698 3429 3768 inquit,
3471 3698 3645 3755 (uinea
3678 3705 3843 3764 tuum,

2243 3788 2390 3865 quod
2433 3807 2627 3877 omnes
2664 3790 2956 3862 Propheta:
2986 3790 3421 3863 pollicebantur,
3474 3789 3623 3862 quod
3648 3790 3849 3862 iugiter

2245 3886 2626 3959 exspectabas.
2682 3883 2748 3941 Et
2791 3886 2962 3960 gloria
2997 3882 3233 3951 Domini,
3263 3898 3389 3955 quae
3431 3881 3710 3952 quondam
3749 3880 3847 3937 luit

2243 3993 2409 4051 super
2436 3979 2872 4046 tabernaculum,
2905 3989 2964 4035 et
2987 3977 3274 4048 Templum
3323 3976 3464 4048 ejus,
3500 3984 3623 4033 orta
3654 3984 3730 4032 est
3755 3992 3842 4031 su-

2246 4088 2335 4144 per
2366 4080 2413 4127 te
2434 4089 2455 4127 :
2480 4071 2551 4128 de
2576 4087 2680 4142 qua
2708 4070 2914 4127 dictum
2945 4079 3030 4129 est
3060 4088 3073 4125 :
3099 4068 3345 4127 Gloriosa
3367 4069 3512 4123 dicta
3536 4078 3661 4123 sunt
3690 4067 3753 4122 de
3776 4077 3841 4134 te,

2247 4164 2428 4220 civitas
2470 4162 2567 4218 Dei
2613 4162 2734 4239 (Ps.
2769 4176 2993 4234 ιιιινι,
3024 4163 3111 4236 ‘2).
3136 4161 3272 4218 Ecce
3310 4161 3449 4216 enim
3474 4161 3700 4219 tenebrae
3728 4177 3845 4233 ope-

2246 4256 2384 4313 rient
2425 4267 2634 4327 terram,
2682 4272 2778 4313 eos
2806 4258 2899 4331 qni
2931 4268 3146 4315 terrena
3185 4256 3439 4328 sapiunt;
3474 4266 3523 4315 et
3553 4256 3730 4330 caligo
3758 4271 3846 4327 po-

2249 4350 2425 4423 pulos,
2476 4351 2593 4407 sive
2646 4351 2780 4407 utin
2814 4350 3082 4409 ﬂebraico
3124 4350 3324 4425 legimr
3365 4367 3380 4406 :
3427 4348 3619 4405 Tribus
3658 4365 3677 4403 :
3710 4346 3845 4419 quod

539 4447 759 4518 piterna
795 4458 811 4498 :
854 4442 931 4497 ita
974 4452 1033 4495 ut
1064 4448 1226 4509 sugat
1254 4438 1341 4492 lac
1367 4437 1674 4500 nationum,
1705 4438 1757 4488 Ol
1792 4448 1978 4503 regum
2007 4432 2147 4489 divi-
2251 4440 2468 4517 proprie
2491 4443 2730 4500 refertur
2755 4444 2820 4500 ad
2842 4440 3084 4506 Judmos.
3110 4444 3179 4501 de
3198 4444 3395 4517 quibus
3420 4444 3474 4499 in
3502 4443 3611 4499 alio
3641 4442 3844 4515 psalmo

546 4541 653 4595 tias
694 4534 971 4600 comedat,
1013 4542 1337 4602 tantamque
1372 4527 1761 4584 abundantiam
1802 4542 1985 4582 rerum
2027 4541 2127 4580 our

2255 4534 2520 4607 scriptum
2568 4548 2649 4592 εει
2683 4556 2699 4591 :
2741 4535 2883 4592 Illuc
2921 4537 3058 4592 enim
3092 4537 3434 4593 ascenderunt
3477 4536 3673 4603 tribus,
3694 4535 3846 4592 tribus

543 4634 697 4688 nium
729 4629 869 4699 fore,
916 4637 975 4684 ut
1015 4643 1119 4699 pro
1162 4641 1292 4688 rere,
1338 4638 1528 4679 aurum
1562 4621 1821 4687 habeant,
1869 4636 1965 4691 pro
1998 4619 2146 4676 ferro

544 4732 858 4793 argentum,
894 4733 992 4789 pro
1024 4717 1210 4785 lignis,
1237 4714 1404 4789 718
1445 4727 1543 4780 ais,
1576 4726 1677 4783 pro
1710 4711 2002 4783 lapidibus,
2036 4709 2143 4766 ler-

545 4831 692 4872 rum.
718 4812 1007 4881 Principes
1035 4824 1248 4880 quoque
1279 4810 1427 4862 illius
1458 4816 1658 4861 interna
1694 4818 1825 4874 pace
1857 4802 2143 4870 l'ruituros,

546 4920 603 4966 et
641 4908 932 4978 episcopus
973 4904 1302 4975 pra-loturos
1344 4901 1562 4971 populis
1601 4899 1654 4954 in
1692 4897 1935 4969 iustitia,
1964 4897 2063 4953 δρᾶ
2089 4906 2146 4954 et

546 5012 733 5074 portas
773 4998 981 5054 futuras
1015 4995 1375 5069 anaglypltas.
1420 4994 1485 5049 Et
1530 4991 1674 5062 quod
1707 4991 1793 5047 bis
1826 4992 2000 5062 majus
2032 5000 2141 5058 est,

550 5113 648 5166 pro
674 5094 797 5150 sale
834 5102 895 5149 et
920 5092 1066 5159 luna,
1110 5091 1288 5162 ipsum
1320 5088 1611 5143 Dominum
1639 5093 1853 5140 aeterna
1878 5086 2007 5140 hsce
2044 5084 2147 5140 ful-

542 5204 731 5245 surnm
781 5204 794 5241 :
842 5194 901 5240 et
946 5198 1047 5252 pro
1090 5200 1201 5238 uno
1233 5180 1460 5237 homine
1490 5178 1799 5235 habituram
1843 5192 1962 5233 eam
1996 5176 2147 5239 mille

542 5282 879 5340 fortissimos
903 5280 1073 5347 viros,
1100 5285 1157 5331 et
1184 5291 1282 5344 pro
1311 5273 1575 5345 parvulis,
1605 5278 1799 5343 gentes
1825 5269 2147 5327 robustissi-

542 5399 663 5439 mas
693 5391 1101 5451 possessumm.
1134 5373 1261 5428 liae
1300 5370 1383 5425 illi
1407 5369 1620 5431 dicunt,
1649 5367 1749 5437 qui
1772 5374 2022 5421 terrenas
2050 5366 2149 5422 de-

542 5474 790 5529 siderant
820 5469 1151 5538 voluptates,
1201 5472 1256 5518 et
1287 5474 1517 5516 uxorum
1561 5467 1816 5530 quaerunt
1840 5456 2146 5525 pulchritu-

544 5564 751 5629 dinem,
773 5576 839 5616 ac
862 5572 1150 5615 numerum
1181 5555 1750 5623 liberorum,qnorum
1779 5549 1923 5603 Deus
1950 5562 2143 5608 venter

542 5667 648 5723 οδι,
700 5663 757 5711 et
799 5652 970 5723 gloria
1020 5651 1077 5707 in
1125 5645 1451 5709 confusione
1482 5659 1673 5701 eorum
1720 5643 1987 5715 (Philipp.
2032 5643 2136 5715 Ill),

543 5763 772 5820 quurum
797 5746 891 5815 qui
909 5744 1159 5813 sequitur
1175 5752 1447 5803 errorem,
1468 5735 1571 5791 sub
1583 5736 1804 5791 nomine
1822 5732 2142 5793 Christiano

2251 4626 2486 4697 Domini,
2538 4630 2889 4684 testimonium
2928 4627 3100 4686 Israel
3137 4629 3256 4705 (Ps.
3299 4646 3451 4699 cm,
3492 4630 3575 4701 4).
3611 4629 3780 4703 Super
3805 4639 3849 4685 te

2251 4732 2427 4777 autem
2456 4721 2650 4777 orietur
2681 4721 2956 4789 Dominus,
2995 4723 3079 4778 sol
3116 4722 3367 4796 iustitiae,
3397 4733 3447 4779 et
3468 4723 3640 4795 gloria
3666 4726 3777 4796 ejus
3797 4724 3849 4781 in

2253 4824 2301 4869 te
2322 4816 2571 4872 videbitur
2598 4808 2616 4872 ἐ
2655 4817 2724 4874 de
2768 4833 2871 4889 qua
2908 4818 3177 4886 scriptum
3210 4830 3296 4875 est
3324 4836 3339 4874 :
3370 4817 3440 4874 Et
3481 4820 3714 4875 vidimus
3740 4820 3850 4891 gla-

2250 4907 2385 4961 riam
2408 4909 2543 4978 ejus,
2586 4911 2810 4984 gloriam
2848 4911 2999 4981 quasi
3046 4912 3305 4980 unigeniti
3349 4929 3383 4966 a
3431 4910 3611 4975 Patre,
3642 4914 3847 4987 plenum

2249 4999 2438 5069 gratias
2465 5009 2517 5053 et
2541 5001 2775 5057 veritam
2803 5000 2987 5071 (Joan.
3015 5016 3053 5065 ι,
3090 5002 3202 5073 14).
3238 5000 3307 5057 Et
3355 5003 3699 5060 ambulabunt
3726 5023 3846 5080 gen-

2242 5098 2317 5145 tes
2336 5092 2391 5145 in
2418 5091 2612 5148 lumine
2656 5102 2766 5149 tuo.
2791 5092 2902 5151 Nos
2928 5110 3126 5154 omnes
3156 5097 3564 5155 antbulabimus
3597 5098 3651 5154 in
3697 5098 3843 5168 Apo-

2245 5185 2514 5241 stolarum
2546 5187 2692 5255 luce,
2722 5204 2847 5257 qua!
2870 5190 3017 5245 lucet
3046 5191 3107 5245 in
3129 5191 3361 5252 munde.
3380 5199 3440 5245 et
3466 5192 3715 5248 tenebar:
3732 5204 3849 5251 wn

2248 5291 2357 5332 non
2389 5281 2944 5349 comprehenderunt.
2979 5282 3053 5339 Et
3090 5298 3253 5357 reges,
3277 5283 3551 5355 inquit,in
3579 5286 3850 5358 splendore

2249 5382 2397 5427 ortus
2424 5374 2501 5429 tui
2527 5391 2546 5430 :
2572 5376 2792 5446 quando
2824 5378 3057 5449 primum
3085 5378 3139 5435 in
3172 5379 3396 5437 Christo
3424 5389 3553 5438 nata
3582 5398 3663 5439 es.
3695 5381 3849 5451 Quod

2250 5471 2305 5520 et
2333 5465 2698 5534 Spiritualiter
2722 5468 3075 5541 implotur,et
3098 5473 3419 5537 carnaliter.
3442 5483 3509 5529 ut
3528 5488 3691 5546 reges
3720 5490 3849 5545 quo-

2252 5572 2371 5613 rum
2396 5562 2570 5615 coria
2596 5576 2763 5616 manu
2804 5563 3021 5621 Donsini
3060 5573 3165 5633 est,
3198 5575 3255 5621 et
3278 5565 3479 5638 quibus
3517 5582 3628 5623 non
3661 5577 3847 5639 regnat

2248 5658 2529 5717 peceatum
2560 5652 2614 5708 in
2638 5650 2851 5709 mortali
2880 5668 3113 5728 corpore
3144 5656 3333 5725 (Prov.
3384 5658 3525 5728 xxi),
3567 5661 3843 5718 ambulent

2248 5740 2303 5796 in
2334 5741 2637 5813 splendore
2654 5747 2936 5807 omnis
2980 5748 3271 5820 Ecclesia.
3294 5751 3417 5811 sine
3448 5752 3723 5826 in.qu
3754 5767 3840 5811 sr-
