  <div class='ocr_page' id='page_1' title='image "/cluster/home/n/w/nwhite01/storage/ocr_20150623/24/hvd.32044015471386/304.png"; bbox 0 0 4084 6324; ppageno 0'>
   <div class='ocr_carea' id='block_1_1' title="bbox 254 344 358 408">
    <p class='ocr_par' dir='ltr' id='par_1_1' title="bbox 254 344 358 408">
     <span class='ocr_line' id='line_1_1' title="bbox 254 344 358 408; baseline 0 0"><span class='ocrx_word' id='word_1_1' title='bbox 254 344 358 408; x_wconf 66' lang='grc' dir='ltr'>Μ</span> 
     </span>
    </p>
   </div>
   <div class='ocr_carea' id='block_1_2' title="bbox 791 336 1869 437">
    <p class='ocr_par' dir='ltr' id='par_1_2' title="bbox 791 338 1869 407">
     <span class='ocr_line' id='line_1_2' title="bbox 791 338 1869 407; baseline -0.006 0"><span class='ocrx_word' id='word_1_2' title='bbox 791 345 1441 407; x_wconf 67' lang='grc' dir='ltr'><strong>ΟΟΜΜΕΝΤΑΚΙΟΠΗΜ</strong></span> <span class='ocrx_word' id='word_1_3' title='bbox 1476 344 1546 403; x_wconf 74' lang='lat' dir='ltr'><strong>1N</strong></span> <span class='ocrx_word' id='word_1_4' title='bbox 1583 338 1817 404; x_wconf 64' lang='lat' dir='ltr'><strong>[SAM</strong></span> <span class='ocrx_word' id='word_1_5' title='bbox 1859 342 1869 401; x_wconf 87' lang='lat' dir='ltr'><strong>l</strong></span> 
     </span>
    </p>
   </div>
   <div class='ocr_carea' id='block_1_3' title="bbox 1969 336 3033 437">
    <p class='ocr_par' dir='ltr' id='par_1_3' title="bbox 1969 338 3033 402">
     <span class='ocr_line' id='line_1_3' title="bbox 1969 338 3033 402; baseline -0.002 0"><span class='ocrx_word' id='word_1_6' title='bbox 1969 338 2279 402; x_wconf 74' lang='lat' dir='ltr'><strong>)PHETMI</strong></span> <span class='ocrx_word' id='word_1_7' title='bbox 2321 346 2449 401; x_wconf 81' lang='lat' dir='ltr'><strong>LIB.</strong></span> <span class='ocrx_word' id='word_1_8' title='bbox 2490 343 2658 401; x_wconf 80' lang='lat' dir='ltr'><strong>XVII.</strong></span> <span class='ocrx_word' id='word_1_9' title='bbox 2698 344 2854 401; x_wconf 77' lang='lat' dir='ltr'><strong>CAP.</strong></span> <span class='ocrx_word' id='word_1_10' title='bbox 2894 344 3033 402; x_wconf 81' lang='lat' dir='ltr'><strong>LXI.</strong></span> 
     </span>
    </p>
   </div>
   <div class='ocr_carea' id='block_1_4' title="bbox 3449 344 3553 398">
    <p class='ocr_par' dir='ltr' id='par_1_4' title="bbox 3449 344 3553 398">
     <span class='ocr_line' id='line_1_4' title="bbox 3449 344 3553 398; baseline 0 0"><span class='ocrx_word' id='word_1_11' title='bbox 3449 344 3553 398; x_wconf 68' lang='lat'><strong>598</strong></span> 
     </span>
    </p>
   </div>
   <div class='ocr_carea' id='block_1_5' title="bbox 252 452 3553 536">
    <p class='ocr_par' dir='ltr' id='par_1_5' title="bbox 252 452 3553 536">
     <span class='ocr_line' id='line_1_5' title="bbox 252 452 3553 536; baseline -0.001 -18"><span class='ocrx_word' id='word_1_12' title='bbox 252 470 415 519; x_wconf 73' lang='lat' dir='ltr'><strong>tuost.</strong></span> <span class='ocrx_word' id='word_1_13' title='bbox 434 452 561 518; x_wconf 82' lang='lat' dir='ltr'><strong><em>Non</em></strong></span> <span class='ocrx_word' id='word_1_14' title='bbox 581 460 782 519; x_wconf 83' lang='lat' dir='ltr'><strong>occidet</strong></span> <span class='ocrx_word' id='word_1_15' title='bbox 808 462 943 518; x_wconf 69' lang='lat' dir='ltr'><strong>ultra</strong></span> <span class='ocrx_word' id='word_1_16' title='bbox 957 462 1036 519; x_wconf 81' lang='lat' dir='ltr'><strong>sol</strong></span> <span class='ocrx_word' id='word_1_17' title='bbox 1053 473 1192 531; x_wconf 81' lang='lat' dir='ltr'><strong>tuus,</strong></span> <span class='ocrx_word' id='word_1_18' title='bbox 1218 468 1265 517; x_wconf 80' lang='lat' dir='ltr'><strong>et</strong></span> <span class='ocrx_word' id='word_1_19' title='bbox 1281 460 1408 518; x_wconf 87' lang='lat' dir='ltr'><strong>luna</strong></span> <span class='ocrx_word' id='word_1_20' title='bbox 1431 470 1519 517; x_wconf 86' lang='lat' dir='ltr'><strong>tua</strong></span> <span class='ocrx_word' id='word_1_21' title='bbox 1545 462 1853 517; x_wconf 85' lang='lat' dir='ltr'><strong>nonntinue-</strong></span> <span class='ocrx_word' id='word_1_22' title='bbox 1887 466 1932 527; x_wconf 73' lang='grc' dir='ltr'>Α</span> <span class='ocrx_word' id='word_1_23' title='bbox 1962 459 2129 516; x_wconf 84' lang='lat' dir='ltr'><strong>Credo</strong></span> <span class='ocrx_word' id='word_1_24' title='bbox 2152 460 2322 517; x_wconf 85' lang='lat' dir='ltr'><strong>videre</strong></span> <span class='ocrx_word' id='word_1_25' title='bbox 2340 458 2473 516; x_wconf 87' lang='lat' dir='ltr'><strong>bona</strong></span> <span class='ocrx_word' id='word_1_26' title='bbox 2500 459 2711 516; x_wconf 81' lang='lat' dir='ltr'><strong>Domini</strong></span> <span class='ocrx_word' id='word_1_27' title='bbox 2732 467 2782 517; x_wconf 89' lang='lat' dir='ltr'><strong><em>in</em></strong></span> <span class='ocrx_word' id='word_1_28' title='bbox 2800 472 2937 519; x_wconf 90' lang='lat' dir='ltr'><strong>terra</strong></span> <span class='ocrx_word' id='word_1_29' title='bbox 2964 463 3237 517; x_wconf 74' lang='lat' dir='ltr'><strong>viventium</strong></span> <span class='ocrx_word' id='word_1_30' title='bbox 3260 460 3378 536; x_wconf 84' lang='lat' dir='ltr'><strong>(Ps.</strong></span> <span class='ocrx_word' id='word_1_31' title='bbox 3403 476 3553 530; x_wconf 77' lang='lat' dir='ltr'><strong>xxvr,</strong></span> 
     </span>
    </p>
   </div>
   <div class='ocr_carea' id='block_1_6' title="bbox 255 548 1850 625">
    <p class='ocr_par' dir='ltr' id='par_1_6' title="bbox 255 548 1850 625">
     <span class='ocr_line' id='line_1_6' title="bbox 255 548 1850 625; baseline -0.001 -16"><span class='ocrx_word' id='word_1_32' title='bbox 255 566 358 621; x_wconf 86' lang='lat' dir='ltr'><strong>tur,</strong></span> <span class='ocrx_word' id='word_1_33' title='bbox 374 557 497 625; x_wconf 73' lang='lat' dir='ltr'><strong>quia</strong></span> <span class='ocrx_word' id='word_1_34' title='bbox 515 553 777 611; x_wconf 83' lang='lat' dir='ltr'><strong><em>Dominus</em></strong></span> <span class='ocrx_word' id='word_1_35' title='bbox 789 555 884 611; x_wconf 81' lang='lat' dir='ltr'><strong>erit</strong></span> <span class='ocrx_word' id='word_1_36' title='bbox 899 552 953 609; x_wconf 86' lang='lat' dir='ltr'><strong>in</strong></span> <span class='ocrx_word' id='word_1_37' title='bbox 976 555 1139 608; x_wconf 80' lang='lat' dir='ltr'><strong>lucent</strong></span> <span class='ocrx_word' id='word_1_38' title='bbox 1157 554 1545 624; x_wconf 76' lang='lat' dir='ltr'><strong>sempiternam,</strong></span> <span class='ocrx_word' id='word_1_39' title='bbox 1562 562 1608 608; x_wconf 87' lang='lat' dir='ltr'><strong>et</strong></span> <span class='ocrx_word' id='word_1_40' title='bbox 1625 548 1850 623; x_wconf 86' lang='lat' dir='ltr'><strong>comple-</strong></span> 
     </span>
    </p>
   </div>
   <div class='ocr_carea' id='block_1_7' title="bbox 1953 548 3559 628">
    <p class='ocr_par' dir='ltr' id='par_1_7' title="bbox 1953 548 3559 628">
     <span class='ocr_line' id='line_1_7' title="bbox 1953 548 3559 628; baseline -0.002 -17"><span class='ocrx_word' id='word_1_41' title='bbox 1953 548 2203 628; x_wconf 70' lang='lat' dir='ltr'><strong>l3),cuni</strong></span> <span class='ocrx_word' id='word_1_42' title='bbox 2231 572 2454 628; x_wconf 81' lang='lat' dir='ltr'><strong>germen</strong></span> <span class='ocrx_word' id='word_1_43' title='bbox 2481 552 2831 625; x_wconf 86' lang='lat' dir='ltr'><strong>plantationis</strong></span> <span class='ocrx_word' id='word_1_44' title='bbox 2854 556 3172 617; x_wconf 83' lang='lat' dir='ltr'><strong>Dominisit.</strong></span> <span class='ocrx_word' id='word_1_45' title='bbox 3199 568 3256 612; x_wconf 90' lang='lat' dir='ltr'><strong>et</strong></span> <span class='ocrx_word' id='word_1_46' title='bbox 3277 570 3416 627; x_wconf 84' lang='lat' dir='ltr'><strong>opus</strong></span> <span class='ocrx_word' id='word_1_47' title='bbox 3443 569 3559 609; x_wconf 82' lang='lat' dir='ltr'><strong>ma-</strong></span> 
     </span>
    </p>
   </div>
   <div class='ocr_carea' id='block_1_8' title="bbox 251 636 3561 721">
    <p class='ocr_par' dir='ltr' id='par_1_8' title="bbox 251 636 3561 721">
     <span class='ocr_line' id='line_1_8' title="bbox 251 636 3561 721; baseline -0 -18"><span class='ocrx_word' id='word_1_48' title='bbox 251 649 448 704; x_wconf 74' lang='lat' dir='ltr'><strong>bunatr</strong></span> <span class='ocrx_word' id='word_1_49' title='bbox 476 649 592 704; x_wconf 78' lang='lat' dir='ltr'><strong>dies</strong></span> <span class='ocrx_word' id='word_1_50' title='bbox 621 650 792 705; x_wconf 77' lang='lat' dir='ltr'><strong>luctus</strong></span> <span class='ocrx_word' id='word_1_51' title='bbox 814 649 907 704; x_wconf 82' lang='lat' dir='ltr'><strong>tui.</strong></span> <span class='ocrx_word' id='word_1_52' title='bbox 942 636 1082 705; x_wconf 69' lang='lat' dir='ltr'><strong>LXX</strong></span> <span class='ocrx_word' id='word_1_53' title='bbox 1109 666 1122 704; x_wconf 91' lang='lat'><strong>:</strong></span> <span class='ocrx_word' id='word_1_54' title='bbox 1155 640 1223 704; x_wconf 80' lang='lat' dir='ltr'><strong>Et</strong></span> <span class='ocrx_word' id='word_1_55' title='bbox 1243 662 1347 703; x_wconf 87' lang='lat' dir='ltr'><strong>non</strong></span> <span class='ocrx_word' id='word_1_56' title='bbox 1374 651 1473 704; x_wconf 86' lang='lat' dir='ltr'><strong>erit</strong></span> <span class='ocrx_word' id='word_1_57' title='bbox 1499 648 1591 703; x_wconf 90' lang='lat' dir='ltr'><strong>tibi</strong></span> <span class='ocrx_word' id='word_1_58' title='bbox 1612 648 1690 703; x_wconf 88' lang='lat' dir='ltr'><strong>sol</strong></span> <span class='ocrx_word' id='word_1_59' title='bbox 1712 648 1853 702; x_wconf 90' lang='lat' dir='ltr'><strong>ultra</strong></span> <span class='ocrx_word' id='word_1_60' title='bbox 1953 666 2122 706; x_wconf 89' lang='lat' dir='ltr'><strong>nuum</strong></span> <span class='ocrx_word' id='word_1_61' title='bbox 2146 648 2268 719; x_wconf 90' lang='lat' dir='ltr'><strong>ejus</strong></span> <span class='ocrx_word' id='word_1_62' title='bbox 2299 650 2365 705; x_wconf 84' lang='lat' dir='ltr'><strong>ad</strong></span> <span class='ocrx_word' id='word_1_63' title='bbox 2390 650 2810 721; x_wconf 87' lang='lat' dir='ltr'><strong>glorilicandum</strong></span> <span class='ocrx_word' id='word_1_64' title='bbox 2845 651 3036 706; x_wconf 89' lang='lat' dir='ltr'><strong>Deum.</strong></span> <span class='ocrx_word' id='word_1_65' title='bbox 3061 649 3252 705; x_wconf 82' lang='lat' dir='ltr'><strong>Omnis</strong></span> <span class='ocrx_word' id='word_1_66' title='bbox 3274 649 3442 716; x_wconf 83' lang='lat' dir='ltr'><strong>enim,</strong></span> <span class='ocrx_word' id='word_1_67' title='bbox 3476 647 3561 704; x_wconf 87' lang='lat' dir='ltr'><strong>in-</strong></span> 
     </span>
    </p>
   </div>
   <div class='ocr_carea' id='block_1_9' title="bbox 252 734 1852 814">
    <p class='ocr_par' dir='ltr' id='par_1_9' title="bbox 252 734 1852 814">
     <span class='ocr_line' id='line_1_9' title="bbox 252 734 1852 814; baseline 0 -18"><span class='ocrx_word' id='word_1_68' title='bbox 252 742 307 796; x_wconf 86' lang='lat' dir='ltr'><strong>in</strong></span> <span class='ocrx_word' id='word_1_69' title='bbox 338 740 508 797; x_wconf 84' lang='lat' dir='ltr'><strong>lucent</strong></span> <span class='ocrx_word' id='word_1_70' title='bbox 538 742 673 809; x_wconf 84' lang='lat' dir='ltr'><strong>diei,</strong></span> <span class='ocrx_word' id='word_1_71' title='bbox 715 754 881 814; x_wconf 79' lang='lat' dir='ltr'><strong>neque</strong></span> <span class='ocrx_word' id='word_1_72' title='bbox 914 748 1055 797; x_wconf 88' lang='lat' dir='ltr'><strong>ortus</strong></span> <span class='ocrx_word' id='word_1_73' title='bbox 1094 734 1233 797; x_wconf 74' lang='lat' dir='ltr'><strong>litate</strong></span> <span class='ocrx_word' id='word_1_74' title='bbox 1269 742 1440 797; x_wconf 80' lang='lat' dir='ltr'><strong>lumen</strong></span> <span class='ocrx_word' id='word_1_75' title='bbox 1489 736 1729 806; x_wconf 69' lang='lat' dir='ltr'><strong>prabebit</strong></span> <span class='ocrx_word' id='word_1_76' title='bbox 1760 740 1852 796; x_wconf 86' lang='lat' dir='ltr'><strong>tibi</strong></span> 
     </span>
    </p>
   </div>
   <div class='ocr_carea' id='block_1_10' title="bbox 253 824 1855 906">
    <p class='ocr_par' dir='ltr' id='par_1_10' title="bbox 253 824 1855 906">
     <span class='ocr_line' id='line_1_10' title="bbox 253 824 1855 906; baseline -0.002 -15"><span class='ocrx_word' id='word_1_77' title='bbox 253 846 400 891; x_wconf 86' lang='lat' dir='ltr'><strong>nocte</strong></span> <span class='ocrx_word' id='word_1_78' title='bbox 418 851 438 903; x_wconf 80' lang='lat'><strong>,°</strong></span> <span class='ocrx_word' id='word_1_79' title='bbox 465 835 561 891; x_wconf 88' lang='lat' dir='ltr'><strong>sed</strong></span> <span class='ocrx_word' id='word_1_80' title='bbox 588 839 686 891; x_wconf 84' lang='lat' dir='ltr'><strong>erit</strong></span> <span class='ocrx_word' id='word_1_81' title='bbox 711 834 803 891; x_wconf 85' lang='lat' dir='ltr'><strong>tibi</strong></span> <span class='ocrx_word' id='word_1_82' title='bbox 829 832 1084 890; x_wconf 88' lang='lat' dir='ltr'><strong>Dominus</strong></span> <span class='ocrx_word' id='word_1_83' title='bbox 1115 833 1207 890; x_wconf 76' lang='lat' dir='ltr'><strong>luo:</strong></span> <span class='ocrx_word' id='word_1_84' title='bbox 1242 846 1460 901; x_wconf 73' lang='lat' dir='ltr'><strong>teterna,</strong></span> <span class='ocrx_word' id='word_1_85' title='bbox 1485 844 1530 889; x_wconf 81' lang='lat' dir='ltr'><strong>et</strong></span> <span class='ocrx_word' id='word_1_86' title='bbox 1561 826 1702 888; x_wconf 83' lang='lat' dir='ltr'><strong>Deus</strong></span> <span class='ocrx_word' id='word_1_87' title='bbox 1739 824 1855 906; x_wconf 86' lang='lat' dir='ltr'><strong>glo-</strong></span> 
     </span>
    </p>
   </div>
   <div class='ocr_carea' id='block_1_11' title="bbox 255 926 1851 993">
    <p class='ocr_par' dir='ltr' id='par_1_11' title="bbox 255 926 1851 993">
     <span class='ocr_line' id='line_1_11' title="bbox 255 926 1851 993; baseline -0.002 -8"><span class='ocrx_word' id='word_1_88' title='bbox 255 930 337 985; x_wconf 86' lang='lat' dir='ltr'><strong>ria</strong></span> <span class='ocrx_word' id='word_1_89' title='bbox 375 938 490 984; x_wconf 85' lang='lat' dir='ltr'><strong>tua.</strong></span> <span class='ocrx_word' id='word_1_90' title='bbox 535 928 662 984; x_wconf 81' lang='lat' dir='ltr'><strong>Non</strong></span> <span class='ocrx_word' id='word_1_91' title='bbox 703 931 841 985; x_wconf 87' lang='lat' dir='ltr'><strong>enim</strong></span> <span class='ocrx_word' id='word_1_92' title='bbox 885 930 1082 985; x_wconf 87' lang='lat' dir='ltr'><strong>occidet</strong></span> <span class='ocrx_word' id='word_1_93' title='bbox 1114 928 1194 984; x_wconf 85' lang='lat' dir='ltr'><strong>sol</strong></span> <span class='ocrx_word' id='word_1_94' title='bbox 1238 928 1352 993; x_wconf 80' lang='lat' dir='ltr'><strong>tibi,</strong></span> <span class='ocrx_word' id='word_1_95' title='bbox 1386 938 1433 983; x_wconf 90' lang='lat' dir='ltr'><strong>et</strong></span> <span class='ocrx_word' id='word_1_96' title='bbox 1464 928 1590 984; x_wconf 85' lang='lat' dir='ltr'><strong>luna</strong></span> <span class='ocrx_word' id='word_1_97' title='bbox 1627 926 1720 982; x_wconf 88' lang='lat' dir='ltr'><strong>tibi</strong></span> <span class='ocrx_word' id='word_1_98' title='bbox 1750 944 1851 983; x_wconf 92' lang='lat' dir='ltr'><strong>non</strong></span> 
     </span>
    </p>
   </div>
   <div class='ocr_carea' id='block_1_12' title="bbox 255 1019 1854 1096">
    <p class='ocr_par' dir='ltr' id='par_1_12' title="bbox 255 1019 1854 1096">
     <span class='ocr_line' id='line_1_12' title="bbox 255 1019 1854 1096; baseline -0.001 -20"><span class='ocrx_word' id='word_1_99' title='bbox 255 1023 479 1094; x_wconf 72' lang='lat' dir='ltr'><strong>deﬁciet.</strong></span> <span class='ocrx_word' id='word_1_100' title='bbox 530 1020 751 1093; x_wconf 80' lang='lat' dir='ltr'><strong>Eritque</strong></span> <span class='ocrx_word' id='word_1_101' title='bbox 779 1020 1035 1077; x_wconf 77' lang='lat' dir='ltr'><strong>Dominus</strong></span> <span class='ocrx_word' id='word_1_102' title='bbox 1063 1020 1157 1078; x_wconf 78' lang='lat' dir='ltr'><strong>lux</strong></span> <span class='ocrx_word' id='word_1_103' title='bbox 1183 1024 1518 1096; x_wconf 72' lang='lat' dir='ltr'><strong>sempittrna.</strong></span> <span class='ocrx_word' id='word_1_104' title='bbox 1551 1032 1600 1077; x_wconf 91' lang='lat' dir='ltr'><strong>et</strong></span> <span class='ocrx_word' id='word_1_105' title='bbox 1630 1019 1854 1090; x_wconf 85' lang='lat' dir='ltr'><strong>comple-</strong></span> 
     </span>
    </p>
   </div>
   <div class='ocr_carea' id='block_1_13' title="bbox 255 1114 1854 1188">
    <p class='ocr_par' dir='ltr' id='par_1_13' title="bbox 255 1114 1854 1188">
     <span class='ocr_line' id='line_1_13' title="bbox 255 1114 1854 1188; baseline 0 -18"><span class='ocrx_word' id='word_1_106' title='bbox 255 1114 446 1170; x_wconf 78' lang='lat' dir='ltr'><strong>bantur</strong></span> <span class='ocrx_word' id='word_1_107' title='bbox 474 1114 587 1170; x_wconf 81' lang='lat' dir='ltr'><strong>dies</strong></span> <span class='ocrx_word' id='word_1_108' title='bbox 606 1115 774 1170; x_wconf 85' lang='lat' dir='ltr'><strong>luctus</strong></span> <span class='ocrx_word' id='word_1_109' title='bbox 801 1117 898 1170; x_wconf 84' lang='lat' dir='ltr'><strong>tui.</strong></span> <span class='ocrx_word' id='word_1_110' title='bbox 924 1114 1001 1170; x_wconf 77' lang='lat' dir='ltr'><strong>Ex</strong></span> <span class='ocrx_word' id='word_1_111' title='bbox 1027 1117 1131 1171; x_wconf 83' lang='lat' dir='ltr'><strong>hoc</strong></span> <span class='ocrx_word' id='word_1_112' title='bbox 1147 1116 1387 1187; x_wconf 87' lang='lat' dir='ltr'><strong>capitulo</strong></span> <span class='ocrx_word' id='word_1_113' title='bbox 1404 1116 1652 1188; x_wconf 79' lang='lat' dir='ltr'><strong>cogimur</strong></span> <span class='ocrx_word' id='word_1_114' title='bbox 1673 1116 1854 1170; x_wconf 85' lang='lat' dir='ltr'><strong>omnia</strong></span> 
     </span>
    </p>
   </div>
   <div class='ocr_carea' id='block_1_14' title="bbox 255 1206 1857 1281">
    <p class='ocr_par' dir='ltr' id='par_1_14' title="bbox 255 1206 1857 1281">
     <span class='ocr_line' id='line_1_14' title="bbox 255 1206 1857 1281; baseline 0.001 -17"><span class='ocrx_word' id='word_1_115' title='bbox 255 1224 376 1281; x_wconf 64' lang='lat' dir='ltr'><strong>quae</strong></span> <span class='ocrx_word' id='word_1_116' title='bbox 403 1206 551 1264; x_wconf 80' lang='lat' dir='ltr'><strong>dicta</strong></span> <span class='ocrx_word' id='word_1_117' title='bbox 577 1212 785 1265; x_wconf 77' lang='lat' dir='ltr'><strong>suntet</strong></span> <span class='ocrx_word' id='word_1_118' title='bbox 809 1208 1063 1275; x_wconf 88' lang='lat' dir='ltr'><strong>dicenda,</strong></span> <span class='ocrx_word' id='word_1_119' title='bbox 1096 1210 1164 1265; x_wconf 89' lang='lat' dir='ltr'><strong>ad</strong></span> <span class='ocrx_word' id='word_1_120' title='bbox 1189 1208 1442 1266; x_wconf 90' lang='lat' dir='ltr'><strong>ultimum</strong></span> <span class='ocrx_word' id='word_1_121' title='bbox 1476 1209 1686 1266; x_wconf 76' lang='lat' dir='ltr'><strong>referre</strong></span> <span class='ocrx_word' id='word_1_122' title='bbox 1719 1217 1857 1266; x_wconf 90' lang='lat' dir='ltr'><strong>tem-</strong></span> 
     </span>
    </p>
   </div>
   <div class='ocr_carea' id='block_1_15' title="bbox 258 1300 1858 1376">
    <p class='ocr_par' dir='ltr' id='par_1_15' title="bbox 258 1300 1858 1376">
     <span class='ocr_line' id='line_1_15' title="bbox 258 1300 1858 1376; baseline 0.003 -18"><span class='ocrx_word' id='word_1_123' title='bbox 258 1318 390 1374; x_wconf 83' lang='lat' dir='ltr'><strong>pus:</strong></span> <span class='ocrx_word' id='word_1_124' title='bbox 436 1300 663 1373; x_wconf 84' lang='lat' dir='ltr'><strong>quando</strong></span> <span class='ocrx_word' id='word_1_125' title='bbox 706 1304 850 1361; x_wconf 66' lang='lat' dir='ltr'><strong>caelo</strong></span> <span class='ocrx_word' id='word_1_126' title='bbox 883 1311 1140 1376; x_wconf 82' lang='lat' dir='ltr'><strong>terraque</strong></span> <span class='ocrx_word' id='word_1_127' title='bbox 1171 1303 1603 1372; x_wconf 63' lang='lat' dir='ltr'><strong>transeuntibus,</strong></span> <span class='ocrx_word' id='word_1_128' title='bbox 1637 1306 1769 1360; x_wconf 87' lang='lat' dir='ltr'><strong>solis</strong></span> <span class='ocrx_word' id='word_1_129' title='bbox 1794 1320 1858 1362; x_wconf 89' lang='lat' dir='ltr'><strong>ac</strong></span> 
     </span>
    </p>
   </div>
   <div class='ocr_carea' id='block_1_16' title="bbox 258 1392 1856 1469">
    <p class='ocr_par' dir='ltr' id='par_1_16' title="bbox 258 1392 1856 1469">
     <span class='ocr_line' id='line_1_16' title="bbox 258 1392 1856 1469; baseline 0.001 -15"><span class='ocrx_word' id='word_1_130' title='bbox 258 1396 401 1454; x_wconf 66' lang='lat' dir='ltr'><strong>lunae</strong></span> <span class='ocrx_word' id='word_1_131' title='bbox 428 1397 675 1453; x_wconf 78' lang='lat' dir='ltr'><strong>cessabit</strong></span> <span class='ocrx_word' id='word_1_132' title='bbox 699 1397 963 1453; x_wconf 85' lang='lat' dir='ltr'><strong>ollicium.</strong></span> <span class='ocrx_word' id='word_1_133' title='bbox 993 1392 1058 1454; x_wconf 84' lang='lat' dir='ltr'><strong>Et</strong></span> <span class='ocrx_word' id='word_1_134' title='bbox 1088 1398 1197 1453; x_wconf 86' lang='lat' dir='ltr'><strong>erit</strong></span> <span class='ocrx_word' id='word_1_135' title='bbox 1222 1396 1483 1453; x_wconf 85' lang='lat' dir='ltr'><strong>Dominus</strong></span> <span class='ocrx_word' id='word_1_136' title='bbox 1514 1399 1631 1469; x_wconf 90' lang='lat' dir='ltr'><strong>ipse</strong></span> <span class='ocrx_word' id='word_1_137' title='bbox 1671 1398 1856 1455; x_wconf 87' lang='lat' dir='ltr'><strong>lumen</strong></span> 
     </span>
    </p>
   </div>
   <div class='ocr_carea' id='block_1_17' title="bbox 259 1492 1860 1566">
    <p class='ocr_par' dir='ltr' id='par_1_17' title="bbox 259 1492 1860 1566">
     <span class='ocr_line' id='line_1_17' title="bbox 259 1492 1860 1566; baseline 0.001 -20"><span class='ocrx_word' id='word_1_138' title='bbox 259 1498 613 1563; x_wconf 83' lang='lat' dir='ltr'><strong>perpetuum,</strong></span> <span class='ocrx_word' id='word_1_139' title='bbox 647 1502 709 1547; x_wconf 81' lang='lat' dir='ltr'><strong>ut</strong></span> <span class='ocrx_word' id='word_1_140' title='bbox 732 1502 853 1564; x_wconf 64' lang='lat' dir='ltr'><strong>qua:</strong></span> <span class='ocrx_word' id='word_1_141' title='bbox 881 1498 908 1530; x_wconf 70' lang='grc'><strong>⁸</strong></span> <span class='ocrx_word' id='word_1_142' title='bbox 949 1492 1229 1566; x_wconf 78' lang='grc' dir='ltr'>χιλιασται</span> <span class='ocrx_word' id='word_1_143' title='bbox 1274 1492 1572 1548; x_wconf 75' lang='lat' dir='ltr'><strong>carnaliter</strong></span> <span class='ocrx_word' id='word_1_144' title='bbox 1600 1501 1860 1548; x_wconf 74' lang='lat' dir='ltr'><strong>asserunt</strong></span> 
     </span>
    </p>
   </div>
   <div class='ocr_carea' id='block_1_18' title="bbox 259 1582 1858 1657">
    <p class='ocr_par' dir='ltr' id='par_1_18' title="bbox 259 1582 1858 1657">
     <span class='ocr_line' id='line_1_18' title="bbox 259 1582 1858 1657; baseline 0 -15"><span class='ocrx_word' id='word_1_145' title='bbox 259 1600 382 1642; x_wconf 86' lang='lat' dir='ltr'><strong>esse</strong></span> <span class='ocrx_word' id='word_1_146' title='bbox 416 1584 772 1656; x_wconf 74' lang='lat' dir='ltr'><strong>complenda,</strong></span> <span class='ocrx_word' id='word_1_147' title='bbox 798 1598 900 1640; x_wconf 87' lang='lat' dir='ltr'><strong>nos</strong></span> <span class='ocrx_word' id='word_1_148' title='bbox 931 1582 1290 1657; x_wconf 88' lang='lat' dir='ltr'><strong>spirltttaliter</strong></span> <span class='ocrx_word' id='word_1_149' title='bbox 1310 1583 1487 1641; x_wconf 79' lang='lat' dir='ltr'><strong>futura</strong></span> <span class='ocrx_word' id='word_1_150' title='bbox 1511 1601 1633 1642; x_wconf 91' lang='lat' dir='ltr'><strong>esse</strong></span> <span class='ocrx_word' id='word_1_151' title='bbox 1661 1584 1858 1643; x_wconf 90' lang='lat' dir='ltr'><strong>creda-</strong></span> 
     </span>
    </p>
   </div>
   <div class='ocr_carea' id='block_1_19' title="bbox 260 1676 1858 1751">
    <p class='ocr_par' dir='ltr' id='par_1_19' title="bbox 260 1676 1858 1751">
     <span class='ocr_line' id='line_1_19' title="bbox 260 1676 1858 1751; baseline 0.001 -17"><span class='ocrx_word' id='word_1_152' title='bbox 260 1692 403 1746; x_wconf 83' lang='lat' dir='ltr'><strong>mus,</strong></span> <span class='ocrx_word' id='word_1_153' title='bbox 439 1679 495 1734; x_wconf 89' lang='lat' dir='ltr'><strong>ib</strong></span> <span class='ocrx_word' id='word_1_154' title='bbox 525 1678 793 1747; x_wconf 84' lang='lat' dir='ltr'><strong>qualitate</strong></span> <span class='ocrx_word' id='word_1_155' title='bbox 842 1678 1297 1748; x_wconf 88' lang='lat' dir='ltr'><strong>promissionum,</strong></span> <span class='ocrx_word' id='word_1_156' title='bbox 1341 1692 1448 1733; x_wconf 91' lang='lat' dir='ltr'><strong>non</strong></span> <span class='ocrx_word' id='word_1_157' title='bbox 1507 1676 1563 1734; x_wconf 88' lang='lat' dir='ltr'><strong>in</strong></span> <span class='ocrx_word' id='word_1_158' title='bbox 1609 1682 1858 1751; x_wconf 89' lang='lat' dir='ltr'><strong>tempore</strong></span> 
     </span>
    </p>
   </div>
   <div class='ocr_carea' id='block_1_20' title="bbox 258 1772 1858 1845">
    <p class='ocr_par' dir='ltr' id='par_1_20' title="bbox 258 1772 1858 1845">
     <span class='ocr_line' id='line_1_20' title="bbox 258 1772 1858 1845; baseline -0.001 -15"><span class='ocrx_word' id='word_1_159' title='bbox 258 1774 657 1845; x_wconf 71' lang='lat' dir='ltr'><strong>discrepantes.</strong></span> <span class='ocrx_word' id='word_1_160' title='bbox 709 1772 921 1843; x_wconf 80' lang='lat' dir='ltr'><strong>Quibus</strong></span> <span class='ocrx_word' id='word_1_161' title='bbox 970 1772 1216 1828; x_wconf 79' lang='lat' dir='ltr'><strong>breviter</strong></span> <span class='ocrx_word' id='word_1_162' title='bbox 1264 1772 1715 1843; x_wconf 88' lang='lat' dir='ltr'><strong>respondendum</strong></span> <span class='ocrx_word' id='word_1_163' title='bbox 1751 1782 1858 1842; x_wconf 88' lang='lat' dir='ltr'><strong>est,</strong></span> 
     </span>
    </p>
   </div>
   <div class='ocr_carea' id='block_1_21' title="bbox 1954 742 3558 819">
    <p class='ocr_par' dir='ltr' id='par_1_21' title="bbox 1954 742 3558 819">
     <span class='ocr_line' id='line_1_21' title="bbox 1954 742 3558 819; baseline 0 -22"><span class='ocrx_word' id='word_1_164' title='bbox 1954 743 2376 815; x_wconf 87' lang='lat' dir='ltr'><strong>quit,plantatio</strong></span> <span class='ocrx_word' id='word_1_165' title='bbox 2404 760 2684 813; x_wconf 86' lang='lat' dir='ltr'><strong>quamnon</strong></span> <span class='ocrx_word' id='word_1_166' title='bbox 2709 744 2968 815; x_wconf 90' lang='lat' dir='ltr'><strong>plantavit</strong></span> <span class='ocrx_word' id='word_1_167' title='bbox 2999 744 3160 819; x_wconf 82' lang='lat' dir='ltr'><strong>Pater</strong></span> <span class='ocrx_word' id='word_1_168' title='bbox 3178 757 3329 800; x_wconf 88' lang='lat' dir='ltr'><strong>meus</strong></span> <span class='ocrx_word' id='word_1_169' title='bbox 3356 742 3558 800; x_wconf 72' lang='grc' dir='ltr'><strong>ςωιθσ-</strong></span> 
     </span>
    </p>
   </div>
   <div class='ocr_carea' id='block_1_22' title="bbox 1957 835 3555 910">
    <p class='ocr_par' dir='ltr' id='par_1_22' title="bbox 1957 835 3555 910">
     <span class='ocr_line' id='line_1_22' title="bbox 1957 835 3555 910; baseline -0.001 -18"><span class='ocrx_word' id='word_1_170' title='bbox 1957 838 2047 905; x_wconf 83' lang='lat' dir='ltr'><strong>lis,</strong></span> <span class='ocrx_word' id='word_1_171' title='bbox 2075 836 2442 893; x_wconf 87' lang='lat' dir='ltr'><strong>eradicabitur</strong></span> <span class='ocrx_word' id='word_1_172' title='bbox 2465 836 2679 910; x_wconf 73' lang='lat' dir='ltr'><strong>(Matth.</strong></span> <span class='ocrx_word' id='word_1_173' title='bbox 2706 838 2822 909; x_wconf 82' lang='lat' dir='ltr'><strong>xv).</strong></span> <span class='ocrx_word' id='word_1_174' title='bbox 2847 842 2972 895; x_wconf 78' lang='lat' dir='ltr'><strong>Sive</strong></span> <span class='ocrx_word' id='word_1_175' title='bbox 2990 840 3148 909; x_wconf 75' lang='lat' dir='ltr'><strong>juxta</strong></span> <span class='ocrx_word' id='word_1_176' title='bbox 3178 835 3555 908; x_wconf 78' lang='lat' dir='ltr'><strong>Septuaginta,</strong></span> 
     </span>
    </p>
   </div>
   <div class='ocr_carea' id='block_1_23' title="bbox 1957 931 3563 1003">
    <p class='ocr_par' dir='ltr' id='par_1_23' title="bbox 1957 931 3563 1003">
     <span class='ocr_line' id='line_1_23' title="bbox 1957 931 3563 1003; baseline -0.001 -18"><span class='ocrx_word' id='word_1_177' title='bbox 1957 932 2194 1003; x_wconf 87' lang='lat' dir='ltr'><strong>populus</strong></span> <span class='ocrx_word' id='word_1_178' title='bbox 2218 931 2538 988; x_wconf 89' lang='lat' dir='ltr'><strong>custodiens</strong></span> <span class='ocrx_word' id='word_1_179' title='bbox 2567 933 2965 1002; x_wconf 89' lang='lat' dir='ltr'><strong>plantationem</strong></span> <span class='ocrx_word' id='word_1_180' title='bbox 2996 933 3120 1001; x_wconf 87' lang='lat' dir='ltr'><strong>Dei,</strong></span> <span class='ocrx_word' id='word_1_181' title='bbox 3164 939 3221 986; x_wconf 90' lang='lat' dir='ltr'><strong>et</strong></span> <span class='ocrx_word' id='word_1_182' title='bbox 3240 946 3405 1002; x_wconf 84' lang='lat' dir='ltr'><strong>opera</strong></span> <span class='ocrx_word' id='word_1_183' title='bbox 3443 945 3563 986; x_wconf 82' lang='lat' dir='ltr'><strong>ma-</strong></span> 
     </span>
    </p>
   </div>
   <div class='ocr_carea' id='block_1_24' title="bbox 1957 1014 3556 1099">
    <p class='ocr_par' dir='ltr' id='par_1_24' title="bbox 1957 1014 3556 1099">
     <span class='ocr_line' id='line_1_24' title="bbox 1957 1014 3556 1099; baseline -0.002 -18"><span class='ocrx_word' id='word_1_184' title='bbox 1957 1042 2119 1082; x_wconf 89' lang='lat' dir='ltr'><strong>nuum</strong></span> <span class='ocrx_word' id='word_1_185' title='bbox 2148 1014 2385 1091; x_wconf 79' lang='lat' dir='ltr'><strong>Domini,</strong></span> <span class='ocrx_word' id='word_1_186' title='bbox 2412 1027 2464 1081; x_wconf 93' lang='lat' dir='ltr'><strong>in</strong></span> <span class='ocrx_word' id='word_1_187' title='bbox 2486 1027 2657 1099; x_wconf 85' lang='lat' dir='ltr'><strong>gloria</strong></span> <span class='ocrx_word' id='word_1_188' title='bbox 2672 1026 2982 1082; x_wconf 88' lang='lat' dir='ltr'><strong>servabitur</strong></span> <span class='ocrx_word' id='word_1_189' title='bbox 2994 1025 3295 1083; x_wconf 76' lang='lat' dir='ltr'><strong>Creatoris.</strong></span> <span class='ocrx_word' id='word_1_190' title='bbox 3319 1025 3394 1081; x_wconf 86' lang='lat' dir='ltr'><strong>De</strong></span> <span class='ocrx_word' id='word_1_191' title='bbox 3416 1022 3556 1080; x_wconf 76' lang='lat' dir='ltr'><strong>bona</strong></span> 
     </span>
    </p>
   </div>
   <div class='ocr_carea' id='block_1_25' title="bbox 1956 1117 3561 1193">
    <p class='ocr_par' dir='ltr' id='par_1_25' title="bbox 1956 1117 3561 1193">
     <span class='ocr_line' id='line_1_25' title="bbox 1956 1117 3561 1193; baseline -0.001 -20"><span class='ocrx_word' id='word_1_192' title='bbox 1956 1119 2300 1193; x_wconf 85' lang='lat' dir='ltr'><strong>plantatione</strong></span> <span class='ocrx_word' id='word_1_193' title='bbox 2331 1136 2428 1190; x_wconf 86' lang='lat' dir='ltr'><strong>per</strong></span> <span class='ocrx_word' id='word_1_194' title='bbox 2457 1118 2758 1176; x_wconf 72' lang='lat' dir='ltr'><strong>Ieremiam</strong></span> <span class='ocrx_word' id='word_1_195' title='bbox 2792 1120 3032 1191; x_wconf 88' lang='lat' dir='ltr'><strong>loquitur</strong></span> <span class='ocrx_word' id='word_1_196' title='bbox 3055 1119 3229 1174; x_wconf 84' lang='lat' dir='ltr'><strong>Deus:</strong></span> <span class='ocrx_word' id='word_1_197' title='bbox 3260 1117 3377 1191; x_wconf 84' lang='lat' dir='ltr'><strong>Ego</strong></span> <span class='ocrx_word' id='word_1_198' title='bbox 3404 1119 3561 1188; x_wconf 60' lang='lat' dir='ltr'><strong>plano</strong></span> 
     </span>
    </p>
   </div>
   <div class='ocr_carea' id='block_1_26' title="bbox 1956 1209 3563 1283">
    <p class='ocr_par' dir='ltr' id='par_1_26' title="bbox 1956 1209 3563 1283">
     <span class='ocr_line' id='line_1_26' title="bbox 1956 1209 3563 1283; baseline -0.002 -17"><span class='ocrx_word' id='word_1_199' title='bbox 1956 1214 2059 1266; x_wconf 86' lang='lat' dir='ltr'><strong>tavi</strong></span> <span class='ocrx_word' id='word_1_200' title='bbox 2091 1222 2139 1266; x_wconf 89' lang='lat' dir='ltr'><strong>te</strong></span> <span class='ocrx_word' id='word_1_201' title='bbox 2164 1213 2365 1266; x_wconf 84' lang='lat' dir='ltr'><strong>vineam</strong></span> <span class='ocrx_word' id='word_1_202' title='bbox 2389 1211 2600 1281; x_wconf 80' lang='lat' dir='ltr'><strong>bonam,</strong></span> <span class='ocrx_word' id='word_1_203' title='bbox 2634 1220 2798 1266; x_wconf 87' lang='lat' dir='ltr'><strong>tatam</strong></span> <span class='ocrx_word' id='word_1_204' title='bbox 2829 1228 3025 1278; x_wconf 81' lang='lat' dir='ltr'><strong>veram,</strong></span> <span class='ocrx_word' id='word_1_205' title='bbox 3057 1226 3179 1283; x_wconf 76' lang='lat' dir='ltr'><strong>qua:</strong></span> <span class='ocrx_word' id='word_1_206' title='bbox 3213 1211 3268 1266; x_wconf 91' lang='lat' dir='ltr'><strong>in</strong></span> <span class='ocrx_word' id='word_1_207' title='bbox 3299 1209 3432 1265; x_wconf 78' lang='lat' dir='ltr'><strong>Isaia</strong></span> <span class='ocrx_word' id='word_1_208' title='bbox 3464 1224 3563 1279; x_wconf 84' lang='lat' dir='ltr'><strong>ap-</strong></span> 
     </span>
    </p>
   </div>
   <div class='ocr_carea' id='block_1_27' title="bbox 1959 1303 3561 1379">
    <p class='ocr_par' dir='ltr' id='par_1_27' title="bbox 1959 1303 3561 1379">
     <span class='ocr_line' id='line_1_27' title="bbox 1959 1303 3561 1379; baseline -0.004 -17"><span class='ocrx_word' id='word_1_209' title='bbox 1959 1306 2198 1377; x_wconf 91' lang='lat' dir='ltr'><strong>pellatur</strong></span> <span class='ocrx_word' id='word_1_210' title='bbox 2245 1307 2395 1361; x_wconf 78' lang='lat' dir='ltr'><strong>vinea</strong></span> <span class='ocrx_word' id='word_1_211' title='bbox 2436 1305 2597 1363; x_wconf 87' lang='lat' dir='ltr'><strong>Sorec</strong></span> <span class='ocrx_word' id='word_1_212' title='bbox 2623 1305 2764 1379; x_wconf 85' lang='lat' dir='ltr'><strong>(lsu.</strong></span> <span class='ocrx_word' id='word_1_213' title='bbox 2794 1305 2874 1374; x_wconf 88' lang='lat' dir='ltr'><strong>v).</strong></span> <span class='ocrx_word' id='word_1_214' title='bbox 2906 1304 2973 1360; x_wconf 80' lang='lat' dir='ltr'><strong>Et</strong></span> <span class='ocrx_word' id='word_1_215' title='bbox 3004 1305 3132 1374; x_wconf 83' lang='lat' dir='ltr'><strong>quia</strong></span> <span class='ocrx_word' id='word_1_216' title='bbox 3173 1303 3377 1359; x_wconf 82' lang='lat' dir='ltr'><strong>Paulus</strong></span> <span class='ocrx_word' id='word_1_217' title='bbox 3425 1316 3561 1359; x_wconf 87' lang='lat' dir='ltr'><strong>con-</strong></span> 
     </span>
    </p>
   </div>
   <div class='ocr_carea' id='block_1_28' title="bbox 1958 1397 3567 1471">
    <p class='ocr_par' dir='ltr' id='par_1_28' title="bbox 1958 1397 3567 1471">
     <span class='ocr_line' id='line_1_28' title="bbox 1958 1397 3567 1471; baseline -0.002 -16"><span class='ocrx_word' id='word_1_218' title='bbox 1958 1402 2186 1457; x_wconf 87' lang='lat' dir='ltr'><strong>scientia</strong></span> <span class='ocrx_word' id='word_1_219' title='bbox 2221 1402 2487 1457; x_wconf 78' lang='lat' dir='ltr'><strong>virtutum</strong></span> <span class='ocrx_word' id='word_1_220' title='bbox 2524 1402 2798 1471; x_wconf 83' lang='lat' dir='ltr'><strong>loquentis</strong></span> <span class='ocrx_word' id='word_1_221' title='bbox 2824 1401 2879 1455; x_wconf 92' lang='lat' dir='ltr'><strong>in</strong></span> <span class='ocrx_word' id='word_1_222' title='bbox 2912 1414 2974 1455; x_wconf 90' lang='lat' dir='ltr'><strong>se</strong></span> <span class='ocrx_word' id='word_1_223' title='bbox 3000 1397 3438 1457; x_wconf 84' lang='lat' dir='ltr'><strong>Cbtisti.dicere</strong></span> <span class='ocrx_word' id='word_1_224' title='bbox 3468 1411 3567 1466; x_wconf 87' lang='lat' dir='ltr'><strong>po-</strong></span> 
     </span>
    </p>
   </div>
   <div class='ocr_carea' id='block_1_29' title="bbox 1958 1488 3555 1565">
    <p class='ocr_par' dir='ltr' id='par_1_29' title="bbox 1958 1488 3555 1565">
     <span class='ocr_line' id='line_1_29' title="bbox 1958 1488 3555 1565; baseline -0.002 -15"><span class='ocrx_word' id='word_1_225' title='bbox 1958 1502 2128 1552; x_wconf 87' lang='lat' dir='ltr'><strong>terat:</strong></span> <span class='ocrx_word' id='word_1_226' title='bbox 2152 1493 2450 1550; x_wconf 81' lang='lat' dir='ltr'><strong>lmt&#39;tatores</strong></span> <span class='ocrx_word' id='word_1_227' title='bbox 2474 1496 2572 1551; x_wconf 84' lang='lat' dir='ltr'><strong>mei</strong></span> <span class='ocrx_word' id='word_1_228' title='bbox 2593 1504 2777 1561; x_wconf 84' lang='lat' dir='ltr'><strong>estote,</strong></span> <span class='ocrx_word' id='word_1_229' title='bbox 2803 1494 2934 1549; x_wconf 96' lang='lat' dir='ltr'><strong>sicut</strong></span> <span class='ocrx_word' id='word_1_230' title='bbox 2955 1502 3005 1548; x_wconf 92' lang='lat' dir='ltr'><strong>et</strong></span> <span class='ocrx_word' id='word_1_231' title='bbox 3030 1509 3123 1565; x_wconf 93' lang='lat' dir='ltr'><strong>ego</strong></span> <span class='ocrx_word' id='word_1_232' title='bbox 3147 1488 3343 1547; x_wconf 78' lang='lat' dir='ltr'><strong>Christi</strong></span> <span class='ocrx_word' id='word_1_233' title='bbox 3370 1490 3415 1562; x_wconf 85' lang='lat' dir='ltr'><strong>(l</strong></span> <span class='ocrx_word' id='word_1_234' title='bbox 3433 1490 3555 1547; x_wconf 83' lang='lat' dir='ltr'><strong>Cor.</strong></span> 
     </span>
    </p>
   </div>
   <div class='ocr_carea' id='block_1_30' title="bbox 1960 1574 3560 1659">
    <p class='ocr_par' dir='ltr' id='par_1_30' title="bbox 1960 1574 3560 1659">
     <span class='ocr_line' id='line_1_30' title="bbox 1960 1574 3560 1659; baseline -0.004 -15"><span class='ocrx_word' id='word_1_235' title='bbox 1960 1606 2035 1656; x_wconf 72' lang='grc' dir='ltr'><strong>ιι,</strong></span> <span class='ocrx_word' id='word_1_236' title='bbox 2070 1590 2149 1659; x_wconf 83' lang='lat' dir='ltr'><strong>i),</strong></span> <span class='ocrx_word' id='word_1_237' title='bbox 2172 1574 2304 1645; x_wconf 73' lang='lat' dir='ltr'><strong>ideo</strong></span> <span class='ocrx_word' id='word_1_238' title='bbox 2327 1589 2394 1644; x_wconf 92' lang='lat' dir='ltr'><strong>ad</strong></span> <span class='ocrx_word' id='word_1_239' title='bbox 2417 1587 2733 1645; x_wconf 85' lang='lat' dir='ltr'><strong>Corinthios</strong></span> <span class='ocrx_word' id='word_1_240' title='bbox 2758 1588 3122 1659; x_wconf 84' lang='lat' dir='ltr'><strong>loquebatur:</strong></span> <span class='ocrx_word' id='word_1_241' title='bbox 3154 1583 3275 1659; x_wconf 86' lang='lat' dir='ltr'><strong>Ego</strong></span> <span class='ocrx_word' id='word_1_242' title='bbox 3303 1585 3560 1656; x_wconf 78' lang='lat' dir='ltr'><strong>plantavi,</strong></span> 
     </span>
    </p>
   </div>
   <div class='ocr_carea' id='block_1_31' title="bbox 1962 1678 3564 1759">
    <p class='ocr_par' dir='ltr' id='par_1_31' title="bbox 1962 1678 3564 1759">
     <span class='ocr_line' id='line_1_31' title="bbox 1962 1678 3564 1759; baseline -0.002 -21"><span class='ocrx_word' id='word_1_243' title='bbox 1962 1684 2152 1755; x_wconf 82' lang='lat' dir='ltr'><strong>Apollo</strong></span> <span class='ocrx_word' id='word_1_244' title='bbox 2189 1684 2377 1759; x_wconf 80' lang='lat' dir='ltr'><strong>rigavit</strong></span> <span class='ocrx_word' id='word_1_245' title='bbox 2418 1725 2434 1751; x_wconf 92' lang='lat'><strong><em>,</em></strong></span> <span class='ocrx_word' id='word_1_246' title='bbox 2480 1681 2736 1739; x_wconf 88' lang='lat' dir='ltr'><strong>Dominus</strong></span> <span class='ocrx_word' id='word_1_247' title='bbox 2797 1690 2973 1737; x_wconf 80' lang='lat' dir='ltr'><strong>autem</strong></span> <span class='ocrx_word' id='word_1_248' title='bbox 3009 1680 3383 1735; x_wconf 71' lang='lat' dir='ltr'><strong>incrementum</strong></span> <span class='ocrx_word' id='word_1_249' title='bbox 3419 1678 3564 1735; x_wconf 80' lang='lat' dir='ltr'><strong>dedit</strong></span> 
     </span>
    </p>
   </div>
   <div class='ocr_carea' id='block_1_32' title="bbox 1959 1771 3565 1852">
    <p class='ocr_par' dir='ltr' id='par_1_32' title="bbox 1959 1771 3565 1852">
     <span class='ocr_line' id='line_1_32' title="bbox 1959 1771 3565 1852; baseline -0.004 -19"><span class='ocrx_word' id='word_1_250' title='bbox 1959 1776 2004 1852; x_wconf 86' lang='lat' dir='ltr'><strong>(l</strong></span> <span class='ocrx_word' id='word_1_251' title='bbox 2034 1775 2156 1834; x_wconf 86' lang='lat' dir='ltr'><strong>Cor.</strong></span> <span class='ocrx_word' id='word_1_252' title='bbox 2190 1793 2270 1842; x_wconf 84' lang='lat' dir='ltr'><strong>tu,</strong></span> <span class='ocrx_word' id='word_1_253' title='bbox 2318 1778 2400 1844; x_wconf 85' lang='lat'><strong>6).</strong></span> <span class='ocrx_word' id='word_1_254' title='bbox 2435 1776 2673 1833; x_wconf 85' lang='lat' dir='ltr'><strong>Plantati</strong></span> <span class='ocrx_word' id='word_1_255' title='bbox 2717 1775 2864 1831; x_wconf 91' lang='lat' dir='ltr'><strong>enim</strong></span> <span class='ocrx_word' id='word_1_256' title='bbox 2908 1775 2961 1829; x_wconf 92' lang='lat' dir='ltr'><strong>in</strong></span> <span class='ocrx_word' id='word_1_257' title='bbox 3001 1772 3172 1829; x_wconf 89' lang='lat' dir='ltr'><strong>domo</strong></span> <span class='ocrx_word' id='word_1_258' title='bbox 3215 1771 3463 1839; x_wconf 83' lang='lat' dir='ltr'><strong><em>Domini,</em></strong></span> <span class='ocrx_word' id='word_1_259' title='bbox 3510 1772 3565 1826; x_wconf 87' lang='lat' dir='ltr'><strong>in</strong></span> 
     </span>
    </p>
   </div>
   <div class='ocr_carea' id='block_1_33' title="bbox 259 1860 3569 1943">
    <p class='ocr_par' dir='ltr' id='par_1_33' title="bbox 259 1860 3569 1943">
     <span class='ocr_line' id='line_1_33' title="bbox 259 1860 3569 1943; baseline -0.001 -22"><span class='ocrx_word' id='word_1_260' title='bbox 259 1866 406 1937; x_wconf 84' lang='lat' dir='ltr'><strong>quod</strong></span> <span class='ocrx_word' id='word_1_261' title='bbox 434 1862 465 1904; x_wconf 68' lang='grc' dir='ltr'>δ</span> <span class='ocrx_word' id='word_1_262' title='bbox 494 1867 539 1921; x_wconf 90' lang='lat' dir='ltr'><strong>si</strong></span> <span class='ocrx_word' id='word_1_263' title='bbox 566 1864 1066 1938; x_wconf 80' lang='lat' dir='ltr'><strong>pseudoprophetis</strong></span> <span class='ocrx_word' id='word_1_264' title='bbox 1096 1874 1147 1921; x_wconf 91' lang='lat' dir='ltr'><strong>et</strong></span> <span class='ocrx_word' id='word_1_265' title='bbox 1182 1864 1557 1936; x_wconf 86' lang='lat' dir='ltr'><strong>peccatoribus</strong></span> <span class='ocrx_word' id='word_1_266' title='bbox 1597 1866 1677 1921; x_wconf 87' lang='lat' dir='ltr'><strong>soi</strong></span> <span class='ocrx_word' id='word_1_267' title='bbox 1707 1865 1856 1921; x_wconf 86' lang='lat' dir='ltr'><strong>occi-</strong></span> <span class='ocrx_word' id='word_1_268' title='bbox 1890 1860 1938 1932; x_wconf 83' lang='lat' dir='ltr'><strong>B</strong></span> <span class='ocrx_word' id='word_1_269' title='bbox 1966 1870 2120 1927; x_wconf 86' lang='lat' dir='ltr'><strong>atriis</strong></span> <span class='ocrx_word' id='word_1_270' title='bbox 2152 1870 2269 1943; x_wconf 67' lang='lat' dir='ltr'><strong>t‘jUS</strong></span> <span class='ocrx_word' id='word_1_271' title='bbox 2292 1869 2643 1926; x_wconf 74' lang='lat' dir='ltr'><strong>efflorescent</strong></span> <span class='ocrx_word' id='word_1_272' title='bbox 2681 1867 2801 1940; x_wconf 81' lang='lat' dir='ltr'><strong>(Ps.</strong></span> <span class='ocrx_word' id='word_1_273' title='bbox 2831 1868 2963 1936; x_wconf 71' lang='lat' dir='ltr'><strong>set).</strong></span> <span class='ocrx_word' id='word_1_274' title='bbox 2992 1866 3149 1923; x_wconf 84' lang='lat' dir='ltr'><strong>Tune</strong></span> <span class='ocrx_word' id='word_1_275' title='bbox 3186 1866 3277 1936; x_wconf 85' lang='lat' dir='ltr'><strong>qui</strong></span> <span class='ocrx_word' id='word_1_276' title='bbox 3308 1864 3569 1934; x_wconf 77' lang='lat' dir='ltr'><strong>parvulus</strong></span> 
     </span>
    </p>
   </div>
   <div class='ocr_carea' id='block_1_34' title="bbox 258 1956 1866 2026">
    <p class='ocr_par' dir='ltr' id='par_1_34' title="bbox 258 1956 1866 2026">
     <span class='ocr_line' id='line_1_34' title="bbox 258 1956 1866 2026; baseline 0.001 -13"><span class='ocrx_word' id='word_1_277' title='bbox 258 1957 340 2014; x_wconf 78' lang='lat' dir='ltr'><strong>dit</strong></span> <span class='ocrx_word' id='word_1_278' title='bbox 365 1957 617 2026; x_wconf 80' lang='lat' dir='ltr'><strong>meridie,</strong></span> <span class='ocrx_word' id='word_1_279' title='bbox 651 1966 705 2014; x_wconf 86' lang='lat' dir='ltr'><strong>et</strong></span> <span class='ocrx_word' id='word_1_280' title='bbox 733 1972 764 2014; x_wconf 90' lang='lat' dir='ltr'><strong>e</strong></span> <span class='ocrx_word' id='word_1_281' title='bbox 787 1957 1064 2013; x_wconf 86' lang='lat' dir='ltr'><strong>contrario</strong></span> <span class='ocrx_word' id='word_1_282' title='bbox 1086 1958 1402 2015; x_wconf 81' lang='lat' dir='ltr'><strong>timentibus</strong></span> <span class='ocrx_word' id='word_1_283' title='bbox 1432 1956 1723 2014; x_wconf 90' lang='lat' dir='ltr'><strong>Dominum</strong></span> <span class='ocrx_word' id='word_1_284' title='bbox 1755 1958 1866 2014; x_wconf 90' lang='lat' dir='ltr'><strong>ori-</strong></span> 
     </span>
    </p>
   </div>
   <div class='ocr_carea' id='block_1_35' title="bbox 262 2050 1862 2123">
    <p class='ocr_par' dir='ltr' id='par_1_35' title="bbox 262 2050 1862 2123">
     <span class='ocr_line' id='line_1_35' title="bbox 262 2050 1862 2123; baseline -0.001 -15"><span class='ocrx_word' id='word_1_285' title='bbox 262 2063 351 2108; x_wconf 84' lang='lat' dir='ltr'><strong>tur</strong></span> <span class='ocrx_word' id='word_1_286' title='bbox 380 2053 462 2107; x_wconf 88' lang='lat' dir='ltr'><strong>sol</strong></span> <span class='ocrx_word' id='word_1_287' title='bbox 491 2050 752 2120; x_wconf 63' lang='lat' dir='ltr'><strong>iustitiae:</strong></span> <span class='ocrx_word' id='word_1_288' title='bbox 782 2058 953 2122; x_wconf 71' lang='lat' dir='ltr'><strong>Quare</strong></span> <span class='ocrx_word' id='word_1_289' title='bbox 984 2062 1094 2106; x_wconf 89' lang='lat' dir='ltr'><strong>non</strong></span> <span class='ocrx_word' id='word_1_290' title='bbox 1127 2066 1345 2122; x_wconf 81' lang='lat' dir='ltr'><strong>semper</strong></span> <span class='ocrx_word' id='word_1_291' title='bbox 1376 2052 1616 2119; x_wconf 85' lang='lat' dir='ltr'><strong>Sanctis,</strong></span> <span class='ocrx_word' id='word_1_292' title='bbox 1650 2052 1743 2107; x_wconf 90' lang='lat' dir='ltr'><strong>ille</strong></span> <span class='ocrx_word' id='word_1_293' title='bbox 1770 2052 1862 2123; x_wconf 90' lang='lat' dir='ltr'><strong>qui</strong></span> 
     </span>
    </p>
   </div>
   <div class='ocr_carea' id='block_1_36' title="bbox 260 2136 1865 2216">
    <p class='ocr_par' dir='ltr' id='par_1_36' title="bbox 260 2136 1865 2216">
     <span class='ocr_line' id='line_1_36' title="bbox 260 2136 1865 2216; baseline 0.001 -18"><span class='ocrx_word' id='word_1_294' title='bbox 260 2142 428 2198; x_wconf 77' lang='lat' dir='ltr'><strong>dicit:</strong></span> <span class='ocrx_word' id='word_1_295' title='bbox 461 2139 578 2216; x_wconf 81' lang='lat' dir='ltr'><strong>Ego</strong></span> <span class='ocrx_word' id='word_1_296' title='bbox 606 2154 721 2197; x_wconf 83' lang='lat' dir='ltr'><strong>sunt</strong></span> <span class='ocrx_word' id='word_1_297' title='bbox 752 2142 848 2198; x_wconf 79' lang='lat' dir='ltr'><strong>lus:</strong></span> <span class='ocrx_word' id='word_1_298' title='bbox 873 2144 1055 2198; x_wconf 84' lang='lat' dir='ltr'><strong>mundi</strong></span> <span class='ocrx_word' id='word_1_299' title='bbox 1084 2138 1266 2211; x_wconf 74' lang='lat' dir='ltr'><strong>(loco.</strong></span> <span class='ocrx_word' id='word_1_300' title='bbox 1300 2158 1416 2209; x_wconf 82' lang='lat' dir='ltr'><strong>vnt,</strong></span> <span class='ocrx_word' id='word_1_301' title='bbox 1447 2136 1558 2215; x_wconf 70' lang='grc' dir='ltr'><strong>η),</strong></span> <span class='ocrx_word' id='word_1_302' title='bbox 1601 2144 1694 2215; x_wconf 86' lang='lat' dir='ltr'><strong>qui</strong></span> <span class='ocrx_word' id='word_1_303' title='bbox 1719 2138 1865 2200; x_wconf 87' lang='lat' dir='ltr'><strong>lucet</strong></span> 
     </span>
    </p>
   </div>
   <div class='ocr_carea' id='block_1_37' title="bbox 270 2237 1866 2312">
    <p class='ocr_par' dir='ltr' id='par_1_37' title="bbox 270 2237 1866 2312">
     <span class='ocr_line' id='line_1_37' title="bbox 270 2237 1866 2312; baseline 0.002 -20"><span class='ocrx_word' id='word_1_304' title='bbox 270 2240 322 2294; x_wconf 77' lang='lat' dir='ltr'><strong>in</strong></span> <span class='ocrx_word' id='word_1_305' title='bbox 354 2237 621 2303; x_wconf 79' lang='lat' dir='ltr'><strong>tenebris,</strong></span> <span class='ocrx_word' id='word_1_306' title='bbox 655 2244 714 2293; x_wconf 84' lang='lat' dir='ltr'><strong>et</strong></span> <span class='ocrx_word' id='word_1_307' title='bbox 744 2237 987 2295; x_wconf 65' lang='lat' dir='ltr'><strong>tenebrae</strong></span> <span class='ocrx_word' id='word_1_308' title='bbox 1024 2252 1149 2294; x_wconf 88' lang='lat' dir='ltr'><strong>emn</strong></span> <span class='ocrx_word' id='word_1_309' title='bbox 1191 2246 1300 2294; x_wconf 86' lang='lat' dir='ltr'><strong>non</strong></span> <span class='ocrx_word' id='word_1_310' title='bbox 1330 2238 1866 2312; x_wconf 81' lang='lat' dir='ltr'><strong>comprehenderunt</strong></span> 
     </span>
    </p>
   </div>
   <div class='ocr_carea' id='block_1_38' title="bbox 262 2329 1864 2405">
    <p class='ocr_par' dir='ltr' id='par_1_38' title="bbox 262 2329 1864 2405">
     <span class='ocr_line' id='line_1_38' title="bbox 262 2329 1864 2405; baseline 0.002 -20"><span class='ocrx_word' id='word_1_311' title='bbox 262 2330 443 2405; x_wconf 80' lang='lat' dir='ltr'><strong>(Joan.</strong></span> <span class='ocrx_word' id='word_1_312' title='bbox 470 2331 515 2402; x_wconf 84' lang='grc' dir='ltr'><strong>ι)</strong></span> <span class='ocrx_word' id='word_1_313' title='bbox 541 2330 565 2384; x_wconf 72' lang='lat' dir='ltr'><strong><em>i</em></strong></span> <span class='ocrx_word' id='word_1_314' title='bbox 593 2329 700 2386; x_wconf 84' lang='lat' dir='ltr'><strong>Per</strong></span> <span class='ocrx_word' id='word_1_315' title='bbox 751 2332 889 2386; x_wconf 76' lang='lat' dir='ltr'><strong>diem</strong></span> <span class='ocrx_word' id='word_1_316' title='bbox 927 2332 1123 2403; x_wconf 79' lang='lat' dir='ltr'><strong>quippe</strong></span> <span class='ocrx_word' id='word_1_317' title='bbox 1139 2332 1221 2386; x_wconf 88' lang='lat' dir='ltr'><strong>sol</strong></span> <span class='ocrx_word' id='word_1_318' title='bbox 1239 2346 1344 2387; x_wconf 88' lang='lat' dir='ltr'><strong><em>non</em></strong></span> <span class='ocrx_word' id='word_1_319' title='bbox 1386 2339 1499 2388; x_wconf 83' lang='lat' dir='ltr'><strong>uret</strong></span> <span class='ocrx_word' id='word_1_320' title='bbox 1531 2346 1647 2401; x_wconf 85' lang='lat' dir='ltr'><strong>nos,</strong></span> <span class='ocrx_word' id='word_1_321' title='bbox 1700 2349 1864 2404; x_wconf 83' lang='lat' dir='ltr'><strong>neque</strong></span> 
     </span>
    </p>
   </div>
   <div class='ocr_carea' id='block_1_39' title="bbox 261 2418 1863 2496">
    <p class='ocr_par' dir='ltr' id='par_1_39' title="bbox 261 2418 1863 2496">
     <span class='ocr_line' id='line_1_39' title="bbox 261 2418 1863 2496; baseline 0.002 -19"><span class='ocrx_word' id='word_1_322' title='bbox 261 2423 385 2478; x_wconf 79' lang='lat' dir='ltr'><strong>luna</strong></span> <span class='ocrx_word' id='word_1_323' title='bbox 413 2436 507 2496; x_wconf 78' lang='lat' dir='ltr'><strong>per</strong></span> <span class='ocrx_word' id='word_1_324' title='bbox 541 2432 748 2477; x_wconf 77' lang='lat' dir='ltr'><strong>noctem</strong></span> <span class='ocrx_word' id='word_1_325' title='bbox 794 2418 1129 2495; x_wconf 53' lang='lat' dir='ltr'><strong>(Petilius,</strong></span> <span class='ocrx_word' id='word_1_326' title='bbox 1159 2426 1240 2493; x_wconf 81' lang='grc' dir='ltr'><strong>ϐ).</strong></span> <span class='ocrx_word' id='word_1_327' title='bbox 1273 2420 1408 2492; x_wconf 74' lang='lat' dir='ltr'><strong>Qui:</strong></span> <span class='ocrx_word' id='word_1_328' title='bbox 1458 2420 1724 2480; x_wconf 85' lang='lat' dir='ltr'><strong>habemus</strong></span> <span class='ocrx_word' id='word_1_329' title='bbox 1754 2424 1863 2481; x_wconf 85' lang='lat' dir='ltr'><strong>Do-</strong></span> 
     </span>
    </p>
   </div>
   <div class='ocr_carea' id='block_1_40' title="bbox 262 2514 1860 2590">
    <p class='ocr_par' dir='ltr' id='par_1_40' title="bbox 262 2514 1860 2590">
     <span class='ocr_line' id='line_1_40' title="bbox 262 2514 1860 2590; baseline 0.001 -17"><span class='ocrx_word' id='word_1_330' title='bbox 262 2519 467 2573; x_wconf 85' lang='lat' dir='ltr'><strong>minum</strong></span> <span class='ocrx_word' id='word_1_331' title='bbox 491 2517 671 2574; x_wconf 89' lang='lat' dir='ltr'><strong>lucetn</strong></span> <span class='ocrx_word' id='word_1_332' title='bbox 702 2526 1049 2590; x_wconf 82' lang='lat' dir='ltr'><strong>perpetuam.</strong></span> <span class='ocrx_word' id='word_1_333' title='bbox 1082 2519 1277 2576; x_wconf 87' lang='lat' dir='ltr'><strong>etdies</strong></span> <span class='ocrx_word' id='word_1_334' title='bbox 1301 2514 1478 2576; x_wconf 87' lang='lat' dir='ltr'><strong>luctus</strong></span> <span class='ocrx_word' id='word_1_335' title='bbox 1508 2521 1683 2577; x_wconf 88' lang='lat' dir='ltr'><strong>nostri</strong></span> <span class='ocrx_word' id='word_1_336' title='bbox 1714 2534 1860 2575; x_wconf 89' lang='lat' dir='ltr'><strong>com-</strong></span> 
     </span>
    </p>
   </div>
   <div class='ocr_carea' id='block_1_41' title="bbox 262 2610 1862 2685">
    <p class='ocr_par' dir='ltr' id='par_1_41' title="bbox 262 2610 1862 2685">
     <span class='ocr_line' id='line_1_41' title="bbox 262 2610 1862 2685; baseline 0.003 -18"><span class='ocrx_word' id='word_1_337' title='bbox 262 2610 588 2682; x_wconf 80' lang='lat' dir='ltr'><strong>plebuutur,</strong></span> <span class='ocrx_word' id='word_1_338' title='bbox 621 2624 961 2683; x_wconf 79' lang='lat' dir='ltr'><strong>nequaquam</strong></span> <span class='ocrx_word' id='word_1_339' title='bbox 995 2613 1378 2685; x_wconf 80' lang='lat' dir='ltr'><strong>plangentibus</strong></span> <span class='ocrx_word' id='word_1_340' title='bbox 1406 2616 1459 2669; x_wconf 87' lang='lat' dir='ltr'><strong>in</strong></span> <span class='ocrx_word' id='word_1_341' title='bbox 1498 2615 1862 2671; x_wconf 86' lang='lat' dir='ltr'><strong>subversione</strong></span> 
     </span>
    </p>
   </div>
   <div class='ocr_carea' id='block_1_42' title="bbox 258 2703 1856 2774">
    <p class='ocr_par' dir='ltr' id='par_1_42' title="bbox 258 2703 1856 2774">
     <span class='ocr_line' id='line_1_42' title="bbox 258 2703 1856 2774; baseline 0.003 -13"><span class='ocrx_word' id='word_1_342' title='bbox 258 2703 588 2774; x_wconf 77' lang='lat' dir='ltr'><strong>Jerusalem,</strong></span> <span class='ocrx_word' id='word_1_343' title='bbox 621 2704 719 2761; x_wconf 81' lang='lat' dir='ltr'><strong>sed</strong></span> <span class='ocrx_word' id='word_1_344' title='bbox 752 2706 1065 2762; x_wconf 72' lang='lat' dir='ltr'><strong>laetantibus</strong></span> <span class='ocrx_word' id='word_1_345' title='bbox 1087 2724 1156 2764; x_wconf 77' lang='lat' dir='ltr'><strong>ex</strong></span> <span class='ocrx_word' id='word_1_346' title='bbox 1181 2706 1541 2765; x_wconf 78' lang='lat' dir='ltr'><strong>instructione</strong></span> <span class='ocrx_word' id='word_1_347' title='bbox 1572 2709 1856 2765; x_wconf 78' lang='lat' dir='ltr'><strong>Ecclesiae.</strong></span> 
     </span>
    </p>
   </div>
   <div class='ocr_carea' id='block_1_43' title="bbox 260 2797 1856 2871">
    <p class='ocr_par' dir='ltr' id='par_1_43' title="bbox 260 2797 1856 2871">
     <span class='ocr_line' id='line_1_43' title="bbox 260 2797 1856 2871; baseline 0.002 -16"><span class='ocrx_word' id='word_1_348' title='bbox 260 2797 412 2855; x_wconf 83' lang='lat' dir='ltr'><strong>Beati</strong></span> <span class='ocrx_word' id='word_1_349' title='bbox 438 2797 646 2870; x_wconf 86' lang='lat' dir='ltr'><strong>quippe</strong></span> <span class='ocrx_word' id='word_1_350' title='bbox 678 2798 950 2870; x_wconf 76' lang='lat' dir='ltr'><strong>lugentes,</strong></span> <span class='ocrx_word' id='word_1_351' title='bbox 978 2803 1239 2871; x_wconf 81' lang='lat' dir='ltr'><strong>quoniam</strong></span> <span class='ocrx_word' id='word_1_352' title='bbox 1266 2800 1373 2871; x_wconf 86' lang='lat' dir='ltr'><strong>ipsi</strong></span> <span class='ocrx_word' id='word_1_353' title='bbox 1401 2798 1856 2860; x_wconf 88' lang='lat' dir='ltr'><strong>consolabuntur.</strong></span> 
     </span>
    </p>
   </div>
   <div class='ocr_carea' id='block_1_44' title="bbox 262 2889 1858 2968">
    <p class='ocr_par' dir='ltr' id='par_1_44' title="bbox 262 2889 1858 2968">
     <span class='ocr_line' id='line_1_44' title="bbox 262 2889 1858 2968; baseline 0.003 -22"><span class='ocrx_word' id='word_1_354' title='bbox 262 2889 409 2946; x_wconf 82' lang='lat' dir='ltr'><strong>Beati</strong></span> <span class='ocrx_word' id='word_1_355' title='bbox 440 2890 661 2957; x_wconf 78' lang='lat' dir='ltr'><strong>ﬂentes,</strong></span> <span class='ocrx_word' id='word_1_356' title='bbox 685 2894 942 2964; x_wconf 77' lang='lat' dir='ltr'><strong>quoniam</strong></span> <span class='ocrx_word' id='word_1_357' title='bbox 975 2893 1077 2964; x_wconf 92' lang='lat' dir='ltr'><strong>ipsi</strong></span> <span class='ocrx_word' id='word_1_358' title='bbox 1108 2892 1383 2950; x_wconf 86' lang='lat' dir='ltr'><strong>ridebunt.</strong></span> <span class='ocrx_word' id='word_1_359' title='bbox 1416 2892 1569 2951; x_wconf 84' lang='lat' dir='ltr'><strong>Beati</strong></span> <span class='ocrx_word' id='word_1_360' title='bbox 1599 2896 1692 2968; x_wconf 89' lang='lat' dir='ltr'><strong>qui</strong></span> <span class='ocrx_word' id='word_1_361' title='bbox 1727 2911 1858 2952; x_wconf 89' lang='lat' dir='ltr'><strong>esu-</strong></span> 
     </span>
    </p>
   </div>
   <div class='ocr_carea' id='block_1_45' title="bbox 265 2982 1863 3059">
    <p class='ocr_par' dir='ltr' id='par_1_45' title="bbox 265 2982 1863 3059">
     <span class='ocr_line' id='line_1_45' title="bbox 265 2982 1863 3059; baseline 0.003 -22"><span class='ocrx_word' id='word_1_362' title='bbox 265 2982 410 3037; x_wconf 89' lang='lat' dir='ltr'><strong>rinnt</strong></span> <span class='ocrx_word' id='word_1_363' title='bbox 437 2992 495 3039; x_wconf 86' lang='lat' dir='ltr'><strong>et</strong></span> <span class='ocrx_word' id='word_1_364' title='bbox 523 2985 713 3040; x_wconf 83' lang='lat' dir='ltr'><strong>sitiunt</strong></span> <span class='ocrx_word' id='word_1_365' title='bbox 740 2985 1028 3055; x_wconf 75' lang='lat' dir='ltr'><strong>iustitiam,</strong></span> <span class='ocrx_word' id='word_1_366' title='bbox 1052 2987 1311 3056; x_wconf 72' lang='lat' dir='ltr'><strong>Quoniam</strong></span> <span class='ocrx_word' id='word_1_367' title='bbox 1338 2988 1441 3059; x_wconf 87' lang='lat' dir='ltr'><strong>ipsi</strong></span> <span class='ocrx_word' id='word_1_368' title='bbox 1468 2982 1863 3045; x_wconf 87' lang='lat' dir='ltr'><strong>saturabuntnr</strong></span> 
     </span>
    </p>
   </div>
   <div class='ocr_carea' id='block_1_46' title="bbox 266 3072 1862 3152">
    <p class='ocr_par' dir='ltr' id='par_1_46' title="bbox 266 3072 1862 3152">
     <span class='ocr_line' id='line_1_46' title="bbox 266 3072 1862 3152; baseline 0.008 -25"><span class='ocrx_word' id='word_1_369' title='bbox 266 3072 576 3147; x_wconf 63' lang='lat' dir='ltr'><strong>(Mettius).</strong></span> <span class='ocrx_word' id='word_1_370' title='bbox 611 3075 680 3134; x_wconf 86' lang='lat' dir='ltr'><strong>Ut</strong></span> <span class='ocrx_word' id='word_1_371' title='bbox 708 3082 999 3150; x_wconf 85' lang='lat' dir='ltr'><strong>postquam</strong></span> <span class='ocrx_word' id='word_1_372' title='bbox 1024 3077 1192 3152; x_wconf 75' lang='lat'><strong>730</strong></span> <span class='ocrx_word' id='word_1_373' title='bbox 1220 3078 1436 3136; x_wconf 88' lang='lat' dir='ltr'><strong><em>Domini</em></strong></span> <span class='ocrx_word' id='word_1_374' title='bbox 1462 3079 1666 3137; x_wconf 79' lang='lat' dir='ltr'><strong>fuerint</strong></span> <span class='ocrx_word' id='word_1_375' title='bbox 1693 3096 1862 3140; x_wconf 89' lang='lat' dir='ltr'><strong>carne</strong></span> 
     </span>
    </p>
   </div>
   <div class='ocr_carea' id='block_1_47' title="bbox 268 3173 1861 3249">
    <p class='ocr_par' dir='ltr' id='par_1_47' title="bbox 268 3173 1861 3249">
     <span class='ocr_line' id='line_1_47' title="bbox 268 3173 1861 3249; baseline 0.004 -23"><span class='ocrx_word' id='word_1_376' title='bbox 268 3173 514 3239; x_wconf 81' lang='lat' dir='ltr'><strong>satursti,</strong></span> <span class='ocrx_word' id='word_1_377' title='bbox 545 3178 805 3229; x_wconf 79' lang='lat' dir='ltr'><strong>eructent</strong></span> <span class='ocrx_word' id='word_1_378' title='bbox 827 3184 1142 3230; x_wconf 84' lang='lat' dir='ltr'><strong>serntottem</strong></span> <span class='ocrx_word' id='word_1_379' title='bbox 1165 3176 1403 3243; x_wconf 88' lang='lat' dir='ltr'><strong><em>Domini,</em></strong></span> <span class='ocrx_word' id='word_1_380' title='bbox 1435 3180 1488 3231; x_wconf 69' lang='lat' dir='ltr'><strong>tet</strong></span> <span class='ocrx_word' id='word_1_381' title='bbox 1514 3174 1700 3232; x_wconf 86' lang='lat' dir='ltr'><strong>dicant</strong></span> <span class='ocrx_word' id='word_1_382' title='bbox 1729 3192 1861 3249; x_wconf 89' lang='lat' dir='ltr'><strong>ope-</strong></span> 
     </span>
    </p>
   </div>
   <div class='ocr_carea' id='block_1_48' title="bbox 273 3265 1043 3340">
    <p class='ocr_par' dir='ltr' id='par_1_48' title="bbox 273 3265 1043 3340">
     <span class='ocr_line' id='line_1_48' title="bbox 273 3265 1043 3340; baseline 0.012 -22"><span class='ocrx_word' id='word_1_383' title='bbox 273 3280 327 3318; x_wconf 86' lang='lat' dir='ltr'><strong>ra</strong></span> <span class='ocrx_word' id='word_1_384' title='bbox 354 3278 454 3321; x_wconf 67' lang='lat' dir='ltr'><strong>sua</strong></span> <span class='ocrx_word' id='word_1_385' title='bbox 476 3267 592 3337; x_wconf 74' lang='lat' dir='ltr'><strong>regi</strong></span> <span class='ocrx_word' id='word_1_386' title='bbox 624 3265 746 3340; x_wconf 83' lang='lat' dir='ltr'><strong>(Ps.</strong></span> <span class='ocrx_word' id='word_1_387' title='bbox 782 3271 951 3336; x_wconf 76' lang='lat' dir='ltr'><strong>sm).</strong></span> <span class='ocrx_word' id='word_1_388' title='bbox 1034 3322 1043 3327; x_wconf 91' lang='lat'><strong>.</strong></span> 
     </span>
    </p>
   </div>
   <div class='ocr_carea' id='block_1_49' title="bbox 342 3354 1865 3436">
    <p class='ocr_par' dir='ltr' id='par_1_49' title="bbox 342 3354 1865 3436">
     <span class='ocr_line' id='line_1_49' title="bbox 342 3354 1865 3436; baseline 0.005 -25"><span class='ocrx_word' id='word_1_389' title='bbox 342 3356 526 3427; x_wconf 72' lang='lat' dir='ltr'><strong>(Vera.</strong></span> <span class='ocrx_word' id='word_1_390' title='bbox 552 3359 647 3426; x_wconf 74' lang='lat' dir='ltr'><strong>2i,</strong></span> <span class='ocrx_word' id='word_1_391' title='bbox 690 3359 810 3431; x_wconf 63' lang='lat' dir='ltr'><strong>ii.)</strong></span> <span class='ocrx_word' id='word_1_392' title='bbox 843 3359 1079 3434; x_wconf 82' lang='lat' dir='ltr'><strong>Populus</strong></span> <span class='ocrx_word' id='word_1_393' title='bbox 1109 3368 1283 3415; x_wconf 78' lang='lat' dir='ltr'><strong>autem</strong></span> <span class='ocrx_word' id='word_1_394' title='bbox 1329 3371 1445 3419; x_wconf 84' lang='lat' dir='ltr'><strong>tuus</strong></span> <span class='ocrx_word' id='word_1_395' title='bbox 1495 3378 1671 3418; x_wconf 83' lang='lat' dir='ltr'><strong>omnes</strong></span> <span class='ocrx_word' id='word_1_396' title='bbox 1704 3354 1865 3436; x_wconf 83' lang='lat' dir='ltr'><strong>justi.</strong></span> 
     </span>
    </p>
   </div>
   <div class='ocr_carea' id='block_1_50' title="bbox 272 3452 1873 3530">
    <p class='ocr_par' dir='ltr' id='par_1_50' title="bbox 272 3452 1873 3530">
     <span class='ocr_line' id='line_1_50' title="bbox 272 3452 1873 3530; baseline -0.001 -19"><span class='ocrx_word' id='word_1_397' title='bbox 272 3452 327 3511; x_wconf 79' lang='lat' dir='ltr'><strong>ltt</strong></span> <span class='ocrx_word' id='word_1_398' title='bbox 355 3461 660 3527; x_wconf 66' lang='lat' dir='ltr'><strong>perpetuum</strong></span> <span class='ocrx_word' id='word_1_399' title='bbox 688 3452 1065 3510; x_wconf 69' lang='lat' dir='ltr'><strong>haereditabunt</strong></span> <span class='ocrx_word' id='word_1_400' title='bbox 1094 3460 1309 3520; x_wconf 78' lang='lat' dir='ltr'><strong>terram,</strong></span> <span class='ocrx_word' id='word_1_401' title='bbox 1351 3468 1556 3530; x_wconf 70' lang='lat' dir='ltr'><strong>germen</strong></span> <span class='ocrx_word' id='word_1_402' title='bbox 1586 3456 1873 3529; x_wconf 87' lang='lat' dir='ltr'><strong>plantatio-</strong></span> 
     </span>
    </p>
   </div>
   <div class='ocr_carea' id='block_1_51' title="bbox 278 3546 1873 3621">
    <p class='ocr_par' dir='ltr' id='par_1_51' title="bbox 278 3546 1873 3621">
     <span class='ocr_line' id='line_1_51' title="bbox 278 3546 1873 3621; baseline 0.003 -19"><span class='ocrx_word' id='word_1_403' title='bbox 278 3547 356 3603; x_wconf 73' lang='lat' dir='ltr'><strong>ttis</strong></span> <span class='ocrx_word' id='word_1_404' title='bbox 384 3552 545 3603; x_wconf 71' lang='lat' dir='ltr'><strong>haec:</strong></span> <span class='ocrx_word' id='word_1_405' title='bbox 598 3560 734 3621; x_wconf 77' lang='lat' dir='ltr'><strong>opus</strong></span> <span class='ocrx_word' id='word_1_406' title='bbox 778 3562 965 3604; x_wconf 71' lang='lat' dir='ltr'><strong>manus</strong></span> <span class='ocrx_word' id='word_1_407' title='bbox 995 3564 1125 3605; x_wconf 74' lang='lat' dir='ltr'><strong>mea:</strong></span> <span class='ocrx_word' id='word_1_408' title='bbox 1151 3546 1220 3603; x_wconf 80' lang='lat' dir='ltr'><strong>ad</strong></span> <span class='ocrx_word' id='word_1_409' title='bbox 1249 3546 1672 3621; x_wconf 73' lang='lat' dir='ltr'><strong>gloriﬁcandum.</strong></span> <span class='ocrx_word' id='word_1_410' title='bbox 1708 3548 1873 3606; x_wconf 70' lang='lat' dir='ltr'><strong><em>Mini-</em></strong></span> 
     </span>
    </p>
   </div>
   <div class='ocr_carea' id='block_1_52' title="bbox 279 3640 1867 3717">
    <p class='ocr_par' dir='ltr' id='par_1_52' title="bbox 279 3640 1867 3717">
     <span class='ocr_line' id='line_1_52' title="bbox 279 3640 1867 3717; baseline 0.003 -22"><span class='ocrx_word' id='word_1_411' title='bbox 279 3655 391 3695; x_wconf 65' lang='grc' dir='ltr'><strong><em>αα</em></strong></span> <span class='ocrx_word' id='word_1_412' title='bbox 419 3641 519 3696; x_wconf 73' lang='lat' dir='ltr'><strong>erit</strong></span> <span class='ocrx_word' id='word_1_413' title='bbox 561 3643 617 3696; x_wconf 79' lang='lat' dir='ltr'><strong>ist</strong></span> <span class='ocrx_word' id='word_1_414' title='bbox 645 3641 812 3709; x_wconf 81' lang='lat' dir='ltr'><strong>mille,</strong></span> <span class='ocrx_word' id='word_1_415' title='bbox 843 3650 892 3695; x_wconf 86' lang='lat' dir='ltr'><strong>et</strong></span> <span class='ocrx_word' id='word_1_416' title='bbox 924 3642 1176 3712; x_wconf 69' lang='lat' dir='ltr'><strong>parvulus</strong></span> <span class='ocrx_word' id='word_1_417' title='bbox 1206 3643 1259 3697; x_wconf 85' lang='lat' dir='ltr'><strong>in</strong></span> <span class='ocrx_word' id='word_1_418' title='bbox 1289 3644 1491 3717; x_wconf 76' lang='lat' dir='ltr'><strong>geniem</strong></span> <span class='ocrx_word' id='word_1_419' title='bbox 1512 3640 1867 3712; x_wconf 78' lang='lat' dir='ltr'><strong>fortissimam.</strong></span> 
     </span>
    </p>
   </div>
   <div class='ocr_carea' id='block_1_53' title="bbox 280 3730 1868 3810">
    <p class='ocr_par' dir='ltr' id='par_1_53' title="bbox 280 3730 1868 3810">
     <span class='ocr_line' id='line_1_53' title="bbox 280 3730 1868 3810; baseline 0.003 -22"><span class='ocrx_word' id='word_1_420' title='bbox 280 3733 389 3805; x_wconf 72' lang='lat' dir='ltr'><strong>ligo</strong></span> <span class='ocrx_word' id='word_1_421' title='bbox 434 3733 697 3790; x_wconf 78' lang='lat' dir='ltr'><strong>Dominus</strong></span> <span class='ocrx_word' id='word_1_422' title='bbox 746 3736 802 3789; x_wconf 89' lang='lat' dir='ltr'><strong>in</strong></span> <span class='ocrx_word' id='word_1_423' title='bbox 848 3744 1081 3804; x_wconf 80' lang='lat' dir='ltr'><strong>tempore</strong></span> <span class='ocrx_word' id='word_1_424' title='bbox 1108 3738 1223 3810; x_wconf 81' lang='lat' dir='ltr'><strong>ejus</strong></span> <span class='ocrx_word' id='word_1_425' title='bbox 1255 3730 1424 3792; x_wconf 82' lang='lat' dir='ltr'><strong>subito</strong></span> <span class='ocrx_word' id='word_1_426' title='bbox 1457 3739 1649 3808; x_wconf 76' lang='lat' dir='ltr'><strong>faciam</strong></span> <span class='ocrx_word' id='word_1_427' title='bbox 1706 3738 1868 3792; x_wconf 87' lang='lat' dir='ltr'><strong>istud.</strong></span> 
     </span>
    </p>
   </div>
   <div class='ocr_carea' id='block_1_54' title="bbox 278 3828 1873 3905">
    <p class='ocr_par' dir='ltr' id='par_1_54' title="bbox 278 3828 1873 3905">
     <span class='ocr_line' id='line_1_54' title="bbox 278 3828 1873 3905; baseline 0 -19"><span class='ocrx_word' id='word_1_428' title='bbox 278 3828 451 3886; x_wconf 72' lang='lat' dir='ltr'><strong>LXX:</strong></span> <span class='ocrx_word' id='word_1_429' title='bbox 492 3829 733 3902; x_wconf 77' lang='lat' dir='ltr'><strong>Populus</strong></span> <span class='ocrx_word' id='word_1_430' title='bbox 762 3838 883 3884; x_wconf 81' lang='lat' dir='ltr'><strong>titus</strong></span> <span class='ocrx_word' id='word_1_431' title='bbox 923 3842 1100 3884; x_wconf 80' lang='lat' dir='ltr'><strong>omnes</strong></span> <span class='ocrx_word' id='word_1_432' title='bbox 1122 3831 1260 3905; x_wconf 80' lang='lat' dir='ltr'><strong>justi</strong></span> <span class='ocrx_word' id='word_1_433' title='bbox 1297 3842 1500 3904; x_wconf 85' lang='lat' dir='ltr'><strong>semper</strong></span> <span class='ocrx_word' id='word_1_434' title='bbox 1536 3828 1873 3903; x_wconf 83' lang='lat' dir='ltr'><strong>possidebunt</strong></span> 
     </span>
    </p>
   </div>
   <div class='ocr_carea' id='block_1_55' title="bbox 279 3922 1876 3994">
    <p class='ocr_par' dir='ltr' id='par_1_55' title="bbox 279 3922 1876 3994">
     <span class='ocr_line' id='line_1_55' title="bbox 279 3922 1876 3994; baseline -0.001 -16"><span class='ocrx_word' id='word_1_435' title='bbox 279 3922 819 3979; x_wconf 60' lang='lat' dir='ltr'><strong>terrainnustudlens</strong></span> <span class='ocrx_word' id='word_1_436' title='bbox 847 3922 1247 3993; x_wconf 80' lang='lat' dir='ltr'><strong>plantationein,</strong></span> <span class='ocrx_word' id='word_1_437' title='bbox 1275 3930 1433 3994; x_wconf 81' lang='lat' dir='ltr'><strong>opera</strong></span> <span class='ocrx_word' id='word_1_438' title='bbox 1474 3930 1718 3977; x_wconf 80' lang='lat' dir='ltr'><strong>manuum</strong></span> <span class='ocrx_word' id='word_1_439' title='bbox 1754 3940 1876 3977; x_wconf 88' lang='lat' dir='ltr'><strong>sua-</strong></span> 
     </span>
    </p>
   </div>
   <div class='ocr_carea' id='block_1_56' title="bbox 278 4012 1876 4088">
    <p class='ocr_par' dir='ltr' id='par_1_56' title="bbox 278 4012 1876 4088">
     <span class='ocr_line' id='line_1_56' title="bbox 278 4012 1876 4088; baseline -0.001 -17"><span class='ocrx_word' id='word_1_440' title='bbox 278 4031 392 4072; x_wconf 84' lang='lat' dir='ltr'><strong>ruut</strong></span> <span class='ocrx_word' id='word_1_441' title='bbox 419 4017 475 4071; x_wconf 79' lang='lat' dir='ltr'><strong>in</strong></span> <span class='ocrx_word' id='word_1_442' title='bbox 496 4015 741 4088; x_wconf 74' lang='lat' dir='ltr'><strong>glorians.</strong></span> <span class='ocrx_word' id='word_1_443' title='bbox 777 4014 878 4085; x_wconf 68' lang='lat' dir='ltr'><strong>Qui</strong></span> <span class='ocrx_word' id='word_1_444' title='bbox 900 4026 1091 4083; x_wconf 66' lang='lat' dir='ltr'><strong>parvus</strong></span> <span class='ocrx_word' id='word_1_445' title='bbox 1114 4022 1211 4082; x_wconf 81' lang='lat' dir='ltr'><strong>est,</strong></span> <span class='ocrx_word' id='word_1_446' title='bbox 1243 4016 1339 4069; x_wconf 80' lang='lat' dir='ltr'><strong>erit</strong></span> <span class='ocrx_word' id='word_1_447' title='bbox 1358 4016 1414 4069; x_wconf 85' lang='lat' dir='ltr'><strong><em>in</em></strong></span> <span class='ocrx_word' id='word_1_448' title='bbox 1440 4014 1693 4081; x_wconf 83' lang='lat' dir='ltr'><strong>millibus,</strong></span> <span class='ocrx_word' id='word_1_449' title='bbox 1713 4022 1762 4070; x_wconf 90' lang='lat' dir='ltr'><strong>et</strong></span> <span class='ocrx_word' id='word_1_450' title='bbox 1786 4012 1876 4087; x_wconf 85' lang='lat' dir='ltr'><strong>qui</strong></span> 
     </span>
    </p>
   </div>
   <div class='ocr_carea' id='block_1_57' title="bbox 282 4102 1876 4185">
    <p class='ocr_par' dir='ltr' id='par_1_57' title="bbox 282 4102 1876 4185">
     <span class='ocr_line' id='line_1_57' title="bbox 282 4102 1876 4185; baseline -0.002 -19"><span class='ocrx_word' id='word_1_451' title='bbox 282 4113 550 4174; x_wconf 82' lang='lat' dir='ltr'><strong>usinimus,</strong></span> <span class='ocrx_word' id='word_1_452' title='bbox 572 4112 627 4165; x_wconf 77' lang='lat' dir='ltr'><strong>in</strong></span> <span class='ocrx_word' id='word_1_453' title='bbox 654 4119 861 4185; x_wconf 67' lang='lat' dir='ltr'><strong>gentem</strong></span> <span class='ocrx_word' id='word_1_454' title='bbox 891 4114 1157 4181; x_wconf 81' lang='lat' dir='ltr'><strong>magnam.</strong></span> <span class='ocrx_word' id='word_1_455' title='bbox 1188 4102 1300 4181; x_wconf 82' lang='lat' dir='ltr'><strong>Ego</strong></span> <span class='ocrx_word' id='word_1_456' title='bbox 1316 4104 1574 4164; x_wconf 85' lang='lat' dir='ltr'><strong>Dominus</strong></span> <span class='ocrx_word' id='word_1_457' title='bbox 1602 4110 1655 4163; x_wconf 91' lang='lat' dir='ltr'><strong>in</strong></span> <span class='ocrx_word' id='word_1_458' title='bbox 1680 4118 1876 4181; x_wconf 86' lang='lat' dir='ltr'><strong>tempo-</strong></span> 
     </span>
    </p>
   </div>
   <div class='ocr_carea' id='block_1_58' title="bbox 279 4198 1877 4277">
    <p class='ocr_par' dir='ltr' id='par_1_58' title="bbox 279 4198 1877 4277">
     <span class='ocr_line' id='line_1_58' title="bbox 279 4198 1877 4277; baseline -0.001 -17"><span class='ocrx_word' id='word_1_459' title='bbox 279 4223 334 4261; x_wconf 80' lang='lat' dir='ltr'><strong>ru</strong></span> <span class='ocrx_word' id='word_1_460' title='bbox 361 4204 686 4277; x_wconf 65' lang='lat' dir='ltr'><strong>congregato</strong></span> <span class='ocrx_word' id='word_1_461' title='bbox 717 4216 829 4260; x_wconf 83' lang='lat' dir='ltr'><strong>eos.</strong></span> <span class='ocrx_word' id='word_1_462' title='bbox 861 4203 1058 4260; x_wconf 81' lang='lat' dir='ltr'><strong>Finitis</strong></span> <span class='ocrx_word' id='word_1_463' title='bbox 1078 4203 1279 4259; x_wconf 85' lang='lat' dir='ltr'><strong>diebus</strong></span> <span class='ocrx_word' id='word_1_464' title='bbox 1307 4198 1488 4260; x_wconf 82' lang='lat' dir='ltr'><strong>luctus</strong></span> <span class='ocrx_word' id='word_1_465' title='bbox 1517 4214 1679 4274; x_wconf 87' lang='lat' dir='ltr'><strong>atque</strong></span> <span class='ocrx_word' id='word_1_466' title='bbox 1723 4218 1877 4258; x_wconf 90' lang='lat' dir='ltr'><strong>com-</strong></span> 
     </span>
    </p>
   </div>
   <div class='ocr_carea' id='block_1_59' title="bbox 283 4294 1879 4371">
    <p class='ocr_par' dir='ltr' id='par_1_59' title="bbox 283 4294 1879 4371">
     <span class='ocr_line' id='line_1_59' title="bbox 283 4294 1879 4371; baseline -0.004 -15"><span class='ocrx_word' id='word_1_467' title='bbox 283 4300 465 4370; x_wconf 80' lang='lat' dir='ltr'><strong>pletis,</strong></span> <span class='ocrx_word' id='word_1_468' title='bbox 497 4298 716 4371; x_wconf 78' lang='lat' dir='ltr'><strong>quattdo</strong></span> <span class='ocrx_word' id='word_1_469' title='bbox 759 4298 978 4354; x_wconf 83' lang='lat' dir='ltr'><strong>tristitia</strong></span> <span class='ocrx_word' id='word_1_470' title='bbox 1022 4298 1265 4353; x_wconf 70' lang='lat' dir='ltr'><strong>vertetur</strong></span> <span class='ocrx_word' id='word_1_471' title='bbox 1300 4297 1352 4352; x_wconf 90' lang='lat' dir='ltr'><strong>in</strong></span> <span class='ocrx_word' id='word_1_472' title='bbox 1385 4294 1668 4369; x_wconf 74' lang='lat' dir='ltr'><strong>gaudium,</strong></span> <span class='ocrx_word' id='word_1_473' title='bbox 1704 4306 1879 4366; x_wconf 64' lang='lat' dir='ltr'><strong>poptt-t</strong></span> 
     </span>
    </p>
   </div>
   <div class='ocr_carea' id='block_1_60' title="bbox 283 4384 1874 4461">
    <p class='ocr_par' dir='ltr' id='par_1_60' title="bbox 283 4384 1874 4461">
     <span class='ocr_line' id='line_1_60' title="bbox 283 4384 1874 4461; baseline -0.003 -12"><span class='ocrx_word' id='word_1_474' title='bbox 283 4392 365 4449; x_wconf 88' lang='lat' dir='ltr'><strong>lus</strong></span> <span class='ocrx_word' id='word_1_475' title='bbox 384 4392 519 4449; x_wconf 72' lang='lat' dir='ltr'><strong>Sion</strong></span> <span class='ocrx_word' id='word_1_476' title='bbox 548 4394 659 4447; x_wconf 82' lang='lat' dir='ltr'><strong>erit</strong></span> <span class='ocrx_word' id='word_1_477' title='bbox 704 4389 887 4446; x_wconf 74' lang='lat' dir='ltr'><strong>multis</strong></span> <span class='ocrx_word' id='word_1_478' title='bbox 928 4389 1137 4461; x_wconf 80' lang='lat' dir='ltr'><strong>justus,</strong></span> <span class='ocrx_word' id='word_1_479' title='bbox 1183 4396 1293 4446; x_wconf 82' lang='lat' dir='ltr'><strong>lion</strong></span> <span class='ocrx_word' id='word_1_480' title='bbox 1324 4389 1395 4446; x_wconf 80' lang='lat' dir='ltr'><strong>ad</strong></span> <span class='ocrx_word' id='word_1_481' title='bbox 1442 4384 1608 4446; x_wconf 82' lang='lat' dir='ltr'><strong>breve</strong></span> <span class='ocrx_word' id='word_1_482' title='bbox 1641 4400 1874 4458; x_wconf 86' lang='lat' dir='ltr'><strong>tempus,</strong></span> 
     </span>
    </p>
   </div>
   <div class='ocr_carea' id='block_1_61' title="bbox 283 4482 1879 4557">
    <p class='ocr_par' dir='ltr' id='par_1_61' title="bbox 283 4482 1879 4557">
     <span class='ocr_line' id='line_1_61' title="bbox 283 4482 1879 4557; baseline -0.004 -14"><span class='ocrx_word' id='word_1_483' title='bbox 283 4489 376 4543; x_wconf 79' lang='lat' dir='ltr'><strong>sed</strong></span> <span class='ocrx_word' id='word_1_484' title='bbox 406 4486 463 4542; x_wconf 90' lang='lat' dir='ltr'><strong>in</strong></span> <span class='ocrx_word' id='word_1_485' title='bbox 496 4492 867 4557; x_wconf 67' lang='lat' dir='ltr'><strong>perpetuum,</strong></span> <span class='ocrx_word' id='word_1_486' title='bbox 912 4488 968 4540; x_wconf 84' lang='lat' dir='ltr'><strong>et</strong></span> <span class='ocrx_word' id='word_1_487' title='bbox 1012 4485 1141 4550; x_wconf 76' lang='lat' dir='ltr'><strong>quin</strong></span> <span class='ocrx_word' id='word_1_488' title='bbox 1167 4484 1349 4554; x_wconf 73' lang='lat' dir='ltr'><strong>justus</strong></span> <span class='ocrx_word' id='word_1_489' title='bbox 1383 4484 1486 4550; x_wconf 81' lang='lat' dir='ltr'><strong>est,</strong></span> <span class='ocrx_word' id='word_1_490' title='bbox 1523 4493 1726 4539; x_wconf 86' lang='lat' dir='ltr'><strong>terram</strong></span> <span class='ocrx_word' id='word_1_491' title='bbox 1776 4482 1879 4537; x_wconf 90' lang='lat' dir='ltr'><strong>mi-</strong></span> 
     </span>
    </p>
   </div>
   <div class='ocr_carea' id='block_1_62' title="bbox 1967 1957 3571 2034">
    <p class='ocr_par' dir='ltr' id='par_1_62' title="bbox 1967 1957 3571 2034">
     <span class='ocr_line' id='line_1_62' title="bbox 1967 1957 3571 2034; baseline -0.005 -13"><span class='ocrx_word' id='word_1_492' title='bbox 1967 1966 2089 2034; x_wconf 84' lang='lat' dir='ltr'><strong>l&#39;uit,</strong></span> <span class='ocrx_word' id='word_1_493' title='bbox 2117 1964 2222 2021; x_wconf 88' lang='lat' dir='ltr'><strong>erit</strong></span> <span class='ocrx_word' id='word_1_494' title='bbox 2270 1969 2324 2020; x_wconf 90' lang='lat' dir='ltr'><strong>itt</strong></span> <span class='ocrx_word' id='word_1_495' title='bbox 2357 1965 2551 2029; x_wconf 85' lang='lat' dir='ltr'><strong>millia,</strong></span> <span class='ocrx_word' id='word_1_496' title='bbox 2586 1964 2818 2019; x_wconf 87' lang='lat' dir='ltr'><strong>audiens</strong></span> <span class='ocrx_word' id='word_1_497' title='bbox 2849 1978 2878 2015; x_wconf 90' lang='lat' dir='ltr'><strong>a</strong></span> <span class='ocrx_word' id='word_1_498' title='bbox 2906 1961 3172 2017; x_wconf 85' lang='lat' dir='ltr'><strong>Domino:</strong></span> <span class='ocrx_word' id='word_1_499' title='bbox 3202 1958 3331 2015; x_wconf 82' lang='lat' dir='ltr'><strong>Esto</strong></span> <span class='ocrx_word' id='word_1_500' title='bbox 3372 1957 3571 2014; x_wconf 79' lang='lat' dir='ltr'><strong>habens</strong></span> 
     </span>
    </p>
   </div>
   <div class='ocr_carea' id='block_1_63' title="bbox 1964 2051 3568 2135">
    <p class='ocr_par' dir='ltr' id='par_1_63' title="bbox 1964 2051 3568 2135">
     <span class='ocr_line' id='line_1_63' title="bbox 1964 2051 3568 2135; baseline -0.005 -20"><span class='ocrx_word' id='word_1_501' title='bbox 1964 2070 2273 2135; x_wconf 85' lang='lat' dir='ltr'><strong>potestatem</strong></span> <span class='ocrx_word' id='word_1_502' title='bbox 2301 2076 2463 2129; x_wconf 88' lang='lat' dir='ltr'><strong>super</strong></span> <span class='ocrx_word' id='word_1_503' title='bbox 2488 2059 2713 2129; x_wconf 87' lang='lat' dir='ltr'><strong>quinque</strong></span> <span class='ocrx_word' id='word_1_504' title='bbox 2729 2058 2816 2113; x_wconf 89' lang='lat' dir='ltr'><strong>vel</strong></span> <span class='ocrx_word' id='word_1_505' title='bbox 2832 2055 3007 2111; x_wconf 84' lang='lat' dir='ltr'><strong>decem</strong></span> <span class='ocrx_word' id='word_1_506' title='bbox 3020 2055 3252 2135; x_wconf 78' lang='lat' dir='ltr'><strong>civitates</strong></span> <span class='ocrx_word' id='word_1_507' title='bbox 3278 2051 3432 2125; x_wconf 87' lang='lat' dir='ltr'><strong>(Luc.</strong></span> <span class='ocrx_word' id='word_1_508' title='bbox 3452 2067 3568 2119; x_wconf 77' lang='lat' dir='ltr'><strong>xu,</strong></span> 
     </span>
    </p>
   </div>
   <div class='ocr_carea' id='block_1_64' title="bbox 1966 2132 3566 2225">
    <p class='ocr_par' dir='ltr' id='par_1_64' title="bbox 1966 2132 3566 2225">
     <span class='ocr_line' id='line_1_64' title="bbox 1966 2132 3566 2225; baseline -0.004 -17"><span class='ocrx_word' id='word_1_509' title='bbox 1966 2132 2052 2219; x_wconf 72' lang='lat' dir='ltr'><strong>i7,</strong></span> <span class='ocrx_word' id='word_1_510' title='bbox 2087 2153 2215 2220; x_wconf 79' lang='lat' dir='ltr'><strong>t9);</strong></span> <span class='ocrx_word' id='word_1_511' title='bbox 2273 2153 2347 2208; x_wconf 89' lang='lat' dir='ltr'><strong>ita</strong></span> <span class='ocrx_word' id='word_1_512' title='bbox 2391 2163 2450 2207; x_wconf 91' lang='lat' dir='ltr'><strong>ut</strong></span> <span class='ocrx_word' id='word_1_513' title='bbox 2499 2152 2808 2223; x_wconf 85' lang='lat' dir='ltr'><strong>appelletur</strong></span> <span class='ocrx_word' id='word_1_514' title='bbox 2849 2149 3137 2225; x_wconf 78' lang='grc' dir='ltr'><strong>χιλίαρχος</strong></span> <span class='ocrx_word' id='word_1_515' title='bbox 3182 2132 3251 2202; x_wconf 76' lang='lat' dir='ltr'><strong>Et</strong></span> <span class='ocrx_word' id='word_1_516' title='bbox 3295 2145 3391 2216; x_wconf 90' lang='lat' dir='ltr'><strong>qui</strong></span> <span class='ocrx_word' id='word_1_517' title='bbox 3440 2160 3566 2201; x_wconf 84' lang='lat' dir='ltr'><strong>cum</strong></span> 
     </span>
    </p>
   </div>
   <div class='ocr_carea' id='block_1_65' title="bbox 1962 2242 3566 2314">
    <p class='ocr_par' dir='ltr' id='par_1_65' title="bbox 1962 2242 3566 2314">
     <span class='ocr_line' id='line_1_65' title="bbox 1962 2242 3566 2314; baseline -0.006 -13"><span class='ocrx_word' id='word_1_518' title='bbox 1962 2244 2229 2314; x_wconf 83' lang='lat' dir='ltr'><strong>Apostolo</strong></span> <span class='ocrx_word' id='word_1_519' title='bbox 2259 2245 2507 2300; x_wconf 82' lang='lat' dir='ltr'><strong>dixerat:</strong></span> <span class='ocrx_word' id='word_1_520' title='bbox 2549 2242 2688 2298; x_wconf 81' lang='lat' dir='ltr'><strong>Mihi</strong></span> <span class='ocrx_word' id='word_1_521' title='bbox 2716 2242 2933 2297; x_wconf 89' lang='lat' dir='ltr'><strong><em>minimo</em></strong></span> <span class='ocrx_word' id='word_1_522' title='bbox 2980 2243 3213 2295; x_wconf 82' lang='lat' dir='ltr'><strong>omnium</strong></span> <span class='ocrx_word' id='word_1_523' title='bbox 3260 2246 3566 2293; x_wconf 83' lang='lat' dir='ltr'><strong>sanctorum</strong></span> 
     </span>
    </p>
   </div>
   <div class='ocr_carea' id='block_1_66' title="bbox 1963 2332 3566 2413">
    <p class='ocr_par' dir='ltr' id='par_1_66' title="bbox 1963 2332 3566 2413">
     <span class='ocr_line' id='line_1_66' title="bbox 1963 2332 3566 2413; baseline -0.003 -21"><span class='ocrx_word' id='word_1_524' title='bbox 1963 2337 2088 2393; x_wconf 89' lang='lat' dir='ltr'><strong>data</strong></span> <span class='ocrx_word' id='word_1_525' title='bbox 2106 2350 2180 2394; x_wconf 86' lang='lat' dir='ltr'><strong>est</strong></span> <span class='ocrx_word' id='word_1_526' title='bbox 2215 2338 2387 2413; x_wconf 79' lang='lat' dir='ltr'><strong>gratia</strong></span> <span class='ocrx_word' id='word_1_527' title='bbox 2413 2340 2522 2393; x_wconf 72' lang='lat' dir='ltr'><strong>haec</strong></span> <span class='ocrx_word' id='word_1_528' title='bbox 2551 2335 2771 2410; x_wconf 84' lang='lat' dir='ltr'><strong>(Ephes.</strong></span> <span class='ocrx_word' id='word_1_529' title='bbox 2801 2351 2883 2400; x_wconf 82' lang='lat' dir='ltr'><strong>lit,</strong></span> <span class='ocrx_word' id='word_1_530' title='bbox 2911 2335 2996 2405; x_wconf 90' lang='lat'><strong>8),</strong></span> <span class='ocrx_word' id='word_1_531' title='bbox 3038 2336 3295 2405; x_wconf 85' lang='lat' dir='ltr'><strong>princeps</strong></span> <span class='ocrx_word' id='word_1_532' title='bbox 3323 2332 3435 2389; x_wconf 80' lang='lat' dir='ltr'><strong>erit</strong></span> <span class='ocrx_word' id='word_1_533' title='bbox 3450 2348 3566 2388; x_wconf 80' lang='lat' dir='ltr'><strong>ma-</strong></span> 
     </span>
    </p>
   </div>
   <div class='ocr_carea' id='block_1_67' title="bbox 1962 2427 3574 2505">
    <p class='ocr_par' dir='ltr' id='par_1_67' title="bbox 1962 2427 3574 2505">
     <span class='ocr_line' id='line_1_67' title="bbox 1962 2427 3574 2505; baseline -0.005 -16"><span class='ocrx_word' id='word_1_534' title='bbox 1962 2448 2084 2505; x_wconf 72' lang='lat' dir='ltr'><strong>gna:</strong></span> <span class='ocrx_word' id='word_1_535' title='bbox 2112 2433 2289 2503; x_wconf 85' lang='lat' dir='ltr'><strong>gentis</strong></span> <span class='ocrx_word' id='word_1_536' title='bbox 2329 2432 2387 2488; x_wconf 91' lang='lat' dir='ltr'><strong><em>in</em></strong></span> <span class='ocrx_word' id='word_1_537' title='bbox 2426 2431 2777 2493; x_wconf 60' lang='lat' dir='ltr'><strong>caelestibus.</strong></span> <span class='ocrx_word' id='word_1_538' title='bbox 2810 2428 3031 2499; x_wconf 86' lang='lat' dir='ltr'><strong>quando</strong></span> <span class='ocrx_word' id='word_1_539' title='bbox 3074 2438 3327 2498; x_wconf 86' lang='lat' dir='ltr'><strong>tempore</strong></span> <span class='ocrx_word' id='word_1_540' title='bbox 3366 2427 3574 2485; x_wconf 83' lang='lat' dir='ltr'><strong>consti-</strong></span> 
     </span>
    </p>
   </div>
   <div class='ocr_carea' id='block_1_68' title="bbox 1963 2522 3564 2596">
    <p class='ocr_par' dir='ltr' id='par_1_68' title="bbox 1963 2522 3564 2596">
     <span class='ocr_line' id='line_1_68' title="bbox 1963 2522 3564 2596; baseline -0.004 -12"><span class='ocrx_word' id='word_1_541' title='bbox 1963 2538 2081 2584; x_wconf 87' lang='lat' dir='ltr'><strong>tuto</strong></span> <span class='ocrx_word' id='word_1_542' title='bbox 2109 2528 2319 2585; x_wconf 86' lang='lat' dir='ltr'><strong>miserit</strong></span> <span class='ocrx_word' id='word_1_543' title='bbox 2349 2522 2612 2583; x_wconf 89' lang='lat' dir='ltr'><strong>Dominus</strong></span> <span class='ocrx_word' id='word_1_544' title='bbox 2641 2524 2883 2596; x_wconf 75' lang='lat' dir='ltr'><strong>Angelos</strong></span> <span class='ocrx_word' id='word_1_545' title='bbox 2907 2536 3059 2585; x_wconf 86' lang='lat' dir='ltr'><strong>suos,</strong></span> <span class='ocrx_word' id='word_1_546' title='bbox 3103 2528 3163 2578; x_wconf 87' lang='lat' dir='ltr'><strong>et</strong></span> <span class='ocrx_word' id='word_1_547' title='bbox 3190 2535 3564 2593; x_wconf 82' lang='lat' dir='ltr'><strong>congregave-</strong></span> 
     </span>
    </p>
   </div>
   <div class='ocr_carea' id='block_1_69' title="bbox 1963 2611 3569 2683">
    <p class='ocr_par' dir='ltr' id='par_1_69' title="bbox 1963 2611 3569 2683">
     <span class='ocr_line' id='line_1_69' title="bbox 1963 2611 3569 2683; baseline -0.005 -6"><span class='ocrx_word' id='word_1_548' title='bbox 1963 2621 2074 2677; x_wconf 90' lang='lat' dir='ltr'><strong>rint</strong></span> <span class='ocrx_word' id='word_1_549' title='bbox 2098 2618 2166 2675; x_wconf 89' lang='lat' dir='ltr'><strong>ad</strong></span> <span class='ocrx_word' id='word_1_550' title='bbox 2197 2635 2320 2676; x_wconf 89' lang='lat' dir='ltr'><strong>eum</strong></span> <span class='ocrx_word' id='word_1_551' title='bbox 2364 2633 2563 2676; x_wconf 89' lang='lat' dir='ltr'><strong>omnes</strong></span> <span class='ocrx_word' id='word_1_552' title='bbox 2589 2616 2847 2683; x_wconf 81' lang='lat' dir='ltr'><strong>S-tnctos,</strong></span> <span class='ocrx_word' id='word_1_553' title='bbox 2876 2631 2904 2669; x_wconf 87' lang='lat' dir='ltr'><strong>a</strong></span> <span class='ocrx_word' id='word_1_554' title='bbox 2934 2613 3261 2671; x_wconf 84' lang='lat' dir='ltr'><strong>summitate</strong></span> <span class='ocrx_word' id='word_1_555' title='bbox 3309 2611 3435 2669; x_wconf 68' lang='lat' dir='ltr'><strong>caili</strong></span> <span class='ocrx_word' id='word_1_556' title='bbox 3477 2627 3569 2669; x_wconf 84' lang='lat' dir='ltr'><strong>us-</strong></span> 
     </span>
    </p>
   </div>
   <div class='ocr_carea' id='block_1_70' title="bbox 1962 2706 3569 2785">
    <p class='ocr_par' dir='ltr' id='par_1_70' title="bbox 1962 2706 3569 2785">
     <span class='ocr_line' id='line_1_70' title="bbox 1962 2706 3569 2785; baseline -0.004 -18"><span class='ocrx_word' id='word_1_557' title='bbox 1962 2730 2068 2785; x_wconf 89' lang='lat' dir='ltr'><strong>que</strong></span> <span class='ocrx_word' id='word_1_558' title='bbox 2090 2713 2156 2769; x_wconf 88' lang='lat' dir='ltr'><strong>ad</strong></span> <span class='ocrx_word' id='word_1_559' title='bbox 2200 2729 2477 2769; x_wconf 89' lang='lat' dir='ltr'><strong>summum</strong></span> <span class='ocrx_word' id='word_1_560' title='bbox 2504 2711 2625 2784; x_wconf 89' lang='lat' dir='ltr'><strong>ejus</strong></span> <span class='ocrx_word' id='word_1_561' title='bbox 2650 2709 2873 2780; x_wconf 76' lang='lat' dir='ltr'><strong>(Matth.</strong></span> <span class='ocrx_word' id='word_1_562' title='bbox 2900 2710 3081 2779; x_wconf 77' lang='lat' dir='ltr'><strong>xxiv):</strong></span> <span class='ocrx_word' id='word_1_563' title='bbox 3131 2721 3242 2763; x_wconf 87' lang='lat' dir='ltr'><strong>non</strong></span> <span class='ocrx_word' id='word_1_564' title='bbox 3287 2707 3467 2762; x_wconf 81' lang='lat' dir='ltr'><strong>solum</strong></span> <span class='ocrx_word' id='word_1_565' title='bbox 3494 2706 3569 2761; x_wconf 85' lang='lat' dir='ltr'><strong>de</strong></span> 
     </span>
    </p>
   </div>
   <div class='ocr_carea' id='block_1_71' title="bbox 1965 2799 3566 2878">
    <p class='ocr_par' dir='ltr' id='par_1_71' title="bbox 1965 2799 3566 2878">
     <span class='ocr_line' id='line_1_71' title="bbox 1965 2799 3566 2878; baseline -0.004 -16"><span class='ocrx_word' id='word_1_566' title='bbox 1965 2804 2154 2875; x_wconf 82' lang='lat' dir='ltr'><strong>Israel,</strong></span> <span class='ocrx_word' id='word_1_567' title='bbox 2196 2805 2290 2862; x_wconf 87' lang='lat' dir='ltr'><strong>sed</strong></span> <span class='ocrx_word' id='word_1_568' title='bbox 2331 2819 2385 2862; x_wconf 88' lang='lat' dir='ltr'><strong>et</strong></span> <span class='ocrx_word' id='word_1_569' title='bbox 2407 2805 2567 2878; x_wconf 75' lang='lat'><strong>731</strong></span> <span class='ocrx_word' id='word_1_570' title='bbox 2592 2804 2661 2861; x_wconf 86' lang='lat' dir='ltr'><strong>de</strong></span> <span class='ocrx_word' id='word_1_571' title='bbox 2691 2804 2931 2873; x_wconf 83' lang='lat' dir='ltr'><strong>gentium</strong></span> <span class='ocrx_word' id='word_1_572' title='bbox 2959 2800 3181 2871; x_wconf 90' lang='lat' dir='ltr'><strong>populo,</strong></span> <span class='ocrx_word' id='word_1_573' title='bbox 3205 2815 3371 2871; x_wconf 90' lang='lat' dir='ltr'><strong>quem</strong></span> <span class='ocrx_word' id='word_1_574' title='bbox 3393 2799 3566 2871; x_wconf 80' lang='lat' dir='ltr'><strong>signi-</strong></span> 
     </span>
    </p>
   </div>
   <div class='ocr_carea' id='block_1_72' title="bbox 1962 2892 3569 2970">
    <p class='ocr_par' dir='ltr' id='par_1_72' title="bbox 1962 2892 3569 2970">
     <span class='ocr_line' id='line_1_72' title="bbox 1962 2892 3569 2970; baseline -0.004 -15"><span class='ocrx_word' id='word_1_575' title='bbox 1962 2902 2131 2955; x_wconf 84' lang='lat' dir='ltr'><strong>llcans</strong></span> <span class='ocrx_word' id='word_1_576' title='bbox 2165 2899 2524 2970; x_wconf 85' lang='lat' dir='ltr'><strong>loquebatur:</strong></span> <span class='ocrx_word' id='word_1_577' title='bbox 2553 2892 2620 2952; x_wconf 85' lang='lat' dir='ltr'><strong>Et</strong></span> <span class='ocrx_word' id='word_1_578' title='bbox 2650 2894 2788 2952; x_wconf 82' lang='lat' dir='ltr'><strong>altas</strong></span> <span class='ocrx_word' id='word_1_579' title='bbox 2835 2911 2957 2950; x_wconf 82' lang='lat' dir='ltr'><strong>oves</strong></span> <span class='ocrx_word' id='word_1_580' title='bbox 2979 2894 3143 2949; x_wconf 80' lang='lat' dir='ltr'><strong>habeo</strong></span> <span class='ocrx_word' id='word_1_581' title='bbox 3171 2909 3290 2965; x_wconf 68' lang='lat' dir='ltr'><strong>quae</strong></span> <span class='ocrx_word' id='word_1_582' title='bbox 3314 2908 3419 2949; x_wconf 85' lang='lat' dir='ltr'><strong>non</strong></span> <span class='ocrx_word' id='word_1_583' title='bbox 3446 2904 3569 2949; x_wconf 80' lang='lat' dir='ltr'><strong>sunt</strong></span> 
     </span>
    </p>
   </div>
   <div class='ocr_carea' id='block_1_73' title="bbox 1964 2986 3571 3066">
    <p class='ocr_par' dir='ltr' id='par_1_73' title="bbox 1964 2986 3571 3066">
     <span class='ocr_line' id='line_1_73' title="bbox 1964 2986 3571 3066; baseline -0.006 -19"><span class='ocrx_word' id='word_1_584' title='bbox 1964 2992 2029 3049; x_wconf 90' lang='lat' dir='ltr'><strong>de</strong></span> <span class='ocrx_word' id='word_1_585' title='bbox 2054 3009 2208 3066; x_wconf 84' lang='lat' dir='ltr'><strong>grege</strong></span> <span class='ocrx_word' id='word_1_586' title='bbox 2238 2994 2357 3059; x_wconf 87' lang='lat' dir='ltr'><strong>ista,</strong></span> <span class='ocrx_word' id='word_1_587' title='bbox 2406 3002 2455 3046; x_wconf 86' lang='lat' dir='ltr'><strong>et</strong></span> <span class='ocrx_word' id='word_1_588' title='bbox 2504 2992 2628 3045; x_wconf 87' lang='lat' dir='ltr'><strong>illas</strong></span> <span class='ocrx_word' id='word_1_589' title='bbox 2665 2998 2864 3063; x_wconf 79' lang='lat' dir='ltr'><strong>Oportet</strong></span> <span class='ocrx_word' id='word_1_590' title='bbox 2910 3004 2991 3043; x_wconf 84' lang='lat' dir='ltr'><strong>me</strong></span> <span class='ocrx_word' id='word_1_591' title='bbox 3023 3003 3360 3061; x_wconf 78' lang='lat' dir='ltr'><strong>congregare,</strong></span> <span class='ocrx_word' id='word_1_592' title='bbox 3390 2994 3445 3040; x_wconf 85' lang='lat' dir='ltr'><strong>ut</strong></span> <span class='ocrx_word' id='word_1_593' title='bbox 3473 2986 3571 3054; x_wconf 72' lang='grc' dir='ltr'><strong><em>βω</em></strong></span> 
     </span>
    </p>
   </div>
   <div class='ocr_carea' id='block_1_74' title="bbox 1964 3081 3566 3165">
    <p class='ocr_par' dir='ltr' id='par_1_74' title="bbox 1964 3081 3566 3165">
     <span class='ocr_line' id='line_1_74' title="bbox 1964 3081 3566 3165; baseline -0.006 -21"><span class='ocrx_word' id='word_1_594' title='bbox 1964 3105 2097 3144; x_wconf 82' lang='lat' dir='ltr'><strong>unus</strong></span> <span class='ocrx_word' id='word_1_595' title='bbox 2117 3105 2263 3165; x_wconf 64' lang='lat' dir='ltr'><strong>great,</strong></span> <span class='ocrx_word' id='word_1_596' title='bbox 2310 3098 2358 3142; x_wconf 90' lang='lat' dir='ltr'><strong>et</strong></span> <span class='ocrx_word' id='word_1_597' title='bbox 2391 3103 2523 3143; x_wconf 88' lang='lat' dir='ltr'><strong>unus</strong></span> <span class='ocrx_word' id='word_1_598' title='bbox 2553 3094 2730 3159; x_wconf 81' lang='lat' dir='ltr'><strong>pastor</strong></span> <span class='ocrx_word' id='word_1_599' title='bbox 2761 3082 2940 3158; x_wconf 79' lang='lat' dir='ltr'><strong>(Joan.</strong></span> <span class='ocrx_word' id='word_1_600' title='bbox 2977 3099 3031 3151; x_wconf 71' lang='grc' dir='ltr'><strong>κ,</strong></span> <span class='ocrx_word' id='word_1_601' title='bbox 3064 3081 3182 3154; x_wconf 79' lang='lat' dir='ltr'><strong>ili).</strong></span> <span class='ocrx_word' id='word_1_602' title='bbox 3235 3082 3353 3137; x_wconf 82' lang='lat' dir='ltr'><strong>Hoc</strong></span> <span class='ocrx_word' id='word_1_603' title='bbox 3382 3090 3566 3137; x_wconf 86' lang='lat' dir='ltr'><strong>atttem</strong></span> 
     </span>
    </p>
   </div>
   <div class='ocr_carea' id='block_1_75' title="bbox 1965 3175 3574 3251">
    <p class='ocr_par' dir='ltr' id='par_1_75' title="bbox 1965 3175 3574 3251">
     <span class='ocr_line' id='line_1_75' title="bbox 1965 3175 3574 3251; baseline -0.006 -11"><span class='ocrx_word' id='word_1_604' title='bbox 1965 3184 2149 3241; x_wconf 83' lang='lat' dir='ltr'><strong>subito</strong></span> <span class='ocrx_word' id='word_1_605' title='bbox 2180 3182 2365 3247; x_wconf 80' lang='lat' dir='ltr'><strong>faciet,</strong></span> <span class='ocrx_word' id='word_1_606' title='bbox 2409 3190 2469 3239; x_wconf 89' lang='lat' dir='ltr'><strong>ut</strong></span> <span class='ocrx_word' id='word_1_607' title='bbox 2506 3181 2724 3251; x_wconf 85' lang='lat' dir='ltr'><strong>quando</strong></span> <span class='ocrx_word' id='word_1_608' title='bbox 2765 3179 2947 3237; x_wconf 84' lang='lat' dir='ltr'><strong>omnia</strong></span> <span class='ocrx_word' id='word_1_609' title='bbox 3000 3177 3207 3234; x_wconf 82' lang='lat' dir='ltr'><strong>fuerint</strong></span> <span class='ocrx_word' id='word_1_610' title='bbox 3253 3175 3574 3247; x_wconf 81' lang='lat' dir='ltr'><strong>desperata,</strong></span> 
     </span>
    </p>
   </div>
   <div class='ocr_carea' id='block_1_76' title="bbox 1896 3262 3576 3347">
    <p class='ocr_par' dir='ltr' id='par_1_76' title="bbox 1896 3262 3576 3347">
     <span class='ocr_line' id='line_1_76' title="bbox 1896 3262 3576 3347; baseline -0.002 -18"><span class='ocrx_word' id='word_1_611' title='bbox 1896 3262 1942 3329; x_wconf 87' lang='lat' dir='ltr'>C</span> <span class='ocrx_word' id='word_1_612' title='bbox 1976 3290 2105 3334; x_wconf 91' lang='lat' dir='ltr'><strong>tunc</strong></span> <span class='ocrx_word' id='word_1_613' title='bbox 2130 3278 2184 3334; x_wconf 90' lang='lat' dir='ltr'><strong>itt</strong></span> <span class='ocrx_word' id='word_1_614' title='bbox 2212 3285 2428 3347; x_wconf 80' lang='lat' dir='ltr'><strong>gentem</strong></span> <span class='ocrx_word' id='word_1_615' title='bbox 2448 3274 2809 3333; x_wconf 78' lang='lat' dir='ltr'><strong>fortissimam</strong></span> <span class='ocrx_word' id='word_1_616' title='bbox 2833 3282 3264 3345; x_wconf 84' lang='lat' dir='ltr'><strong>congregemur.</strong></span> <span class='ocrx_word' id='word_1_617' title='bbox 3289 3271 3422 3340; x_wconf 64' lang='lat' dir='ltr'><strong>Quae</strong></span> <span class='ocrx_word' id='word_1_618' title='bbox 3444 3270 3576 3325; x_wconf 83' lang='lat' dir='ltr'><strong>licet</strong></span> 
     </span>
    </p>
   </div>
   <div class='ocr_carea' id='block_1_77' title="bbox 1969 3362 3576 3444">
    <p class='ocr_par' dir='ltr' id='par_1_77' title="bbox 1969 3362 3576 3444">
     <span class='ocr_line' id='line_1_77' title="bbox 1969 3362 3576 3444; baseline -0.009 -16"><span class='ocrx_word' id='word_1_619' title='bbox 1969 3387 2040 3428; x_wconf 79' lang='lat' dir='ltr'><strong>ex</strong></span> <span class='ocrx_word' id='word_1_620' title='bbox 2072 3379 2229 3444; x_wconf 88' lang='lat' dir='ltr'><strong>parte</strong></span> <span class='ocrx_word' id='word_1_621' title='bbox 2262 3370 2314 3425; x_wconf 89' lang='lat' dir='ltr'><strong>in</strong></span> <span class='ocrx_word' id='word_1_622' title='bbox 2343 3367 2590 3425; x_wconf 86' lang='lat' dir='ltr'><strong>Ecclesia</strong></span> <span class='ocrx_word' id='word_1_623' title='bbox 2621 3365 2872 3437; x_wconf 89' lang='lat' dir='ltr'><strong>quotidie</strong></span> <span class='ocrx_word' id='word_1_624' title='bbox 2902 3364 3187 3419; x_wconf 86' lang='lat' dir='ltr'><strong>videamus</strong></span> <span class='ocrx_word' id='word_1_625' title='bbox 3214 3362 3452 3433; x_wconf 80' lang='lat' dir='ltr'><strong>expleri,</strong></span> <span class='ocrx_word' id='word_1_626' title='bbox 3494 3371 3576 3416; x_wconf 82' lang='lat' dir='ltr'><strong>ta-</strong></span> 
     </span>
    </p>
   </div>
   <div class='ocr_carea' id='block_1_78' title="bbox 1972 3452 3573 3527">
    <p class='ocr_par' dir='ltr' id='par_1_78' title="bbox 1972 3452 3573 3527">
     <span class='ocr_line' id='line_1_78' title="bbox 1972 3452 3573 3527; baseline -0.009 -6"><span class='ocrx_word' id='word_1_627' title='bbox 1972 3480 2094 3521; x_wconf 91' lang='lat' dir='ltr'><strong>men</strong></span> <span class='ocrx_word' id='word_1_628' title='bbox 2122 3464 2173 3518; x_wconf 91' lang='lat' dir='ltr'><strong>in</strong></span> <span class='ocrx_word' id='word_1_629' title='bbox 2207 3460 2395 3518; x_wconf 84' lang='lat' dir='ltr'><strong>mundi</strong></span> <span class='ocrx_word' id='word_1_630' title='bbox 2431 3458 2910 3516; x_wconf 87' lang='lat' dir='ltr'><strong>consummatione</strong></span> <span class='ocrx_word' id='word_1_631' title='bbox 2961 3455 3178 3527; x_wconf 88' lang='lat' dir='ltr'><strong>plenius</strong></span> <span class='ocrx_word' id='word_1_632' title='bbox 3216 3452 3573 3523; x_wconf 87' lang='lat' dir='ltr'><strong>complebun-</strong></span> 
     </span>
    </p>
   </div>
   <div class='ocr_carea' id='block_1_79' title="bbox 1972 3548 3147 3624">
    <p class='ocr_par' dir='ltr' id='par_1_79' title="bbox 1972 3548 3147 3624">
     <span class='ocr_line' id='line_1_79' title="bbox 1972 3548 3147 3624; baseline -0.011 -12"><span class='ocrx_word' id='word_1_633' title='bbox 1972 3566 2083 3624; x_wconf 89' lang='lat' dir='ltr'><strong>tur,</strong></span> <span class='ocrx_word' id='word_1_634' title='bbox 2111 3566 2168 3610; x_wconf 91' lang='lat' dir='ltr'><strong>et</strong></span> <span class='ocrx_word' id='word_1_635' title='bbox 2199 3556 2250 3609; x_wconf 92' lang='lat' dir='ltr'><strong>in</strong></span> <span class='ocrx_word' id='word_1_636' title='bbox 2282 3552 2528 3608; x_wconf 86' lang='lat' dir='ltr'><strong>secundo</strong></span> <span class='ocrx_word' id='word_1_637' title='bbox 2557 3551 2865 3609; x_wconf 76' lang='lat' dir='ltr'><strong>Salvatoris</strong></span> <span class='ocrx_word' id='word_1_638' title='bbox 2889 3548 3147 3602; x_wconf 87' lang='lat' dir='ltr'><strong>adventu.</strong></span> 
     </span>
    </p>
   </div>
   <div class='ocr_carea' id='block_1_80' title="bbox 2045 3635 3572 3721">
    <p class='ocr_par' dir='ltr' id='par_1_80' title="bbox 2045 3635 3572 3721">
     <span class='ocr_line' id='line_1_80' title="bbox 2045 3635 3572 3721; baseline -0.008 -16"><span class='ocrx_word' id='word_1_639' title='bbox 2045 3649 2220 3721; x_wconf 89' lang='lat' dir='ltr'><strong>(Cap.</strong></span> <span class='ocrx_word' id='word_1_640' title='bbox 2248 3636 2453 3702; x_wconf 48' lang='grc' dir='ltr'><strong>[Κλ-υ</strong></span> <span class='ocrx_word' id='word_1_641' title='bbox 2481 3644 2637 3701; x_wconf 78' lang='lat' dir='ltr'><strong>Vers.</strong></span> <span class='ocrx_word' id='word_1_642' title='bbox 2671 3643 2694 3697; x_wconf 86' lang='lat' dir='ltr'><strong>i</strong></span> <span class='ocrx_word' id='word_1_643' title='bbox 2721 3657 2878 3714; x_wconf 88' lang='lat' dir='ltr'><strong>seqq.</strong></span> <span class='ocrx_word' id='word_1_644' title='bbox 2902 3640 2922 3713; x_wconf 89' lang='lat'><strong>)</strong></span> <span class='ocrx_word' id='word_1_645' title='bbox 2958 3640 3191 3712; x_wconf 77' lang='lat' dir='ltr'><strong>Spiritus</strong></span> <span class='ocrx_word' id='word_1_646' title='bbox 3216 3637 3431 3693; x_wconf 88' lang='lat' dir='ltr'><strong><em>Domini</em></strong></span> <span class='ocrx_word' id='word_1_647' title='bbox 3469 3635 3572 3693; x_wconf 78' lang='lat' dir='ltr'><strong>Dei</strong></span> 
     </span>
    </p>
   </div>
   <div class='ocr_carea' id='block_1_81' title="bbox 1971 3726 3573 3815">
    <p class='ocr_par' dir='ltr' id='par_1_81' title="bbox 1971 3726 3573 3815">
     <span class='ocr_line' id='line_1_81' title="bbox 1971 3726 3573 3815; baseline -0.009 -18"><span class='ocrx_word' id='word_1_648' title='bbox 1971 3739 2156 3815; x_wconf 87' lang='lat' dir='ltr'><strong>[Vulg.</strong></span> <span class='ocrx_word' id='word_1_649' title='bbox 2175 3741 2332 3794; x_wconf 89' lang='lat' dir='ltr'><strong>abest</strong></span> <span class='ocrx_word' id='word_1_650' title='bbox 2361 3735 2482 3810; x_wconf 87' lang='lat' dir='ltr'><strong>Dei]</strong></span> <span class='ocrx_word' id='word_1_651' title='bbox 2509 3752 2666 3807; x_wconf 82' lang='lat' dir='ltr'><strong>super</strong></span> <span class='ocrx_word' id='word_1_652' title='bbox 2694 3751 2799 3801; x_wconf 88' lang='lat' dir='ltr'><strong>me,</strong></span> <span class='ocrx_word' id='word_1_653' title='bbox 2858 3750 2917 3788; x_wconf 91' lang='lat' dir='ltr'><strong>eo</strong></span> <span class='ocrx_word' id='word_1_654' title='bbox 2946 3731 3086 3803; x_wconf 79' lang='lat' dir='ltr'><strong>quod</strong></span> <span class='ocrx_word' id='word_1_655' title='bbox 3107 3729 3313 3785; x_wconf 68' lang='lat' dir='ltr'><strong>unarrit</strong></span> <span class='ocrx_word' id='word_1_656' title='bbox 3346 3746 3431 3785; x_wconf 85' lang='lat' dir='ltr'><strong>me</strong></span> <span class='ocrx_word' id='word_1_657' title='bbox 3458 3726 3573 3783; x_wconf 83' lang='lat' dir='ltr'><strong>Do-</strong></span> 
     </span>
    </p>
   </div>
   <div class='ocr_carea' id='block_1_82' title="bbox 1975 3826 3576 3890">
    <p class='ocr_par' dir='ltr' id='par_1_82' title="bbox 1975 3826 3576 3890">
     <span class='ocr_line' id='line_1_82' title="bbox 1975 3826 3576 3890; baseline -0.008 0"><span class='ocrx_word' id='word_1_658' title='bbox 1975 3840 2180 3890; x_wconf 86' lang='lat' dir='ltr'><strong>minus:</strong></span> <span class='ocrx_word' id='word_1_659' title='bbox 2205 3833 2275 3888; x_wconf 89' lang='lat' dir='ltr'><strong>ad</strong></span> <span class='ocrx_word' id='word_1_660' title='bbox 2297 3830 2719 3886; x_wconf 86' lang='lat' dir='ltr'><strong>annuntiandnm</strong></span> <span class='ocrx_word' id='word_1_661' title='bbox 2748 3828 3033 3883; x_wconf 64' lang='lat' dir='ltr'><strong>mansuetis</strong></span> <span class='ocrx_word' id='word_1_662' title='bbox 3076 3826 3214 3879; x_wconf 86' lang='lat' dir='ltr'><strong>misit</strong></span> <span class='ocrx_word' id='word_1_663' title='bbox 3243 3839 3346 3889; x_wconf 85' lang='lat' dir='ltr'><strong>me,</strong></span> <span class='ocrx_word' id='word_1_664' title='bbox 3385 3831 3442 3878; x_wconf 87' lang='lat' dir='ltr'><strong>ut</strong></span> <span class='ocrx_word' id='word_1_665' title='bbox 3468 3839 3576 3878; x_wconf 82' lang='lat' dir='ltr'><strong>nte-</strong></span> 
     </span>
    </p>
   </div>
   <div class='ocr_carea' id='block_1_83' title="bbox 1975 3915 3574 3997">
    <p class='ocr_par' dir='ltr' id='par_1_83' title="bbox 1975 3915 3574 3997">
     <span class='ocr_line' id='line_1_83' title="bbox 1975 3915 3574 3997; baseline -0.009 -14"><span class='ocrx_word' id='word_1_666' title='bbox 1975 3929 2126 3983; x_wconf 85' lang='lat' dir='ltr'><strong>derer</strong></span> <span class='ocrx_word' id='word_1_667' title='bbox 2157 3927 2403 3981; x_wconf 84' lang='lat' dir='ltr'><strong>contritas</strong></span> <span class='ocrx_word' id='word_1_668' title='bbox 2431 3922 2617 3997; x_wconf 66' lang='lat' dir='ltr'><strong>(Vulg.</strong></span> <span class='ocrx_word' id='word_1_669' title='bbox 2647 3917 2915 3991; x_wconf 77' lang='lat' dir='ltr'><strong>contritis]</strong></span> <span class='ocrx_word' id='word_1_670' title='bbox 2944 3919 3122 3983; x_wconf 85' lang='lat' dir='ltr'><strong>corde,</strong></span> <span class='ocrx_word' id='word_1_671' title='bbox 3153 3926 3201 3972; x_wconf 94' lang='lat' dir='ltr'><strong>et</strong></span> <span class='ocrx_word' id='word_1_672' title='bbox 3231 3915 3574 3989; x_wconf 81' lang='lat' dir='ltr'><strong>prtcdicarent</strong></span> 
     </span>
    </p>
   </div>
   <div class='ocr_carea' id='block_1_84' title="bbox 1976 4009 3576 4092">
    <p class='ocr_par' dir='ltr' id='par_1_84' title="bbox 1976 4009 3576 4092">
     <span class='ocr_line' id='line_1_84' title="bbox 1976 4009 3576 4092; baseline -0.009 -17"><span class='ocrx_word' id='word_1_673' title='bbox 1976 4019 2188 4092; x_wconf 81' lang='lat' dir='ltr'><strong>captivis</strong></span> <span class='ocrx_word' id='word_1_674' title='bbox 2220 4015 2631 4087; x_wconf 83' lang='lat' dir='ltr'><strong>indulgentiam,</strong></span> <span class='ocrx_word' id='word_1_675' title='bbox 2682 4022 2731 4068; x_wconf 88' lang='lat' dir='ltr'><strong>et</strong></span> <span class='ocrx_word' id='word_1_676' title='bbox 2770 4011 2965 4066; x_wconf 82' lang='lat' dir='ltr'><strong>clausis</strong></span> <span class='ocrx_word' id='word_1_677' title='bbox 2995 4009 3315 4078; x_wconf 85' lang='lat' dir='ltr'><strong>apertionem</strong></span> <span class='ocrx_word' id='word_1_678' title='bbox 3344 4024 3363 4063; x_wconf 86' lang='lat'><strong><em>:</em></strong></span> <span class='ocrx_word' id='word_1_679' title='bbox 3386 4019 3435 4063; x_wconf 87' lang='lat' dir='ltr'><strong>et</strong></span> <span class='ocrx_word' id='word_1_680' title='bbox 3476 4025 3576 4061; x_wconf 86' lang='lat' dir='ltr'><strong>an-</strong></span> 
     </span>
    </p>
   </div>
   <div class='ocr_carea' id='block_1_85' title="bbox 1977 4097 3572 4184">
    <p class='ocr_par' dir='ltr' id='par_1_85' title="bbox 1977 4097 3572 4184">
     <span class='ocr_line' id='line_1_85' title="bbox 1977 4097 3572 4184; baseline -0.01 -16"><span class='ocrx_word' id='word_1_681' title='bbox 1977 4115 2269 4168; x_wconf 85' lang='lat' dir='ltr'><strong>nuntiarent</strong></span> <span class='ocrx_word' id='word_1_682' title='bbox 2298 4109 2479 4184; x_wconf 85' lang='lat' dir='ltr'><strong>[Vulg.</strong></span> <span class='ocrx_word' id='word_1_683' title='bbox 2507 4103 2869 4181; x_wconf 71' lang='lat' dir='ltr'><strong>prmdicarem]</strong></span> <span class='ocrx_word' id='word_1_684' title='bbox 2894 4119 3087 4159; x_wconf 83' lang='lat' dir='ltr'><strong>annuat</strong></span> <span class='ocrx_word' id='word_1_685' title='bbox 3119 4099 3426 4172; x_wconf 74' lang='lat' dir='ltr'><strong>placabilem</strong></span> <span class='ocrx_word' id='word_1_686' title='bbox 3458 4097 3572 4153; x_wconf 86' lang='lat' dir='ltr'><strong>Do-</strong></span> 
     </span>
    </p>
   </div>
   <div class='ocr_carea' id='block_1_86' title="bbox 1978 4196 3579 4271">
    <p class='ocr_par' dir='ltr' id='par_1_86' title="bbox 1978 4196 3579 4271">
     <span class='ocr_line' id='line_1_86' title="bbox 1978 4196 3579 4271; baseline -0.011 -8"><span class='ocrx_word' id='word_1_687' title='bbox 1978 4208 2120 4263; x_wconf 88' lang='lat' dir='ltr'><strong>mino</strong></span> <span class='ocrx_word' id='word_1_688' title='bbox 2141 4248 2156 4271; x_wconf 91' lang='lat'><strong>,</strong></span> <span class='ocrx_word' id='word_1_689' title='bbox 2180 4217 2229 4260; x_wconf 90' lang='lat' dir='ltr'><strong>et</strong></span> <span class='ocrx_word' id='word_1_690' title='bbox 2255 4206 2395 4259; x_wconf 84' lang='lat' dir='ltr'><strong>diem</strong></span> <span class='ocrx_word' id='word_1_691' title='bbox 2426 4202 2638 4258; x_wconf 86' lang='lat' dir='ltr'><strong>ultionis</strong></span> <span class='ocrx_word' id='word_1_692' title='bbox 2672 4199 2781 4255; x_wconf 90' lang='lat' dir='ltr'><strong>Deo</strong></span> <span class='ocrx_word' id='word_1_693' title='bbox 2810 4210 2989 4253; x_wconf 90' lang='lat' dir='ltr'><strong>nostro</strong></span> <span class='ocrx_word' id='word_1_694' title='bbox 3016 4208 3112 4253; x_wconf 89' lang='lat' dir='ltr'><strong>:ut</strong></span> <span class='ocrx_word' id='word_1_695' title='bbox 3140 4196 3439 4252; x_wconf 85' lang='lat' dir='ltr'><strong>consolarer</strong></span> <span class='ocrx_word' id='word_1_696' title='bbox 3465 4211 3579 4248; x_wconf 78' lang='lat' dir='ltr'><strong>om-</strong></span> 
     </span>
    </p>
   </div>
   <div class='ocr_carea' id='block_1_87' title="bbox 1979 4282 3577 4373">
    <p class='ocr_par' dir='ltr' id='par_1_87' title="bbox 1979 4282 3577 4373">
     <span class='ocr_line' id='line_1_87' title="bbox 1979 4282 3577 4373; baseline -0.009 -16"><span class='ocrx_word' id='word_1_697' title='bbox 1979 4282 2070 4356; x_wconf 83' lang='lat' dir='ltr'><strong>nes</strong></span> <span class='ocrx_word' id='word_1_698' title='bbox 2098 4298 2352 4373; x_wconf 84' lang='lat' dir='ltr'><strong>lugentes.</strong></span> <span class='ocrx_word' id='word_1_699' title='bbox 2389 4292 2457 4352; x_wconf 89' lang='lat' dir='ltr'><strong>Ut</strong></span> <span class='ocrx_word' id='word_1_700' title='bbox 2501 4306 2742 4369; x_wconf 81' lang='lat' dir='ltr'><strong>ponerem</strong></span> <span class='ocrx_word' id='word_1_701' title='bbox 2772 4291 3063 4367; x_wconf 77' lang='lat' dir='ltr'><strong>lugentibus</strong></span> <span class='ocrx_word' id='word_1_702' title='bbox 3111 4289 3276 4347; x_wconf 89' lang='lat' dir='ltr'><strong>Sion:</strong></span> <span class='ocrx_word' id='word_1_703' title='bbox 3318 4300 3367 4343; x_wconf 91' lang='lat' dir='ltr'><strong>et</strong></span> <span class='ocrx_word' id='word_1_704' title='bbox 3397 4289 3577 4343; x_wconf 85' lang='lat' dir='ltr'><strong>darem</strong></span> 
     </span>
    </p>
   </div>
   <div class='ocr_carea' id='block_1_88' title="bbox 1979 4384 3578 4463">
    <p class='ocr_par' dir='ltr' id='par_1_88' title="bbox 1979 4384 3578 4463">
     <span class='ocr_line' id='line_1_88' title="bbox 1979 4384 3578 4463; baseline -0.008 -13"><span class='ocrx_word' id='word_1_705' title='bbox 1979 4395 2054 4450; x_wconf 83' lang='lat' dir='ltr'><strong>eis</strong></span> <span class='ocrx_word' id='word_1_706' title='bbox 2087 4408 2335 4449; x_wconf 86' lang='lat' dir='ltr'><strong>coronam</strong></span> <span class='ocrx_word' id='word_1_707' title='bbox 2362 4408 2457 4463; x_wconf 86' lang='lat' dir='ltr'><strong>pro</strong></span> <span class='ocrx_word' id='word_1_708' title='bbox 2494 4391 2663 4446; x_wconf 87' lang='lat' dir='ltr'><strong>cinere</strong></span> <span class='ocrx_word' id='word_1_709' title='bbox 2683 4405 2703 4444; x_wconf 84' lang='lat'><strong>.&#39;</strong></span> <span class='ocrx_word' id='word_1_710' title='bbox 2735 4388 2906 4443; x_wconf 89' lang='lat' dir='ltr'><strong>oleum</strong></span> <span class='ocrx_word' id='word_1_711' title='bbox 2931 4386 3111 4461; x_wconf 86' lang='lat' dir='ltr'><strong>gaudii</strong></span> <span class='ocrx_word' id='word_1_712' title='bbox 3136 4401 3231 4458; x_wconf 87' lang='lat' dir='ltr'><strong>pro</strong></span> <span class='ocrx_word' id='word_1_713' title='bbox 3258 4385 3423 4453; x_wconf 89' lang='lat' dir='ltr'><strong>luctu,</strong></span> <span class='ocrx_word' id='word_1_714' title='bbox 3456 4384 3578 4453; x_wconf 83' lang='lat' dir='ltr'><strong>pal-</strong></span> 
     </span>
    </p>
   </div>
   <div class='ocr_carea' id='block_1_89' title="bbox 1980 4475 3566 4556">
    <p class='ocr_par' dir='ltr' id='par_1_89' title="bbox 1980 4475 3566 4556">
     <span class='ocr_line' id='line_1_89' title="bbox 1980 4475 3566 4556; baseline -0.006 -14"><span class='ocrx_word' id='word_1_715' title='bbox 1980 4486 2108 4543; x_wconf 84' lang='lat' dir='ltr'><strong>lium</strong></span> <span class='ocrx_word' id='word_1_716' title='bbox 2136 4486 2303 4542; x_wconf 88' lang='lat' dir='ltr'><strong>laudis</strong></span> <span class='ocrx_word' id='word_1_717' title='bbox 2334 4501 2426 4556; x_wconf 87' lang='lat' dir='ltr'><strong>pro</strong></span> <span class='ocrx_word' id='word_1_718' title='bbox 2454 4484 2644 4555; x_wconf 86' lang='lat' dir='ltr'><strong>spiritu</strong></span> <span class='ocrx_word' id='word_1_719' title='bbox 2663 4482 2914 4537; x_wconf 72' lang='lat' dir='ltr'><strong>nucroris.</strong></span> <span class='ocrx_word' id='word_1_720' title='bbox 2944 4478 3090 4536; x_wconf 82' lang='lat' dir='ltr'><strong>LXX</strong></span> <span class='ocrx_word' id='word_1_721' title='bbox 3122 4497 3136 4535; x_wconf 83' lang='lat'><strong>:</strong></span> <span class='ocrx_word' id='word_1_722' title='bbox 3171 4478 3403 4552; x_wconf 81' lang='lat' dir='ltr'><strong>Spiritus</strong></span> <span class='ocrx_word' id='word_1_723' title='bbox 3451 4475 3566 4533; x_wconf 86' lang='lat' dir='ltr'><strong>Do-</strong></span> 
     </span>
    </p>
   </div>
   <div class='ocr_carea' id='block_1_90' title="bbox 287 4570 3583 4654">
    <p class='ocr_par' dir='ltr' id='par_1_90' title="bbox 287 4570 3583 4654">
     <span class='ocr_line' id='line_1_90' title="bbox 287 4570 3583 4654; baseline -0.002 -21"><span class='ocrx_word' id='word_1_724' title='bbox 287 4579 417 4634; x_wconf 84' lang='lat' dir='ltr'><strong>tiutn</strong></span> <span class='ocrx_word' id='word_1_725' title='bbox 463 4576 795 4648; x_wconf 78' lang='lat' dir='ltr'><strong>possidebit.</strong></span> <span class='ocrx_word' id='word_1_726' title='bbox 848 4575 960 4634; x_wconf 78' lang='lat' dir='ltr'><strong>Nec</strong></span> <span class='ocrx_word' id='word_1_727' title='bbox 998 4576 1308 4633; x_wconf 65' lang='lat' dir='ltr'><strong>mirandum</strong></span> <span class='ocrx_word' id='word_1_728' title='bbox 1363 4576 1410 4632; x_wconf 86' lang='lat' dir='ltr'><strong>st</strong></span> <span class='ocrx_word' id='word_1_729' title='bbox 1458 4572 1524 4631; x_wconf 85' lang='lat' dir='ltr'><strong>ad</strong></span> <span class='ocrx_word' id='word_1_730' title='bbox 1565 4570 1878 4646; x_wconf 76' lang='lat' dir='ltr'><strong>recipienda</strong></span> <span class='ocrx_word' id='word_1_731' title='bbox 1914 4640 1933 4654; x_wconf 42' lang='grc' dir='ltr'><strong><em>λ</em></strong></span> <span class='ocrx_word' id='word_1_732' title='bbox 1984 4583 2113 4636; x_wconf 90' lang='lat' dir='ltr'><strong>mini</strong></span> <span class='ocrx_word' id='word_1_733' title='bbox 2129 4597 2286 4654; x_wconf 87' lang='lat' dir='ltr'><strong>super</strong></span> <span class='ocrx_word' id='word_1_734' title='bbox 2327 4597 2426 4647; x_wconf 86' lang='lat' dir='ltr'><strong>me,</strong></span> <span class='ocrx_word' id='word_1_735' title='bbox 2476 4587 2684 4653; x_wconf 86' lang='lat' dir='ltr'><strong>propter</strong></span> <span class='ocrx_word' id='word_1_736' title='bbox 2708 4576 2848 4649; x_wconf 87' lang='lat' dir='ltr'><strong>quod</strong></span> <span class='ocrx_word' id='word_1_737' title='bbox 2878 4576 3031 4630; x_wconf 69' lang='lat' dir='ltr'><strong>unxit</strong></span> <span class='ocrx_word' id='word_1_738' title='bbox 3066 4591 3147 4630; x_wconf 89' lang='lat' dir='ltr'><strong>me</strong></span> <span class='ocrx_word' id='word_1_739' title='bbox 3174 4591 3193 4629; x_wconf 92' lang='lat'><strong>:</strong></span> <span class='ocrx_word' id='word_1_740' title='bbox 3225 4573 3583 4645; x_wconf 62' lang='lat' dir='ltr'><strong>evangelica&quot;</strong></span> 
     </span>
    </p>
   </div>
   <div class='ocr_carea' id='block_1_91' title="bbox 287 4640 3575 4746">
    <p class='ocr_par' dir='ltr' id='par_1_91' title="bbox 287 4640 3575 4746">
     <span class='ocr_line' id='line_1_91' title="bbox 287 4640 3575 4746; baseline -0.002 -21"><span class='ocrx_word' id='word_1_741' title='bbox 287 4640 666 4743; x_wconf 66' lang='lat' dir='ltr'><strong>promissionis</strong></span> <span class='ocrx_word' id='word_1_742' title='bbox 699 4669 865 4735; x_wconf 79' lang='lat' dir='ltr'><strong>bona,</strong></span> <span class='ocrx_word' id='word_1_743' title='bbox 914 4676 1117 4725; x_wconf 72' lang='lat' dir='ltr'><strong>teri-Im</strong></span> <span class='ocrx_word' id='word_1_744' title='bbox 1150 4670 1556 4725; x_wconf 73' lang='lat' dir='ltr'><strong>mansuetowm</strong></span> <span class='ocrx_word' id='word_1_745' title='bbox 1587 4640 1765 4725; x_wconf 71' lang='lat' dir='ltr'><strong>teneat</strong></span> <span class='ocrx_word' id='word_1_746' title='bbox 1796 4678 1881 4723; x_wconf 56' lang='lat' dir='ltr'><strong>ala</strong></span> <span class='ocrx_word' id='word_1_747' title='bbox 1908 4640 1961 4719; x_wconf 62' lang='lat'><strong>1’</strong></span> <span class='ocrx_word' id='word_1_748' title='bbox 1986 4640 2298 4746; x_wconf 80' lang='lat' dir='ltr'><strong>pauperibus</strong></span> <span class='ocrx_word' id='word_1_749' title='bbox 2325 4640 2610 4735; x_wconf 42' lang='lat' dir='ltr'><strong>misit&#39;me&#39;,</strong></span> <span class='ocrx_word' id='word_1_750' title='bbox 2655 4640 2843 4722; x_wconf 81' lang='lat' dir='ltr'><strong>sanare</strong></span> <span class='ocrx_word' id='word_1_751' title='bbox 2868 4665 3116 4725; x_wconf 85' lang='lat' dir='ltr'><strong>contritas</strong></span> <span class='ocrx_word' id='word_1_752' title='bbox 3154 4664 3312 4721; x_wconf 80' lang='lat' dir='ltr'><strong>corde</strong></span> <span class='ocrx_word' id='word_1_753' title='bbox 3333 4640 3575 4735; x_wconf 23' lang='grc' dir='ltr'><strong>εὐρωάί-</strong></span> 
     </span>
    </p>
   </div>
   <div class='ocr_carea' id='block_1_92' title="bbox 284 4762 1876 4843">
    <p class='ocr_par' dir='ltr' id='par_1_92' title="bbox 284 4762 1876 4843">
     <span class='ocr_line' id='line_1_92' title="bbox 284 4762 1876 4843; baseline -0.001 -18"><span class='ocrx_word' id='word_1_754' title='bbox 284 4782 389 4840; x_wconf 79' lang='lat' dir='ltr'><strong>qtte</strong></span> <span class='ocrx_word' id='word_1_755' title='bbox 423 4770 751 4838; x_wconf 76' lang='lat' dir='ltr'><strong>viventium,</strong></span> <span class='ocrx_word' id='word_1_756' title='bbox 788 4778 955 4843; x_wconf 83' lang='lat' dir='ltr'><strong>quam</strong></span> <span class='ocrx_word' id='word_1_757' title='bbox 1005 4769 1277 4839; x_wconf 80' lang='lat' dir='ltr'><strong>Propheta</strong></span> <span class='ocrx_word' id='word_1_758' title='bbox 1326 4762 1588 4838; x_wconf 85' lang='lat' dir='ltr'><strong>suspirat,</strong></span> <span class='ocrx_word' id='word_1_759' title='bbox 1647 4765 1876 4823; x_wconf 89' lang='lat' dir='ltr'><strong>dicens:</strong></span> 
     </span>
    </p>
   </div>
   <div class='ocr_carea' id='block_1_93' title="bbox 362 4962 1786 5038">
    <p class='ocr_par' dir='ltr' id='par_1_93' title="bbox 362 4962 1786 5038">
     <span class='ocr_line' id='line_1_93' title="bbox 362 4962 1786 5038; baseline -0.009 1"><span class='ocrx_word' id='word_1_760' title='bbox 362 4988 389 5020; x_wconf 77' lang='grc' dir='ltr'>ι</span> <span class='ocrx_word' id='word_1_761' title='bbox 414 4978 525 5038; x_wconf 87' lang='lat' dir='ltr'><strong>Pro</strong></span> <span class='ocrx_word' id='word_1_762' title='bbox 554 4972 823 5038; x_wconf 69' lang='grc' dir='ltr'><strong>γιλιαστάι</strong></span> <span class='ocrx_word' id='word_1_763' title='bbox 849 4974 904 5033; x_wconf 86' lang='lat' dir='ltr'><strong>in</strong></span> <span class='ocrx_word' id='word_1_764' title='bbox 930 4975 1277 5033; x_wconf 83' lang='lat' dir='ltr'><strong>Ambrosian.</strong></span> <span class='ocrx_word' id='word_1_765' title='bbox 1302 4962 1482 5028; x_wconf 68' lang='lat' dir='ltr'><strong>Judaei</strong></span> <span class='ocrx_word' id='word_1_766' title='bbox 1505 4972 1786 5027; x_wconf 88' lang='lat' dir='ltr'><strong>scribitur.</strong></span> 
     </span>
    </p>
   </div>
   <div class='ocr_carea' id='block_1_94' title="bbox 362 5000 1884 5122">
    <p class='ocr_par' dir='ltr' id='par_1_94' title="bbox 362 5000 1884 5122">
     <span class='ocr_line' id='line_1_94' title="bbox 362 5000 1786 5038; baseline -0.008 0"><span class='ocrx_word' id='word_1_767' title='bbox 362 5000 389 5020; x_wconf 89' lang='lat'>&quot;</span> <span class='ocrx_word' id='word_1_768' title='bbox 416 5000 525 5038; x_wconf 70' lang='lat' dir='ltr'><strong>vro</strong></span> <span class='ocrx_word' id='word_1_769' title='bbox 582 5000 823 5037; x_wconf 66' lang='lat' dir='ltr'><strong>&#39;Uttaﬂat</strong></span> <span class='ocrx_word' id='word_1_770' title='bbox 850 5000 904 5033; x_wconf 86' lang='lat' dir='ltr'><strong>In</strong></span> <span class='ocrx_word' id='word_1_771' title='bbox 930 5000 1277 5033; x_wconf 75' lang='lat' dir='ltr'><strong>Attturusmu.</strong></span> <span class='ocrx_word' id='word_1_772' title='bbox 1302 5000 1480 5028; x_wconf 68' lang='lat' dir='ltr'><strong>auum</strong></span> <span class='ocrx_word' id='word_1_773' title='bbox 1505 5000 1786 5027; x_wconf 72' lang='lat' dir='ltr'><strong>acri-mur.</strong></span> 
     </span>
     <span class='ocr_line' id='line_1_95' title="bbox 362 5000 1884 5122; baseline -0.007 -13"><span class='ocrx_word' id='word_1_774' title='bbox 362 5053 390 5093; x_wconf 72' lang='grc' dir='ltr'>δ</span> <span class='ocrx_word' id='word_1_775' title='bbox 431 5000 595 5122; x_wconf 67' lang='grc' dir='ltr'><strong>ρειοέ</strong></span> <span class='ocrx_word' id='word_1_776' title='bbox 638 5054 683 5107; x_wconf 79' lang='lat' dir='ltr'><strong>si</strong></span> <span class='ocrx_word' id='word_1_777' title='bbox 734 5047 1215 5122; x_wconf 71' lang='lat' dir='ltr'><strong>pseudoprophetis.</strong></span> <span class='ocrx_word' id='word_1_778' title='bbox 1266 5042 1422 5122; x_wconf 65' lang='lat' dir='ltr'><strong>iiuna.</strong></span> <span class='ocrx_word' id='word_1_779' title='bbox 1480 5042 1657 5099; x_wconf 88' lang='lat' dir='ltr'><strong>locum</strong></span> <span class='ocrx_word' id='word_1_780' title='bbox 1717 5043 1884 5122; x_wconf 65' lang='lat' dir='ltr'><strong>variis</strong></span> 
     </span>
    </p>
   </div>
   <div class='ocr_carea' id='block_1_95' title="bbox 296 5113 1883 5191">
    <p class='ocr_par' dir='ltr' id='par_1_95' title="bbox 296 5113 1883 5191">
     <span class='ocr_line' id='line_1_96' title="bbox 296 5113 1883 5191; baseline -0.008 -9"><span class='ocrx_word' id='word_1_781' title='bbox 296 5113 471 5182; x_wconf 62' lang='lat' dir='ltr'><strong>modis</strong></span> <span class='ocrx_word' id='word_1_782' title='bbox 511 5113 862 5190; x_wconf 76' lang='lat' dir='ltr'><strong>depravatum</strong></span> <span class='ocrx_word' id='word_1_783' title='bbox 896 5113 1141 5191; x_wconf 64' lang='lat' dir='ltr'><strong>reperies</strong></span> <span class='ocrx_word' id='word_1_784' title='bbox 1178 5115 1319 5191; x_wconf 79' lang='lat' dir='ltr'><strong>apud</strong></span> <span class='ocrx_word' id='word_1_785' title='bbox 1350 5116 1650 5191; x_wconf 67' lang='lat' dir='ltr'><strong>Brasntunt</strong></span> <span class='ocrx_word' id='word_1_786' title='bbox 1666 5123 1722 5169; x_wconf 87' lang='lat' dir='ltr'><strong>et</strong></span> <span class='ocrx_word' id='word_1_787' title='bbox 1770 5113 1883 5191; x_wconf 71' lang='lat' dir='ltr'><strong>Ma-</strong></span> 
     </span>
    </p>
   </div>
   <div class='ocr_carea' id='block_1_96' title="bbox 296 5185 1891 5255">
    <p class='ocr_par' dir='ltr' id='par_1_96' title="bbox 296 5185 1891 5255">
     <span class='ocr_line' id='line_1_97' title="bbox 296 5185 1891 5255; baseline -0.009 -1"><span class='ocrx_word' id='word_1_788' title='bbox 296 5196 545 5254; x_wconf 87' lang='lat' dir='ltr'><strong>rianum:</strong></span> <span class='ocrx_word' id='word_1_789' title='bbox 580 5185 838 5251; x_wconf 75' lang='lat' dir='ltr'><strong>Erasinus</strong></span> <span class='ocrx_word' id='word_1_790' title='bbox 867 5185 1011 5249; x_wconf 78' lang='lat' dir='ltr'><strong>enim</strong></span> <span class='ocrx_word' id='word_1_791' title='bbox 1057 5185 1281 5247; x_wconf 73' lang='lat' dir='ltr'><strong>sensum</strong></span> <span class='ocrx_word' id='word_1_792' title='bbox 1311 5188 1535 5255; x_wconf 86' lang='lat' dir='ltr'><strong>impium</strong></span> <span class='ocrx_word' id='word_1_793' title='bbox 1567 5185 1781 5239; x_wconf 79' lang='lat' dir='ltr'><strong>videtur</strong></span> <span class='ocrx_word' id='word_1_794' title='bbox 1806 5187 1891 5241; x_wconf 84' lang='lat' dir='ltr'><strong>in-</strong></span> 
     </span>
    </p>
   </div>
   <div class='ocr_carea' id='block_1_97' title="bbox 297 5258 1886 5337">
    <p class='ocr_par' dir='ltr' id='par_1_97' title="bbox 297 5258 1886 5337">
     <span class='ocr_line' id='line_1_98' title="bbox 297 5258 1886 5337; baseline -0.008 -15"><span class='ocrx_word' id='word_1_795' title='bbox 297 5266 519 5337; x_wconf 80' lang='lat' dir='ltr'><strong>ducere,</strong></span> <span class='ocrx_word' id='word_1_796' title='bbox 548 5280 668 5321; x_wconf 76' lang='lat' dir='ltr'><strong>eum</strong></span> <span class='ocrx_word' id='word_1_797' title='bbox 704 5262 866 5337; x_wconf 70' lang='lat' dir='ltr'><strong>legat,</strong></span> <span class='ocrx_word' id='word_1_798' title='bbox 899 5262 1099 5330; x_wconf 85' lang='lat' dir='ltr'><strong>Quibus</strong></span> <span class='ocrx_word' id='word_1_799' title='bbox 1121 5261 1334 5337; x_wconf 63' lang='lat' dir='ltr'><strong>breviter</strong></span> <span class='ocrx_word' id='word_1_800' title='bbox 1349 5258 1768 5337; x_wconf 78' lang='lat' dir='ltr'><strong>respmidendum</strong></span> <span class='ocrx_word' id='word_1_801' title='bbox 1789 5267 1886 5337; x_wconf 69' lang='lat' dir='ltr'><strong>est,</strong></span> 
     </span>
    </p>
   </div>
   <div class='ocr_carea' id='block_1_98' title="bbox 300 5326 1898 5410">
    <p class='ocr_par' dir='ltr' id='par_1_98' title="bbox 300 5326 1898 5410">
     <span class='ocr_line' id='line_1_99' title="bbox 300 5326 1898 5410; baseline -0.008 -14"><span class='ocrx_word' id='word_1_802' title='bbox 300 5336 440 5405; x_wconf 81' lang='lat' dir='ltr'><strong>quod</strong></span> <span class='ocrx_word' id='word_1_803' title='bbox 466 5326 1088 5410; x_wconf 41' lang='lat' dir='ltr'><strong>Mdoprophetiimtc.</strong></span> <span class='ocrx_word' id='word_1_804' title='bbox 1117 5330 1293 5410; x_wconf 58' lang='lat' dir='ltr'><strong>Quare</strong></span> <span class='ocrx_word' id='word_1_805' title='bbox 1319 5326 1657 5410; x_wconf 32' lang='lat' dir='ltr'><strong>non—sentttper</strong></span> <span class='ocrx_word' id='word_1_806' title='bbox 1686 5326 1898 5410; x_wconf 71' lang='lat' dir='ltr'><strong>sanctus</strong></span> 
     </span>
    </p>
   </div>
   <div class='ocr_carea' id='block_1_99' title="bbox 297 5398 1887 5483">
    <p class='ocr_par' dir='ltr' id='par_1_99' title="bbox 297 5398 1887 5483">
     <span class='ocr_line' id='line_1_100' title="bbox 297 5398 1887 5483; baseline -0.008 -18"><span class='ocrx_word' id='word_1_807' title='bbox 297 5398 385 5469; x_wconf 76' lang='lat' dir='ltr'><strong>ille</strong></span> <span class='ocrx_word' id='word_1_808' title='bbox 404 5398 493 5483; x_wconf 76' lang='lat' dir='ltr'><strong>qui</strong></span> <span class='ocrx_word' id='word_1_809' title='bbox 518 5412 645 5465; x_wconf 80' lang='lat' dir='ltr'><strong>dicit</strong></span> <span class='ocrx_word' id='word_1_810' title='bbox 662 5398 681 5477; x_wconf 69' lang='grc' dir='ltr'><em>ζ</em></span> <span class='ocrx_word' id='word_1_811' title='bbox 702 5398 813 5464; x_wconf 72' lang='lat' dir='ltr'><strong>etc.</strong></span> <span class='ocrx_word' id='word_1_812' title='bbox 850 5398 1124 5483; x_wconf 72' lang='lat' dir='ltr'><strong>Marianos</strong></span> <span class='ocrx_word' id='word_1_813' title='bbox 1135 5398 1775 5483; x_wconf 48' lang='lat' dir='ltr'><strong>lectionis&quot;difﬁcultate</strong></span> <span class='ocrx_word' id='word_1_814' title='bbox 1792 5412 1887 5483; x_wconf 62' lang='lat' dir='ltr'><strong>stt-</strong></span> 
     </span>
    </p>
   </div>
   <div class='ocr_carea' id='block_1_100' title="bbox 301 5472 1887 5555">
    <p class='ocr_par' dir='ltr' id='par_1_100' title="bbox 301 5472 1887 5555">
     <span class='ocr_line' id='line_1_101' title="bbox 301 5472 1887 5555; baseline -0.008 -16"><span class='ocrx_word' id='word_1_815' title='bbox 301 5472 520 5555; x_wconf 73' lang='lat' dir='ltr'><strong>peratus</strong></span> <span class='ocrx_word' id='word_1_816' title='bbox 572 5472 808 5553; x_wconf 84' lang='lat' dir='ltr'><strong>quatuor</strong></span> <span class='ocrx_word' id='word_1_817' title='bbox 842 5479 1005 5534; x_wconf 83' lang='lat' dir='ltr'><strong>verba</strong></span> <span class='ocrx_word' id='word_1_818' title='bbox 1053 5476 1196 5555; x_wconf 74' lang='lat' dir='ltr'><strong>tollit</strong></span> <span class='ocrx_word' id='word_1_819' title='bbox 1236 5492 1266 5529; x_wconf 91' lang='lat' dir='ltr'><strong>e</strong></span> <span class='ocrx_word' id='word_1_820' title='bbox 1292 5474 1580 5555; x_wconf 39' lang='lat' dir='ltr'><strong>medim-tit</strong></span> <span class='ocrx_word' id='word_1_821' title='bbox 1613 5473 1783 5555; x_wconf 56' lang='lat' dir='ltr'><strong>possit</strong></span> <span class='ocrx_word' id='word_1_822' title='bbox 1812 5472 1887 5555; x_wconf 37' lang='lat' dir='ltr'><strong>Ie—l</strong></span> 
     </span>
    </p>
   </div>
   <div class='ocr_carea' id='block_1_101' title="bbox 299 5540 1894 5626">
    <p class='ocr_par' dir='ltr' id='par_1_101' title="bbox 299 5540 1894 5626">
     <span class='ocr_line' id='line_1_102' title="bbox 299 5540 1894 5626; baseline -0.007 -17"><span class='ocrx_word' id='word_1_823' title='bbox 299 5540 426 5626; x_wconf 69' lang='lat' dir='ltr'><strong>gere</strong></span> <span class='ocrx_word' id='word_1_824' title='bbox 452 5546 566 5609; x_wconf 76' lang='lat' dir='ltr'><strong>suo</strong></span> <span class='ocrx_word' id='word_1_825' title='bbox 592 5540 795 5626; x_wconf 64' lang='lat' dir='ltr'><strong>&#39;senstt.</strong></span> <span class='ocrx_word' id='word_1_826' title='bbox 845 5563 1047 5616; x_wconf 86' lang='lat' dir='ltr'><strong>semper</strong></span> <span class='ocrx_word' id='word_1_827' title='bbox 1084 5547 1249 5602; x_wconf 90' lang='lat' dir='ltr'><strong>oritur</strong></span> <span class='ocrx_word' id='word_1_828' title='bbox 1283 5544 1362 5601; x_wconf 88' lang='lat' dir='ltr'><strong>sol</strong></span> <span class='ocrx_word' id='word_1_829' title='bbox 1387 5544 1631 5617; x_wconf 77' lang='lat' dir='ltr'><strong>justitise,</strong></span> <span class='ocrx_word' id='word_1_830' title='bbox 1678 5540 1768 5596; x_wconf 89' lang='lat' dir='ltr'><strong>ille</strong></span> <span class='ocrx_word' id='word_1_831' title='bbox 1805 5543 1894 5614; x_wconf 87' lang='lat' dir='ltr'><strong>qui</strong></span> 
     </span>
    </p>
   </div>
   <div class='ocr_carea' id='block_1_102' title="bbox 299 5622 876 5695">
    <p class='ocr_par' dir='ltr' id='par_1_102' title="bbox 299 5622 876 5695">
     <span class='ocr_line' id='line_1_103' title="bbox 299 5622 876 5695; baseline -0.012 -14"><span class='ocrx_word' id='word_1_832' title='bbox 299 5622 446 5695; x_wconf 70' lang='lat' dir='ltr'><strong>dicit,</strong></span> <span class='ocrx_word' id='word_1_833' title='bbox 474 5632 583 5679; x_wconf 71' lang='lat' dir='ltr'><strong>etc.</strong></span> <span class='ocrx_word' id='word_1_834' title='bbox 605 5622 876 5679; x_wconf 67' lang='lat' dir='ltr'><strong>Mlli‘l‘llﬂ.</strong></span> 
     </span>
    </p>
   </div>
   <div class='ocr_carea' id='block_1_103' title="bbox 370 5684 1896 5759">
    <p class='ocr_par' dir='ltr' id='par_1_103' title="bbox 370 5684 1896 5759">
     <span class='ocr_line' id='line_1_104' title="bbox 370 5684 1896 5759; baseline -0.012 -5"><span class='ocrx_word' id='word_1_835' title='bbox 370 5684 445 5739; x_wconf 72' lang='lat'><strong>-&#39;</strong></span> <span class='ocrx_word' id='word_1_836' title='bbox 470 5696 615 5753; x_wconf 74' lang='lat' dir='ltr'><strong>Heiu</strong></span> <span class='ocrx_word' id='word_1_837' title='bbox 651 5690 1024 5754; x_wconf 68' lang='lat' dir='ltr'><strong>ambrosian,</strong></span> <span class='ocrx_word' id='word_1_838' title='bbox 1046 5690 1184 5759; x_wconf 69' lang='lat' dir='ltr'><strong>quod</strong></span> <span class='ocrx_word' id='word_1_839' title='bbox 1216 5684 1678 5759; x_wconf 72' lang='lat' dir='ltr'><strong>pseudoprophetis</strong></span> <span class='ocrx_word' id='word_1_840' title='bbox 1700 5693 1749 5737; x_wconf 82' lang='lat' dir='ltr'><strong>et</strong></span> <span class='ocrx_word' id='word_1_841' title='bbox 1776 5696 1896 5759; x_wconf 63' lang='lat' dir='ltr'><strong>pec-</strong></span> 
     </span>
    </p>
   </div>
   <div class='ocr_carea' id='block_1_104' title="bbox 302 5757 1899 5837">
    <p class='ocr_par' dir='ltr' id='par_1_104' title="bbox 302 5757 1899 5837">
     <span class='ocr_line' id='line_1_105' title="bbox 302 5757 1899 5837; baseline -0.009 -13"><span class='ocrx_word' id='word_1_842' title='bbox 302 5767 564 5827; x_wconf 81' lang='lat' dir='ltr'><strong>catoribus</strong></span> <span class='ocrx_word' id='word_1_843' title='bbox 592 5780 793 5837; x_wconf 75' lang='lat' dir='ltr'><strong>semper</strong></span> <span class='ocrx_word' id='word_1_844' title='bbox 815 5764 894 5837; x_wconf 85' lang='lat' dir='ltr'><strong>sol</strong></span> <span class='ocrx_word' id='word_1_845' title='bbox 924 5757 1112 5837; x_wconf 79' lang='lat' dir='ltr'><strong>occidit</strong></span> <span class='ocrx_word' id='word_1_846' title='bbox 1139 5760 1374 5837; x_wconf 78' lang='lat' dir='ltr'><strong>meridie.</strong></span> <span class='ocrx_word' id='word_1_847' title='bbox 1414 5758 1476 5813; x_wconf 77' lang='lat' dir='ltr'><strong>Et</strong></span> <span class='ocrx_word' id='word_1_848' title='bbox 1503 5757 1531 5811; x_wconf 60' lang='grc' dir='ltr'><em>ὰ</em></span> <span class='ocrx_word' id='word_1_849' title='bbox 1550 5758 1810 5811; x_wconf 79' lang='lat' dir='ltr'><strong>contrario</strong></span> <span class='ocrx_word' id='word_1_850' title='bbox 1831 5757 1899 5810; x_wconf 55' lang='lat' dir='ltr'><strong>tia</strong></span> 
     </span>
    </p>
   </div>
   <div class='ocr_carea' id='block_1_105' title="bbox 304 5832 1897 5905">
    <p class='ocr_par' dir='ltr' id='par_1_105' title="bbox 304 5832 1897 5905">
     <span class='ocr_line' id='line_1_106' title="bbox 304 5832 1897 5905; baseline -0.008 -10"><span class='ocrx_word' id='word_1_851' title='bbox 304 5838 553 5895; x_wconf 76' lang='lat' dir='ltr'><strong>mentibus</strong></span> <span class='ocrx_word' id='word_1_852' title='bbox 598 5832 762 5890; x_wconf 70' lang='lat' dir='ltr'><strong>Datim</strong></span> <span class='ocrx_word' id='word_1_853' title='bbox 808 5835 987 5905; x_wconf 14' lang='lat' dir='ltr'><strong>oritur,</strong></span> <span class='ocrx_word' id='word_1_854' title='bbox 1022 5834 1104 5888; x_wconf 91' lang='lat' dir='ltr'><strong>sol</strong></span> <span class='ocrx_word' id='word_1_855' title='bbox 1140 5832 1437 5905; x_wconf 35' lang='lat' dir='ltr'><strong>justititch:</strong></span> <span class='ocrx_word' id='word_1_856' title='bbox 1480 5843 1644 5905; x_wconf 79' lang='lat' dir='ltr'><strong>quare</strong></span> <span class='ocrx_word' id='word_1_857' title='bbox 1694 5842 1897 5896; x_wconf 83' lang='lat' dir='ltr'><strong>semper</strong></span> 
     </span>
    </p>
   </div>
   <div class='ocr_carea' id='block_1_106' title="bbox 307 5897 1896 6001">
    <p class='ocr_par' dir='ltr' id='par_1_106' title="bbox 307 5897 1896 6001">
     <span class='ocr_line' id='line_1_107' title="bbox 307 5897 1896 6001; baseline -0.004 -33"><span class='ocrx_word' id='word_1_858' title='bbox 307 5912 517 5985; x_wconf 67' lang='lat' dir='ltr'><strong>mtto,</strong></span> <span class='ocrx_word' id='word_1_859' title='bbox 545 5919 652 5969; x_wconf 85' lang='lat' dir='ltr'><strong>etc.</strong></span> <span class='ocrx_word' id='word_1_860' title='bbox 682 5907 946 5965; x_wconf 73' lang='lat' dir='ltr'><strong>Erasmus</strong></span> <span class='ocrx_word' id='word_1_861' title='bbox 974 5902 1077 5963; x_wconf 86' lang='lat' dir='ltr'><strong>hoc</strong></span> <span class='ocrx_word' id='word_1_862' title='bbox 1098 5897 1210 5971; x_wconf 79' lang='lat' dir='ltr'><strong>uno</strong></span> <span class='ocrx_word' id='word_1_863' title='bbox 1239 5898 1469 6001; x_wconf 78' lang='lat' dir='ltr'><strong>abludit,</strong></span> <span class='ocrx_word' id='word_1_864' title='bbox 1494 5897 1642 5983; x_wconf 78' lang='lat' dir='ltr'><strong>quod</strong></span> <span class='ocrx_word' id='word_1_865' title='bbox 1660 5912 1785 5963; x_wconf 82' lang='lat' dir='ltr'><strong>cum</strong></span> <span class='ocrx_word' id='word_1_866' title='bbox 1801 5913 1896 5979; x_wconf 82' lang='lat' dir='ltr'><strong>tte-</strong></span> 
     </span>
    </p>
   </div>
   <div class='ocr_carea' id='block_1_107' title="bbox 1984 4761 3590 4839">
    <p class='ocr_par' dir='ltr' id='par_1_107' title="bbox 1984 4761 3590 4839">
     <span class='ocr_line' id='line_1_108' title="bbox 1984 4761 3590 4839; baseline -0.006 -16"><span class='ocrx_word' id='word_1_867' title='bbox 1984 4784 2103 4823; x_wconf 89' lang='lat' dir='ltr'><strong>care</strong></span> <span class='ocrx_word' id='word_1_868' title='bbox 2129 4768 2343 4839; x_wconf 82' lang='lat' dir='ltr'><strong>captivis</strong></span> <span class='ocrx_word' id='word_1_869' title='bbox 2368 4765 2723 4821; x_wconf 80' lang='lat' dir='ltr'><strong>remissionem</strong></span> <span class='ocrx_word' id='word_1_870' title='bbox 2751 4772 2801 4817; x_wconf 86' lang='lat' dir='ltr'><strong>et</strong></span> <span class='ocrx_word' id='word_1_871' title='bbox 2816 4763 2964 4819; x_wconf 68' lang='lat' dir='ltr'><strong>cacis</strong></span> <span class='ocrx_word' id='word_1_872' title='bbox 2994 4771 3048 4817; x_wconf 90' lang='lat' dir='ltr'><strong>ut</strong></span> <span class='ocrx_word' id='word_1_873' title='bbox 3075 4761 3281 4816; x_wconf 78' lang='lat' dir='ltr'><strong>videant</strong></span> <span class='ocrx_word' id='word_1_874' title='bbox 3312 4778 3331 4817; x_wconf 89' lang='lat'><strong>:</strong></span> <span class='ocrx_word' id='word_1_875' title='bbox 3362 4770 3385 4801; x_wconf 75' lang='grc' dir='ltr'><strong><em>ο</em></strong></span> <span class='ocrx_word' id='word_1_876' title='bbox 3406 4774 3590 4815; x_wconf 76' lang='lat' dir='ltr'><strong>vocare</strong></span> 
     </span>
    </p>
   </div>
   <div class='ocr_carea' id='block_1_108' title="bbox 1981 4970 3586 5045">
    <p class='ocr_par' dir='ltr' id='par_1_108' title="bbox 1981 4970 3586 5045">
     <span class='ocr_line' id='line_1_109' title="bbox 1981 4970 3586 5045; baseline 0.001 -18"><span class='ocrx_word' id='word_1_877' title='bbox 1981 4973 2145 5044; x_wconf 86' lang='lat' dir='ltr'><strong>gandi</strong></span> <span class='ocrx_word' id='word_1_878' title='bbox 2174 4973 2439 5043; x_wconf 85' lang='lat' dir='ltr'><strong>particula</strong></span> <span class='ocrx_word' id='word_1_879' title='bbox 2461 4973 2612 5043; x_wconf 70' lang='lat' dir='ltr'><strong>legit,</strong></span> <span class='ocrx_word' id='word_1_880' title='bbox 2634 4988 2795 5045; x_wconf 79' lang='lat' dir='ltr'><strong>quare</strong></span> <span class='ocrx_word' id='word_1_881' title='bbox 2819 4989 2923 5029; x_wconf 84' lang='lat' dir='ltr'><strong>non</strong></span> <span class='ocrx_word' id='word_1_882' title='bbox 2944 4988 3166 5043; x_wconf 78' lang='lat' dir='ltr'><strong>sentpsr,</strong></span> <span class='ocrx_word' id='word_1_883' title='bbox 3185 4981 3292 5028; x_wconf 84' lang='lat' dir='ltr'><strong>etc.</strong></span> <span class='ocrx_word' id='word_1_884' title='bbox 3308 4970 3586 5045; x_wconf 75' lang='lat' dir='ltr'><strong>Victorius</strong></span> 
     </span>
    </p>
   </div>
   <div class='ocr_carea' id='block_1_109' title="bbox 1985 5043 3580 5118">
    <p class='ocr_par' dir='ltr' id='par_1_109' title="bbox 1985 5043 3580 5118">
     <span class='ocr_line' id='line_1_110' title="bbox 1985 5043 3580 5118; baseline -0.001 -18"><span class='ocrx_word' id='word_1_885' title='bbox 1985 5043 2185 5115; x_wconf 76' lang='lat' dir='ltr'><strong>semper</strong></span> <span class='ocrx_word' id='word_1_886' title='bbox 2205 5045 2469 5118; x_wconf 30' lang='lat' dir='ltr'><strong>oritnrksnl</strong></span> <span class='ocrx_word' id='word_1_887' title='bbox 2486 5043 2710 5118; x_wconf 81' lang='lat' dir='ltr'><strong>justitite</strong></span> <span class='ocrx_word' id='word_1_888' title='bbox 2725 5045 2815 5118; x_wconf 77' lang='lat' dir='ltr'><strong>ille</strong></span> <span class='ocrx_word' id='word_1_889' title='bbox 2833 5047 2922 5118; x_wconf 87' lang='lat' dir='ltr'><strong>qui</strong></span> <span class='ocrx_word' id='word_1_890' title='bbox 2944 5044 3256 5118; x_wconf 75' lang='lat' dir='ltr'><strong>dicit,_etc..</strong></span> <span class='ocrx_word' id='word_1_891' title='bbox 3275 5043 3365 5109; x_wconf 80' lang='lat' dir='ltr'><strong>qui</strong></span> <span class='ocrx_word' id='word_1_892' title='bbox 3397 5053 3580 5118; x_wconf 67' lang='lat' dir='ltr'><strong>toturn</strong></span> 
     </span>
    </p>
   </div>
   <div class='ocr_carea' id='block_1_110' title="bbox 1986 5110 3583 5184">
    <p class='ocr_par' dir='ltr' id='par_1_110' title="bbox 1986 5110 3583 5184">
     <span class='ocr_line' id='line_1_111' title="bbox 1986 5110 3583 5184; baseline 0 -17"><span class='ocrx_word' id='word_1_893' title='bbox 1986 5110 2110 5183; x_wconf 73' lang='lat' dir='ltr'><strong>ope,</strong></span> <span class='ocrx_word' id='word_1_894' title='bbox 2147 5126 2205 5170; x_wconf 88' lang='lat' dir='ltr'><strong>ut</strong></span> <span class='ocrx_word' id='word_1_895' title='bbox 2239 5117 2334 5182; x_wconf 86' lang='lat' dir='ltr'><strong>ait,</strong></span> <span class='ocrx_word' id='word_1_896' title='bbox 2370 5110 2611 5172; x_wconf 42' lang='lat' dir='ltr'><strong>Brtx&#39;iani</strong></span> <span class='ocrx_word' id='word_1_897' title='bbox 2642 5110 2856 5173; x_wconf 72' lang='lat' dir='ltr'><strong>codicis</strong></span> <span class='ocrx_word' id='word_1_898' title='bbox 2882 5114 3141 5184; x_wconf 71' lang='lat' dir='ltr'><strong>exputtgit</strong></span> <span class='ocrx_word' id='word_1_899' title='bbox 3181 5124 3415 5184; x_wconf 81' lang='lat' dir='ltr'><strong>quatuor</strong></span> <span class='ocrx_word' id='word_1_900' title='bbox 3451 5113 3583 5184; x_wconf 39' lang='lat' dir='ltr'><strong>litate</strong></span> 
     </span>
    </p>
   </div>
   <div class='ocr_carea' id='block_1_111' title="bbox 1988 5172 3585 5260">
    <p class='ocr_par' dir='ltr' id='par_1_111' title="bbox 1988 5172 3585 5260">
     <span class='ocr_line' id='line_1_112' title="bbox 1988 5172 3585 5260; baseline -0.002 -19"><span class='ocrx_word' id='word_1_901' title='bbox 1988 5172 2175 5253; x_wconf 58' lang='lat' dir='ltr'><strong>verba,</strong></span> <span class='ocrx_word' id='word_1_902' title='bbox 2207 5172 2367 5260; x_wconf 66' lang='grc' dir='ltr'><strong><em>(μιηή</em></strong></span> <span class='ocrx_word' id='word_1_903' title='bbox 2390 5200 2492 5242; x_wconf 84' lang='lat' dir='ltr'><strong>non</strong></span> <span class='ocrx_word' id='word_1_904' title='bbox 2522 5200 2721 5256; x_wconf 79' lang='lat' dir='ltr'><strong>semper</strong></span> <span class='ocrx_word' id='word_1_905' title='bbox 2741 5189 2935 5242; x_wconf 79' lang='lat' dir='ltr'><strong>sanctis</strong></span> <span class='ocrx_word' id='word_1_906' title='bbox 2958 5172 3420 5260; x_wconf 52' lang='lat' dir='ltr'><strong>lluddenpms),</strong></span> <span class='ocrx_word' id='word_1_907' title='bbox 3450 5172 3585 5260; x_wconf 69' lang='lat' dir='ltr'><strong>legit</strong></span> 
     </span>
    </p>
   </div>
   <div class='ocr_carea' id='block_1_112' title="bbox 1990 5254 3580 5332">
    <p class='ocr_par' dir='ltr' id='par_1_112' title="bbox 1990 5254 3580 5332">
     <span class='ocr_line' id='line_1_113' title="bbox 1990 5254 3580 5332; baseline -0.011 -15"><span class='ocrx_word' id='word_1_908' title='bbox 1990 5275 2121 5332; x_wconf 76' lang='lat' dir='ltr'><strong>vero</strong></span> <span class='ocrx_word' id='word_1_909' title='bbox 2148 5254 2355 5332; x_wconf 68' lang='lat' dir='ltr'><strong>absque</strong></span> <span class='ocrx_word' id='word_1_910' title='bbox 2382 5261 2436 5332; x_wconf 77' lang='lat' dir='ltr'><strong>si</strong></span> <span class='ocrx_word' id='word_1_911' title='bbox 2464 5254 2729 5332; x_wconf 60' lang='lat' dir='ltr'><strong>particula</strong></span> <span class='ocrx_word' id='word_1_912' title='bbox 2762 5261 2841 5313; x_wconf 81' lang='lat' dir='ltr'><strong>sol</strong></span> <span class='ocrx_word' id='word_1_913' title='bbox 2861 5259 3083 5332; x_wconf 77' lang='lat' dir='ltr'><strong>occidat.</strong></span> <span class='ocrx_word' id='word_1_914' title='bbox 3125 5254 3580 5332; x_wconf 46' lang='lat' dir='ltr'><strong>“Colitis-mtiliti,</strong></span> 
     </span>
    </p>
   </div>
   <div class='ocr_carea' id='block_1_113' title="bbox 1992 5324 3586 5401">
    <p class='ocr_par' dir='ltr' id='par_1_113' title="bbox 1992 5324 3586 5401">
     <span class='ocr_line' id='line_1_114' title="bbox 1992 5324 3586 5401; baseline -0.006 -14"><span class='ocrx_word' id='word_1_915' title='bbox 1992 5324 2518 5401; x_wconf 18' lang='lat' dir='ltr'><strong>nullaqueiinducia</strong></span> <span class='ocrx_word' id='word_1_916' title='bbox 2563 5333 2863 5386; x_wconf 71' lang='lat' dir='ltr'><strong>mulatione</strong></span> <span class='ocrx_word' id='word_1_917' title='bbox 2904 5331 2957 5384; x_wconf 86' lang='lat' dir='ltr'><strong>in</strong></span> <span class='ocrx_word' id='word_1_918' title='bbox 3003 5335 3187 5401; x_wconf 75' lang='lat' dir='ltr'><strong>nostra</strong></span> <span class='ocrx_word' id='word_1_919' title='bbox 3234 5324 3477 5401; x_wconf 61' lang='lat' dir='ltr'><strong>editione</strong></span> <span class='ocrx_word' id='word_1_920' title='bbox 3504 5328 3586 5383; x_wconf 72' lang='lat' dir='ltr'><strong>sic</strong></span> 
     </span>
    </p>
   </div>
   <div class='ocr_carea' id='block_1_114' title="bbox 1997 5393 3581 5467">
    <p class='ocr_par' dir='ltr' id='par_1_114' title="bbox 1997 5393 3581 5467">
     <span class='ocr_line' id='line_1_115' title="bbox 1997 5393 3581 5467; baseline -0.003 -10"><span class='ocrx_word' id='word_1_921' title='bbox 1997 5404 2101 5457; x_wconf 82' lang='lat' dir='ltr'><strong>dici</strong></span> <span class='ocrx_word' id='word_1_922' title='bbox 2160 5393 2469 5467; x_wconf 71' lang='lat' dir='ltr'><strong>intelligito,</strong></span> <span class='ocrx_word' id='word_1_923' title='bbox 2516 5403 2618 5456; x_wconf 87' lang='lat' dir='ltr'><strong>sub</strong></span> <span class='ocrx_word' id='word_1_924' title='bbox 2666 5398 3040 5467; x_wconf 75' lang='lat' dir='ltr'><strong>interrogandi</strong></span> <span class='ocrx_word' id='word_1_925' title='bbox 3092 5409 3238 5454; x_wconf 84' lang='lat' dir='ltr'><strong>nota.</strong></span> <span class='ocrx_word' id='word_1_926' title='bbox 3288 5393 3458 5462; x_wconf 83' lang='lat' dir='ltr'><strong>Quare</strong></span> <span class='ocrx_word' id='word_1_927' title='bbox 3479 5413 3581 5453; x_wconf 88' lang='lat' dir='ltr'><strong>non</strong></span> 
     </span>
    </p>
   </div>
   <div class='ocr_carea' id='block_1_115' title="bbox 1997 5466 3327 5533">
    <p class='ocr_par' dir='ltr' id='par_1_115' title="bbox 1997 5466 3327 5533">
     <span class='ocr_line' id='line_1_116' title="bbox 1997 5466 3327 5533; baseline -0.008 -5"><span class='ocrx_word' id='word_1_928' title='bbox 1997 5475 2240 5528; x_wconf 63' lang='lat' dir='ltr'><strong>continuo</strong></span> <span class='ocrx_word' id='word_1_929' title='bbox 2273 5466 2482 5529; x_wconf 75' lang='lat' dir='ltr'><strong>sanctis</strong></span> <span class='ocrx_word' id='word_1_930' title='bbox 2512 5470 2712 5527; x_wconf 83' lang='lat' dir='ltr'><strong>oriatur</strong></span> <span class='ocrx_word' id='word_1_931' title='bbox 2738 5470 2817 5524; x_wconf 81' lang='lat' dir='ltr'><strong>sol</strong></span> <span class='ocrx_word' id='word_1_932' title='bbox 2841 5466 2927 5525; x_wconf 77' lang='lat' dir='ltr'><strong>ille</strong></span> <span class='ocrx_word' id='word_1_933' title='bbox 2946 5467 3186 5533; x_wconf 70' lang='lat' dir='ltr'><strong>justi’ite,</strong></span> <span class='ocrx_word' id='word_1_934' title='bbox 3222 5466 3327 5521; x_wconf 86' lang='lat' dir='ltr'><strong>clc.</strong></span> 
     </span>
    </p>
   </div>
   <div class='ocr_carea' id='block_1_116' title="bbox 2071 5535 3582 5601">
    <p class='ocr_par' dir='ltr' id='par_1_116' title="bbox 2071 5535 3582 5601">
     <span class='ocr_line' id='line_1_117' title="bbox 2071 5535 3582 5601; baseline -0.007 -1"><span class='ocrx_word' id='word_1_935' title='bbox 2071 5557 2094 5587; x_wconf 74' lang='grc' dir='ltr'><strong>ο</strong></span> <span class='ocrx_word' id='word_1_936' title='bbox 2128 5545 2292 5599; x_wconf 64' lang='lat' dir='ltr'><strong>Atilii!</strong></span> <span class='ocrx_word' id='word_1_937' title='bbox 2332 5544 2613 5601; x_wconf 64' lang='lat' dir='ltr'><strong>Viriasius</strong></span> <span class='ocrx_word' id='word_1_938' title='bbox 2644 5543 2903 5597; x_wconf 77' lang='lat' dir='ltr'><strong>dimittere</strong></span> <span class='ocrx_word' id='word_1_939' title='bbox 2941 5535 3136 5601; x_wconf 64' lang='lat' dir='ltr'><strong>fractos</strong></span> <span class='ocrx_word' id='word_1_940' title='bbox 3170 5538 3225 5590; x_wconf 87' lang='lat' dir='ltr'><strong>in</strong></span> <span class='ocrx_word' id='word_1_941' title='bbox 3274 5535 3582 5601; x_wconf 73' lang='lat' dir='ltr'><strong>libertatm.</strong></span> 
     </span>
    </p>
   </div>
   <div class='ocr_carea' id='block_1_117' title="bbox 1995 5607 3584 5685">
    <p class='ocr_par' dir='ltr' id='par_1_117' title="bbox 1995 5607 3584 5685">
     <span class='ocr_line' id='line_1_118' title="bbox 1995 5607 3584 5685; baseline -0.006 -14"><span class='ocrx_word' id='word_1_942' title='bbox 1995 5632 2105 5671; x_wconf 88' lang='lat' dir='ltr'><strong>non</strong></span> <span class='ocrx_word' id='word_1_943' title='bbox 2134 5632 2200 5685; x_wconf 57' lang='lat' dir='ltr'><strong>ex</strong></span> <span class='ocrx_word' id='word_1_944' title='bbox 2226 5615 2416 5673; x_wconf 70' lang='lat' dir='ltr'><strong>Grareo</strong></span> <span class='ocrx_word' id='word_1_945' title='bbox 2451 5614 2670 5685; x_wconf 85' lang='lat' dir='ltr'><strong>quidem</strong></span> <span class='ocrx_word' id='word_1_946' title='bbox 2696 5612 2887 5685; x_wconf 69' lang='lat' dir='ltr'><strong>codice</strong></span> <span class='ocrx_word' id='word_1_947' title='bbox 2934 5607 3191 5685; x_wconf 38' lang='grc' dir='ltr'><strong>[ἅμ-ἱππ</strong></span> <span class='ocrx_word' id='word_1_948' title='bbox 3222 5622 3339 5685; x_wconf 77' lang='lat' dir='ltr'><strong>quo</strong></span> <span class='ocrx_word' id='word_1_949' title='bbox 3354 5607 3584 5685; x_wconf 69' lang='lat' dir='ltr'><strong>minime</strong></span> 
     </span>
    </p>
   </div>
   <div class='ocr_carea' id='block_1_118' title="bbox 1995 5677 3587 5751">
    <p class='ocr_par' dir='ltr' id='par_1_118' title="bbox 1995 5677 3587 5751">
     <span class='ocr_line' id='line_1_119' title="bbox 1995 5677 3587 5751; baseline -0.004 -10"><span class='ocrx_word' id='word_1_950' title='bbox 1995 5703 2059 5742; x_wconf 84' lang='lat' dir='ltr'><strong>ea</strong></span> <span class='ocrx_word' id='word_1_951' title='bbox 2090 5678 2254 5741; x_wconf 80' lang='lat' dir='ltr'><strong>verba</strong></span> <span class='ocrx_word' id='word_1_952' title='bbox 2288 5696 2434 5751; x_wconf 81' lang='lat' dir='ltr'><strong>sunt,</strong></span> <span class='ocrx_word' id='word_1_953' title='bbox 2471 5677 2572 5740; x_wconf 67' lang='lat' dir='ltr'><strong>sed</strong></span> <span class='ocrx_word' id='word_1_954' title='bbox 2620 5700 2687 5737; x_wconf 76' lang='lat' dir='ltr'><strong>ex</strong></span> <span class='ocrx_word' id='word_1_955' title='bbox 2717 5682 2858 5736; x_wconf 81' lang='lat' dir='ltr'><strong>Luca</strong></span> <span class='ocrx_word' id='word_1_956' title='bbox 2888 5679 3220 5749; x_wconf 79' lang='lat' dir='ltr'><strong>evangelista</strong></span> <span class='ocrx_word' id='word_1_957' title='bbox 3250 5677 3341 5747; x_wconf 85' lang='lat' dir='ltr'><strong>qui</strong></span> <span class='ocrx_word' id='word_1_958' title='bbox 3374 5690 3432 5731; x_wconf 86' lang='lat' dir='ltr'><strong>ut</strong></span> <span class='ocrx_word' id='word_1_959' title='bbox 3462 5677 3587 5751; x_wconf 69' lang='lat' dir='ltr'><strong>itte-</strong></span> 
     </span>
    </p>
   </div>
   <div class='ocr_carea' id='block_1_119' title="bbox 1996 5748 3591 5823">
    <p class='ocr_par' dir='ltr' id='par_1_119' title="bbox 1996 5748 3591 5823">
     <span class='ocr_line' id='line_1_120' title="bbox 1996 5748 3591 5823; baseline -0.004 -11"><span class='ocrx_word' id='word_1_960' title='bbox 1996 5761 2109 5813; x_wconf 86' lang='lat' dir='ltr'><strong>rint</strong></span> <span class='ocrx_word' id='word_1_961' title='bbox 2127 5757 2183 5811; x_wconf 82' lang='lat' dir='ltr'><strong>in</strong></span> <span class='ocrx_word' id='word_1_962' title='bbox 2210 5756 2352 5812; x_wconf 70' lang='lat' dir='ltr'><strong>LXX</strong></span> <span class='ocrx_word' id='word_1_963' title='bbox 2373 5748 2504 5811; x_wconf 72' lang='lat' dir='ltr'><strong>citat</strong></span> <span class='ocrx_word' id='word_1_964' title='bbox 2531 5754 2624 5809; x_wconf 78' lang='lat' dir='ltr'><strong>illa</strong></span> <span class='ocrx_word' id='word_1_965' title='bbox 2645 5766 2762 5820; x_wconf 85' lang='lat' dir='ltr'><strong>cap.</strong></span> <span class='ocrx_word' id='word_1_966' title='bbox 2790 5768 2863 5815; x_wconf 87' lang='lat' dir='ltr'><strong>tv,</strong></span> <span class='ocrx_word' id='word_1_967' title='bbox 2889 5748 3135 5823; x_wconf 85' lang='lat' dir='ltr'><strong>ipsoque,</strong></span> <span class='ocrx_word' id='word_1_968' title='bbox 3170 5756 3229 5811; x_wconf 86' lang='lat' dir='ltr'><strong>ut</strong></span> <span class='ocrx_word' id='word_1_969' title='bbox 3251 5756 3425 5817; x_wconf 75' lang='lat' dir='ltr'><strong>retur,</strong></span> <span class='ocrx_word' id='word_1_970' title='bbox 3460 5748 3591 5805; x_wconf 85' lang='lat' dir='ltr'><strong>ilic-</strong></span> 
     </span>
    </p>
   </div>
   <div class='ocr_carea' id='block_1_120' title="bbox 1997 5824 2882 5909">
    <p class='ocr_par' dir='ltr' id='par_1_120' title="bbox 1997 5824 2882 5909">
     <span class='ocr_line' id='line_1_121' title="bbox 1997 5824 2882 5909; baseline -0.003 -26"><span class='ocrx_word' id='word_1_971' title='bbox 1997 5844 2230 5901; x_wconf 76' lang='lat' dir='ltr'><strong>ronyuto</strong></span> <span class='ocrx_word' id='word_1_972' title='bbox 2260 5829 2346 5884; x_wconf 86' lang='lat' dir='ltr'><strong>hic</strong></span> <span class='ocrx_word' id='word_1_973' title='bbox 2366 5828 2421 5883; x_wconf 90' lang='lat' dir='ltr'><strong>in</strong></span> <span class='ocrx_word' id='word_1_974' title='bbox 2454 5824 2882 5909; x_wconf 76' lang='lat' dir='ltr'><strong>Commentario.</strong></span> 
     </span>
    </p>
   </div>
  </div>
