4084 6324
269 339 370 398 601

810 339 1464 399 COMMENTARIORUM
1502 339 1567 398 ΙΝ
1610 339 1842 400 ISAIAM
1885 342 2307 406 PRUPlll‘ITAM
2352 351 2483 408 LIB.
2530 353 2693 411 XVII.
2737 354 2892 412 CAP.
2936 354 3076 414 LXI.

3473 359 3578 416 602

269 467 322 512 ut
349 457 573 528 possint
605 474 726 516 cum
761 459 1023 528 Apostolo
1053 457 1239 516 dicere
1274 476 1288 514 :
1321 459 1415 516 ltei
1441 460 1743 530 wdiﬁcatio,
1775 457 1870 516 Dei
1895 465 1949 526 Α
1974 480 2094 537 qum.
2123 466 2174 523 in
2201 469 2335 525 vitio
2364 481 2468 536 est,
2501 474 2588 529 cui
2631 473 2775 531 Deus
2805 477 3033 543 resistit,
3066 487 3120 534 ut
3159 476 3457 536 humilibus
3487 477 3581 537 det

266 552 603 622 agricultura
634 569 810 608 sumus
836 553 880 623 (l
902 551 1024 609 Cor.
1053 569 1143 621 Ill,
1187 552 1264 626 9).
1297 553 1541 622 Denique
1569 553 1792 611 Scribas
1820 567 1873 610 et

267 645 614 712 Pliarisa-os,
649 645 906 703 vinitores
927 659 980 702 et
1011 647 1278 719 agricolas
1305 648 1647 710 Iudaeorum.
1680 648 1872 705 Salva-

267 747 354 794 tor
379 739 720 812 interrogat,
751 743 878 813 quid
913 742 1073 797 furiat
1103 743 1432 798 vinitoribus
1465 747 1620 798 malis
1645 757 1698 799 et
1724 745 1870 815 agri-

265 831 440 887 colis?
471 831 697 900 Illisque
731 834 1193 903 respondentibus
1227 853 1240 890 :
1277 835 1448 892 Malos
1493 837 1624 891 male
1665 839 1867 905 perdet,

263 937 310 979 et
342 925 550 978 vineam
581 926 727 981 dabit
755 928 874 982 aliis
902 927 1149 1001 agricolis
1178 928 1398 998 (Matth.
1429 946 1516 984 tm
1539 973 1552 992 ,
1581 929 1699 998 41),
1734 931 1874 985 intu-

263 1015 371 1073 l-t:
427 1019 716 1086 Auferetur
741 1038 772 1074 a
823 1021 962 1075 vobis
1005 1039 1218 1093 regnum
1251 1022 1367 1092 Dei,
1410 1033 1458 1078 et
1503 1023 1708 1078 dabitur
1735 1026 1873 1096 genti

265 1111 484 1184 facienti
507 1119 711 1181 {ructus
738 1116 847 1184 ejus
872 1129 882 1174 ι
903 1113 1035 1169 lbid.
1059 1157 1075 1182 ,
1115 1114 1232 1188 45).
1265 1121 1395 1184 Quae
1425 1133 1512 1171 res
1546 1119 1870 1188 interpreta-

265 1206 417 1260 tione
452 1221 570 1261 non
626 1206 853 1278 indiget.
892 1209 1100 1276 Quotus
1141 1211 1286 1264 enim
1326 1211 1560 1281 quisque
1604 1212 1876 1268 ﬂet-lesio-

264 1313 385 1352 runt
439 1301 703 1367 princeps
729 1312 814 1355 est
841 1300 910 1355 de
935 1297 1162 1367 Judmis,
1193 1315 1242 1356 et
1280 1318 1386 1357 non
1429 1303 1494 1357 de
1522 1305 1871 1373 alienigenis,

265 1401 430 1460 atque
455 1401 814 1447 externarum
842 1395 1083 1457 gentium
1112 1396 1462 1450 lion'tinibus?
1488 1413 1574 1463 qui
1603 1409 1730 1453 ante
1756 1398 1874 1452 ιιΙιι-

263 1483 329 1539 lis
356 1487 688 1545 servientes.
727 1497 781 1543 et
808 1487 974 1542 alieni
1010 1505 1037 1542 a
1085 1498 1411 1543 testamento
1454 1490 1568 1555 Dei,
1615 1508 1679 1544 ac
1710 1507 1871 1563 perc-

265 1579 404 1650 griui
436 1596 467 1634 τι
514 1580 972 1646 promi~sionibus
1007 1582 1180 1649 illius,
1227 1598 1378 1651 spem
1416 1599 1520 1638 nou
1572 1583 1866 1654 habentes;

264 1686 314 1728 et
346 1675 472 1727 sine
500 1672 621 1728 Duo
666 1675 718 1728 in
751 1675 976 1742 saeculo,
1013 1691 1154 1730 nunc
1202 1686 1448 1747 praesunt
1497 1678 1782 1746 Ecclesiis,
1818 1689 1872 1734 et

263 1765 406 1822 dura
429 1767 601 1822 t-Orda
627 1766 940 1837 gentilium,
961 1783 1226 1838 priusque
1251 1769 1537 1833 indomita,
1565 1770 1629 1824 ad
1663 1769 1871 1826 fructus

1976 564 2239 634 gratiam;
2269 568 2364 624 sed
2390 587 2452 624 ea
2485 587 2605 642 qua:
2633 588 2731 643 pro
2764 576 3006 638 potentia
3035 585 3089 629 et
3118 577 3288 646 gloria
3313 577 3581 640 accipitur

1979 656 2183 730 (Iacob.
2218 660 2293 733 Iv)
2349 662 2500 718 Unde
2525 677 2578 720 et
2612 666 2781 737 Moysi
2797 677 3024 723 cornuta
3042 667 3212 725 facies
3237 667 3576 740 erauExod.

1978 761 2194 825 xxxiv),
2224 758 2312 826 qui
2339 756 2523 812 dicere
2557 771 2772 827 poterat
2805 779 2817 814 :
2869 761 2937 817 In
2977 774 3025 818 te
3075 765 3312 820 inimicos
3365 775 3573 820 nostros

1977 864 2139 902 cornu
2187 849 2546 906 ventilubimus
2576 852 2694 922 (Ps.
2752 871 2908 923 XLIII,
2941 857 3020 928 6).
3065 858 3128 912 Et
3175 875 3272 928 pro
3319 861 3572 927 Superbia

1975 943 2198 1014 gloriae,
2230 945 2618 1013 intvrprvtatus
2659 960 2739 1002 est
2781 951 3010 1020 Aquila,
3052 955 3134 1007 καὶ
3178 953 3226 1008 ἐν
3255 951 3373 1029 δόξῃ
3409 956 3573 1010 αὐτῶν

1976 1037 2217 1118 πορφύρᾳ
2267 1038 2585 1106 ἐνδύσασθαι,
2615 1041 2665 1095 id
2708 1055 2790 1097 est
2817 1085 2833 1109 ,
2883 1061 3115 1118 purpura
3153 1048 3474 1112 uestiemtui;
3517 1057 3573 1101 ut

1978 1132 2192 1202 insigne
2243 1135 2370 1204 regii
2426 1137 2646 1189 decoris
2694 1136 3031 1192 ostenderet.
3065 1139 3331 1208 Quodque
3385 1139 3574 1205 secuti-

1980 1238 2066 1279 tur
2100 1243 2114 1279 :
2142 1224 2249 1278 Pro
2277 1227 2576 1297 torrfusione
2605 1228 2824 1296 duplici,
2857 1241 2904 1284 et
2937 1247 3032 1299 pro
3065 1230 3248 1284 rubore
3285 1231 3573 1286 laudabunt

1977 1331 2171 1393 partem
2195 1337 2345 1375 suam
2370 1362 2384 1386 ,
2417 1326 2562 1393 quod
2591 1322 2643 1377 iu
2678 1322 3029 1394 Septuaginta
3077 1341 3180 1380 ιιοιι
3216 1326 3462 1388 habetur.
3496 1328 3576 1381 sic

1979 1415 2109 1469 lllllll
2156 1416 2555 1485 esplauandum
2602 1415 2834 1472 videtur.
2869 1416 2976 1472 Pro
3006 1434 3073 1472 eo
3109 1418 3250 1488 quod
3303 1419 3572 1488 duplici-nt

1979 1508 2267 1564 habebatis
2292 1511 2694 1576 confusionem,
2730 1523 2838 1566 Iam
2883 1528 3048 1583 super
3102 1515 3300 1583 p0pu|o
3341 1514 3575 1568 ,Ιυαωη-

1979 1617 2120 1663 rum,
2152 1601 2244 1672 qui
2271 1616 2301 1656 a
2338 1604 2445 1656 Deo
2472 1617 2796 1669 recesserat,
2835 1619 2996 1675 quam
3029 1621 3194 1675 super
3221 1606 3572 1673 nationibus,

1976 1709 2098 1764 quin
2128 1694 2290 1749 idolis
2336 1694 2664 1762 serviebant,
2709 1698 2972 1753 videbitis
3026 1714 3121 1753 eos
3167 1713 3468 1754 cooversiis
3506 1697 3575 1753 ad

1980 1788 2227 1844 timorem
2261 1790 2374 1848 Dei.
2404 1790 2632 1846 laudare
2670 1805 2877 1863 partem
2924 1809 3101 1848 suam.
3151 1793 3300 1848 llaud
3346 1793 3574 1848 dubium

264 1857 530 1914 ferendos
555 1873 740 1915 aratro
774 1859 898 1915 ﬁdei
930 1861 1218 1924 adiuuant;
1257 1871 1314 1917 ut
1336 1872 1636 1918 si-Inrnteto
1663 1863 1863 1918 doctri-

1979 1884 2107 1950 quiu
2166 1883 2486 1948 Dominum,
2543 1884 2610 1939 de
2661 1901 2766 1954 quo
2817 1885 3144 1953 loquebatur
3194 1895 3250 1941 et
3299 1897 3571 1942 sanctus:

266 1969 350 2009 na:
395 1953 658 2020 Domini,
712 1953 979 2009 bonorum
1029 1971 1257 2026 operutn
1310 1957 1560 2013 ubertate
1611 1946 1872 2027 multipli-

263 2058 412 2102 cent.
1763 2119 1772 2126 .

333 2139 523 2213 (Vere.
555 2140 608 2201 6.
646 2140 726 2210 7.)
773 2140 877 2196 Vos
909 2151 1082 2196 autem
1108 2141 1398 2196 sacerdotes
1429 2141 1638 2196 Domini
1669 2143 1874 2197 rocobi-

264 2235 426 2298 mini,
463 2235 695 2290 ministri
730 2235 825 2291 Dei
856 2238 1039 2298 nostri,
1093 2239 1295 2292 dicetur
1340 2238 1479 2293 vobis
1511 2255 1531 2293 :
1579 2237 1870 2293 Fortitudi-

263 2345 376 2384 nem
404 2333 638 2401 gentium
677 2331 970 2400 comedetis,
1031 2335 1082 2386 in
1124 2334 1290 2405 gloria
1334 2349 1506 2387 eorum
1550 2335 1870 2406 superbietis.

263 2421 374 2477 Pro
401 2427 714 2494 confusione
736 2440 901 2479 vestra
930 2425 1128 2497 duplici
1154 2437 1202 2479 et
1230 2426 1413 2480 rubore
1441 2425 1727 2481 laudabunt
1752 2443 1875 2496 par-

266 2526 364 2570 tem
390 2535 548 2572 suam
578 2534 598 2572 .·
641 2528 851 2592 propter
877 2518 976 2573 hoc
1013 2521 1065 2573 in
1108 2532 1244 2575 terra
1268 2538 1362 2574 sua
1391 2519 1620 2594 duplicia
1644 2522 1877 2594 posside-

264 2611 407 2679 bunt,
436 2609 627 2667 lteti:ia
644 2614 956 2675 sempiterna
981 2614 1075 2668 erit
1099 2614 1196 2681 eis,
1231 2617 1352 2687 quia
1383 2632 1477 2685 ego
1506 2615 1761 2670 Dominus
1793 2616 1864 2669 di-

264 2710 333 2780 lig
365 2725 425 2763 ns
447 2709 736 2782 judicium,
768 2720 817 2764 et
847 2709 965 2764 odio
993 2710 1185 2764 [iubens
1228 2711 1465 2780 rapinam
1498 2712 1551 2765 iu
1588 2709 1876 2764 Itaulocau-

265 2813 362 2856 sto.
393 2799 543 2856 LXX
580 2818 593 2854 :
633 2799 738 2855 Vos
776 2813 946 2854 autem
975 2805 1274 2858 sacerdotes
1305 2802 1514 2856 Domini
1543 2803 1872 2866 vocabimini,

265 2898 491 2950 ministri
548 2893 643 2949 Dei
681 2905 707 2934 ι
737 2898 922 2952 nostri.
953 2894 1340 2951 Fortitudinem
1369 2898 1598 2967 gentium
1639 2894 1873 2950 comede-

266 2991 349 3056 tis,
387 3001 434 3043 et
464 2992 520 3045 in
558 2993 764 3046 divitias
789 3009 965 3046 eurum
997 2994 1140 3048 eritis
1168 2992 1520 3048 admirabiles.
1556 2993 1647 3048 Sic
1686 3005 1874 3046 terram

262 3088 490 3142 secundo
521 3087 876 3155 possidebunt.
907 3097 954 3142 et
981 3090 1238 3159 gaitdium.
1260 3073 1626 3156 sempiternum
1657 3087 1755 3142 erit
1785 3105 1877 3141 su-

263 3195 353 3250 per
373 3188 537 3247 caput
564 3196 743 3233 eorum
795 3178 904 3251 Ego
931 3180 1067 3234 enim
1096 3197 1210 3234 sunt
1251 3179 1525 3246 Dominus,
1571 3180 1659 3251 qui
1709 3180 1873 3248 diligo

1981 1976 2116 2032 Pars
2146 1995 2256 2032 utea
2284 1978 2536 2034 Dominus
2563 1977 2681 2050 (Ps.
2717 1996 2899 2046 LXUI,
2926 1980 3045 2050 26).
3077 1980 3187 2035 Hoc.
3208 1991 3386 2035 autem
3413 1994 3576 2037 nemo

1978 2081 2153 2140 potest
2181 2072 2384 2138 dicere,
2415 2074 2516 2127 nisi
2541 2076 2632 2144 qui
2661 2074 2822 2128 alium
2853 2088 3062 2144 partem
3096 2088 3201 2130 n0u
3228 2075 3410 2128 liaIu-t.
3437 2071 3575 2139 Quia

1976 2147 2262 2238 igiturnos
2289 2182 2459 2234 super
2499 2168 2577 2222 eis
2609 2167 2880 2240 duplicem
2915 2167 3174 2224 habuistis
3200 2167 3572 2223 conltI-iOnem

1976 2271 2029 2313 et
2056 2261 2311 2314 ruborem
2345 2262 2547 2330 pomati
2581 2277 2794 2328 ecl-um,
2827 2277 2992 2332 super
3028 2277 3137 2330 quo
3169 2260 3273 2331 ipsi
3311 2276 3420 2316 non
3448 2275 3577 2316 eru-

1977 2352 2291 2416 bescebant,
2345 2364 2634 2424 propterea
2665 2356 2718 2409 iu
2752 2366 2895 2410 terra
2928 2369 3048 2416 Sua,
3091 2355 3140 2410 id
3188 2363 3291 2414 est,
3342 2354 3396 2408 in
3432 2363 3574 2408 terra

1978 2447 2189 2500 mitium
2219 2458 2381 2514 atque
2401 2446 2717 2511 virentium,
2747 2447 2982 2515 duplicia
3014 2446 3372 2515 possidebunt
3403 2467 3417 2500 :
3448 2459 3573 2500 cum

1976 2548 2028 2593 et
2080 2539 2441 2608 prze~entibus
2483 2540 2846 2608 crediderint,
2901 2551 2957 2596 et
3009 2541 3226 2595 futuris.
3293 2539 3360 2595 Et
3409 2539 3579 2593 liabe-

1979 2630 2114 2684 bunt
2144 2629 2384 2684 ltetitiam
2419 2643 2834 2700 sempiternam.
2871 2632 2975 2687 Pro
2999 2648 3108 2702 quo
3137 2638 3188 2687 in
3222 2632 3574 2701 Septuaginta

1977 2724 2007 2778 1α
2029 2727 2195 2792 gitur,
2241 2726 2317 2778 sic
2347 2734 2535 2778 terram
2567 2727 2791 2780 secundo
2831 2727 3185 2796 possidebunt.
3221 2727 3286 2782 Et
3317 2726 3572 2796 gaudium

1976 2820 2369 2888 sempiternum
2399 2819 2496 2875 erit
2531 2835 2697 2886 super
2719 2831 2880 2891 Caput
2920 2836 3137 2890 e0rutn,
3172 2833 3224 2875 ut
3258 2827 3348 2890 qtti
3386 2837 3574 2891 po~se-

1976 2914 2172 2969 derant
2199 2926 2395 2970 terram
2427 2916 2478 2970 in
2508 2915 2708 2972 Judtem
2734 2917 3132 2985 angustissimis
3151 2916 3318 2991 736
3353 2917 3574 2982 linibus,

1978 3019 2165 3074 postea
2199 3023 2508 3063 utIIverSIInt
2556 3011 2744 3065 orbem
2791 3011 3131 3080 possideant.
3166 3011 3242 3065 De
3281 3028 3383 3076 qua
3431 3021 3573 3064 terra

1975 3101 2134 3157 Pater
2163 3103 2399 3174 loquitur
2431 3103 2704 3159 SaIVutori
2740 3123 2750 3159 :
2793 3103 3013 3159 Postulo
3045 3122 3076 3158 a
3108 3121 3207 3170 me,
3237 3113 3285 3158 et
3317 3102 3453 3158 dabo
3483 3103 3578 3159 tibi

1975 3208 2146 3268 gentes
2168 3196 2520 3251 Ita-reditatem
2549 3207 2709 3264 luant,
2746 3207 2792 3253 et
2823 3199 3197 3269 possessionem
3229 3209 3366 3251 tuam
3403 3197 3579 3252 termi-

253 3273 520 3344 justitiam
551 3290 570 3327 :
599 3285 644 3326 et
686 3275 773 3327 odi
804 3275 1022 3342 rapinas
1064 3291 1128 3328 e1:
1167 3275 1453 3344 iniquitate.
1490 3271 1869 3328 1E=lilic.itnte~

1979 3310 2070 3346 nos
2094 3304 2244 3346 terra!
2273 3292 2394 3363 (Ps.
2427 3308 2496 3352 It.
2537 3293 2616 3364 5).
2651 3293 2763 3347 Iloc
2792 3303 2974 3347 autem
3007 3293 3254 3361 priestitit
3289 3293 3576 3359 Dominus,

265 3368 484 3424 urbium
511 3370 852 3426 desertarum
872 3381 926 3426 et
957 3381 1202 3441 pastores
1222 3386 1470 3441 gregum,
1494 3369 1584 3439 qui
1618 3370 1717 3437 ipsi
1742 3377 1871 3425 sntit

261 3454 515 3522 aratores
539 3475 595 3521 ct
621 3467 906 3534 vinitores,
937 3471 1039 3522 huc
1068 3478 1169 3533 est,
1201 3469 1298 3523 lilii
1325 3469 1763 3536 peregt‘ittormn,
1791 3469 1871 3536 ip-

266 3560 311 3616 si
343 3575 569 3632 quoque
599 3572 725 3616 sunt
756 3563 1075 3616 Sacerdotes
1113 3562 1235 3626 Dei,
1278 3563 1345 3617 ad
1403 3579 1541 3632 quos
1594 3562 1867 3628 Pmpltetzt

260 3666 403 3709 nunc
434 3653 574 3709 dicit
606 3673 620 3710 :
657 3651 756 3709 Vos
775 3665 946 3709 autem
968 3654 1278 3710 vocabimini
1306 3656 1602 3711 surerdows
1635 3655 1862 3722 Domini,

259 3759 306 3804 ct
334 3749 563 3804 minis'ri
605 3747 701 3804 Dei
738 3752 920 3817 nostri,
963 3751 1177 3805 dicetur
1219 3753 1403 3807 vobis:
1446 3751 1586 3807 haud
1641 3751 1866 3806 dubium

260 3845 388 3914 quin
423 3845 796 3902 Eecle~iurum
845 3847 1122 3914 principes
1165 3848 1458 3918 signiticet.
1487 3847 1583 3902 Vel
1613 3857 1766 3902 certe
1799 3847 1868 3904 de

259 3936 542 4007 Apostnlis
576 3936 990 4010 intelligendum
1019 3950 1125 4003 est,
1175 3952 1228 3994 ut
1266 3941 1338 3995 sit
1383 3941 1558 3996 ordo:
1593 3941 1730 3996 Cum
1763 3957 1869 3996 ca:-

259 4034 540 4098 meutarii,
570 4033 732 4109 735
775 4047 1044 4102 pastores,
1095 4047 1342 4092 aratores
1381 4047 1435 4092 et
1481 4037 1750 4092 vinitores
1799 4036 1868 4092 de

258 4129 514 4198 gentibus
559 4129 764 4185 fuerint
796 4129 1060 4187 Ecclesiis
1091 4131 1390 4199 praeposui,
1427 4117 1631 4184 vos'de
1671 4129 1868 4200 quibus

257 4221 467 4280 dictum
493 4233 576 4279 cst
614 4241 628 4278 :
665 4223 921 4293 Reliquite
945 4227 1102 4281 salute
1130 4226 1249 4294 fient
1281 4224 1460 4284 (Rom.
1502 4241 1576 4288 Ix.
1607 4225 1720 4283 27).
1756 4224 1821 4279 Et
1852 4241 1866 4278 :

261 4311 383 4369 Nisi
417 4315 672 4370 Dominus
700 4317 916 4372 sabuwlt
946 4318 1236 4388 reliquisset
1282 4318 1428 4372 nobis
1470 4334 1664 4382 semen,
1719 4319 1868 4389 quasi

260 4407 496 4464 Sodoma
519 4425 762 4469 essemus.
785 4420 838 4464 et
864 4412 1061 4466 similes
1082 4410 1386 4466 Gomorrltte
1407 4413 1682 4483 fuissemus
1705 4411 1865 4478 (lsai.

259 4517 332 4565 Iv,
365 4506 448 4570 9),
479 4505 806 4560 vocabimiui
834 4507 1172 4570 sacerdotes.
1207 4516 1262 4562 et
1307 4507 1542 4562 ministri
1586 4507 1681 4562 Dei
1734 4522 1870 4576 qua-

259 4595 338 4653 les
366 4607 529 4654 erant
567 4607 626 4654 et
666 4598 762 4653 tilii
802 4598 998 4653 David.
1029 4598 1109 4680 De
1134 4601 1330 4668 quibus
1379 4599 1664 4669 S~riptura
1695 4597 1864 4654 dicit:

1973 3385 2064 3457 qui
2095 3386 2270 3455 diligit
2293 3382 2486 3451 judicd
2516 3386 2826 3452 veritatem,
2873 3396 2926 3437 et
2965 3384 3091 3439 odio
3125 3385 3287 3440 liabet
3335 3391 3580 3456 rap‘nam

1974 3479 2027 3535 in
2062 3479 2399 3535 holocaudo.
2439 3479 2545 3533 Pro
2585 3495 2695 3548 quo
2743 3480 3100 3548 Septuaginta
3156 3482 3574 3550 transtulerunt,

1972 3574 2211 3642 rapinam
2253 3573 2317 3627 de
2357 3572 2631 3643 iniquitate
2660 3587 2679 3625 :
2719 3575 2872 3642 quasi
2913 3572 3095 3639 aliqua
3127 3574 3198 3626 sit
3239 3574 3423 3637 rapina
3455 3589 3578 3644 quia:

1973 3684 2081 3722 non
2110 3681 2178 3722 ex
2210 3666 2496 3736 iniquitate
2537 3666 2823 3719 consiSIat.
2889 3665 3031 3734 Ergo
3062 3664 3203 3728 quod
3258 3667 3412 3734 dicit,
3473 3668 3577 3723 hoc

1972 3768 2055 3815 est
2099 3775 2112 3811 :
2163 3759 2332 3828 Mag=s
2393 3759 2535 3812 Deus
2597 3758 2868 3825 justorttnt
2924 3758 3572 3830 diligit’paupertatetn,

1973 3866 2134 3922 quam
2167 3851 2393 3905 divitum
2428 3864 2676 3915 munera,
2712 3866 2832 3919 quo:
2869 3850 2938 3904 de
2986 3851 3189 3916 rapinis
3233 3861 3356 3906 sunt
3385 3864 3440 3906 et
3473 3853 3577 3908 ini-

1970 3945 2195 4015 quitate.

2045 4038 2222 4111 (V'ers.
2253 4037 2309 4105 8,
2337 4037 2417 4108 9.)
2455 4036 2520 4090 Et
2551 4037 2682 4090 dabo
2699 4053 2831 4104 opus
2851 4053 3030 4091 eorum
3057 4037 3109 4090 in
3137 4039 3371 4098 ueritate.
3397 4051 3444 4094 et
3473 4043 3570 4109 fte-

1973 4130 2072 4184 dus
2102 4143 2408 4201 perpetuam
2437 4129 2620 4196 feriam
2659 4128 2751 4182 eis.
2787 4126 2855 4182 Et
2878 4129 3069 4181 scietur
3099 4127 3283 4200 [Vulg.
3309 4129 3490 4202 scient]
3520 4133 3572 4185 in

1972 4226 2207 4294 gentibus
2235 4238 2405 4278 semen
2426 4237 2628 4284 eorum,
2661 4231 2708 4276 et
2740 4237 2947 4292 germen
2979 4237 3154 4274 eorum
3185 4222 3238 4276 in
3267 4224 3437 4276 medio
3481 4240 3571 4286 po-

1973 4316 2231 4388 pulorum.
2271 4313 2458 4370 Omnes
2484 4317 2572 4384 qui
2598 4315 2813 4369 viderint
2835 4331 2940 4380 eos,
2973 4325 3278 4386 cognoscent
3311 4331 3417 4378 eos,
3451 4317 3572 4385 quia

1973 4411 2058 4466 isti
2081 4420 2204 4466 sunt
2231 4425 2426 4477 somen,
2451 4411 2533 4464 cui
2557 4409 2811 4463 benedixit
2835 4408 3088 4463 Dominus
3141 4406 3314 4463 LXX:
3353 4408 3416 4462 Et
3435 4408 3570 4462 dabo

1973 4504 2201 4558 laborem
2230 4519 2408 4558 eorum
2429 4503 2612 4574 justis,
2640 4511 2685 4556 et
2715 4511 3072 4557 testamentum
3100 4512 3349 4556 aeternum
3381 4517 3570 4571 ponam

1973 4613 2086 4650 cum
2112 4597 2207 4651 eis.
2242 4594 2307 4648 Et
2329 4597 2520 4650 scietur
2539 4599 2592 4648 in
2617 4596 2848 4664 gentibus
2869 4609 3038 4650 semen
3071 4611 3270 4661 eorum,
3295 4605 3342 4648 et
3368 4605 3573 4666 nepotes

259 4687 390 4746 Filii
420 4689 792 4750 autemDuvid
829 4701 976 4748 erant
1002 4692 1294 4747 sacerdotes
1326 4691 1420 4746 Dei
1469 4693 1534 4756 (ll
1566 4691 1696 4763 Reg.
1740 4707 1860 4756 \‘lll,
1895 4681 1942 4741 D
1968 4703 2145 4742 eorum
2171 4689 2225 4741 in
2257 4688 2428 4741 medio
2453 4690 2783 4759 populorum.
2814 4685 2994 4740 Omnis
3015 4686 3102 4755 qui
3129 4685 3310 4740 viderit
3343 4703 3449 4752 eos,
3483 4703 3568 4741 co-

261 4785 373 4856 18).
407 4786 501 4842 Isti
535 4786 910 4841 fortitudinem
943 4786 1187 4851 gentium
1219 4786 1531 4844 comedent.
1563 4797 1620 4841 et
1646 4788 1696 4839 in
1725 4785 1866 4839 divi-

259 4870 345 4932 tiis
377 4895 571 4935 earum
599 4878 952 4935 admirabiles
984 4887 1165 4934 erunt.
1211 4878 1427 4934 Corona
1459 4879 1604 4933 enim
1650 4888 1862 4947 patrum

257 4975 434 5046 gloria
481 4955 807 5036 liberorum.
855 4982 911 5028 et
963 4971 1241 5043 prolectus
1286 4973 1511 5042 populi,
1563 4972 1737 5040 epulae
1782 4986 1867 5024 sa-

259 5067 750 5139 eerdmunt(l’rov.
787 5057 940 5137 xvu):
977 5069 1051 5124 De
1084 5068 1387 5122 istiusmodi
1422 5064 1630 5120 divitiis
1665 5065 1865 5120 Paulus

259 5159 540 5214 scribi-bat
585 5159 653 5214 ad
696 5160 1013 5224 Corinthios
1047 5176 1060 5213 :
1100 5157 1312 5214 Gratias
1347 5175 1445 5230 ago
1477 5156 1587 5211 Deo
1619 5172 1730 5210 meo
1773 5173 1864 5228 per

259 5250 442 5311 Iesum
477 5253 763 5321 Christum,
799 5255 1048 5325 quoniam
1073 5254 1129 5308 in
1162 5253 1396 5307 omnibus
1425 5251 1607 5306 divites
1629 5251 1756 5319 facti
1786 5266 1866 5304 es-

261 5345 405 5402 tis'in
431 5364 512 5413 eo,
540 5348 594 5402 in
634 5349 773 5401 omni
800 5347 972 5412 verba,
1012 5356 1058 5400 et
1087 5347 1142 5401 in
1173 5348 1314 5400 omni
1339 5347 1574 5410 scientia,
1610 5347 1740 5400 sicut
1769 5356 1868 5399 tes-

260 5439 532 5494 timonium
567 5439 756 5493 Christi
785 5441 1143 5510 conﬁrmatum
1178 5451 1250 5494 est
1277 5440 1330 5494 in
1361 5439 1522 5506 vobis,
1555 5448 1611 5494 ut
1640 5439 1690 5492 in
1717 5437 1866 5492 nullo

260 5527 541 5600 indigeafis
571 5532 626 5585 in
663 5532 772 5586 ulla
797 5532 970 5604 gratia
999 5532 1068 5595 (ll
1098 5529 1220 5588 Cor.
1250 5547 1300 5599 I,
1339 5529 1373 5585 4
1402 5533 1588 5602 seqq).
1627 5529 1867 5585 Fortitu-

264 5620 335 5675 do
360 5632 544 5678 autem
565 5625 807 5694 gentium
839 5623 1153 5692 triumphus
1191 5639 1272 5682 est
1307 5625 1602 5698 Martyrum
1637 5643 1652 5680 :
1685 5636 1734 5678 et
1768 5640 1868 5680 nos

265 5711 544 5799 ineorum
595 5716 770 5787 gloria
815 5717 1036 5788 superbi
1086 5733 1300 5788 sumus,
1345 5733 1451 5774 non
1499 5732 1564 5774 ea
1608 5717 1867 5789 superbia

1971 4793 2178 4854 gnoscet
2205 4781 2344 4844 illos,
2377 4785 2498 4850 quia
2523 4784 2608 4838 isti
2633 4793 2752 4835 sunt
2780 4797 2951 4835 semen
2998 4781 3325 4836 benedictum
3365 4801 3396 4836 a
3434 4781 3560 4836 Deo.

1975 4881 2116 4934 Deus
2144 4879 2234 4948 qui
2265 4879 2439 4947 diligit
2469 4878 2734 4950 justitiam
2767 4887 2928 4948 atque
2956 4877 3242 4945 judicium,
3277 4887 3331 4931 et
3376 4875 3565 4930 detes-

1973 4983 2114 5027 tatur
2157 4971 2468 5025 lltllﬂcatlSld
2500 4971 2734 5026 violenta
2766 4971 3049 5041 (quidquid
3080 4975 3226 5027 enim
3265 4971 3332 5023 de
3363 4968 3569 5035 rapinis

1971 5077 2078 5132 est,
2111 5065 2260 5135 quasi
2295 5065 2603 5120 mercedem
2644 5065 2811 5120 scorti
2852 5077 3090 5134 reputat,
3119 5076 3170 5118 et
3206 5063 3440 5132 pretium
3477 5077 3568 5114 cu-

1973 5157 2106 5230 nis,)
2138 5156 2245 5230 [ΑΙ.
2277 5157 2482 5230 ειιΙῚιί“]
2517 5163 2632 5228 ipse
2671 5174 2863 5214 eorum
2893 5158 2986 5227 qui
3028 5159 3272 5210 secundo
3303 5154 3568 5223 po~sedeo

1975 5255 2084 5308 rint
2110 5261 2331 5310 terram.
2359 5262 2414 5307 et
2441 5269 2578 5320 quos
2605 5251 2804 5319 duplici
2835 5251 3020 5306 lmtitia
3057 5259 3372 5311 coronant,
3418 5246 3566 5300 labo-

1976 5361 2088 5400 rem
2111 5346 2258 5399 dabit
2286 5343 2470 5415 justis,
2503 5348 2618 5400 sive
2638 5356 2692 5398 ut
2721 5349 2914 5400 mel-us
2939 5344 3164 5396 habetur
3194 5342 3244 5392 in
3275 5340 3563 5406 Hebraico,

1973 5438 2025 5492 in
2055 5438 2265 5494 reritate
2291 5454 2310 5492 :
2334 5449 2387 5492 ιιι
2421 5453 2759 5505 nequaquam
2790 5439 2934 5491 sicut
2963 5439 3013 5487 in
3037 5431 3179 5500 Lego
3209 5433 3398 5483 umbra
3427 5433 3570 5486 veri-

1975 5536 2101 5588 tatis
2124 5577 2139 5598 ,
2178 5533 2273 5588 sed
2309 5534 2422 5602 ipsa
2451 5531 2523 5586 sit
2553 5540 2775 5586 veritas.
2818 5531 2883 5584 Et
2918 5541 3130 5598 pactum
3177 5526 3332 5581 feriet
3362 5529 3566 5594 sempi-

1976 5635 2210 5692 ternum,
2242 5641 2350 5680 non
2382 5624 2540 5692 quale
2567 5624 2732 5690 Moysi
2782 5621 3027 5682 dederat,
3076 5616 3220 5686 quod
3270 5622 3568 5686 praeteriit;

1973 5717 2070 5774 sed
2110 5728 2325 5790 pactum
2374 5715 2682 5787 Evangelii,
2715 5715 2786 5771 de
2827 5727 2934 5785 quo
2988 5713 3224 5781 loquitur
3274 5708 3566 5770 Christus:

341 5926 366 5956 ι
405 5918 604 5994 Neque
619 5922 672 5978 in
703 5919 1067 5982 Ambrosiano
1099 5941 1202 5983 ms.
1235 5942 1416 5996 neque
1447 5926 1500 5982 in
1532 5925 1727 5979 Gmco
1757 5925 2051 5994 exemplari
2082 5925 2303 5981 additur
2328 5936 2633 5994 pronomen
2668 5924 2852 5978 nostri.
2885 5926 2894 5962 ί
