4084 6324
494 360 600 424 6b?!

1721 372 1779 428 S.
1824 360 2095 433 EUSEB"
2135 366 2519 433 HIERUNYMI

3697 375 3806 433 601

494 484 688 541 (Italum
717 488 765 541 et
795 496 929 541 terra
964 487 1348 557 pertransibunt
1380 531 1395 556 ,
1443 488 1595 545 verba
1623 490 1796 545 autem
1840 496 1954 546 mea
1985 500 2089 546 non
2121 480 2166 552 Α
2199 491 2318 546 loco
2347 511 2358 546 :
2395 492 2656 565 Quotquot
2683 510 2805 570 ergo
2834 494 3068 569 perfecti,
3099 494 3198 550 hoc
3231 496 3498 570 sapiamus
3533 492 3800 568 (Philipp.

496 580 830 649 proteribunt
888 579 1103 648 (Matth.
1149 588 1297 649 sim,
1336 582 1452 652 35).
1505 580 1574 639 Et
1620 592 1747 640 tunc
1795 584 2000 640 scietur
2042 584 2095 639 in

494 670 745 743 gentibus
777 686 962 731 semen
992 675 1392 749 Apostolicum,
1416 688 1471 735 et
1494 692 1685 735 omnes
1709 668 1906 737 futurae
1932 686 2099 752 gene-

497 767 739 823 rationes
765 772 1063 840 suscipiant
1091 785 1393 829 sementem
1425 772 1689 832 doctrinm
1720 772 1815 832 Dei
1853 795 1864 830 :
1894 791 2097 845 nequa-

501 874 662 932 quam
696 863 829 919 lllud
850 865 1123 937 dicentes,
1152 869 1206 924 in
1234 878 1344 939 quo
1368 872 1601 940 populus
1633 872 1785 938 prius
1812 872 2101 928 circumci-

499 955 670 1011 sionls
700 960 918 1014 errabat
945 960 1175 1017 dicens:
1230 962 1371 1030 Quid
1398 965 1532 1019 enim
1569 962 1737 1030 aliud,
1785 965 1885 1020 nisi
1929 976 2098 1021 semen

504 1052 689 1121 (Interit
722 1060 747 1089 ³
782 1050 919 1109 Deus
941 1054 968 1109 .’
991 1056 1184 1111 Omnis
1212 1056 1304 1127 qui
1335 1052 1533 1113 viderit
1568 1064 1684 1124 eos,
1721 1058 1892 1129 prima
1924 1052 2102 1114 fronte

504 1152 823 1213 cognoscet,
846 1147 971 1216 quia
1002 1160 1190 1204 semen
1224 1151 1293 1204 sit
1326 1149 1414 1204 cui
1448 1146 1789 1205 benedixerlt
1816 1146 2097 1206 Dominus.

503 1236 635 1304 Quis
668 1241 814 1294 enim
842 1254 907 1296 ex
939 1241 1133 1299 ordine
1163 1244 1308 1304 vita},
1342 1238 1782 1306 mansuetudine.
1813 1244 2101 1299 continen-

505 1330 604 1399 tia,
639 1332 1028 1404 hospitalitate,
1058 1340 1378 1410 cunctique
1407 1338 1693 1395 virtutibus
1737 1348 1844 1395 non
1891 1334 2105 1395 intelll-s

508 1432 595 1493 gat
630 1428 887 1495 pupulum
920 1429 1049 1484 ltci?
1083 1430 1149 1486 Et
1167 1433 1290 1502 quis
1321 1444 1474 1488 none
1494 1433 1770 1488 cantrarlo
1799 1428 2105 1488 detestetur

509 1525 767 1572 cruentas
790 1518 1011 1576 Israelis
1048 1530 1261 1588 manus,
1293 1525 1579 1579 adversum
1611 1530 1747 1595 qttus
1777 1524 2108 1595 imprecatus

517 1608 806 1680 Propheta,
867 1613 1100 1669 «licens:
1145 1612 1355 1687 Imple,
1412 1613 1650 1685 Domine,
1717 1616 1876 1688 facies
1928 1630 2107 1673 eoruut

514 1702 801 1775 ignominia
836 1706 953 1779 (Ps.
998 1722 1209 1771 Luxu.
1238 1708 1352 1780 17).

592 1794 776 1869 (νει-ε.
814 1799 902 1869 ltt,
950 1800 1063 1872 ll.)
1092 1801 1336 1858 Gaudens
1381 1803 1616 1877 gaudebo
1664 1804 1718 1859 in
1768 1800 2011 1871 Domino,
2061 1812 2108 1862 et

2197 601 2286 653 ιιι,
2314 582 2429 656 15).
2454 580 2730 657 Incipiens
2758 594 2939 644 autem
2965 598 3082 645 erat
3116 590 3534 659 comparatione
3566 589 3809 659 plenitu-

2197 678 2361 747 dinis,
2391 681 2610 750 quando
2638 698 2702 737 ex
2741 701 2783 748 ι».
2811 697 2972 738 rsona
3016 680 3395 754 incipientiutn
3428 682 3760 752 loquebatur
3791 698 3807 737 :
3855 703 3863 711 ι

2198 770 2328 828 Cum
2368 790 2527 830 essem
2557 775 2829 848 parvulus,
2876 778 3008 832 sicut
3050 776 3301 846 parvulus
3342 773 3623 846 loquebar,
3677 772 3811 827 sicut

2199 864 2443 939 parvulus
2476 860 2759 940 sapiebam,
2796 868 2927 924 sicut
2978 866 3228 937 parvulus
3267 866 3556 942 cogitabam
3604 866 3649 938 (l
3687 862 3810 921 Cor.

2204 943 2334 1023 stu.
2370 958 2483 1030 ll).
2535 962 2599 1015 Et
2642 961 2838 1018 iterum
2866 982 2878 1017 :
2911 960 2994 1019 Ea:
3021 971 3174 1036 parte
3208 964 3461 1027 videmus,
3491 970 3541 1016 et
3566 976 3631 1015 ea:
3652 958 3814 1031 738

2202 1065 2347 1125 parte
2375 1056 2749 1127 cognoscimus,
2802 1056 2962 1111 donec
3007 1057 3180 1111 veniat
3222 1055 3361 1127 quod
3407 1057 3696 1127 perfectum
3738 1061 3813 1107 est

2201 1130 2366 1220 (Ibid.
2388 1192 2403 1217 ,
2434 1147 2510 1219 9).
2540 1146 2608 1203 Et
2634 1148 2756 1204 ideo
2786 1164 3002 1214 sponsa:
3028 1149 3369 1205 assimilatur
3400 1146 3647 1211 ornatui,
3692 1159 3812 1216 qua!

2203 1253 2427 1298 ornatur
2472 1243 2676 1300 mundo
2707 1244 2978 1307 muliebri.
3014 1244 3135 1303 sive
3179 1254 3238 1300 ut
3285 1241 3474 1298 caueri
3513 1238 3811 1296 transtule-

2206 1345 2356 1403 runt,
2408 1338 2564 1404 vasis,
2597 1338 2684 1394 vel
2739 1337 3018 1394 monilibus
3067 1339 3202 1394 suis.
3255 1337 3523 1408 Ponitqne
3583 1332 3814 1390 alterius

2206 1432 2628 1501 comparationis
2654 1431 2929 1501 exempla,
2961 1447 3197 1504 quorum
3229 1432 3383 1501 prius
3414 1430 3483 1486 ad
3527 1442 3811 1501 sponsum,

2207 1538 2442 1595 sequens
2484 1522 2722 1581 refertur
2771 1525 2837 1580 ad
2885 1540 3167 1595 sponsam.
3203 1523 3355 1580 Sicut
3409 1536 3555 1578 terra
3610 1519 3819 1591 profert

2207 1632 2428 1689 germen
2456 1633 2637 1684 suum,
2660 1629 2716 1675 et
2736 1619 3047 1676 caelestibus
3069 1620 3270 1692 pluviis
3297 1618 3558 1689 irrigatur
3587 1633 3601 1669 :
3633 1628 3682 1671 et
3711 1614 3817 1670 sic-

2213 1720 2270 1766 ut
2293 1712 2483 1768 hortus
2509 1728 2696 1771 semen
2727 1718 2883 1769 suum
2921 1715 3218 1784 germinat,
3263 1712 3355 1783 qui
3393 1710 3630 1765 fontium
3659 1718 3819 1777 atque

2215 1803 2496 1862 ﬂuviorum
2538 1822 2707 1878 aquas
2745 1806 3021 1863 desiderat
3067 1826 3080 1862 :
3124 1807 3204 1863 sic
3248 1848 3264 1875 ,
3309 1802 3510 1875 inquit,
3557 1800 3821 1858 Dominus

513 1891 793 1947 exsultavit
829 1892 1012 1963 [Vulg.
1043 1894 1348 1971 exsultabit]
1375 1900 1553 1954 anima
1580 1910 1692 1955 mea
1718 1901 1774 1954 in
1807 1894 1920 1955 Deo
1947 1916 2060 1956 meo
2091 1917 2110 1956 :
2148 1886 2188 1946 Β
2217 1901 2547 1971 germinabit
2568 1902 2834 1974 justitiam
2868 1912 3033 1972 atque
3071 1900 3321 1957 laetitiam
3375 1911 3565 1954 coram
3612 1895 3821 1952 cunctis

517 1985 639 2054 quia
666 1986 836 2041 induit
862 1986 1023 2061 737
1050 2006 1128 2045 me
1157 1992 1464 2048 vestimentis
1500 1994 1687 2050 salutis
1716 2006 1764 2050 et
1798 1995 2116 2053 indumentis

509 2076 733 2148 justitite
759 2079 1099 2135 circumdedit
1126 2098 1223 2152 me,
1254 2086 1403 2154 quasi
1424 2098 1673 2158 sponsum
1702 2086 2004 2143 decoratum
2031 2104 2119 2143 co-

520 2179 672 2233 rona,
706 2178 754 2223 et
784 2173 933 2241 quasi
965 2186 1208 2241 sponsam
1229 2182 1465 2231 ornatam
1490 2172 1768 2234 monilibus
1792 2180 1923 2235 suis.
1967 2171 2119 2235 Sicut

524 2260 660 2312 enim
686 2271 826 2315 terra
862 2269 1061 2335 profert
1086 2276 1293 2339 germen
1322 2281 1557 2332 suum,et
1578 2271 1714 2325 sicut
1738 2271 1923 2327 hortus
1948 2280 2121 2329 semen

522 2364 675 2408 suum
702 2358 956 2425 germinat
979 2374 998 2413 :
1019 2360 1094 2416 sic
1121 2361 1371 2419 Dominus
1392 2362 1533 2419 Deus
1548 2366 1850 2439 geminabit
1860 2367 2123 2440 justitiam

523 2455 573 2501 et
598 2443 804 2502 laud'em
823 2466 1001 2505 coram
1014 2455 1269 2510 universis
1295 2457 1552 2529 gentibus.
1587 2454 1732 2513 LXX
1758 2474 1769 2512 :
1791 2456 2004 2514 Gaudio
2029 2456 2121 2514 lte-

526 2540 773 2598 tubuntttr
798 2545 853 2599 in
888 2545 1132 2613 Domino,
1168 2550 1390 2605 exsultet
1420 2552 1597 2607 animo
1641 2564 1755 2606 mea
1785 2553 1839 2606 in
1876 2550 2121 2609 Domino.

527 2630 712 2688 Induit
742 2637 880 2691 enim
912 2650 992 2692 me
1017 2643 1321 2697 vestimento
1341 2644 1551 2709 salutis,
1584 2650 1631 2699 et
1668 2647 1896 2701 tunicam
1929 2644 2127 2701 laetitia:

520 2727 864 2784 circumdedit
892 2732 1036 2787 mitti.
1061 2734 1210 2789 Sicut
1236 2750 1485 2795 sponsum
1506 2739 1683 2798 mitra.
1717 2747 1767 2791 et
1796 2734 1932 2793 sicut
1967 2748 2127 2805 spon-

526 2832 638 2871 sunt
664 2821 865 2874 ornauit
890 2822 1083 2877 mundo
1106 2826 1362 2885 muliebri.
1388 2834 1437 2882 et
1468 2829 1598 2882 sicut
1618 2834 1811 2884 terram
1830 2826 2125 2898 eﬂerentem

529 2910 714 2979 ﬂorem
740 2926 910 2983 suum,
937 2925 987 2970 et
1039 2919 1171 2972 sicut
1223 2920 1400 2974 hortus
1429 2925 1626 2976 semina
1682 2930 1780 2977 sua
1823 2925 2080 2995 germinat
2107 2939 2126 2977 :

529 3009 606 3062 sic
640 3009 889 3065 Dominus
918 3009 1059 3066 Deus
1084 3016 1280 3086 profert
1308 3016 1574 3089 justitiam
1599 3022 1645 3071 et
1677 3016 1883 3072 laudem
1912 3018 1967 3073 in
2004 3028 2128 3071 con-

530 3110 711 3171 spectu
748 3107 974 3159 omnium
1013 3108 1261 3176 gentium.
1315 3110 1651 3181 Principium
1699 3112 1925 3185 capituli
1971 3112 2128 3183 juxta

537 3192 701 3261 LXX,
734 3196 824 3266 qui
851 3197 1107 3253 dixerunt
1137 3217 1151 3253 :
1194 3199 1402 3256 Gaudio
1444 3204 1753 3258 tutabantur
1790 3205 1843 3259 in
1875 3200 2125 3271 Domino,

2218 1994 2471 2066 gentibus
2505 2013 2519 2049 :
2558 2009 2901 2067 nequaquam
2932 2009 3118 2050 coram
3158 1993 3342 2058 Israel,
3380 2003 3437 2047 ut
3466 1989 3821 2061 supercilium

2220 2087 2460 2143 decutiat
2496 2086 2807 2143 Judaeorum
2839 2103 2855 2153 ;
2887 2085 2984 2143 sed
3027 2086 3242 2143 cunctis
3291 2084 3566 2157 gentibus,
3594 2096 3719 2154 quae
3771 2081 3822 2137 in

2224 2180 2466 2236 Ecclesia
2507 2187 2934 2252 congregantur.

2293 2266 2449 2345 (Cap.
2484 2264 2645 2329 LXII.
2675 2303 2745 2316 —-
2789 2273 2944 2328 Vers.
2988 2268 3225 2344 lseqq.)
3282 2264 3507 2342 Propter
3555 2267 3689 2323 Sion
3724 2282 3824 2321 non

2225 2368 2420 2433 tacebo,
2464 2375 2510 2422 et
2551 2378 2762 2438 prapter
2816 2360 3111 2422 Jerusalem
3151 2380 3252 2418 non
3292 2358 3557 2435 quiescant
3598 2404 3614 2431 ,
3660 2359 3823 2415 donec

2225 2459 2513 2531 egrediatur
2554 2470 2609 2515 ut
2646 2452 2895 2532 splendor
2930 2460 3108 2533 justus
3140 2461 3277 2532 ejus,
3304 2467 3353 2511 et
3378 2456 3609 2510 salvator
3636 2455 3750 2525 ejus
3772 2460 3823 2506 ut

2225 2551 2424 2623 lampas
2455 2550 2792 2607 accendatur.
2817 2549 3140 2605 lftuidebunt
3172 2558 3349 2625 gentes
3364 2551 3576 2622 justum
3593 2556 3756 2603 tuum.
3778 2552 3825 2600 et

2227 2646 2400 2700 cuncti
2428 2663 2574 2717 reges
2620 2646 2873 2716 inclytum
2903 2655 3072 2710 tuum,
3120 2651 3171 2698 et
3216 2644 3486 2697 vocabitur
3519 2636 3617 2693 tibi
3645 2654 3824 2692 nomen

2228 2755 2436 2802 novum,
2451 2736 2590 2810 quod
2611 2755 2667 2792 os
2685 2732 2895 2791 Domini
2909 2734 2938 2775 δ
2961 2730 3267 2791 nominavit.
3286 2730 3353 2789 Et
3367 2732 3468 2788 eris
3484 2728 3671 2805 [Vulg
3690 2724 3821 2804 Erit]

2227 2848 2420 2888 corona
2445 2830 2626 2902 gloria
2654 2832 2707 2886 in
2749 2847 2907 2886 manu
2940 2826 3174 2894 Domini,
3214 2839 3263 2883 et
3301 2828 3555 2882 diadema
3594 2824 3743 2899 regni
3770 2824 3823 2879 in

2231 2944 2385 2980 manu
2435 2923 2535 2980 Dei
2556 2924 2652 2980 tui.
2695 2918 2881 2981 LXX:
2932 2916 3155 2997 Propter
3201 2921 3331 2978 Sion
3373 2938 3476 2975 non
3526 2918 3739 2984 tacebo,
3780 2924 3827 2975 et

2228 3027 2437 3089 propter
2461 3014 2754 3072 Jerusalem
2806 3032 2911 3069 non
2937 3016 3230 3086 relinquam
3272 3029 3292 3068 :
3321 3012 3487 3067 donec
3528 3008 3825 3083 egrediatur
3934 3082 3943 3089 η

2230 3112 2361 3167 sicut
2392 3110 2562 3167 lumen
2592 3111 2801 3180 justitia
2839 3111 2973 3182 ejus,
3010 3118 3058 3163 et
3093 3110 3321 3164 salutare
3364 3106 3513 3161 illius
3540 3106 3674 3159 sicut
3703 3103 3826 3158 lam-

2231 3223 2325 3277 pas
2347 3207 2547 3261 ardeat.
2570 3204 2633 3259 Et
2646 3204 2888 3258 videbunt
2915 3210 3088 3275 gentes
3110 3202 3555 3276 justitiumtuam,
3584 3206 3633 3252 et
3658 3210 3826 3253 omnes

535 3285 628 3342 ﬁni
680 3293 983 3360 superioris
1030 3295 1256 3364 capituli
1304 3294 1612 3367 copulatur.
1664 3297 1827 3354 Juxta
1872 3298 2130 3354 ΗΘΜ-ωας
2157 3271 2202 3334 C
2233 3271 2378 3370 reges
2407 3296 2626 3370 gloriam
2644 3306 2808 3363 tuam,
2854 3271 3132 3351 etvcocabivt
3161 3304 3208 3348 te
3235 3309 3420 3348 nomen
3448 3306 3664 3355 novum,
3692 3285 3826 3361 quod

537 3397 671 3437 vero
698 3385 924 3441 alterius
947 3386 1148 3457 capitis
1165 3389 1451 3445 exordium
1482 3399 1591 3454 est,
1619 3392 1672 3446 in
1700 3404 1808 3463 quo
1832 3390 2131 3447 introducl-

536 3484 629 3531 tur
690 3477 931 3534 Ecclesia
975 3522 990 3545 ,
1029 3479 1233 3538 Christi
1308 3482 1646 3554 respondere
1720 3483 2073 3539 sermunibus
2115 3502 2127 3538 :

539 3568 784 3626 Gaudeas
805 3573 1040 3645 gaudebo
1065 3577 1120 3630 in
1149 3575 1389 3643 Domino,
1415 3587 1462 3632 et
1492 3575 1776 3631 exsultabit
1807 3578 1981 3632 anima
2020 3582 2132 3631 meo
2178 3646 2185 3657 ι

534 3662 592 3716 in
621 3661 733 3719 Deo
771 3682 904 3721 meo.
947 3668 1292 3740 Nequaquam
1335 3671 1388 3726 in
1432 3671 1687 3740 patribus
1717 3713 1730 3734 ,
1777 3671 1919 3726 sicut
1957 3668 2133 3726 Judaei

535 3756 934 3827 gloriabantur,
975 3762 1226 3819 dicentes
1258 3782 1269 3818 :
1305 3765 1494 3821 Semen
1532 3756 1795 3819 Abraham
1827 3778 2036 3829 sumus,
2085 3773 2133 3818 et

540 3850 734 3905 nemini
774 3867 1017 3924 umquam
1056 3857 1357 3913 seruiuimus
1383 3856 1566 3930 (toan.
1598 3864 1714 3922 Vlll,
1762 3853 1901 3929 53);
1949 3855 2046 3911 sed
2080 3857 2134 3911 in

541 3942 674 4008 Deo,
714 3945 992 4012 Scriptura
1020 3948 1274 4005 dicente:
1324 3949 1679 4005 Multitudinis
1717 3959 1889 4005 autem
1919 3948 2132 4005 creden-

541 4037 671 4091 tium
692 4049 803 4093 ernt
828 4050 915 4092 cor
938 4054 1098 4095 unum
1120 4054 1168 4096 et
1190 4045 1367 4098 anima
1383 4054 1489 4098 una
1511 4043 1653 4116 (Act.
1673 4048 1747 4105 ιν.
1771 4040 1886 4115 32).
1912 4043 2138 4099 Reddit-

542 4134 649 4199 que
684 4146 877 4188 causas
900 4133 1103 4189 Imtitla:
1137 4152 1151 4188 :
1183 4137 1320 4201 Quia
1354 4138 1523 4191 induit
1548 4150 1630 4191 me
1656 4124 1953 4193 vestimento
1989 4138 2136 4193 saltt-

542 4224 629 4289 tis,
656 4230 705 4278 et
734 4224 1032 4281 indumento
1054 4269 1068 4291 ,
1104 4230 1222 4283 sive
1259 4231 1437 4285 tunica
1463 4231 1689 4303 justitia:
1715 4234 1867 4301 atque
1906 4231 2134 4297 ltetitiae,

546 4330 671 4385 quae
714 4315 978 4374 llebralce
1020 4318 1220 4375 dicitur
1272 4334 1402 4377 usu.
1458 4305 1668 4394 ὠθεῖτε),
1726 4326 1927 4377 ornauit
1985 4334 2141 4395 atque

545 4406 901 4463 circumdedit.
933 4412 1207 4482 Quotquot
1235 4415 1385 4469 enim
1417 4414 1471 4468 iu
1501 4412 1723 4470 Christo
1752 4414 2013 4482 baptizatl
2042 4424 2138 4470 su-

549 4516 693 4565 mus.
731 4503 1013 4560 induimur
1042 4506 1283 4568 Christo,
1313 4518 1369 4564 et
1397 4509 1662 4562 habemus
1694 4509 1934 4563 tunicam
1979 4508 2141 4577 justl-

547 4593 670 4649 tie:
699 4595 793 4664 qui
834 4598 1007 4652 lactus
1051 4610 1134 4656 est
1183 4600 1343 4656 nobis
1372 4600 1654 4664 sanctitas,
1686 4600 1925 4669 inmitia,
1970 4606 2029 4655 et
2056 4606 2141 4657 re-

548 4658 791 4761 demptin
818 4691 1020 4765 (Galat.
1051 4695 1113 4765 l).
1156 4694 1422 4765 Ponllque
1457 4658 1874 4749 naumachiam
1905 4658 2139 4750 summa
2170 4658 2221 4720 θ

2231 3411 2289 3447 os
2320 3384 2529 3447 Domini
2557 3391 2862 3445 nominabit.
2899 3387 2966 3443 Et
3002 3388 3105 3443 eris
3144 3404 3340 3442 corona
3370 3384 3576 3440 decoris
3598 3384 3652 3437 in
3678 3388 3829 3435 manu

2236 3478 2466 3552 Domini,
2507 3492 2554 3539 et
2592 3478 2836 3537 diadema
2875 3482 3022 3553 regni
3069 3480 3121 3536 in
3159 3496 3319 3534 manu
3347 3476 3443 3532 Dei
3479 3476 3576 3533 tui.
3614 3470 3829 3530 Dixerat

2238 3574 2499 3632 Dominus
2542 3585 2711 3646 atque
2732 3573 3008 3637 Salvator,
3036 3572 3268 3645 Spiritus
3301 3568 3516 3642 Domini
3543 3580 3702 3639 super
3729 3580 3826 3631 me,

2236 3676 2447 3738 propter
2473 3664 2615 3741 quod
2651 3669 2801 3724 unxit
2841 3682 2922 3723 me
2971 3664 3122 3742 (Luc.
3158 3674 3233 3736 tr,
3262 3660 3375 3736 l8),
3410 3678 3585 3732 usque
3613 3661 3680 3717 ad
3706 3666 3825 3717 eum

2234 3758 2411 3817 locutu
2462 3760 2553 3816 ubi
2606 3761 2868 3830 scriptum
2896 3764 2982 3816 est
3032 3776 3044 3813 :
3095 3758 3287 3815 Omnes
3321 3754 3410 3830 qui
3448 3756 3675 3811 viderint
3712 3760 3824 3823 eos,

2236 3860 2562 3926 cognoscent,
2589 3855 2710 3927 quia
2735 3854 2823 3909 isti
2851 3866 2968 3909 sunt
2991 3868 3162 3910 semen
3190 3852 3276 3907 cui
3299 3850 3561 3906 benedixit
3585 3844 3829 3904 Dominus

2236 3948 2394 4017 (lsai.
2421 3964 2513 4004 ut
2544 3994 2558 4018 ,
2591 3948 2666 4020 1).
2708 3947 2841 4005 Post
2871 3954 3031 4019 uuam
3063 3942 3576 4017 repromissluuetn,
3610 3948 3830 4010 ἰ-εεροηι

2237 4040 2316 4099 dlt
2345 4040 2589 4099 Ecclesia
2624 4061 2640 4100 :
2672 4039 2921 4097 Gaudeas
2962 4036 3196 4111 gaudebo
3227 4037 3281 4091 in
3327 4035 3575 4099 Domitio,
3627 4044 3747 4104 quae
3778 4031 3830 4088 in

2239 4137 2404 4192 tertio
2440 4135 2704 4207 graduum
2771 4134 3007 4204 psalmo,
3052 4134 3119 4187 ek
3158 4134 3396 4201 persona
3436 4126 3624 4199 populi
3664 4125 3831 4198 patui-

2240 4229 2427 4297 lentis,
2454 4224 2572 4282 luela
2603 4226 2845 4282 cantavit
2876 4242 2890 4278 :
2938 4218 3169 4278 Lanatus
3195 4230 3310 4277 sum
3349 4221 3407 4275 in
3437 4218 3522 4274 Itis
3560 4226 3678 4291 quat
3698 4216 3831 4273 dtus

2240 4324 2358 4376 sunt
2395 4318 2550 4387 mihi,
2591 4321 2647 4373 in
2683 4318 2896 4373 domum
2925 4314 3140 4370 Domini
3180 4314 3369 4369 inlutus
3407 4310 3528 4384 (Ps.
3562 4316 3711 4375 cui,
3746 4311 3826 4381 l):

2241 4426 2386 4469 nunc
2413 4414 2687 4483 prophetat
2714 4410 3075 4467 introducitur
3093 4418 3324 4477 persons
3351 4404 3587 4460 dicentis
3614 4420 3627 4460 :
3660 4401 3828 4472 Prop-

2240 4516 2318 4563 ur
2347 4506 2478 4564 Sion
2529 4514 2633 4560 nan
2655 4507 2829 4560 tacebo
2849 4544 2865 4569 ,
2899 4513 2945 4558 et
2974 4506 3186 4575 propter
3214 4497 3509 4555 Jerusalem
3540 4510 3644 4551 non
3669 4498 3831 4570 quiete

2243 4616 2377 4656 cum.
2424 4598 2643 4667 Diebus,
2673 4597 2874 4669 inquit,
2926 4608 2990 4650 ac
3022 4593 3274 4650 noctibus
3294 4596 3387 4647 urb
3419 4594 3526 4645 hon
3558 4590 3828 4657 claudam,

2246 4706 2348 4750 nec
2370 4704 2488 4749 mea
2534 4704 2793 4764 umquam
2833 4688 3082 4746 reticebit
3125 4687 3333 4752 oratio;
3365 4674 3463 4740 sed
3494 4684 3700 4739 tamdiu
3729 4683 3833 4739 clm

546 4786 599 4839 in
634 4784 878 4842 Ecclesia
911 4788 1211 4858 agminum,
1264 4787 1629 4858 perfecturum
1675 4796 1840 4860 atque
1878 4788 2144 4861 incipien-
2246 4789 2425 4855 mabo,
2455 4789 2512 4844 et
2535 4784 2785 4859 precibus
2809 4786 3032 4857 jungam
3071 4790 3289 4854 preces,
3323 4770 3500 4837 donec
3532 4779 3717 4835 Veniat
3748 4767 3841 4849 qui

546 4877 682 4932 tium
714 4878 758 4947 (Ι
778 4878 900 4934 Cor.
930 4882 997 4949 ι).
1033 4875 1317 4937 Perfectus
1347 4882 1532 4950 sponsi
1577 4888 1861 4951 comparat
1900 4884 2141 4954 pulchri-

542 4969 753 5036 tudini;
803 4972 1127 5042 incipientes
1154 4984 1377 5046 sponsas
1417 4974 1685 5029 assimllat
1726 4966 1970 5031 ornatui.
2008 4976 2140 5034 Pert-

541 5062 716 5120 fectus
744 5072 861 5121 erat
894 5066 1120 5133 Paulus,
1162 5070 1254 5138 qui
1283 5068 1441 5139 quasi
1469 5070 1702 5139 sponsus
1726 5068 2017 5126 detaut-atus
2046 5082 2141 5128 eos

546 5171 679 5212 roua
710 5167 873 5228 atque
899 5161 1271 5225 coronandus,
1306 5163 1441 5223 sive.
1484 5170 1543 5216 ut
1587 5161 1780 5234 Aquila
1813 5164 2132 5234 transtullt,

543 5251 895 5328 ἓιρατευμένος
944 5255 1218 5327 στεφάνῳ,
1258 5254 1402 5322 quod
1453 5254 1509 5309 in
1546 5255 1726 5325 llugttl
1774 5262 1959 5312 noStra
2004 5252 2140 5312 dicit

540 5351 648 5408 tur,
681 5343 936 5400 sacerdoti
965 5356 1179 5414 portans
1208 5358 1476 5414 coronam,
1510 5348 1788 5416 loquentis
1818 5350 1873 5403 iu
1899 5350 1960 5405 se
1980 5350 2139 5406 Chri-

540 5436 614 5490 sti
663 5440 990 5494 auctoritate
1038 5438 1312 5496 dicebttt:
1363 5441 1635 5498 Certamen
1684 5443 1871 5496 bonum
1908 5444 2135 5508 certant,

542 5546 749 5586 cursum
776 5536 1131 5589 consummaui
1151 5578 1164 5602 ,
1198 5534 1355 5607 fidem
1393 5536 1592 5592 servavi
1616 5550 1637 5590 ς
1663 5535 1729 5590 de
1757 5540 1940 5592 cetera
1984 5548 2137 5608 repo-

538 5625 637 5680 sita
660 5636 734 5681 est
766 5629 891 5681 mihi
916 5642 1109 5684 corona
1136 5620 1714 5706 justitiw(ll1‘im.tr,
1744 5630 1822 5703 1).
1852 5630 1921 5687 Et
1944 5631 1999 5686 in
2026 5632 2136 5688 alio

531 5765 539 5797 ί
604 5770 629 5799 ⁸
673 5764 825 5887 lugu
840 5762 1194 5875 ﬁmbrosian.
1215 5810 1230 5835 ,
1264 5766 1471 5835 dicens,
1511 5750 1652 5832 Quid
1676 5764 1815 5820 enim
1851 5754 1999 5819 aliud
2025 5765 2127 5819 nisi

533 5848 701 5887 88711811
782 5852 849 5887 ει.

533 5848 701 5890 semen
730 5848 824 5888 Uet
838 5848 849 5890 Ξ

545 5914 552 5932 ἰ
598 5903 625 5990 ξ
660 5905 889 5991 Videtur
916 5921 985 5966 ex
1029 5920 1185 5969 sacro
1214 5917 1363 5969 testu
1402 5909 1785 5987 reponde
1813 5909 2123 5999 "Nilum:

2244 4882 2544 4954 promissus
2581 4890 2664 4937 est
2699 4924 2714 4947 ,
2761 4886 2816 4936 et
2852 4877 3151 4949 splettdore
3188 4884 3291 4933 suo
3352 4880 3610 4931 cunctqu
3648 4874 3829 4931 orbem

2240 4975 2531 5031 illuminet.
2579 4975 2712 5043 Quis
2739 4972 2812 5029 sit
2854 4972 2962 5027 iste
2992 4980 3153 5043 quem
3197 4970 3413 5041 quaerit,
3448 4982 3612 5041 quem
3655 4968 3834 5025 venirt

2240 5071 2553 5137 desiderat,
2602 5066 2755 5141 punit
2800 5062 3185 5123 manifestius:
3224 5064 3395 5119 Donec
3441 5064 3743 5133 egrediatur
3782 5064 3833 5116 ut

2242 5165 2489 5236 splendor
2541 5168 2722 5238 justus
2761 5164 2915 5236 ejus,
2979 5166 3025 5215 et
3062 5160 3291 5215 saltator
3366 5160 3477 5230 ejus
3542 5166 3597 5212 ut
3644 5158 3834 5231 lantpas

2239 5258 2574 5313 accendatur.
2593 5254 2760 5330 739
2778 5254 2907 5312 Sive
2930 5256 3081 5325 juxta
3114 5250 3259 5308 LXX
3283 5269 3297 5307 :
3330 5251 3511 5306 Donec
3530 5256 3679 5306 exeat
3707 5252 3835 5306 sicut

2240 5353 2335 5409 tua:
2352 5353 2558 5428 justitia
2593 5353 2727 5422 ejus,
2778 5358 2823 5406 et
2850 5349 3079 5405 salutare
3103 5346 3251 5403 illius
3282 5349 3415 5402 sicut
3460 5346 3667 5414 lantpas
3701 5348 3725 5385 δ
3751 5348 3830 5428 αντ

2241 5426 2375 5502 dettl.
2406 5446 2537 5516 Qum
2566 5445 2781 5501 dicebat
2808 5444 2862 5499 lu
2898 5440 3229 5513 Evangelia:
3262 5438 3370 5515 ligo
3396 5454 3513 5495 sum
3540 5438 3636 5494 tax
3662 5426 3834 5493 mttntli

2238 5538 2421 5613 (toan.
2454 5544 2568 5609 sui,
2602 5537 2691 5612 li)
2733 5548 2749 5593 ε
2789 5538 2913 5609 quae
2935 5536 3061 5590 eum
3099 5535 3153 5587 in
3186 5532 3317 5588 Sion
3356 5528 3412 5588 et
3451 5532 3505 5586 in
3533 5526 3831 5587 Jerusalem

2238 5634 2400 5689 fuerit
2421 5638 2675 5699 accensa,
2702 5632 3047 5702 nequaquam
3077 5626 3131 5681 lu
3150 5625 3268 5681 suta
3290 5622 3599 5697 spleitdehlt
3632 5620 3832 5688 ludas,

2233 5766 2377 5836 quod
2410 5762 2617 5822 Victor.
2642 5763 2893 5836 praefert.

2311 5847 2334 5877 ο
2368 5832 2742 5901 Ambrosiam,
2786 5837 2986 5906 lampas
3011 5834 3327 5890 accendatur
3356 5842 3403 5889 et
3423 5832 3629 5889 ardeat.
