4084 6324
256 293 361 350 611

755 287 1404 352 COMMENTARIORUM
1442 289 1510 349 IN
1547 287 1785 350 ISAIAM
1823 283 2249 350 PROPHETAM
2286 290 2416 352 LIB.
2454 288 2624 354 XVII.
2661 290 2819 354 CAP.
2860 291 3048 354 LXIII.

3469 297 3576 356 618

257 415 544 477 conspectu
592 410 736 484 ejus,
780 420 834 465 ut
871 412 1060 481 faceret
1095 410 1196 465 sibi
1244 426 1428 465 nomen
1471 410 1863 482 sempiternum.
1895 412 1947 474 Α
1976 408 2347 466 habitaculum
2395 423 2666 472 sanctum.
2702 426 2754 470 et
2787 413 2983 471 dotnus
3015 411 3207 486 gloria:
3237 411 3358 485 ejus
3390 412 3578 483 (Psal.

256 501 497 557 Adduxit
526 519 617 557 eos
647 520 737 573 per
762 503 1005 574 abyssum
1033 505 1168 558 sicut
1186 519 1370 574 equum
1393 519 1482 572 per
1508 505 1863 573 solitudinem,

257 603 304 648 et
342 610 448 648 non
494 593 888 650 laboraverunt.
929 597 993 650 Et
1038 597 1174 650 sicut
1211 599 1453 669 jumenta
1505 613 1593 666 per
1629 612 1868 665 campum

257 689 530 745 descendit
583 690 813 761 Spiritus
838 709 870 745 a
898 689 1154 756 Domino,
1198 699 1247 745 et
1294 691 1401 745 duo:
1426 707 1602 746 eorum
1623 691 1719 762 fuit
1743 707 1763 747 :
1793 692 1868 745 sic

257 783 531 838 adduxisti
563 785 812 853 populum
838 794 1006 850 tuum,
1042 795 1094 836 ut
1125 785 1324 855 faceres
1347 781 1436 838 tibi
1457 799 1639 840 nomen
1660 781 1862 854 glorior.

258 877 530 933 Dominus
576 879 666 948 qui
708 878 778 935 de
825 887 1141 948 protectore
1169 880 1345 934 iactus
1385 891 1467 935 εει
1516 879 1867 936 adversarius

255 972 441 1045 populi
469 970 818 1035 .ludaeorum,
846 971 941 1042 qui
967 971 1035 1027 ad
1067 971 1402 1028 iracundiam
1428 983 1868 1039 provocaverunt

253 1066 527 1137 Spiritum
570 1077 822 1122 sanctum
856 1071 1000 1134 eius.
1031 1076 1087 1123 et
1116 1066 1418 1123 debellavit
1447 1081 1544 1122 eos
1574 1086 1588 1123 :
1626 1069 1741 1138 ipse
1783 1084 1870 1125 t'e—

256 1160 524 1217 enrdatus
553 1167 640 1216 est
665 1161 1015 1230 antiquorum
1068 1160 1322 1226 dierum,
1370 1159 1594 1232 quando
1643 1175 1743 1230 pro
1786 1162 1866 1217 eis

256 1254 476 1321 Moyses
504 1255 561 1308 in
589 1269 782 1311 eremo
804 1257 1134 1322 deprecatus
1174 1265 1252 1308 εει
1284 1295 1299 1319 ,
1337 1253 1534 1309 dicens
1565 1273 1579 1308 :
1632 1255 1735 1308 Aut
1782 1253 1867 1308 di-

255 1346 396 1402 mitte
421 1345 503 1400 eis
521 1346 656 1400 lianc
679 1362 868 1400 noxam
891 1361 911 1400 :
931 1354 1023 1399 aut
1043 1346 1088 1400 si
1110 1362 1210 1400 non
1235 1346 1390 1416 facis,
1415 1344 1530 1402 dele
1550 1363 1630 1400 me
1649 1348 1714 1402 de
1735 1345 1865 1401 libro

253 1455 401 1508 quem
425 1439 686 1504 scripsisti
717 1439 915 1505 (Exod.
947 1455 1118 1504 xxxtt,
1151 1439 1244 1504 51,
1275 1438 1390 1505 52).
1444 1437 1660 1494 Veteris
1701 1439 1864 1509 igitur

253 1531 422 1588 Isaias
451 1531 783 1586 recordatus
807 1529 1077 1594 historiae,
1103 1531 1268 1586 dicit:
1295 1530 1398 1588 Ubi
1426 1541 1514 1588 est
1533 1532 1631 1588 ille
1652 1531 1864 1604 Moyses

252 1627 342 1697 qui
393 1623 592 1681 eduxit
641 1640 740 1682 eos
793 1625 861 1679 de
918 1625 1110 1680 ltubro
1160 1625 1338 1680 mari?
1387 1624 1478 1680 ubi
1535 1633 1620 1681 est
1677 1634 1864 1695 pastor

251 1717 477 1774 ovium?
512 1717 614 1775 Ubi
649 1719 740 1773 ille
777 1718 866 1786 qui
898 1733 1020 1772 eum
1061 1725 1284 1774 caeteris
1323 1719 1638 1788 pastoribus
1678 1720 1864 1790 gregis

1978 510 2159 571 xuii),
2190 504 2342 572 juxta
2381 504 2513 560 illud
2546 523 2559 558 :
2601 503 2804 561 Cretum
2847 507 2975 561 nn'lti
3023 506 3238 562 tltronns
3269 515 3395 562 est:
3437 517 3578 562 terra

1970 605 2143 650 autem
2171 595 2451 650 scabellum
2479 596 2669 668 pedum
2693 615 2924 653 meorum
2949 599 3107 670 (lsat'.
3132 615 3280 664 LXVI,
3314 598 3402 671 t);
3431 610 3486 654 et
3519 601 3575 655 in

1969 686 2078 744 alio
2110 689 2234 744 Ioco
2265 705 2278 743 :
2317 689 2420 757 Qui
2444 690 2641 745 habitat
2671 692 2724 744 in
2755 691 2922 756 uelis,
2953 693 3188 747 irridebit
3215 708 3303 746 eos
3323 709 3342 757 ,'
3363 703 3458 747 et:
3494 691 3578 747 Ad

1969 789 2018 836 te
2054 779 2218 835 levavi
2275 785 2452 837 oculos
2502 799 2662 849 meos,
2709 785 2799 856 qui
2843 783 3049 840 habitas
3100 787 3155 839 in
3210 782 3339 840 caelo
3395 783 3575 852 (Psal.

1969 888 2107 931 cm.
2135 874 2212 946 1).
2239 873 2357 930 Non
2385 890 2494 945 quo
2523 878 2874 946 omnipotens
2899 877 3062 944 Deus,
3083 879 3174 948 qui
3200 888 3348 933 tenet
3373 878 3575 933 ctutum

1969 967 2150 1036 palma
2183 976 2238 1022 et
2272 976 2472 1022 terram
2507 967 2741 1038 pugillo,
2775 969 2889 1023 ullo
2918 969 3210 1024 claudatur
3260 972 3425 1037 loco;
3478 967 3578 1026 sed

1967 1074 2075 1130 quo
2107 1074 2228 1130 qua:
2257 1062 2530 1115 sanctiora
2560 1070 2709 1126 sunt,
2741 1060 2890 1116 illius
2923 1061 3074 1117 locus
3109 1071 3166 1118 et
3197 1063 3572 1120 habitaculum

1968 1166 2093 1208 esse
2122 1152 2403 1209 dicantur.
2439 1153 2683 1222 Denique
2711 1154 2967 1209 Salomon
3000 1159 3092 1225 qui
3126 1156 3421 1212 sedilicat'it
3458 1157 3576 1211 do-

1969 1261 2116 1300 mum
2148 1245 2270 1314 Dei,
2303 1249 2370 1301 ad
2405 1263 2530 1303 eum
2559 1261 2790 1318 precans
2835 1248 3076 1318 liquitur
3108 1268 3120 1302 :
3157 1248 3285 1304 Cteli
3325 1251 3575 1305 caelorum
3671 1307 3676 1310 _

1968 1349 2016 1395 et
2039 1349 2180 1394 terra
2202 1357 2306 1394 non
2335 1343 2608 1413 sufficiunt
2635 1342 2728 1397 tibi
2754 1341 2946 1415 (Eccli.
2975 1359 3092 1410 xu,
3127 1345 3237 1415 I8).
3272 1345 3338 1400 Et
3361 1347 3412 1400 in
3437 1347 3577 1401 Ora-

1968 1433 2116 1488 ti0tte
2149 1434 2426 1489 Doutinica
2468 1436 2713 1489 dicitur:
2755 1434 2875 1489 Fiat
2921 1436 3160 1491 voluntas
3201 1448 3292 1490 tua
3335 1439 3470 1492 sicut
3517 1438 3576 1496 in

1966 1527 2116 1595 ctelo,
2145 1528 2220 1580 ita
2239 1536 2286 1581 et
2308 1528 2364 1581 in
2396 1536 2536 1584 terra
2566 1527 2781 1596 (Matth.
2817 1544 2891 1597 vt,
2929 1529 3018 1599 10)
3082 1529 3420 1602 Ubicumque
3445 1546 3576 1604 ergo

1967 1619 2028 1674 ﬁt
2061 1621 2318 1675 voluntas
2348 1620 2487 1686 Dei,
2526 1623 2655 1676 illud
2685 1631 2770 1677 est
2801 1622 3174 1679 habitacolutu
3208 1625 3352 1694 ejus,
3380 1637 3436 1679 et
3467 1628 3570 1680 do-

1967 1727 2089 1766 mus
2122 1713 2238 1768 Dei.
2270 1712 2424 1782 Quod
2455 1723 2638 1768 autem
2668 1716 2937 1786 sequitur,
2970 1715 3072 1772 Ubi
3099 1729 3172 1771 est
3200 1717 3348 1772 zelus
3378 1729 3498 1775 tuus
3523 1729 3575 1775 et

254 1811 475 1867 Domini
503 1810 934 1878 laboravittQui
965 1812 1299 1883 impetravit,
1323 1821 1379 1868 et
1398 1814 1575 1882 posuit
1597 1813 1863 1882 Spiritum
1895 1822 1942 1883 Β
1970 1805 2226 1876 fortitudo
2257 1809 2385 1861 tua?
2409 1807 2508 1862 Illo
2539 1812 2854 1864 testimonio
2877 1810 3239 1878 disseramus,
3283 1814 3427 1884 quod
3477 1829 3576 1884 per

253 1902 346 1958 Dei
375 1905 638 1960 oratione
667 1916 722 1958 et
756 1903 1009 1974 precibus
1038 1905 1174 1970 suis,
1207 1906 1260 1959 in
1289 1920 1458 1976 grege
1488 1905 1866 1963 lt0tttit.i?Aut

248 2012 398 2052 certe
424 1995 501 2052 ita
535 1997 955 2070 intelligendum
983 2016 997 2054 :
1046 1997 1144 2053 ubi
1175 2009 1260 2054 est
1293 1999 1382 2054 illa
1416 2000 1712 2056 cletnentia
1763 2002 1868 2056 llo—

251 2091 419 2157 mini,
466 2107 578 2163 qua
622 2091 898 2164 quondam
935 2092 1196 2148 mist-rtus
1233 2103 1318 2147 est
1366 2094 1568 2164 populo
1616 2110 1715 2148 suo
1745 2136 1759 2160 ,
1807 2103 1866 2150 ut

249 2187 488 2257 Spiritus
538 2201 759 2257 quoque
801 2187 974 2242 sancti
1019 2188 1101 2243 eis
1142 2189 1376 2259 gratiam
1403 2189 1681 2244 tribueret
1714 2207 1728 2244 :
1761 2189 1864 2259 Qui

251 2281 445 2337 eduxit
505 2283 563 2336 in
621 2281 910 2339 dexteram
966 2293 1216 2352 partem,
1274 2298 1383 2339 non
1443 2283 1498 2338 in
1552 2283 1859 2352 sinistram,

252 2375 474 2450 Moysen
507 2391 732 2433 servum
761 2391 918 2432 suum
949 2376 1177 2432 brachio
1209 2378 1512 2445 maiestatis
1557 2394 1671 2435 suae
1704 2395 1718 2432 :
1764 2379 1859 2450 qui

252 2468 410 2525 scidit
437 2484 616 2537 aquas
641 2478 768 2525 aute
804 2484 924 2537 eos,
955 2477 1016 2524 ut
1044 2468 1254 2525 iaceret
1305 2470 1407 2525 sibi
1459 2485 1661 2527 nomen
1712 2485 1862 2527 sem-

253 2565 567 2634 piternum;
600 2573 659 2618 ut
692 2577 865 2632 usque
911 2565 964 2618 iu
1007 2574 1339 2635 praesentem
1371 2563 1519 2620 diem
1569 2565 1718 2621 illius
1762 2579 1861 2635 po-

255 2660 419 2716 tentia
449 2659 820 2715 narraretur?
851 2658 1012 2714 Duxit
1055 2659 1200 2714 enint
1250 2659 1512 2728 populum
1555 2676 1712 2714 suum
1763 2675 1858 2726 per

255 2754 552 2811 immensas
582 2769 847 2825 aquarum
883 2754 1134 2826 abyssos,
1163 2753 1319 2824 quasi
1360 2768 1560 2822 equum
1593 2768 1688 2824 per
1718 2753 1856 2808 soli-

254 2849 524 2910 tudinem.
549 2859 602 2905 et
636 2848 882 2915 juuteuta
911 2862 1007 2916 per
1036 2846 1280 2917 planum,
1299 2854 1354 2900 et
1375 2843 1616 2915 Spiritus
1639 2843 1856 2900 Domini

252 2941 441 2998 ductor
473 2940 604 3010 ejus
631 2939 753 3005 luit,
787 2938 840 2994 id
873 2947 989 3005 est,
1024 2937 1208 3009 gregis
1235 2936 1454 2992 Domini
1480 2934 1682 3005 (Exod.
1716 2936 1850 3008 xiv).

251 3034 510 3104 Spiritum
541 3043 728 3088 autem
761 3031 849 3086 hic
889 3033 1160 3101 Angelum
1203 3028 1476 3084 debemus
1518 3027 1851 3100 intelligere,

252 3129 337 3199 qui
389 3127 592 3182 ductor
648 3123 749 3179 fuit
803 3121 993 3193 populi
1051 3120 1258 3187 Israel,
1303 3121 1456 3190 juxta
1521 3119 1654 3176 illud
1703 3118 1850 3192 quod

1974 1898 2229 1954 Ezechiel
2282 1900 2350 1955 ad
2398 1899 2704 1957 JCI‘IIS‘JICIH
2759 1902 2897 1959 dicit
2968 1903 3146 1966 Deus,
3198 1921 3321 1976 quae
3376 1916 3569 1964 secuta

1969 1989 2144 2046 fuerat
2177 2001 2451 2047 amatores
2473 2008 2602 2048 suos
2629 2013 2640 2046 :
2673 1991 2799 2048 Iam
2829 2011 2930 2050 non
2963 1997 3163 2051 irascar
3192 1997 3316 2064 tibi,
3350 2009 3396 2051 et
3426 2000 3573 2055 zelus

1969 2099 2110 2138 meus
2136 2085 2342 2140 recessit
2370 2102 2402 2139 a
2431 2095 2479 2140 te
2509 2085 2741 2159 (Επειδὴ.
2772 2103 2886 2154 tm,
2916 2087 3032 2162 4'3).
3087 2089 3158 2145 Et
3193 2100 3278 2147 est
3324 2107 3521 2148 sensus
3555 2111 3572 2149 :

1965 2176 2104 2246 Quia
2145 2179 2494 2250 peccauimus
2539 2192 2594 2236 et
2645 2196 2745 2237 nos
2776 2182 2961 2238 odisse
2991 2186 3228 2254 coepisti,
3269 2185 3502 2242 recessit
3541 2201 3573 2242 a

1965 2273 2123 2328 nobis
2153 2272 2307 2328 zelus
2334 2281 2481 2336 tuus,
2513 2273 2605 2338 qui
2641 2290 2746 2328 non
2800 2277 3011 2331 recedit
3049 2275 3275 2347 quando
3327 2279 3571 2348 loquitur

1965 2383 2062 2438 per
2087 2368 2408 2424 Zachariam
2443 2386 2459 2424 :
2492 2367 2701 2423 Zelatus
2729 2386 2845 2423 sum
2887 2371 3016 2425 Sion
3042 2383 3088 2426 et
3115 2370 3412 2427 Jerusalem
3460 2375 3573 2427 zelo

1964 2477 2154 2535 magno
2176 2459 2363 2529 (Zach.
2399 2478 2436 2527 t,
2475 2463 2585 2531 14).
2613 2461 2769 2520 Uade
2799 2472 2853 2518 et
2882 2464 2934 2517 itt
2966 2465 3432 2536 consequi-utilius
3453 2468 3528 2520 ait
3555 2483 3569 2520 :

1963 2551 2029 2608 Et
2055 2555 2256 2608 irascar
2276 2571 2431 2627 super
2451 2563 2626 2626 gentes
2656 2570 2773 2626 qute
2799 2571 3123 2628 congregata:
3151 2566 3272 2611 sunt
3295 2559 3571 2613 adversum

1960 2663 2074 2702 eam
2098 2650 2152 2700 in
2177 2648 2415 2702 circuitu.
2449 2647 2762 2702 Recedente
2788 2658 2971 2704 autem
2996 2652 3140 2718 zelo,
3173 2652 3383 2709 recedit
3404 2651 3573 2726 756

1960 2749 2016 2796 ct
2043 2740 2309 2797 fortitudo
2338 2741 2456 2802 Dei.
2489 2749 2546 2796 et
2575 2749 2929 2813 paternorum
2961 2745 3235 2800 viscerum
3274 2757 3574 2816 superatur

1957 2835 2208 2898 alti-ctus,
2252 2835 2383 2890 dum
2428 2835 2802 2906 magnitudine
2853 2844 3200 2906 peccatorum
3233 2837 3572 2894 incredibilis

1960 2929 2053 2984 Dei
2077 2931 2376 2985 clementia
2406 2930 2668 2994 vincitur,
2696 2938 2753 2984 ut
2779 2933 3056 2986 contineat
3087 2947 3146 2986 se
3174 2946 3340 3001 Super
3367 2933 3573 2987 auxilio

1954 3039 2102 3092 meo,
2147 3022 2240 3095 qui
2293 3039 2381 3078 me
2426 3039 2754 3096 oppressum
2803 3023 2991 3079 videre
3040 3039 3147 3079 non
3193 3033 3427 3094 poterat.
3479 3025 3562 3080 Tu

1955 3119 2115 3184 enim,
2149 3116 2348 3188 inquit.
2389 3134 2441 3172 es
2467 3129 2613 3190 pater
2635 3126 2832 3180 noster,
2856 3118 2948 3186 qui
2971 3125 3188 3172 creator
3214 3132 3275 3174 es
3297 3119 3566 3175 omnium.

252 3223 518 3291 scriptum
549 3227 638 3273 est
671 3236 684 3272 :
720 3217 824 3282 Qui
853 3217 978 3288 facit
1001 3216 1223 3287 Angelos
1245 3231 1368 3270 suos
1387 3214 1618 3287 spiritus.
1661 3222 1709 3268 et
1749 3212 1850 3266 mi-
1881 3218 1928 3284 ο
1957 3210 2143 3268 Ne~cit
2168 3226 2267 3267 nos
2297 3212 2598 3277 Abraham,
2631 3221 2688 3268 ct
2718 3212 2932 3275 ignorat
2975 3211 3182 3281 Israel,
3227 3217 3352 3284 quia
3388 3225 3441 3270 te
3479 3216 3564 3270 of‘

251 3316 439 3370 nistros
469 3329 592 3368 suos
611 3312 785 3384 ignem
799 3319 1025 3364 urentem
1047 3307 1168 3378 (Ps.
1192 3323 1307 3375 cut,
1335 3307 1416 3375 4).
1445 3307 1512 3362 Et
1531 3308 1584 3361 in
1602 3305 1852 3376 Epistola

254 3409 315 3462 ad
345 3409 650 3464 Hebraeos:
694 3403 796 3460 Isti
839 3416 956 3459 sunt
987 3403 1423 3457 administratorii
1466 3401 1680 3471 spiritus
1704 3441 1720 3467 ,
1765 3401 1854 3472 qui

256 3506 531 3560 mittuntur
557 3504 612 3557 in
634 3501 1000 3568 ministerium,
1049 3509 1258 3572 propter
1299 3515 1385 3553 eos
1433 3499 1522 3566 qui
1561 3494 1854 3566 possessuri

253 3605 367 3651 sunt
391 3597 620 3652 salutent
643 3592 833 3660 (Hebr.
869 3608 907 3658 ι.
944 3591 1057 3664 ιι).
1099 3591 1522 3646 (lonsiderenttts
1555 3587 1686 3642 illttd
1710 3585 1852 3654 quod

255 3689 306 3746 itt
335 3690 570 3746 Actibus
610 3689 996 3759 Apostolorum
1029 3686 1289 3742 scribitur
1317 3701 1332 3738 :
1365 3684 1596 3758 Spiritus
1641 3682 1856 3736 Domini

254 3786 424 3852 rapuit
461 3781 796 3854 Philippum,
839 3790 887 3836 et
931 3796 1033 3835 non
1081 3779 1203 3834 uidit
1234 3795 1351 3833 eum
1400 3781 1538 3831 ultra
1587 3777 1854 3830 eunuchus

255 3875 390 3946 (Act.
421 3891 545 3938 vni,
581 3874 675 3945 39)
706 3891 722 3930 :
750 3890 819 3927 an
846 3887 1014 3941 super
1038 3869 1560 3942 Augeludcbeamus
1578 3868 1850 3938 accipere.

254 3969 389 4027 Sunt
417 3971 511 4042 qui
543 3967 814 4038 Attgelum
859 3965 1024 4041 755
1055 3968 1108 4020 in
1139 3964 1342 4034 Spiritu
1385 3971 1576 4018 sancto
1623 3962 1738 4016 bzec
1777 3960 1856 4016 ie-

253 4065 392 4122 cisse
423 4072 723 4121 testentur.
757 4062 1044 4117 Mantlesut
1068 4057 1465 4131 percurrimus,
1496 4065 1556 4111 ut
1585 4055 1638 4110 in
1659 4054 1858 4110 obscu-

253 4161 490 4216 rioribus
517 4159 897 4215 immorentur.

321 4253 513 4320 (Vers.
552 4253 620 4307 15
647 4251 832 4322 seqq.)
859 4249 1078 4304 Attende
1098 4247 1162 4301 de
1187 4245 1339 4313 calo,
1381 4253 1429 4299 et
1466 4243 1583 4297 vide
1613 4241 1676 4296 de
1705 4239 1856 4295 habi-

254 4351 427 4403 tacqu
453 4357 636 4402 sancto
665 4354 779 4411 tuo,
811 4357 854 4398 et
881 4344 1062 4416 gloriae
1084 4354 1205 4397 tute.
1245 4339 1344 4395 Ubi
1372 4349 1445 4392 est
1473 4339 1618 4392 zelus
1656 4347 1776 4392 tuus
1809 4341 1860 4390 et

256 4439 508 4508 fortitudo
538 4451 628 4492 tua
654 4439 678 4492 Ρ
709 4435 991 4492 multitudo
1015 4435 1266 4490 viscerum
1306 4442 1538 4496 tuorum,
1568 4438 1618 4485 et
1644 4429 1856 4483 misera-

255 4536 453 4590 tionum
482 4543 693 4588 tuarum
736 4546 892 4603 super
943 4545 1021 4582 me
1063 4527 1423 4582 continuerunt
1471 4540 1543 4578 se.
1591 4520 1670 4578 Tn
1721 4522 1856 4577 enim

1960 3304 2254 3370 fundimus,
2289 3321 2390 3360 nec
2413 3313 2755 3376 cognost-tmt
2782 3305 2946 3372 Illius,
2977 3320 3116 3376 qum
3150 3322 3178 3358 a
3214 3305 3328 3362 Deo
3357 3323 3461 3364 suo
3485 3324 3568 3363 tn-

1959 3399 2211 3470 telligttut
2241 3411 2346 3452 nun
2371 3398 2564 3452 amari.
2598 3394 2788 3452 Subita
2814 3397 3056 3452 nascitur
3078 3407 3310 3467 quttest'o
3331 3441 3346 3465 ,
3399 3415 3572 3469 quare

1959 3490 2236 3544 Abraham
2264 3497 2320 3544 et
2349 3488 2534 3556 Israel,
2568 3487 2673 3543 huc
2697 3497 2804 3552 est,
2835 3487 3005 3544 JaCob
3032 3499 3297 3560 posuerit,
3329 3473 3382 3544 et
3413 3490 3568 3549 Isaac

1961 3601 2158 3642 nomen
2187 3587 2414 3641 tacitum
2441 3588 2516 3639 sit
2545 3582 2700 3653 (Gen.
2746 3583 2968 3650 xxx")?
3015 3582 3096 3637 Ad
3147 3584 3290 3653 quod
3337 3598 3565 3655 respon--

1959 3679 2239 3746 debimus,
2273 3659 2544 3748 principio
2572 3686 2629 3732 et
2660 3677 2767 3730 line
2798 3675 2978 3744 posito
3005 3717 3020 3736 ,
3052 3676 3214 3730 etiam
3247 3677 3425 3731 media
3460 3693 3567 3732 no-

1961 3775 2181 3829 minari.
2215 3771 2346 3827 Sive
2379 3775 2448 3826 ita
2477 3787 2491 3824 :
2522 3769 2794 3824 Abraham
2821 3769 2890 3823 de
2922 3771 3179 3835 gentibus
3224 3778 3450 3824 Vocatus
3493 3769 3565 3827 ad

1960 3867 2123 3924 ﬁdem
2155 3874 2258 3925 est,
2291 3874 2346 3921 et
2375 3879 2473 3934 pro
2514 3862 2776 3933 qualitate
2821 3861 3026 3932 prioris
3073 3869 3128 3916 et
3173 3863 3564 3930 cttttseqtteutis

1958 3960 2313 4026 conditionis,
2349 3956 2706 4012 mutationem
2737 3956 2964 4009 sottitus
2993 3963 3077 4008 est
3109 3954 3369 4010 nom-nis.
3393 3954 3564 4012 Jacub

1957 4069 2178 4128 quoque
2208 4062 2267 4106 ιιι
2295 4049 2670 4119 appellaretur
2697 4045 2864 4102 Israel
2893 4087 2908 4110 ,
2944 4047 3115 4102 multo
3156 4045 3225 4100 ad
3276 4046 3328 4101 id
3377 4048 3564 4105 labore

1963 4147 2233 4221 pervenit.
2265 4143 2421 4201 Unde
2446 4151 2501 4198 et
2524 4139 2804 4197 Abraham
2839 4147 2950 4194 tres
2983 4137 3176 4194 habuit
3211 4153 3414 4194 uxores
3439 4184 3454 4210 ,
3508 4149 3567 4197 et

1959 4241 2128 4299 Iacob
2155 4249 2388 4311 quatuor
2420 4253 2434 4291 :
2470 4236 2618 4291 Isaae
2649 4248 2779 4288 vero
2807 4233 2878 4287 ab
2907 4232 3064 4287 initio
3096 4249 3269 4304 usque
3295 4233 3364 4289 ad
3400 4233 3567 4291 tinem

1962 4350 2160 4391 nomen
2214 4331 2463 4406 possedit
2515 4331 2846 4400 antiquum,
2895 4335 2954 4382 et
2993 4326 3257 4384 Ecclesne
3311 4327 3562 4386 indicans

1959 4430 2287 4489 castitatem,
2320 4439 2423 4479 una
2457 4423 2557 4479 fuit
2581 4436 2751 4477 uxore
2799 4428 3111 4477 contentus.
3137 4419 3228 4476 Isti
3261 4421 3427 4492 igitur
3469 4423 3565 4493 qui

1962 4531 2256 4596 precantur
2283 4519 2353 4575 de
2394 4515 2772 4589 peccatoribus
2820 4515 3300 4571 commutationem
3351 4517 3404 4571 itt
3453 4534 3570 4573 me-

255 4641 398 4699 pnter
425 4637 643 4682 noster:
671 4634 716 4678 et
742 4622 1005 4679 Abraham
1035 4621 1244 4676 nescivit
1271 4635 1390 4685 nos,
1430 4627 1478 4672 et
1513 4615 1681 4671 Israel
1711 4616 1860 4686 igno-
1888 4627 1940 4688 ι)
1969 4619 2160 4674 liort-m
2188 4624 2414 4676 stattnn,
2437 4627 2625 4668 eorum
2655 4621 2948 4664 assumunt
2973 4609 3412 4678 :Itllllitlldint‘tll,
3445 4613 3568 4682 qui-

255 4725 383 4776 ravit
415 4739 532 4776 nos.
561 4717 643 4775 Tu
677 4718 894 4774 Domine
920 4729 1066 4792 pater
1106 4723 1280 4770 noster
1305 4758 1319 4781 ,
1347 4712 1644 4782 redemptor
1687 4723 1858 4766 noster
1955 4712 2058 4767 bus
2091 4710 2212 4765 la-ta
2247 4716 2369 4777 post
2406 4707 2582 4760 tristia
2630 4710 3036 4760 Succes~erunt.
3091 4702 3204 4758 Iloc
3248 4713 3428 4760 autem
3482 4715 3570 4762 est

256 4835 289 4874 a
313 4819 500 4876 stccnto
526 4835 710 4874 nomen
735 4826 900 4871 tuum.
950 4811 1096 4868 LXX
1124 4829 1138 4867 :
1170 4809 1477 4866 Convertere
1504 4807 1567 4862 de
1607 4807 1737 4862 coelo
1757 4849 1770 4870 ,
1808 4815 1856 4860 et

260 4915 368 4969 uide
405 4913 472 4968 de
498 4915 652 4968 domo
679 4923 862 4966 sancto
893 4920 1004 4972 tua,
1036 4917 1087 4961 et
1113 4907 1295 4980 glorise
1321 4915 1420 4958 tua
1449 4919 1467 4958 :
1495 4902 1583 4956 ubi
1614 4913 1688 4954 est
1715 4902 1858 4954 zelus

259 5014 374 5062 tuus
394 5019 444 5061 et
470 5007 720 5076 fortitudo
742 5017 831 5058 tua
845 5003 869 5056 ?
885 5002 970 5057 ubi
992 5012 1065 5055 est
1086 4999 1364 5053 multitudo
1385 4993 1858 5050 ntiscricordiarum

261 5111 490 5168 tuarum,
521 5112 569 5154 et
595 5099 980 5154 misrrutionum
1028 5104 1236 5149 tuarum
1263 5108 1367 5164 qua
1394 5087 1686 5145 sustinuisti
1723 5103 1816 5141 nos
1835 5087 1861 5140 .’

265 5194 340 5249 Tu
368 5196 506 5250 enim
535 5211 587 5248 es
614 5205 758 5266 puter
786 5200 978 5258 noster,
1009 5189 1134 5261 quia
1162 5184 1426 5240 Abraham
1469 5199 1572 5236 non
1615 5180 1855 5250 cognovit

263 5307 376 5359 nos,
401 5301 450 5344 et
483 5288 647 5343 Israel
674 5303 774 5341 non
804 5284 1041 5359 cognovit
1071 5297 1182 5337 nos.
1211 5277 1319 5335 Sed
1346 5289 1425 5345 tu,
1452 5274 1672 5330 Domine
1710 5281 1856 5346 pater

262 5397 452 5444 noster,
484 5381 645 5436 libera
673 5395 764 5433 nos
791 5395 808 5432 :
837 5396 869 5433 a
897 5375 1158 5450 principio
1188 5387 1368 5426 nomen
1398 5379 1542 5423 tuum
1572 5384 1727 5434 super
1761 5382 1856 5420 nos

264 5489 353 5532 est.
381 5475 486 5544 Qui
512 5484 656 5528 tanta
683 5472 883 5542 populo
909 5465 1235 5540 praestitisti,
1261 5481 1380 5535 qu.t-
1406 5462 1658 5532 superior
1674 5473 1856 5514 sermo

265 5568 552 5634 narravit,
586 5575 644 5621 ιιι
673 5565 894 5635 spiritus
951 5579 1168 5634 quoque
1207 5562 1282 5614 tui
1328 5558 1528 5627 dignos
1579 5570 1680 5610 nos
1725 5568 1856 5609 cun-

265 5672 436 5719 sortto
463 5660 718 5724 duceres,
749 5674 898 5714 nunc
927 5670 1144 5729 quoque
1171 5653 1398 5708 attende
1444 5652 1512 5706 de
1559 5649 1704 5705 ccelo
1725 5691 1740 5714 ,
1802 5656 1860 5702 et

266 5756 389 5812 vide
418 5770 585 5824 opera
614 5763 819 5816 nosn'a,
867 5751 914 5805 si
961 5757 1143 5804 timeo
1177 5757 1230 5802 te
1261 5745 1425 5816 digna
1475 5753 1623 5799 sunt.
1677 5740 1861 5808 QUare

266 5847 469 5906 avertis
499 5845 694 5902 faciem
727 5855 873 5899 tuam
903 5861 932 5900 a
963 5843 1122 5898 nobis
1141 5841 1166 5881 ν
1197 5839 1409 5897 Caelum
1440 5848 1626 5894 autem
1662 5833 1864 5890 dicitur

642 5937 914 6002 ΡΑτιιοι..
950 5933 1192 6000 XXIV.

1960 4818 2126 4860 omne
2149 4800 2295 4870 quod
2331 4797 2627 4868 postulant,
2662 4804 2722 4850 ut
2767 4795 2891 4865 quia
2944 4803 3098 4864 pater
3127 4811 3316 4850 eorum
3359 4805 3476 4862 est,
3510 4806 3569 4854 et

1963 4900 2069 4953 hoc
2097 4910 2195 4952 eos
2223 4893 2480 4963 dignatus
2510 4900 2596 4946 est
2623 4890 2866 4953 nomine,
2900 4906 3008 4944 non
3040 4889 3394 4945 obliviscatur
3419 4892 3564 4947 lilio-

1960 5007 2080 5046 rntn
2109 5001 2334 5042 suorum
2362 5001 2378 5052 ;
2415 5000 2480 5040 ne
2513 4999 2608 5055 per
2628 4981 2776 5053 ipsos
2800 4997 3004 5038 nomen
3026 4982 3128 5040 Dei
3150 4981 3566 5052 blaspbetnetur

1963 5085 2018 5140 in
2043 5081 2316 5154 gentibus.

2041 5174 2222 5249 (Vers.
2255 5172 2345 5237 18,
2379 5172 2492 5240 19.)
2526 5169 2701 5236 Quare
2723 5184 2897 5224 errare
2924 5183 3017 5222 nos
3039 5166 3224 5237 fecisti.
3247 5165 3488 5236 Domine,
3511 5171 3568 5227 in

1965 5272 2060 5326 viis
2081 5271 2181 5324 tuis
2210 5284 2228 5323 :
2251 5266 2510 5321 indurastt’
2535 5281 2626 5320 cor
2653 5277 2910 5328 nostrum,
2934 5263 3306 5315 netimeremus
3335 5269 3384 5314 te
3401 5263 3426 5316 Ρ
3443 5280 3570 5320 con.

1965 5374 2158 5422 vertere
2209 5371 2418 5436 propter
2463 5375 2632 5415 servos
2681 5368 2796 5412 tuos
2858 5355 3018 5410 tribus
3072 5353 3389 5409 hereditatis
3439 5367 3564 5414 tute.

1964 5459 2130 5528 Quasi
2169 5453 2394 5510 nihilum
2434 5453 2768 5518 possederunt
2809 5443 3062 5518 populum
3101 5453 3338 5498 sanctum
3369 5455 3516 5504 tuum
3543 5468 3563 5506 ε

1960 5551 2132 5606 hostes
2184 5547 2348 5604 nostri
2399 5547 2832 5600 conculcaverunt
2883 5536 3345 5604 sanctiﬁcationem
3394 5550 3563 5600 tuam.

1962 5642 2118 5699 Facti
2140 5658 2317 5699 sumus
2339 5639 2488 5712 quasi
2511 5639 2562 5690 in
2587 5633 2846 5707 principio
2878 5647 2897 5686 :
2937 5647 3058 5684 cum
3085 5647 3190 5685 non
3221 5630 3563 5694 dominareris

1964 5740 2130 5794 nostri
2156 5781 2172 5806 ,
2222 5751 2382 5802 neque
2427 5735 2750 5786 invocaretur
2795 5741 2982 5779 nomen
3034 5738 3182 5779 tuum
3229 5741 3385 5794 super
3449 5746 3566 5787 nos.

1966 5831 2159 5890 LXX:
2214 5830 2389 5896 Quare
2441 5819 2694 5878 seduxisti
2744 5835 2872 5888 nos,
2914 5815 3175 5887 Domine,
3225 5819 3290 5874 de
3347 5821 3429 5874 uia
3478 5835 3570 5886 tua

3051 5911 3134 5976 20
