4084 6324
254 319 362 378 6‘25

755 317 1409 378 COMMENTARIORUM
1446 318 1515 376 IN
1548 317 1783 377 lSAMM
1824 317 2250 377 PROPHETAM
2285 319 2416 378 LIB.
2457 321 2620 379 XVII.
2661 320 2818 379 CAP.
2861 322 3045 380 LXIV.

3451 320 3560 380 626

256 439 484 511 fundata
504 437 727 508 (Matth.
753 454 845 505 vn,
878 437 994 508 9.7).
1039 437 1114 492 De
1144 437 1514 508 perversitate
1543 435 1812 492 doctrinze
1839 453 1852 489 :
1886 440 1934 499 Α
1961 451 2045 502 re,
2069 452 2238 508 quare
2260 439 2338 493 sic
2369 439 2452 492 vel
2486 439 2565 494 sic
2586 437 2788 495 factum
2813 439 2908 496 sit:
2956 451 3135 496 tamen
3165 441 3411 498 scientes
3435 452 3562 496 esse

259 531 330 588 Ut
355 549 464 587 non
502 533 766 600 circumfe:
783 548 935 586 amur
967 533 1107 586 omni
1127 542 1276 586 vento
1298 531 1550 586 doctrinae
1577 532 1629 586 in
1654 531 1862 586 malitia

254 626 528 681 hominum
572 624 794 698 (liphes.
825 641 898 692 Iv,
939 627 1050 696 14).
1113 625 1189 680 De
1218 635 1383 680 vento
1404 624 1755 696 simpliciter:
1796 622 1864 678 Et

255 737 359 775 non
385 727 627 793 poterant
666 721 942 792 nauigare.
1002 728 1110 773 erat
1148 720 1286 774 enim
1336 727 1517 774 ventus
1572 718 1864 772 contrarius

257 811 462 887 (Marc.
506 829 581 879 vt,
610 812 738 884 b8):
793 830 900 867 tum
942 827 1055 882 quo
1082 824 1138 867 et
1173 811 1276 868 hoc
1312 828 1417 867 non
1465 811 1637 879 possit
1668 811 1861 866 sentiri

259 907 630 978 tropologice.
657 905 753 960 sed
785 921 894 976 quo
923 904 1184 974 prmscnti
1211 905 1400 960 sensui
1430 913 1638 958 tantum
1669 903 1864 958 simili—

255 1000 508 1054 tudinem
551 997 816 1068 pru'lteat.
866 999 1165 1055 Ανμιιιιιιιιε
1207 999 1354 1055 enim
1398 997 1636 1052 ῡσιιιιίιιιι
1669 997 1863 1053 facient

255 1106 413 1148 suam
445 1107 476 1146 a
501 1091 685 1154 nobis.
716 1090 1070 1146 allidimnrin
1104 1107 1267 1146 manu
1310 1092 1613 1162 iniquitatis
1637 1103 1859 1156 nasum,

260 1185 378 1239 sive
411 1184 681 1239 tmdimur
709 1184 1104 1240 tentatiuniltus
1136 1197 1361 1256 propter
1393 1193 1612 1254 peceata
1651 1193 1864 1238 nostra.

259 1275 336 1333 Ex
388 1292 501 1348 quo
535 1277 838 1344 discimus,
878 1277 1022 1347 quod
1050 1288 1105 1332 et
1131 1276 1388 1348 iniquitas
1418 1290 1616 1332 manus
1643 1276 1859 1342 habent,

259 1380 313 1426 et
354 1372 546 1425 omnia
587 1378 832 1440 peccata,
872 1385 995 1439 qtae
1038 1385 1137 1424 nos
1168 1370 1385 1426 fortiter
1421 1373 1643 1424 strictos
1675 1378 1866 1423 tenere

258 1466 610 1522 desiderant.
636 1463 794 1522 Unde
815 1474 873 1518 et
895 1464 948 1519 in
979 1480 1141 1518 manu
1173 1464 1372 1534 lingua:
1398 1478 1546 1518 mors
1568 1473 1622 1516 et
1644 1462 1750 1517 vita
1782 1470 1867 1517 est

259 1557 456 1632 (Prov.
488 1561 684 1625 svnt);
717 1573 769 1612 et
799 1570 1022 1613 sanctus
1052 1566 1310 1630 precatur
1342 1576 1354 1612 :
1390 1556 1512 1612 Neu
1552 1559 1715 1611 veniet
1739 1553 1869 1610 mihi

257 1669 350 1724 pes
376 1654 642 1721 superbiae
668 1649 845 1724 (Psal.
878 1667 1042 1717 xxxv,
1069 1650 1180 1722 12).
1207 1650 1318 1706 Nos
1342 1662 1544 1716 autem,
1567 1653 1692 1719 quia
1711 1663 1869 1704 aver-

260 1748 322 1802 tit
347 1746 614 1803 Dominus
640 1746 832 1802 facient
861 1761 1012 1800 suam
1046 1760 1077 1800 a
1105 1745 1282 1814 nobis,
1307 1747 1548 1800 scientes
1569 1745 1700 1798 illud
1721 1741 1866 1811 quod

1963 546 2064 586 nos
2088 530 2251 590 ﬁlios.
2279 531 2544 586 audemus
2567 531 2784 587 dicere:
2821 531 2900 586 Ne
2925 533 3191 592 irascaris.
3218 532 3456 596 Domine,
3475 547 3562 586 sa-

1963 623 2048 680 tis.
2081 621 2199 678 Non
2224 625 2358 678 itam
2390 636 2411 662 ο
2445 634 2708 693 vetztmns,
2741 641 2841 682 nec
2872 629 3012 681 ultra
3054 625 3372 696 patientiam
3415 637 3562 680 tuam

1963 717 2283 785 qmrrimus.
2321 733 2418 785 per
2436 734 2597 788 quam
2633 718 3124 775 tltesanrizaviutus
3149 721 3309 774 uoltis
3339 721 3471 773 iram
3504 725 3560 774 in

1964 808 2055 864 die
2088 811 2201 863 ine.
2253 808 2360 866 Sed
2395 811 2496 865 hoc
2523 827 2862 882 quutsnmus,
2907 829 2976 868 ne
2998 814 3255 869 itascaris
3287 815 3445 868 nobis
3472 828 3564 868 δ.»-

1968 902 2057 960 tis.
2091 917 2160 955 ne
2203 911 2448 970 tempore
2493 904 2716 960 ultionis
2754 915 2926 976 atque
2951 907 3206 961 vindictae
3241 905 3565 961 memineris

1968 993 2271 1064 iniquitatis
2325 1007 2528 1049 nostra:
2563 1014 2575 1049 :
2609 996 2704 1050 sed
2752 1001 2923 1068 magis
2980 999 3246 1068 reSpicias
3298 998 3562 1068 populum

1968 1095 2142 1152 tuum,
2178 1089 2268 1157 qui
2301 1089 2578 1158 quu-ttdam
2609 1100 2734 1144 tuus
2761 1092 3067 1161 appellatus
3094 1105 3172 1148 est
3203 1093 3455 1162 populus.
3490 1091 3562 1148 Et

1967 1180 2204 1234 civitatis
2232 1183 2528 1236 sanctuarii
2557 1184 2630 1236 tui
2667 1182 3005 1251 miserearis,
3041 1187 3214 1254 inqua
3251 1185 3560 1240 invocatum

1968 1284 2052 1328 est
2079 1288 2278 1330 nomen
2313 1286 2487 1330 tuum.
2516 1275 2648 1343 Quae
2670 1276 2866 1332 civitas
2889 1279 3198 1346 appellatur
3217 1279 3349 1334 Siuu
3381 1294 3430 1336 et
3463 1278 3556 1334 Je-

1968 1371 2234 1436 rusalem,
2263 1386 2424 1442 q-iam
2456 1371 2695 1427 ﬂuminis
2726 1372 2968 1439 impetus
2994 1372 3258 1438 laetiﬁcat;
3289 1385 3342 1428 et
3378 1374 3430 1426 in
3458 1387 3568 1443 qua

1970 1463 2246 1531 quondam
2281 1464 2381 1520 l'uit
2406 1467 2625 1534 specula
2665 1466 2926 1520 virtutum
2960 1475 3015 1520 et
3043 1481 3188 1536 pacis
3226 1467 3568 1532 contenqia—

1971 1555 2247 1628 tiu(l’sal.
2277 1563 2451 1622 XLIII).
2529 1559 2731 1612 Domus
2772 1574 2992 1628 quoque
3036 1572 3148 1624 tua,
3184 1559 3235 1614 id
3263 1571 3368 1618 est.
3402 1558 3568 1613 Tem-

1971 1651 2121 1721 plum
2164 1651 2620 1706 sanctificationis
2661 1667 2863 1706 ttosme
2907 1663 2962 1708 et
2985 1652 3197 1724 glorise,
3231 1651 3285 1707 iu
3319 1669 3422 1721 qua
3455 1653 3571 1706 lau-

1972 1746 2238 1802 daverunt
2266 1757 2317 1801 Ie
2351 1756 2535 1808 patres
2564 1747 2765 1812 naslri,
2792 1749 2842 1801 in
2875 1749 3059 1801 ruinas
3090 1757 3147 1802 et
3175 1747 3302 1803 cine
3334 1760 3397 1800 es
3437 1759 3571 1801 con-

260 1841 530 1912 scriptum
555 1851 674 1898 est:
731 1839 912 1895 Dnmis
953 1841 1040 1911 qui
1075 1841 1382 1894 iuvet-atterit
1416 1855 1597 1894 nomen
1630 1838 1861 1903 Domini,
1895 1829 1943 1892 Β
1970 1841 2126 1905 cidit,
2156 1852 2206 1896 et
2245 1840 2496 1896 incendio
2546 1853 2812 1906 Vastanle,
2839 1841 3027 1894 deleta
3051 1850 3157 1903 est;
3185 1839 3261 1895 ita
3289 1851 3343 1893 nt
3375 1854 3577 1908 nequa-

259 1939 438 1991 sa'uus
469 1935 564 1989 erit
588 1932 750 2006 (Joel.
779 1923 838 1992 it.
861 1934 972 1996 32).
1007 1935 1326 1989 invocemus
1355 1948 1554 1987 nomen
1582 1934 1701 2000 ejus
1729 1972 1742 1995 ,
1785 1939 1866 1985 at-

259 2028 663 2100 quedieamus:
697 2025 979 2081 Peccatum
1000 2037 1178 2082 notum
1201 2028 1302 2094 {cci
1327 2025 1442 2090 tibi,
1464 2034 1512 2078 et
1537 2025 1867 2094 iniquitatem

261 2136 432 2176 meam
457 2137 559 2174 non
589 2122 792 2191 operui.
821 2118 968 2178 Dixi.
994 2120 1345 2193 pronuntiabo
1364 2120 1637 2173 adversum
1668 2136 1747 2172 me
1773 2117 1867 2172 ini-

263 2219 520 2286 quitatem
547 2231 714 2268 meam
737 2211 984 2275 Domino.
1009 2224 1060 2269 et
1084 2225 1135 2268 tu
1155 2213 1395 2268 dimisisti
1415 2213 1730 2284 impietatem
1752 2226 1865 2265 cor-

263 2311 347 2367 dis
373 2313 473 2364 mei
517 2307 695 2381 (Psal.
730 2325 876 2375 xm,
912 2307 1027 2377 56).
1083 2308 1148 2364 Et
1183 2309 1371 2362 statim
1406 2306 1728 2362 habebimus
1762 2306 1868 2360 Do-

264 2404 476 2461 ntittntn
527 2406 985 2474 reepOndentem:
1032 2401 1207 2456 Deleri
1246 2402 1380 2455 sicut
1403 2401 1641 2456 nebulam
1670 2400 1866 2470 iniqui—

269 2511 400 2556 tates
428 2510 566 2566 tuas,
595 2510 643 2555 et
669 2501 803 2554 sicut
824 2499 1005 2552 nubem
1039 2512 1250 2566 peccata
1279 2509 1366 2551 tua
1395 2495 1554 2568 (Isai.
1591 2493 1861 2563 ιιινβὶ),

270 2603 294 2634 ³
318 2609 484 2666 atque
531 2595 802 2663 dicemus,
835 2592 1063 2646 Ostende
1088 2592 1272 2660 [aciem
1298 2602 1462 2656 tuam,
1505 2600 1550 2643 et
1596 2587 1725 2642 salvi
1766 2587 1869 2640 eri-

267 2706 384 2744 mus
420 2686 541 2761 (Ps.
565 2703 752 2753 usis,
776 2690 868 2751 4):
906 2696 963 2740 ut
993 2699 1336 2758 nequaquam
1367 2684 1540 2737 simus
1562 2683 1706 2736 Servi
1741 2694 1870 2750 pec-

267 2786 399 2852 cati,
427 2781 525 2840 sed
549 2782 694 2836 servi
721 2781 818 2835 tui.
870 2779 1062 2836 Omnis
1100 2781 1249 2834 enim
1275 2776 1367 2849 qui
1396 2775 1523 2831 facit
1555 2786 1864 2846 peccatum,

269 2893 462 2934 servus
494 2877 614 2947 i-jns
642 2887 724 2932 est
759 2875 938 2948 (Joan.
967 2876 1114 2946 vni).

343 2970 528 3040 (Vers.
563 2971 596 3028 8
623 2969 810 3042 seqq.)
843 2968 909 3024 Et
937 2985 1095 3035 nunc,
1135 2966 1377 3032 Domine,
1431 2974 1581 3036 pater
1605 2972 1778 3017 noster
1816 2979 1869 3017 es

272 3077 351 3134 tu,
380 3084 474 3122 nos
516 3083 632 3122 vero
662 3066 860 3120 lutum:
913 3076 960 3120 et
991 3064 1143 3134 ﬁctor
1187 3070 1364 3116 noster
1387 3069 1465 3125 tu,
1499 3070 1545 3112 et
1575 3075 1728 3131 Opera
1758 3073 1870 3112 ma-

271 3177 432 3216 nuum
473 3171 680 3216 tuarum
721 3174 899 3213 omnes
930 3173 1040 3213 nos.
1095 3155 1177 3210 Ne
1206 3155 1476 3214 irascaris.
1505 3151 1748 3219 Domine,
1779 3167 1868 3204 sa-

1971 1949 2132 2004 qnam
2159 1936 2210 1988 itt
2237 1950 2298 1990 ea
2331 1933 2624 1990 oderantur
2650 1937 2911 2001 victima;
2939 1949 3044 1989 ιιοιι
3078 1933 3286 1988 Pascha
3321 1932 3573 1988 celebre-

1971 2037 2090 2095 tur;
2117 2045 2223 2083 nnn
2256 2029 2549 2101 quidquam
2579 2032 2671 2084 iiut
2704 2029 2772 2084 de
2801 2030 3171 2090 czeretnoniis,
3199 2044 3338 2100 quas
3370 2039 3429 2082 tu
3456 2027 3569 2082 Iieri

1971 2126 2312 2196 pra-cepis“;
2361 2128 2456 2180 sed
2504 2128 2684 2179 omnia
2731 2125 3122 2182 desiderabilia
3175 2135 3363 2178 nostra
3413 2135 3573 2177 versa

1970 2232 2096 2274 sunt
2128 2219 2183 2274 in
2210 2223 2417 2275 ruinas.
2451 2217 2586 2274 Cum
2617 2219 2732 2275 ιιωο
2756 2220 2924 2289 igitur
2948 2221 3016 2274 itu
3047 2233 3108 2274 se
3129 2217 3396 2280 lmieant.’
3420 2230 3577 2270 num-

1970 2311 2122 2382 quid,
2160 2313 2406 2379 Domine,
2441 2327 2610 2384 super
2647 2312 2733 2367 his
2771 2313 3081 2368 continebis
3131 2309 3568 2366 misericmdiatn

1971 2416 2145 2468 tuam,
2188 2416 2243 2460 et
2289 2407 2498 2460 tacebis
2543 2406 2876 2461 adversariis
2925 2403 3463 2475 bla~phemannbus,
3513 2411 3574 2456 et

1983 2500 2194 2570 :tl‘ﬂiges
2232 2515 2330 2554 nos
2361 2510 2525 2565 atque
2554 2499 2890 2567 ltutuilialtis,
2939 2513 3046 2553 non
3074 2514 3226 2552 more
3254 2495 3437 2562 sntito,
3473 2493 3570 2550 Sed

1973 2595 2175 2649 nimis?
2224 2594 2355 2662 Qua:
2376 2595 2558 2649 Omnia
2587 2593 2758 2649 Judaei
2785 2593 3134 2666 Assyriorum
3158 2603 3210 2646 et
3239 2589 3572 2662 Babylonio-

1972 2705 2089 2743 rum
2115 2689 2280 2762 766
2302 2687 2635 2756 temporibus
2657 2697 2847 2758 putant
2873 2702 2994 2743 esse
3021 2685 3313 2752 Cttlltplela.
3345 2684 3454 2738 Nos
3477 2697 3573 2738 au-

1972 2792 2080 2838 tem
2103 2782 2256 2852 juxta
2286 2796 2348 2836 ea
2383 2796 2503 2851 qua:
2532 2796 2598 2836 es
2635 2795 2866 2850 persona
2907 2778 3211 2834 Szilvatoris
3241 2785 3569 2847 sequuntur:

1973 2877 2210 2946 Apparui
2237 2877 2316 2930 Itis
2342 2877 2431 2947 qui
2457 2891 2560 2930 non
2586 2873 2992 2948 interrogabant.
3063 2871 3315 2928 Inventus
3360 2888 3475 2926 sum
3509 2868 3575 2926 ab

1972 2967 2056 3022 his
2082 2968 2170 3039 qui
2213 2984 2293 3023 me
2331 2984 2432 3021 non
2465 2965 2760 3038 quwrebant
2796 2966 2954 3036 (Isai.
2989 2981 3113 3034 uv,
3149 2965 3229 3034 l);
3260 2963 3324 3018 ad
3355 2972 3569 3030 tempus

1972 3061 2233 3117 Romanae
2259 3062 2500 3117 victoriu:
2530 3063 2782 3116 universa
2817 3059 3128 3127 refe-rimus,
3153 3074 3274 3116 una:
3301 3056 3573 3125 .lusepltus

1980 3153 2224 3210 Jndaicw
2272 3153 2512 3222 scriptor
2553 3154 2818 3218 ltisttirim,
2849 3162 3058 3221 septem
3086 3151 3328 3220 explicat
3348 3149 3580 3206 volumi-

272 3255 367 3316 tis.
411 3265 457 3309 et
492 3269 555 3308 ne
588 3252 727 3308 ultra
764 3251 1058 3306 memineris
1101 3249 1407 3321 iniquitatis.
1473 3245 1604 3302 Εεεϐ
1643 3246 1862 3318 respice,
1893 3229 1940 3295 ί1
1975 3251 2156 3312 nibus,
2187 3249 2384 3316 quibus
2412 3251 2669 3320 imposuit
2703 3249 2915 3305 titulum
2937 3246 3280 3319 Captivitatis
3309 3245 3572 3315 Jmtaicm,

275 3350 502 3422 papulas
545 3363 666 3404 tuus
703 3365 880 3404 omnes
926 3364 1041 3402 nos.
1077 3347 1273 3400 Ciuitas
1309 3344 1478 3400 sancti
1510 3343 1586 3396 tui
1613 3345 1750 3413 facta
1795 3349 1868 3395 est

275 3444 480 3500 deserta
501 3485 516 3507 .
571 3442 702 3500 Sion
735 3441 940 3496 deserta
982 3446 1120 3510 facta
1147 3448 1237 3503 est,
1277 3437 1572 3500 Jerusalem
1599 3434 1831 3490 desolata
1850 3450 1870 3488 :

277 3537 460 3592 domus
499 3537 924 3605 sanctiﬁcationis
960 3544 1183 3600 nostra,
1224 3541 1273 3588 et
1306 3534 1492 3602 gloria:
1519 3539 1730 3598 nostrae,
1783 3529 1870 3583 ubi

279 3632 625 3688 laudauerunt
672 3643 722 3686 te
760 3641 931 3700 patres
968 3630 1160 3696 nostri,
1195 3633 1335 3702 facta
1364 3639 1438 3682 est
1466 3631 1518 3682 in
1550 3626 1873 3681 exustionem

277 3727 433 3799 ignis,
466 3737 515 3781 et
560 3726 735 3781 omnia
778 3724 1147 3780 desiderabilia
1169 3735 1348 3777 nostra
1375 3738 1520 3775 rersa
1545 3730 1664 3774 sunt
1687 3720 1741 3773 in
1763 3719 1873 3772 rui-

279 3836 420 3875 nam.
487 3817 761 3891 Numquid
801 3834 957 3890 super
987 3817 1071 3871 his
1096 3816 1379 3871 continebis
1417 3827 1486 3877 te,
1517 3812 1755 3878 Domine,
1791 3823 1872 3865 ta-

281 3913 445 3979 cebis;
472 3919 520 3967 et
548 3913 754 3982 affliges
777 3927 869 3965 nos
885 3910 1246 3965 vehementer?
1275 3907 1446 3964 LXX:
1491 3906 1556 3961 Et
1577 3922 1736 3972 nunc,
1768 3903 1876 3958 Do-

281 4009 448 4072 mine,
493 4017 641 4080 pater
683 4017 856 4060 noster
889 4015 982 4060 tu:
1024 4022 1118 4059 nos
1151 4013 1321 4057 autem
1349 4004 1540 4065 lutum,
1565 4017 1724 4070 opera
1767 4015 1871 4052 ma-

284 4119 444 4158 nuum
468 4113 677 4157 tuarum
701 4118 873 4156 omnes
903 4117 1029 4166 nos;
1063 4117 1126 4153 ne
1155 4098 1400 4152 irascaris
1428 4095 1594 4155 nobis.
1633 4093 1874 4155 Domine,

283 4197 457 4262 nimis,
490 4207 538 4250 et
559 4212 623 4250 ne
649 4197 702 4249 in
735 4208 961 4265 tempore
993 4193 1286 4247 memineris
1309 4199 1632 4261 peccatorum
1665 4196 1874 4241 nostro-

285 4306 416 4344 rum.
495 4289 562 4344 Et
602 4306 739 4344 nunc
775 4290 974 4357 respice
1017 4289 1264 4359 quoniam
1301 4287 1523 4358 populus
1553 4293 1674 4337 tuus
1700 4297 1878 4336 omnes

288 4401 400 4446 nos,
432 4385 609 4438 civitas
639 4381 805 4436 sancti
835 4381 911 4436 tui
936 4381 1077 4452 facta
1107 4389 1179 4434 est
1203 4381 1403 4434 deserta
1433 4377 1596 4433 Sion:
1621 4374 1773 4447 quasi
1795 4388 1879 4427 so-

288 4475 452 4530 litudo
492 4473 812 4540 Jerusalem,
867 4475 920 4528 in
947 4474 1365 4528 maledictionem
1385 4471 1569 4524 domus
1595 4467 1882 4523 sanctuarii

287 4569 450 4624 nostri
475 4581 521 4623 et
546 4569 747 4640 glorite,
805 4568 884 4621 cui
927 4567 1292 4620 benedixerunt
1331 4578 1502 4637 patres
1528 4564 1713 4622 nostri.
1739 4564 1882 4631 facta

1978 3343 2031 3400 id
2058 3354 2141 3400 est
2169 3349 2293 3420 περὶ
2321 3344 2561 3407 ἁλώσεως
2587 3361 2600 3398 :
2631 3351 2688 3399 et
2729 3342 3066 3415 superﬂuum
3100 3352 3186 3399 est
3224 3356 3287 3396 ca
3319 3355 3575 3397 srrmone

1977 3438 2270 3506 di~serere,
2305 3454 2426 3507 qute
2456 3439 2631 3494 oculis
2655 3447 2895 3508 pateant,
2921 3451 3044 3492 cum
3077 3437 3260 3490 omnia
3291 3435 3576 3489 desidera-

1977 3532 2107 3587 bilia
2137 3547 2324 3586 eorum
2355 3546 2508 3586 versa
2539 3533 2648 3585 sint
2674 3536 2724 3584 ιιι
2747 3531 2955 3597 ruinas,
2988 3539 3044 3586 ct
3069 3529 3353 3597 Templum
3379 3528 3434 3582 in
3458 3535 3575 3584 toto

1977 3625 2111 3680 orbe
2132 3623 2490 3691 celebratum,
2531 3623 2583 3677 itt
2613 3623 3028 3691 sterquilinittttt
3065 3621 3215 3676 urbis
3248 3638 3424 3689 nunc,
3459 3634 3582 3688 quin

1979 3719 2318 3773 atonditore
2356 3717 2736 3785 appellabatur
2785 3715 2946 3781 Elia;
3011 3725 3068 3770 et
3102 3715 3153 3768 iit
3200 3713 3569 3769 habitaculum

1979 3812 2259 3868 transierit
2290 3821 2651 3866 nm'tuarunt:
2689 3809 3000 3875 l'ru~traque
3021 3807 3265 3876 quotidie
3294 3808 3486 3862 dicunt
3523 3806 3578 3860 in

1979 3903 2269 3978 synagogis
2305 3905 2452 3957 sitis:
2512 3904 2688 3972 Super
2716 3902 2798 3956 liis
2822 3900 3096 3955 omnibus.
3141 3899 3390 3954 Dumine.
3421 3896 3447 3935 ά
3489 3915 3581 3952 su-

1980 3997 2211 4053 stim-bie
2244 4007 2299 4052 et
2328 3996 2544 4066 al‘iliges
2577 4011 2696 4064 nos,
2743 4005 2906 4063 atque
2938 3993 3256 4048 humiliabis
3283 3994 3583 4048 vehemen-

1981 4104 2086 4150 ter.
2120 4092 2412 4148 Pos~umu~
2443 4091 2559 4146 ll:t'c
2591 4090 2796 4146 referre
2818 4090 2883 4143 ad
2915 4088 3238 4152 Ecclesium,
3265 4088 3350 4143 vel
3375 4089 3441 4142 ad
3465 4103 3587 4142 san-

1982 4187 2055 4244 cti
2082 4186 2187 4242 Viri
2209 4186 2470 4251 animam,
2523 4199 2645 4253 qua}
2675 4193 2821 4238 recte
2856 4180 3121 4252 appellari
3153 4189 3336 4249 potest
3361 4181 3582 4250 specula

1984 4289 2040 4335 et
2067 4281 2204 4333 Visio
2253 4281 2423 4349 pacis,
2467 4277 2687 4348 quando
2743 4277 2904 4330 I‘ater
2945 4285 2999 4330 et
3048 4273 3224 4329 Filius
3262 4282 3316 4329 et
3347 4273 3584 4342 Spiritus

1985 4380 2207 4428 sam-tus
2238 4370 2600 4426 habitaverint
2645 4370 2697 4424 itt
2734 4385 2818 4423 ea.
2888 4368 2982 4425 Siti
3023 4383 3155 4423 vero
3179 4369 3334 4436 vitio,
3367 4369 3451 4423 \cl
3486 4382 3578 4422 no.

1983 4476 2124 4532 stru,
2157 4464 2241 4520 vel
2275 4464 2479 4534 populi,
2514 4461 2888 4529 hujuscemodi
2933 4459 3065 4518 Sinti
3093 4477 3121 4512 ιι
3159 4460 3390 4514 Domino
3423 4459 3583 4513 ltterit

1985 4559 2268 4620 derelicta.
2310 4558 2490 4613 statim
2527 4556 2733 4624 patebit
2779 4554 3031 4608 incendio
3063 4551 3352 4620 igttit'trllttt
3381 4550 3586 4606 diaboli

288 4675 360 4716 est
401 4665 519 4734 igne
543 4658 830 4726 combusta,
872 4668 918 4713 et
949 4660 1123 4713 omnia
1153 4658 1380 4728 gloriosa
1425 4669 1603 4711 nostra
1643 4653 1883 4708 coneide—
1910 4633 1965 4696 D
1989 4652 2304 4721 sagittarum
2328 4667 2340 4703 :
2360 4650 2565 4704 Omnes
2586 4648 2731 4700 enim
2755 4645 3319 4714 :nlttlterantes,quasi
3344 4643 3592 4699 clibanus

285 4756 460 4808 runt.‘
490 4753 556 4808 Et
589 4770 743 4826 super
785 4752 1022 4806 omnibus
1061 4751 1141 4806 his
1189 4750 1484 4805 sustinuisti
1521 4747 1573 4810 δ,
1628 4745 1884 4801 Domine:

289 4849 450 4924 765
499 4858 546 4903 et
580 4849 815 4912 tacuisti,
863 4859 910 4902 et
953 4846 1242 4900 hmnilz’asti
1275 4861 1369 4899 nos
1405 4842 1575 4899 ualde.
1615 4840 1669 4897 Si
1699 4853 1884 4896 nostra

289 4946 702 4999 consideremus
753 4940 978 5009 merita,
1025 4939 1430 5008 desperandum
1473 4945 1576 4990 est.
1647 4933 1704 4990 Si
1740 4943 1886 4987 tuum

290 5051 470 5093 autem
503 5036 876 5100 clementiam,
903 5038 995 5105 qui
1021 5032 1500 5102 ﬂagellasnmnem
1525 5027 1694 5082 lilium
1724 5041 1885 5096 quem

292 5131 492 5200 recipis
519 5171 534 5194 ,
584 5128 850 5185 audemus
882 5143 1072 5198 preces
1105 5122 1341 5179 fundere
1376 5121 1577 5192 (Hebr.
1609 5117 1746 5192 xu).
1805 5117 1886 5173 Tu

292 5228 434 5280 enim
483 5233 638 5294 pater
694 5232 880 5276 uoster
918 5236 999 5280 es.
1039 5219 1131 5290 qui
1161 5217 1416 5281 dignatus
1445 5230 1507 5271 es
1529 5215 1742 5269 dicere:
1793 5211 1892 5268 Fi-

293 5315 398 5373 lius
453 5315 827 5388 primogenitus
883 5329 1026 5368 meus
1071 5309 1241 5365 Israel
1285 5306 1497 5378 (Ezech.
1530 5321 1606 5375 tv,
1640 5305 1757 5377 ξε).
1827 5305 1894 5362 Et

299 5427 630 5484 quamquam
664 5410 836 5466 lutunt
866 5410 1060 5473 simus,
1089 5418 1146 5462 et
1171 5419 1336 5472 Opera
1370 5417 1626 5457 manuum
1656 5412 1892 5465 tuarum,

295 5516 352 5561 et
382 5506 538 5562 lictor
569 5514 760 5559 noster
787 5503 893 5569 sis;
938 5516 1039 5558 nec
1073 5515 1168 5555 vas
1189 5497 1357 5569 ﬁgulo
1388 5496 1570 5552 valeat
1595 5495 1896 5564 responde—

371 5631 396 5661 ι
438 5621 644 5676 Victor.
680 5621 746 5672 αἱ
784 5633 931 5688 quem
965 5632 1063 5684 pro
1087 5626 1243 5688 atque
1269 5609 1677 5688 meliori‘l't't‘ttlt!
1705 5623 1892 5664 sensu.

369 5693 401 5734 δ
442 5697 521 5749 An
548 5680 936 5746 ὴνομὶίιιιίριιιι.
963 5680 1331 5744 sustinebimus
1370 5692 1439 5750 te,
1465 5680 1708 5738 Domine.
1736 5694 1902 5749 atque

303 5767 378 5822 ita
426 5764 649 5837 quidem
713 5758 1108 5831 Complutense
1177 5759 1457 5828 exemplar
1518 5753 1756 5824 ἀνέξομεν
1805 5769 1902 5823 pro

307 5833 538 5910 ἀνάσχου
561 5833 750 5890 habet.

1990 4747 2154 4804 curda
2187 4761 2400 4800 eorum.
2437 4743 2503 4797 Et
2548 4741 2780 4809 emulso
2828 4739 3098 4811 pudicitia:
3132 4737 3355 4810 frigore.
3411 4736 3591 4791 libidi-

1992 4841 2077 4894 nis
2122 4841 2175 4891 in
2227 4836 2429 4902 templo
2474 4833 2570 4888 Dei
2602 4836 2814 4887 llatntnzt
2849 4831 3203 4903 grassabitnr,
3238 4827 3588 4898 tttquidquid

1992 4928 2226 4986 innubis
2271 4928 2570 4998 glorio.~um
2631 4924 2781 4995 ptius
2817 4934 2874 4981 ct
2902 4925 3160 4996 inclytum
3193 4926 3312 4987 t'ntt,
3343 4929 3583 4989 corruat,

1993 5025 2245 5080 duleitur
2273 5031 2328 5076 et
2360 5029 2563 5088 pereat.
2617 5020 2681 5074 Et
2705 5021 2994 5090 impleatur
3023 5017 3152 5073 illud
3184 5017 3326 5083 quod
3359 5018 3410 5067 iu
3441 5013 3594 5068 Psal-

1993 5121 2098 5174 mis
2127 5115 2366 5172 dicitur:
2429 5113 2827 5170 Combusserunt
2867 5113 2979 5185 igni
3023 5109 3386 5165 sanctuarium
3422 5117 3592 5173 tuum,

1991 5215 2402 5285 profanarerunt
2452 5211 2507 5264 in
2564 5218 2705 5264 terra
2763 5207 3154 5263 tabernaculum
3203 5200 3429 5256 ποικιλία
3488 5201 3590 5255 tui.

1995 5306 2152 5375 Quod
2184 5307 2336 5359 solus
2385 5311 2564 5374 potest
2607 5302 2698 5357 ille
2733 5301 3092 5371 restinguere,
3119 5295 3190 5354 de
3217 5293 3373 5364 cujus
3400 5301 3595 5350 ventre

1997 5399 2176 5457 ﬂuunt
2201 5414 2355 5470 aqua:
2383 5398 2619 5454 viventis
2649 5395 2894 5452 ﬂumina.

2077 5618 2102 5648 ο
2131 5605 2402 5676 Corrupto
2433 5614 2595 5669 atque
2621 5602 2919 5676 incongrua
2968 5609 3132 5676 sensu
3185 5602 3304 5648 erat
3340 5603 3498 5676 antra
3529 5599 3581 5650 ei

2008 5689 2180 5736 tamus
2224 5667 2327 5748 ιιι-αῖ
2350 5667 2598 5748 metamus.
2630 5667 3135 5748 A/‘illtbt‘osiult..(}tttl.
3162 5669 3435 5748 ριιιιιιιιιέῃ.

2081 5749 2110 5789 ἀ
2141 5736 2343 5808 itei'nm
2388 5746 2763 5811 Ambrosiam,
2785 5736 3171 5809 sustinebimus,
3201 5748 3251 5793 et
3278 5737 3458 5811 tif/liga
3485 5755 3604 5800 nos.
