4084 6324
814 246 1471 361 ϐΟΜΜΕΝῗΑΒΙόΒυΜ
1507 294 1579 353 IN
1612 292 1853 365 ιεΑιΑιι
1888 293 1896 352 i

2000 290 2313 359 JPHE'I‘AM
2351 291 2484 359 LIB.
2524 290 2718 352 XVIII.
2758 290 2919 353 CAP.
2960 291 3127 352 LXV.

3504 292 3612 355 630

285 433 380 475 sus
402 415 641 487 fratrm
669 426 813 477 tuum
841 414 1154 488 loquebaris.
1176 423 1223 473 et
1251 412 1499 477 aduersus
1524 410 1693 479 ﬁlium
1736 408 1914 471 matris
1941 406 1994 475 Δ
2018 408 2356 467 revelatione
2381 420 2724 481 cognoscant
2753 426 2767 466 :
2795 412 2886 483 qui
2925 421 2982 469 et
3029 412 3198 468 Paulo
3232 412 3363 477 dum
3413 413 3614 473 Eccle-

282 519 393 571 tua
416 510 663 583 ponebas
681 507 1014 581 scandalum,
1052 505 1187 571 Haec
1215 505 1404 581 fecisti,
1434 513 1480 567 et
1514 502 1695 561 tacui:
1729 501 1912 559 existi-

278 602 463 668 masti,
494 602 707 674 inique,
731 600 876 675 quod
914 615 1004 657 ero
1046 599 1123 667 uti
1148 598 1355 661 similis.
1384 598 1614 675 Arguam
1644 604 1712 663 te,
1739 602 1787 651 et
1813 609 1916 667 p0-

280 710 409 753 nam
444 704 644 755 contra
682 696 873 768 faciem
911 704 1052 751 tuam
1082 691 1199 765 (Ps.
1222 706 1368 767 χμχ.
1400 689 1495 759 20,
1525 688 1653 757 2|);
1697 695 1756 745 ut
1790 700 1912 759 qua:

279 787 337 843 iu
367 786 503 843 aliis
536 787 884 855 criminaris,
920 787 1037 856 ipse
1082 783 1282 841 habere
1313 782 1581 839 docearis.
1610 781 1664 838 Si
1685 779 1776 836 cui
1816 794 1915 837 au-

277 887 395 941 tem
418 880 882 953 explanation-un
906 878 961 933 in
986 876 1292 953 Prophetas
1311 874 1569 947 displicet
1591 871 1908 947 longitudo:

277 973 482 1033 audiat
521 972 724 1041 libere,
756 972 930 1031 multo
962 987 1053 1029 me
1098 970 1356 1045 pauciora
1390 967 1618 1036 dixisse.
1644 980 1807 1038 quam
1832 963 1910 1023 rei

278 1065 394 1141 [ΑΙ.
431 1066 656 1142 rerum]
679 1067 988 1125 obscuritas
1014 1065 1249 1139 ﬂagitat,
1273 1072 1330 1123 et
1356 1078 1519 1141 posse
1554 1074 1912 1137 unumquem-

276 1177 388 1231 que
420 1161 497 1218 de
526 1170 719 1227 nostra
743 1161 1037 1221 latitudine
1061 1161 1258 1219 breves
1282 1158 1389 1217 sibi
1411 1153 1910 1215 Columentariolos

276 1254 497 1317 facere.
526 1254 626 1327 qui
674 1266 857 1315 tamen
903 1254 1070 1328 pleno
1120 1250 1419 1309 intellectui
1450 1265 1562 1311 non
1608 1246 1904 1309 sufﬁcient.

277 1347 477 1421 Neque
512 1350 663 1411 enim
703 1348 937 1419 simplex
966 1362 999 1404 a
1032 1345 1324 1417 Prophetis
1352 1342 1604 1411 historia,
1634 1351 1689 1399 et
1724 1348 1911 1415 gesto-

278 1456 405 1499 rutn
427 1440 580 1503 ordo
602 1453 897 1503 narratur;
926 1438 1027 1499 sed
1057 1440 1406 1511 antiquitatum
1436 1436 1594 1509 plena
1623 1440 1756 1491 sunt
1789 1447 1907 1489 om-

278 1535 371 1593 nia
391 1550 410 1600 ;
433 1533 703 1607 aliudque
722 1535 779 1593 in
813 1534 997 1593 verbis
1021 1541 1241 1601 sonant,
1270 1529 1416 1591 aliud
1446 1539 1666 1591 tenetur
1696 1527 1750 1587 in
1779 1541 1908 1585 seu-

277 1626 443 1683 sibus
470 1644 486 1682 :
518 1636 580 1685 ut
598 1643 720 1699 quis
738 1625 1095 1687 mstimaveris
1112 1625 1297 1697 plana,
1319 1632 1376 1681 et
1392 1621 1658 1685 inoffensa
1680 1633 1905 1677 currere

276 1717 563 1785 lectione;
592 1720 941 1789 sequentium
992 1731 1209 1779 rursum
1265 1714 1688 1781 obscuritatibus
1730 1710 1905 1769 invol-

2017 499 2151 556 siam
2178 501 2521 559 credentium
2540 505 3200 581 persequitur,reveiatus
3232 517 3313 564 est
3337 506 3477 580 (Act.
3510 506 3611 585 ιχ).

2015 596 2085 650 Ει
2106 597 2364 667 apostolo
2386 596 2550 653 Petro
2581 597 2656 653 ait
2690 615 2703 653 :
2735 596 2931 655 Beatus
2956 617 3043 673 es,
3082 598 3267 659 Simon
3325 598 3560 672 Barjona
3588 617 3612 663 :

2012 692 2136 766 quia
2159 708 2285 747 caro
2309 704 2354 751 et
2374 694 2588 769 sanguis
2628 710 2731 749 non
2776 696 3129 751 revelaverant
3157 696 3282 767 tibi;
3326 697 3423 755 sed
3444 696 3612 757 Pater

2014 800 2157 841 meus
2177 784 2272 857 qui
2293 793 2368 841 est
2389 785 2445 839 in
2473 785 2613 840 caelis
2645 784 2863 857 (Matth.
2890 803 2996 856 xvt,
3026 786 3156 860 17).
3208 786 3364 845 Hunc
3391 804 3613 862 quaere-

2013 876 2106 932 bat
2135 886 2189 933 et
2220 876 2437 951 Moyses
2456 874 2689 950 loquens
2724 878 2835 935 Deo
2870 898 2884 936 :
2919 879 2981 939 Si
3017 881 3189 936 inveni
3213 882 3436 955 gratiam
3464 882 3611 957 apud

2011 974 2082 1032 te,
2129 967 2341 1022 ostende
2390 977 2438 1023 te
2482 968 2611 1021 mihi
2658 970 2949 1043 manifeste.
2998 980 3053 1025 ut
3098 972 3303 1027 videam
3330 985 3379 1028 te
3407 970 3608 1048 (Exod.

2010 1074 2221 1129 χχχιιι,
2278 1059 2391 1129 15).
2454 1060 2684 1131 Maiores
2739 1060 2963 1119 divitias
3006 1061 3282 1120 thesauris
3342 1064 3609 1138 Egypti,

2008 1150 2213 1209 Christi
2239 1153 2599 1224 opprobrium
2628 1155 2958 1231 praestolans
2982 1198 2997 1225 ,
3032 1157 3161 1213 dum
3192 1159 3608 1218 retributionem

2010 1245 3066 1315 desideratl'nturornm,etinvisibilem
3095 1250 3268 1308 Deum
3312 1253 3470 1325 quasi
3523 1254 3607 1310 vi-

2008 1340 2188 1410 deret,
2218 1343 2404 1401 animo
2433 1342 2926 1413 contemplabatur.
2961 1344 3040 1401 De
3061 1360 3170 1418 quo
3199 1356 3254 1402 et
3282 1346 3336 1403 in
3364 1346 3599 1406 Psalmis

2010 1430 2208 1502 legitur
2241 1449 2253 1485 :
2288 1429 2421 1503 Spes
2449 1432 2683 1486 omnium
2714 1432 2900 1504 ﬁniunt
2930 1442 3103 1498 terra,
3132 1442 3179 1488 et
3205 1433 3259 1488 in
3285 1437 3417 1490 mari
3453 1436 3607 1513 longe

2008 1522 2126 1595 (Ps.
2157 1540 2303 1594 utv,
2331 1523 2410 1597 6).
2433 1523 2503 1581 Et
2532 1526 2585 1581 in
2617 1524 2816 1583 Genesi
2849 1546 2860 1582 :
2887 1520 3009 1601 Ipse
3027 1527 3126 1582 erit
3149 1530 3464 1603 exspectatio
3484 1547 3610 1606 gen-

2004 1615 2134 1669 tium
2162 1614 2319 1689 (Gen.
2354 1632 2501 1688 χιιχ,
2535 1617 2648 1690 10).
2682 1617 2948 1690 Quodque
2969 1619 3215 1691 sequitur
3244 1640 3256 1676 :
3291 1618 3416 1677 Dixi
3438 1640 3458 1678 :
3493 1638 3608 1681 ecce

2005 1724 2099 1779 ego
2120 1724 2238 1762 sum
2263 1724 2282 1763 :
2313 1708 2383 1763 ad
2398 1717 2603 1783 gentem
2631 1727 2746 1781 quia
2775 1727 2879 1766 non
2920 1711 3193 1767 invocabat
3224 1731 3409 1771 nomen
3436 1731 3603 1770 meum

277 1818 512 1875 vantur.
547 1808 749 1869 Verum
783 1819 996 1881 tempus
1016 1816 1124 1877 est,
1159 1819 1219 1867 ut
1251 1806 1412 1867 iittem
1446 1808 1718 1881 imponam
1744 1804 1899 1861 volu-
1930 1797 1981 1865 Β
2009 1800 2205 1875 (Exod.
2240 1819 2318 1877 ιιι,
2355 1802 2470 1877 li),
2504 1804 2580 1861 illi
2612 1807 2794 1862 sensui
2818 1807 3078 1865 convenit
3109 1825 3121 1862 :
3155 1807 3261 1874 Qui
3308 1816 3417 1883 est,
3464 1809 3607 1865 misit

276 1902 419 1961 mini
454 1902 797 1975 prOphetaii,
831 1903 886 1959 in
937 1901 1094 1975 cujus
1137 1899 1483 1974 expositione
1533 1900 1581 1959 si
1630 1896 1900 1971 prolixior

275 1996 450 2055 solito
504 1995 682 2066 fuero,
725 1997 991 2055 extremis
1029 1995 1277 2069 partibus
1329 1991 1741 2051 concedendum
1788 1998 1895 2077 est,

275 2104 418 2159 quas
465 2088 717 2149 dividere
766 2088 941 2158 nolui,
989 2103 1059 2149 ne
1112 2086 1377 2145 librorum
1427 2098 1685 2143 numerus
1733 2097 1899 2157 auge-

278 2192 460 2239 retur.

353 2361 520 2439 (Cap.
554 2361 718 2419 LXV.
747 2392 819 2404 —
848 2361 1006 2420 Vers.
1044 2362 1122 2433 1.)
1158 2360 1486 2431 Ωαωεὶενιιηι
1532 2375 1614 2415 me
1657 2360 1747 2435 qui
1775 2368 1896 2417 ante

276 2471 359 2510 me
384 2472 500 2511 non
536 2455 920 2531 interrogabant
946 2472 966 2511 :
988 2456 1314 2521 invenerunt,
1337 2455 1427 2533 qui
1449 2471 1550 2509 non
1581 2454 1893 2526 quasierunt

279 2565 378 2603 me.
416 2546 553 2604 Dixi
584 2565 604 2603 :
643 2565 760 2605 ecce
787 2566 903 2623 ego,
938 2565 1053 2607 ecce
1081 2565 1177 2621 ego
1205 2548 1276 2603 ad
1296 2556 1499 2625 gentem
1521 2562 1637 2621 qua:
1682 2562 1784 2602 non
1808 2547 1887 2605 itt-

278 2640 504 2697 vocabat
534 2656 720 2695 nomen
751 2657 942 2695 meum.
968 2639 1114 2696 LXX
1143 2657 1157 2693 ι
1188 2639 1427 2713 Αρρανιιὶ
1468 2654 1568 2695 non
1613 2639 1891 2711 quaerenti-

281 2732 375 2787 bus
406 2749 493 2788 me
521 2734 795 2789 :inventus
842 2750 956 2788 sum
1000 2732 1062 2787 ab
1093 2732 1171 2787 Itis
1210 2732 1298 2805 qui
1337 2746 1420 2787 me
1448 2747 1549 2785 non
1602 2731 1892 2805 intermga-

282 2830 427 2879 bant.
456 2823 585 2881 Dixi
609 2841 630 2880 :
651 2841 764 2881 ecce
783 2841 876 2899 ego
902 2826 955 2880 in
975 2835 1129 2901 gente
1148 2840 1265 2898 quae
1285 2840 1389 2879 non
1420 2825 1674 2879 invocavit
1705 2840 1889 2879 nomen

283 2932 485 2976 meum.
517 2918 600 2975 Ad
631 2920 936 2974 orationem
986 2917 1171 2989 populi
1223 2919 1448 2973 mixtam
1498 2915 1885 2989 querimoniis,

284 3008 339 3064 in
388 3026 495 3083 qua
522 3010 742 3068 dixerat
774 3029 789 3066 ε
832 3011 1004 3078 Quare
1046 3028 1138 3066 nos
1166 3027 1342 3067 errare
1372 3011 1581 3084 fecisti,
1644 3009 1885 3078 Domine,

286 3102 453 3177 771
478 3092 651 3160 deria
679 3115 770 3161 tua
799 3119 817 3159 :
846 3105 1107 3160 indurasti
1144 3102 1306 3158 corda
1334 3114 1533 3172 nostra,
1590 3113 1645 3157 ut
1690 3120 1795 3159 non
1826 3104 1888 3159 ti-

2003 1911 2083 1949 me
2122 1894 2193 1949 ad
2231 1912 2337 1951 t'os.
2368 1894 2470 1965 Qui
2504 1910 2631 1953 cum
2663 1897 2717 1953 in
2750 1897 2923 1955 forma
2970 1896 3072 1954 Dei
3119 1906 3304 1965 esset.
3358 1916 3466 1956 non
3518 1909 3607 1957 est

2000 1988 2249 2061 rapinam
2279 1988 2579 2045 arbitratus
2609 1990 2875 2063 requalem
2902 2006 2963 2047 se
2986 2008 3110 2048 esse
3136 1990 3270 2059 Deo,
3305 2002 3413 2049 etc.
3444 1990 3606 2069 (Phi-

1999 2080 2131 2157 lipp.
2162 2080 2262 2157 n)‘;
2299 2083 2396 2141 sed
2429 2085 2596 2141 totius
2624 2085 2813 2147 mundi
2842 2101 3152 2163 provocans
3188 2096 3403 2161 gentes,
3436 2102 3601 2147 unam

1998 2172 2127 2231 fecit
2152 2177 2233 2231 sui
2265 2178 2509 2234 nominis
2535 2188 2755 2255 gentem
2787 2176 3251 2237 Christianorum.

2066 2264 2232 2345 772
2257 2268 2447 2343 (Vers.
2477 2266 2563 2347 2.)
2594 2268 2844 2344 Ezpandi
2883 2288 3070 2329 manus
3098 2288 3238 2327 meas
3265 2278 3375 2326 tota
3417 2270 3502 2327 die
3530 2270 3603 2326 ad

1998 2362 2249 2436 populum
2277 2364 2638 2439 incredulum,
2684 2367 2778 2441 qui
2803 2366 3044 2437 graditur
3089 2366 3145 2420 in
3201 2366 3287 2420 eia
3315 2381 3421 2421 non
3463 2362 3602 2420 bona

1997 2466 2111 2527 post
2158 2458 2494 2529 cogitationes
2542 2476 2684 2514 suas.
2730 2457 2875 2514 LXX
2912 2456 3206 2529 :Expandi
3236 2476 3420 2515 manus
3459 2475 3598 2521 meas

1995 2558 2106 2605 tota
2121 2551 2205 2607 die
2220 2551 2293 2607 ad
2316 2550 2571 2627 papulum
2593 2551 2920 2607 incredulum
2947 2563 2996 2607 et
3020 2553 3482 2618 contradicentem,
3508 2552 3600 2627 qui

1995 2658 2098 2696 non
2125 2641 2521 2699 ambulaverunt
2544 2645 2597 2699 in
2627 2644 2709 2699 via
2737 2644 2872 2700 bona
2903 2660 2923 2701 :
2944 2648 3036 2699 sed
3062 2653 3179 2719 post
3213 2655 3423 2716 peccata
3467 2662 3590 2702 sua.

1994 2734 2108 2789 Hoc
2137 2736 2282 2807 quod
2314 2752 2477 2808 supra
2507 2735 2715 2795 dictum
2741 2746 2827 2794 est
2852 2756 2864 2793 :
2897 2737 3136 2809 Apparui
3164 2736 3246 2794 Itis
3274 2739 3366 2813 qui
3390 2756 3470 2799 me
3492 2755 3599 2795 non

1993 2827 2381 2902 interroqabant
2410 2846 2432 2886 :
2463 2831 2697 2887 inventus
2725 2848 2839 2887 sum
2870 2831 2935 2887 ab
2965 2830 3045 2887 Itis
3076 2833 3166 2907 qui
3213 2849 3294 2893 me
3321 2850 3425 2888 non
3452 2850 3598 2911 qua:-

1993 2919 2189 2985 rebant,
2222 2922 2506 2993 apostolus
2531 2922 2730 2979 Paulus
2751 2924 2999 2981 scribens
3024 2926 3087 2980 ad
3118 2922 3422 2992 Romanos,
3470 2940 3595 2981 cum

1992 3026 2158 3082 super
2204 3014 2448 3087 gentium
2494 3031 2735 3093 persona
2777 3016 3164 3089 exposuisset,
3210 3018 3453 3091 adjecit:
3514 3017 3598 3074 Ad

1992 3106 2163 3165 Israel
2178 3122 2351 3166 autem
2366 3112 2491 3168 dicit
2526 3130 2544 3169 :
2571 3110 2824 3189 Expandi
2864 3130 3051 3169 manus
3074 3130 3214 3170 meas
3231 3113 3302 3169 ad
3328 3112 3585 3189 pupulum

287 3212 542 3251 meremus
574 3207 621 3251 te
649 3196 804 3269 (lsai.
836 3213 989 3267 Lxut,
1024 3194 1151 3273 l7)?
1182 3196 1488 3271 respondit,
1514 3195 1759 3255 utJudtei
1789 3211 1882 3253 vo.
1916 3192 1962 3255 C
1994 3201 2321 3258 incredulum
2350 3214 2397 3259 et
2416 3205 2855 3261 contradicentem
2882 3204 3065 3283 (Rom.
3097 3222 3154 3279 χ,
3185 3202 3315 3278 21),
3349 3206 3440 3279 qui
3466 3219 3591 3262 cum

288 3288 441 3361 Iunt,
478 3290 618 3347 Deus
644 3290 836 3359 Pater;
868 3300 926 3345 ut
956 3307 1055 3346 nos
1084 3290 1400 3367 probamus,
1438 3290 1701 3345 Dominus
1729 3298 1889 3361 atque

289 3382 542 3440 Salvator
577 3401 591 3439 :
620 3386 673 3440 in
703 3394 911 3445 tantum
942 3400 1053 3440 non
1081 3400 1200 3439 sum
1249 3383 1456 3456 rigidus
1504 3390 1560 3438 et
1606 3381 1843 3439 crudelis
1869 3426 1883 3453 ,

289 3479 380 3547 qui
414 3477 560 3533 malo
584 3478 965 3549 pennitentiant
1011 3478 1314 3549 peccatoris
1344 3518 1358 3543 ,
1415 3492 1575 3547 quam
1607 3486 1839 3532 mortem
1871 3493 1885 3530 :

292 3585 396 3627 nec
424 3571 636 3647 repello
658 3571 800 3627 lilins
834 3571 1163 3640 pestilentes
1188 3615 1203 3641 ,
1251 3571 1343 3649 qui
1376 3581 1555 3626 tamen
1588 3570 1672 3629 sui
1706 3570 1886 3626 nomi-

293 3667 378 3721 nis
406 3668 749 3722 servaverint
775 3667 1124 3738 diguitatem,
1154 3674 1214 3722 ut
1241 3667 1405 3722 etiam
1438 3667 1645 3720 alienos
1676 3665 1889 3721 saivarc

297 3759 458 3815 velim
493 3758 712 3831 (Ezech.
739 3761 960 3833 xum).
992 3761 1092 3828 Qui
1122 3760 1267 3815 enim
1301 3775 1387 3815 me
1412 3774 1516 3814 nan
1546 3758 1884 3831 quaerebant,

294 3867 395 3909 nec
425 3851 609 3911 dicere
638 3862 891 3923 poterant
917 3871 929 3905 :
960 3852 1121 3919 Quem
1143 3851 1346 3925 scripsit
1372 3848 1580 3923 Moyses
1608 3852 1662 3905 in
1713 3849 1848 3924 Lege
1869 3893 1885 3918 ,

291 3956 337 3999 et
363 3943 643 4023 prophetae,
674 3944 961 3999 invenimus
985 3942 1167 3999 Iesum
1196 3943 1377 4015 (Joau.
1412 3958 1451 4008 I,
1477 3940 1595 4014 45);
1628 3940 1763 4013 ipsis
1794 3954 1889 4013 ap-

295 4039 485 4109 parui,
527 4038 597 4093 de
640 4036 838 4113 quibus
866 4049 921 4092 et
971 4034 1102 4092 alibi
1152 4034 1430 4107 Propheta
1476 4041 1718 4090 testatus
1757 4040 1886 4089 est:

296 4132 495 4202 Quibus
541 4148 646 4189 non
690 4142 769 4187 est
817 4132 1185 4186 annuntiatum
1237 4131 1301 4185 de
1329 4145 1410 4195 eo,
1435 4128 1647 4184 audient
1678 4144 1697 4183 :
1724 4135 1774 4185 et
1800 4127 1892 4200 qui

292 4243 395 4284 non
428 4227 740 4291 audierunt,
780 4225 1072 4298 intelligent
1103 4223 1241 4301 (Isa.
1272 4240 1365 4293 ιιι,
1399 4224 1511 4291 15).
1548 4223 1658 4280 Vos
1704 4232 1887 4279 autem

186 4354 193 4363 -
294 4322 382 4393 qui
416 4323 589 4392 legem
621 4317 715 4377 Dei
745 4320 836 4377 die
863 4335 926 4376 ac
957 4328 1117 4375 nocte
1143 4318 1485 4375 meditamiui
1508 4363 1522 4388 ,
1551 4318 1748 4374 frustra
1775 4319 1893 4389 jac—

296 4416 421 4472 tatis
449 4416 865 4491 paenitentiam,
899 4416 1056 4487 cujus
1092 4432 1258 4486 opera
1312 4430 1418 4470 non
1474 4414 1674 4471 facitis.
1732 4412 1888 4473 Unde

297 4508 665 4583 Evangelistae
687 4520 742 4565 et
775 4509 1036 4583 apostoli.
1068 4523 1285 4580 semper
1314 4508 1606 4563 adventum
1652 4506 1885 4576 Domini,

1993 3296 2275 3353 beneﬂciis
2308 3297 2518 3353 Domini
2552 3297 2867 3355 vinceretur
2890 3340 2904 3365 ,
2937 3306 2993 3356 et
3039 3300 3184 3355 ultra
3213 3300 3491 3362 hominem
3519 3299 3595 3357 si—

1990 3404 2094 3461 gna
2116 3390 2500 3461 conspiceret,
2547 3390 2910 3465 loquebatur:
2945 3390 3052 3451 Iste
3081 3409 3187 3448 non
3230 3394 3371 3471 ejicit
3399 3394 3595 3451 dieme-

1992 3486 2102 3551 nia,
2127 3486 2229 3540 nisi
2262 3485 2319 3541 in
2348 3485 2634 3543 Beelzebub
2656 3488 2888 3563 principe
2906 3488 3282 3542 damoniorum
3331 3486 3486 3561 (Luc.
3510 3502 3590 3561 χι,

1996 3577 2109 3643 15).
2141 3578 2207 3632 Et
2233 3578 2427 3634 iterum
2457 3578 2862 3636 :Samariluuus
2889 3597 2941 3635 es
2967 3590 3042 3653 tu,
3070 3591 3120 3647 et
3151 3581 3467 3635 daemonium
3492 3579 3592 3635 hae

1993 3671 2078 3725 bes
2107 3669 2289 3737 (Ioan.
2322 3687 2436 3750 vui,
2470 3671 2590 3745 48).
2624 3674 2693 3729 Ει
2719 3689 2937 3733 rursum
2971 3691 2985 3729 :
3018 3692 3133 3729 cum
3156 3676 3228 3729 sis
3250 3675 3427 3746 homo,
3461 3675 3592 3749 facis

1991 3774 2039 3819 te
2068 3763 2233 3819 Deunt
2258 3763 2442 3838 (Joau.
2472 3783 2526 3835 χ,
2561 3765 2678 3839 35).
2724 3765 2789 3822 Et
2816 3767 2946 3823 alibi
2974 3786 2985 3822 :
3015 3765 3123 3822 Iste
3144 3766 3298 3821 homo
3329 3784 3430 3825 non
3457 3775 3531 3823 est
3559 3782 3594 3823 tt

1995 3855 2126 3925 Deo,
2177 3858 2267 3930 qui
2312 3857 2580 3917 sabbatum
2624 3874 2729 3913 non
2777 3857 3006 3914 custodit
3038 3858 3223 3930 (Joan.
3251 3875 3328 3927 ιχ,
3377 3856 3489 3933 10).
3523 3856 3592 3919 Et

1994 3950 2164 4004 multa
2196 3949 2323 4009 alia.
2354 3966 2474 4023 quae
2509 3951 2728 4021 longum
2781 3959 2867 4009 est
2912 3959 3126 4007 texere.
3168 3951 3411 4024 Denique
3466 3965 3591 4011 cum

1992 4041 2087 4097 ille
2115 4042 2167 4097 in
2191 4056 2355 4097 cruce
2376 4042 2695 4099 extenderet
2720 4056 2910 4099 manus
2939 4042 3006 4103 ad
3040 4043 3295 4119 populum
3330 4058 3440 4099 non
3468 4057 3592 4099 cre-

1992 4132 2234 4204 dentem,
2260 4142 2316 4190 et
2334 4132 2545 4190 diceret
2570 4153 2581 4190 :
2608 4132 2788 4204 Pater,
2812 4137 3020 4208 ignosce
3044 4137 3116 4191 eis
3146 4134 3325 4207 :quad
3350 4136 3486 4191 enim
3513 4140 3596 4209 fa-

1992 4233 2155 4292 ciunt,
2177 4228 2417 4283 nesciunt
2445 4226 2599 4301 (Luc.
2631 4245 2782 4294 χχιιι,
2814 4227 2909 4303 3t)
2943 4246 2963 4285 :
2993 4229 3075 4286 illi
3107 4245 3139 4287 e
3166 4230 3395 4303 regione
3441 4229 3590 4287 dice-

1994 4317 2122 4373 bant
2154 4337 2167 4373 :
2208 4317 2355 4374 Vah!
2379 4319 2468 4390 qui
2495 4321 2709 4377 destruit
2735 4319 3034 4395 Templum,
3066 4333 3117 4378 et
3146 4323 3200 4381 in
3225 4324 3387 4380 tribus
3413 4324 3594 4379 diebus

1992 4411 2222 4484 aedificat
2248 4411 2383 4467 illud
2408 4429 2427 4468 :
2455 4413 2734 4470 descendat
2757 4430 2897 4469 nunc
2925 4415 2991 4472 de
3018 4432 3172 4471 cruce
3190 4458 3206 4484 ,
3250 4426 3298 4472 et
3326 4416 3588 4481 credimur

1993 4506 2060 4560 ei.
2086 4498 2233 4560 Alios
2259 4505 2429 4561 salvos
2452 4506 2593 4574 fecit,
2624 4510 2857 4577 seipsum
2893 4508 3097 4563 salvum
3124 4512 3297 4582 facem
3350 4524 3455 4563 non
3499 4522 3592 4577 po-

296 4604 500 4657 veteris
523 4600 861 4657 Testamenti
891 4601 1184 4672 cupientes
1233 4601 1567 4657 testimoniis
1597 4599 1885 4667 roborare,
1918 4586 1966 4649 Β
1996 4606 2092 4654 test
2113 4598 2330 4670 (Matth.
2368 4614 2546 4668 χχιιι,
2576 4598 2694 4673 40).
2726 4600 2806 4657 De
2838 4601 2946 4658 hoc
2981 4613 3037 4656 et
3075 4602 3303 4660 Simeon
3344 4602 3400 4658 in
3450 4601 3601 4658 ulnis

294 4692 555 4750 dicebant
585 4711 600 4748 :
627 4691 697 4749 Ut
720 4693 1024 4763 impleretur
1043 4692 1183 4763 quod
1204 4693 1401 4747 dictum
1430 4702 1505 4747 est
1533 4709 1627 4766 per
1656 4690 1891 4763 Prophe-

196 4824 203 4831 ι
298 4797 401 4843 tam
430 4784 656 4861 (Matth.
686 4801 728 4855 ι,
761 4783 880 4858 22).
910 4785 1177 4840 Centurio
1206 4785 1498 4841 Dominum
1534 4801 1640 4841 non
1681 4798 1899 4857 quere-

294 4877 406 4945 bat,
435 4887 491 4935 et
517 4877 722 4933 audivit
753 4891 785 4933 a
814 4876 1053 4933 Domino
1086 4895 1097 4931 :
1130 4875 1316 4949 Neque
1369 4877 1424 4932 in
1470 4874 1644 4931 Israel
1695 4884 1897 4930 tantam

295 4974 453 5041 ﬁdem
483 4973 655 5031 inueni
677 4969 831 5044 (Luc.
864 4987 963 5033 ιιι.
987 4972 1058 5037 9;
1091 4969 1277 5029 Matth.
1313 4985 1432 5036 vnt,
1460 4969 1573 5041 10).
1598 4970 1897 5042 Syrophoe-

298 5064 440 5119 nissa
498 5064 699 5120 mulier
729 5065 1132 5135 Prophetarum
1191 5064 1409 5134 eloquia
1459 5063 1783 5129 nesciebat,
1836 5072 1894 5120 et

297 5156 513 5214 Domini
534 5174 666 5214 voce
689 5158 942 5217 laudatur
967 5176 979 5211 :
1004 5156 1049 5215 0
1072 5158 1281 5227 mulier,
1303 5173 1495 5230 magna
1520 5167 1597 5212 est
1618 5156 1751 5228 fides
1780 5166 1889 5212 tua.

296 5250 535 5324 Regulus
593 5250 772 5323 (loco.
806 5252 904 5324 tv).
964 5252 1056 5323 qui
1107 5250 1299 5311 Graece
1354 5250 1558 5309 dicitur
1602 5250 1894 5323 βασιλικὸς,

295 5361 457 5417 (rtem
484 5358 584 5399 nos
608 5344 678 5399 de
706 5345 826 5399 aula
881 5346 1026 5414 regis
1056 5344 1264 5399 rectius
1292 5343 1646 5415 interpretari
1699 5356 1899 5413 postue

298 5452 417 5494 mus
439 5434 755 5517 palatinum,
780 5452 886 5491 non
916 5438 1090 5495 solum
1118 5435 1237 5502 filii,
1263 5436 1361 5491 sed
1393 5435 1670 5491 universa)
1697 5433 1893 5490 domus

297 5547 410 5591 suae
435 5530 644 5603 reperit
665 5530 977 5597 sanitatem.
1002 5528 1158 5603 Quod
1176 5541 1356 5589 autem
1380 5527 1531 5597 juxta
1562 5525 1893 5589 llebraicum

298 5624 502 5681 dicitur
536 5639 551 5679 :
585 5625 912 5693 cuminum
937 5639 1019 5678 me
1039 5624 1131 5696 qui
1170 5635 1291 5681 ante
1337 5637 1444 5687 non
1478 5617 1897 5692 interrogabant.

302 5716 367 5773 ad
398 5718 655 5775 eumdem
687 5730 910 5773 sensum
941 5717 1183 5773 refertur
1212 5736 1226 5772 :
1259 5724 1314 5774 ut
1342 5702 1492 5789 prius
1523 5715 1615 5769 Dei
1646 5714 1899 5770 notitiam

306 5826 414 5869 non
441 5811 728 5878 habentes,
760 5818 954 5894 postea
1010 5821 1256 5882 quaerant
1299 5808 1583 5867 Dominum
1612 5851 1628 5877 ,
1680 5812 1738 5860 et
1774 5822 1898 5863 eum

1998 4701 2195 4749 tenens
2229 4693 2516 4763 parvulum
2551 4694 2915 4764 prophetabat
2947 4692 3125 4750 :Ecce
3154 4695 3238 4749 hic
3266 4698 3466 4768 positus
3520 4700 3598 4749 est

1996 4786 2049 4838 in
2075 4784 2285 4839 ruinam
2311 4794 2360 4838 et
2386 4782 2441 4838 in
2467 4786 2889 4840 resurrectionem
2908 4787 3216 4851 multorum,
3242 4796 3295 4842 et
3315 4788 3372 4847 in
3390 4788 3598 4858 tignum

1993 4876 2079 4931 cui
2105 4875 2493 4930 contradicetur
2522 4873 2679 4948 (an.
2711 4892 2772 4946 tt,
2798 4876 2915 4951 54).
2940 4876 3135 4935 Romae
3162 4878 3340 4936 Juda-i
3363 4879 3598 4951 loquun-

2001 4978 2087 5025 tur
2117 4967 2185 5023 ad
2215 4967 2443 5029 Paulum
2481 4985 2496 5023 :
2529 4965 2609 5025 De
2638 4978 2778 5025 secta
2800 4968 2898 5027 hac
2922 4980 3100 5029 notum
3128 4980 3206 5031 est
3254 4969 3424 5036 nobis,
3455 4968 3597 5040 quod

1999 5061 2188 5133 ubique
2208 5061 2255 5114 ei
2282 5061 2677 5116 eontradicatur
2710 5062 2850 5134 (Art.
2880 5078 3048 5120 sunt
3071 5103 3089 5131 ,
3117 5061 3235 5135 11).
3298 5063 3598 5117 Possumus

2000 5166 2276 5225 expansos
2329 5167 2528 5210 manus
2557 5165 2610 5210 et
2640 5154 2694 5210 in
2726 5154 2984 5229 largitate
3012 5154 3277 5213 donantis
3325 5153 3603 5227 accipere,

2001 5245 2146 5317 quod
2178 5243 2311 5303 uibil
2336 5244 2417 5303 eis
2444 5246 2761 5317 petentibus
2802 5247 3095 5321 denegat-it
3123 5264 3136 5301 :
3170 5244 3267 5305 sed
3289 5243 3474 5311 statim
3508 5259 3602 5303 ro-

2003 5340 2152 5411 ganti
2184 5345 2405 5410 leproso
2428 5340 2737 5398 reddiderit
2769 5342 3067 5398 sanitatem
3098 5335 3319 5411 (Matth.
3350 5335 3472 5403 vni)
3506 5354 3519 5393 :
3545 5344 3607 5396 et

1993 5447 2176 5489 emcus
2217 5447 2247 5487 ιι
2292 5434 2580 5489 uativitate
2607 5435 2895 5504 acceperit
2924 5432 3113 5489 oculos
3158 5428 3343 5499 (lacn.
3398 5430 3601 5503 ix):et

1997 5525 2295 5583 esurientis
2349 5526 2404 5585 in
2446 5527 2695 5593 deserto,
2750 5523 2995 5594 exceptis
3027 5522 3216 5599 pueris
3244 5522 3607 5599 ac‘mulieri-

2000 5619 2121 5684 bus,
2176 5619 2507 5689 populorum
2539 5626 2783 5679 saturata
2838 5618 2953 5675 aint
3001 5615 3174 5675 millia
3207 5614 3431 5689 (Matth.
3459 5617 3599 5691 χιιι).

2000 5713 2326 5785 Signiﬁcant
2354 5726 2615 5786 expansos
2638 5725 2835 5768 manus
2856 5722 2913 5767 et
2938 5709 3189 5783 parentis
3208 5710 3592 5781 clementiam,

2007 5823 2142 5865 suos
2179 5806 2329 5865 tilios
2382 5806 2436 5865 in
2469 5806 2594 5867 sinu
2645 5803 2895 5876 recipere
2937 5801 3248 5886 gestientis.
3277 5800 3385 5877 Qui
3414 5819 3447 5867 e
3476 5816 3612 5875 con-
