4084 6324
250 323 364 384 033

775 322 1426 385 COMMENTARIORUM
1474 321 1540 380 ΙΝ
1577 319 1816 380 ιεΑιΑιι
1859 316 2276 376 PROPHETAM
2316 320 2445 378 LIB.
2490 321 2674 380 XVIII.
2714 322 2872 380 CAP.
2912 321 3078 382 LXV.

3471 321 3579 380 634

252 444 524 510 aliorum,
580 462 706 516 qure
747 461 852 501 nou
910 444 1073 519 775
1122 455 1249 499 sunt
1288 441 1432 498 aliud
1457 483 1475 509 ,
1528 442 1628 496 nisi
1683 438 1877 494 tumuli
1906 443 1961 506 Α
1985 437 2321 494 dementiam
2354 440 2602 505 veniunt,
2630 443 3037 514 ntquicumque
3065 458 3259 498 eorum
3286 457 3394 500 non
3420 441 3585 500 fuerit

253 548 645 595 mortuorum.
693 538 806 595 Nec
833 537 937 594 hoc
964 548 1122 593 erant
1152 537 1448 608 impietatis
1478 535 1584 590 line
1605 533 1870 598 conti-nti,

251 633 346 688 sed
385 647 700 702 porcormn
731 647 947 703 quoque
995 633 1258 686 carnibus
1290 629 1658 685 vescebantur
1684 670 1697 695 ,
1729 625 1874 699 quod

250 727 374 799 lege
430 729 780 796 prohibitum
813 738 928 783 erat
955 768 971 794 ,
1007 736 1063 782 et
1108 737 1134 764 ει
1188 731 1276 796 jus
1330 731 1686 791 hesternum,
1727 721 1871 788 quod

249 820 439 878 Graeci
520 832 732 876 vocant
786 821 938 877 ἕωλον
996 819 1170 876 avidis
1227 819 1477 874 faucibus
1532 816 1875 872 devorabaut

256 915 454 988 (Leuit.
489 921 629 974 ιιι).
665 914 820 972 Unde
870 926 978 970 tam
1021 914 1122 985 ipsi
1182 930 1346 986 quam
1399 928 1524 967 vasa
1555 927 1744 968 eorum
1776 911 1873 965 im-

251 1011 463 1068 munda
494 1023 687 1076 erant,
718 1019 773 1064 et
806 1013 858 1064 in
895 1019 1102 1065 tantum
1137 1009 1486 1079 procacitatis
1513 1023 1575 1061 ac
1600 1005 1874 1078 superbia:

251 1106 515 1179 quotidie
543 1116 842 1177 augmenta
863 1106 1179 1175 capiebant,
1210 1116 1267 1160 ut
1313 1105 1642 1174 quicumque
1663 1117 1768 1157 non
1800 1101 1872 1156 si-

251 1200 366 1258 mili
388 1203 701 1256 dnceretur
723 1216 934 1264 errore,
952 1217 1074 1254 cum
1095 1199 1495 1255 arbitrarentur
1510 1196 1869 1262 itnmnndmn,

249 1291 701 1364 contactumque
733 1293 852 1361 ejus
881 1294 1154 1362 fugerent,
1188 1290 1643 1361 quemadmodum
1683 1291 1873 1344 Samo-

251 1386 421 1442 ritani
458 1396 518 1442 et
549 1384 724 1441 Judaei
761 1387 920 1442 nobis
951 1386 1156 1440 faciunt
1180 1427 1196 1449 ,
1241 1400 1542 1454 oumcsque
1591 1383 1867 1452 haeretici,

249 1478 452 1552 quales
514 1496 694 1551 nuper
747 1477 894 1534 subb
943 1482 1202 1549 magistro
1236 1476 1532 1532 cerebroso
1589 1477 1640 1530 in
1696 1474 1868 1531 Gallia

250 1573 634 1646 pullularunt,
659 1573 750 1636 qui
777 1572 1032 1628 basiliCas
1063 1571 1357 1646 Martyrum
1388 1569 1873 1634 declinantes,nos

249 1666 343 1737 qui
375 1665 455 1721 ibi
485 1669 777 1722 orationes
798 1681 865 1721 ex
897 1681 1046 1720 more
1078 1663 1602 1734 celi-brainus,qnasi
1637 1663 1871 1717 immun-

251 1760 353 1816 dos
385 1759 631 1832 fugiunt.
662 1760 774 1814 Hoc
803 1769 982 1813 autem
1034 1773 1138 1814 non
1193 1768 1302 1813 tam
1334 1756 1416 1812 illi
1449 1758 1670 1818 iaciunt,
1707 1771 1866 1824 quam

1978 531 2198 595 similis,
2223 547 2346 586 eum
2372 535 2526 602 quasi
2562 535 2832 604 perditum
2863 536 3226 593 detestentur.

2051 622 2235 694 (Vers.
2271 622 2325 683 6.
2359 625 2436 695 7.)
2474 625 2763 694 lstifumus
2794 639 2945 682 erunt
2993 629 3045 683 in
3073 633 3250 696 furore.
3271 646 3405 697 meo,
3438 628 3576 699 ignis

1977 716 2169 770 ardens
2221 725 2328 770 tota
2357 719 2460 771 die.
2520 716 2924 788 Eccescriptum
2969 732 3044 778 est
3067 739 3241 778 coram
3291 739 3414 779 me:
3450 722 3574 778 Non

1980 810 2176 874 tacebo,
2210 808 2299 862 sed
2319 809 2531 862 reddam
2556 820 2601 864 et
2631 813 2910 866 retribuam
2943 814 2998 868 in
3026 815 3144 868 sinu
3173 830 3354 870 eorum
3384 815 3576 887 iniqui-

1976 911 2103 956 tates
2125 915 2336 968 vestras,
2362 917 2408 958 et
2430 905 2724 975 iniquitates
2750 918 2952 974 patrum
2983 917 3261 964 vestrarum
3274 901 3454 976 simul,
3485 909 3570 962 di-

1977 995 2043 1050 cit
2071 996 2345 1059 Dominus,
2379 999 2468 1062 qui
2497 1000 2918 1068 sacriﬁcaturum
2948 1019 3103 1066 super
3129 1016 3324 1058 montes
3345 1018 3391 1058 et
3417 1017 3573 1072 super

1976 1093 2154 1155 colles,
2186 1092 2624 1156 exprobrauerunt
2656 1095 2812 1152 mihi.
2870 1105 2916 1150 et
2944 1098 3181 1151 remetiar
3226 1113 3356 1167 opus
3394 1111 3570 1152 eorum

1977 1186 2199 1254 primum
2221 1187 2275 1240 in
2306 1188 2476 1240 sinum
2501 1204 2697 1241 corum.
2717 1188 2858 1244 LXX
2887 1207 2899 1241 :
2933 1189 3041 1246 Iste
3061 1203 3134 1246 est
3176 1194 3348 1262 fumus
3379 1190 3571 1262 furoris

1976 1279 2076 1332 mei
2101 1296 2120 1333 :
2142 1281 2275 1350 ignis
2301 1280 2447 1334 ardet
2480 1283 2530 1334 in
2555 1299 2617 1337 eo
2646 1285 2844 1338 cunctis
2862 1283 3058 1340 diebus.
3083 1283 3216 1340 Ecce
3247 1286 3494 1356 scriptum
3515 1285 3569 1338 iu

1975 1382 2248 1442 compectu
2272 1389 2386 1427 meo
2402 1390 2419 1428 .°
2438 1372 2560 1427 Non
2591 1378 2791 1442 tacebo,
2808 1377 2969 1432 donec
2990 1379 3201 1432 reddam
3223 1387 3270 1432 et
3292 1379 3569 1432 retribuam

1976 1465 2028 1520 in
2049 1468 2166 1521 sinu
2205 1484 2379 1523 eorum
2419 1483 2628 1542 peccata
2651 1489 2769 1539 sua,
2799 1483 2846 1527 et
2891 1483 3095 1545 patrum
3145 1490 3357 1528 suorum
3386 1516 3402 1539 ,
3444 1475 3571 1528 dicit

1978 1560 2260 1618 Dominus:
2290 1565 2379 1635 qui
2401 1564 2676 1620 adolebant
2706 1567 2971 1621 incensum
2993 1584 3148 1638 super
3187 1581 3384 1623 montes
3415 1577 3462 1622 et
3483 1585 3570 1622 su-

1974 1672 2066 1725 per
2094 1655 2272 1725 colles,
2307 1658 2745 1727 exprobrauerunt
2775 1662 2938 1726 mihi;
2969 1661 3184 1716 reddam
3213 1677 3372 1733 opera
3399 1677 3573 1716 eorum

1975 1752 2025 1805 in
2057 1754 2228 1807 sinum
2251 1771 2425 1810 eorum
2453 1755 2564 1829 [.\l.
2603 1757 2796 1832 suum].
2825 1759 3057 1831 Propter
3085 1775 3250 1831 opera
3286 1769 3491 1822 vestra,
3517 1767 3574 1815 et

250 1849 668 1909 habitantesin
700 1853 782 1909 eis
808 1853 1105 1920 ιιεσιιιιυηεε,
1141 1851 1512 1918 fortitudinem
1551 1861 1604 1905 et
1655 1848 1865 1918 ﬂagella
1900 1855 1948 1915 Β
1974 1843 2362 1920 incredibilem
2405 1854 2603 1906 mentis
2658 1866 2762 1907 arri
2786 1855 3026 1922 gantiam
3062 1895 3077 1920 ,
3133 1862 3192 1909 ut
3263 1853 3572 1922 inmundi,

253 1950 431 2004 sancti
457 1946 669 2003 cineris
699 1964 804 2002 non
839 1948 1094 2002 terentes.
1118 1946 1252 2015 Quis
1281 1956 1461 2000 autem
1487 1943 1867 2000 ltmteticurum

253 2058 362 2100 non
399 2043 709 2111 requiescit
739 2045 791 2098 in
822 2044 1125 2110 memoriis,
1155 2059 1260 2097 non
1290 2044 1487 2096 dormit
1515 2043 1569 2096 in
1595 2042 1870 2111 specubus

254 2139 700 2208 magistrorum?
727 2136 915 2205 Qualis
951 2139 1042 2190 luit
1081 2138 1318 2193 Marcion
1349 2147 1405 2192 et
1437 2137 1779 2200 Valentinus,
1815 2146 1868 2192 et

254 2244 434 2294 nuper
461 2229 789 2296 Eunumius,
812 2229 1010 2284 mentis
1033 2229 1431 2285 immunditiam
1465 2231 1677 2301 lcprosa
1702 2243 1867 2284 carne

254 2333 612 2386 contesmns,
647 2322 739 2392 qui
785 2322 966 2377 lumen
1000 2323 1173 2377 sant-ti
1206 2324 1442 2392 Spiritus
1465 2324 1865 2394 relinquentes,

254 2426 309 2472 et
333 2417 690 2472 cmnaculum
722 2417 775 2470 in
803 2431 911 2486 quo
941 2416 1191 2487 ADOsIOli
1244 2417 1626 2481 versabantur,
1672 2418 1722 2468 in
1752 2415 1869 2469 dia-

255 2507 366 2566 boli
395 2511 649 2565 tene-bris
676 2518 1109 2575 commorantur,
1161 2520 1215 2565 et
1268 2516 1560 2577 Speluncas
1608 2510 1862 2580 diligunt,

256 2617 392 2672 quas
421 2600 702 2658 Jeremias
732 2601 963 2674 mysticii
1003 2618 1264 2658 sermone
1289 2604 1618 2658 candetuuat
1651 2621 1664 2656 :
1699 2601 1865 2656 Facta

259 2708 330 2750 est
355 2695 647 2752 haereditas
671 2714 785 2752 mea
815 2698 942 2751 mihi
969 2699 1117 2769 quasi
1143 2699 1392 2768 spelunca
1417 2698 1617 2770 hywna’
1646 2697 1861 2752 tierent.

259 2803 358 2857 Sit,
390 2793 480 2860 8),
531 2808 692 2861 quant
729 2793 902 2846 nostri
951 2791 1179 2846 belluam
1229 2801 1421 2846 vocant
1449 2808 1460 2844 :
1493 2791 1634 2860 quod
1661 2790 1864 2844 animal

259 2898 486 2956 semper
530 2887 797 2942 cadaiera
862 2894 1233 2956 persequitur,
1292 2899 1344 2940 et
1405 2887 1541 2942 vivit
1592 2901 1758 2941 succo
1803 2901 1866 2941 ac

257 2984 413 3036 sanie
442 2995 743 3050 corporum
791 2988 1156 3037 mortuorum.
1214 2980 1520 3035 Adversum
1568 2981 1665 3035 bos
1697 3021 1712 3042 ,
1775 2979 1864 3047 qui

258 3071 514 3130 habitant
559 3075 611 3128 iu
659 3075 967 3142 speluncis,
1017 3075 1316 3130 etAbacuc
1370 3074 1701 3129 lamentabili
1733 3089 1865 3129 voce

257 3166 486 3224 dicebat
519 3186 532 3222 :
574 3167 667 3223 Vte
707 3169 798 3239 qui
853 3178 1030 3237 potum
1066 3167 1156 3222 dat
1185 3171 1427 3240 proximo
1459 3180 1478 3204 ε
1512 3185 1605 3220 suo
1637 3167 1864 3238 potionis

1975 1936 2206 1994 mundus
2265 1944 2534 2012 putaretis
2588 1945 2920 2008 immundos.
2972 1946 3127 2002 eritis
3183 1946 3387 2012 fumus,
3428 1947 3570 2011 ignis

1973 2032 2304 2107 ardens[Al.
2338 2035 2630 2109 ardenti~],
2652 2041 2742 2106 qui
2777 2038 2847 2094 de
2881 2054 3003 2094 meo
3033 2040 3221 2095 lurore
3273 2054 3572 2095 socer-usus

1971 2136 2075 2180 est.
2113 2126 2376 2185 Furorem
2410 2146 2620 2195 autem,
2653 2133 3018 2202 oblivionem,
3075 2137 3235 2201 iram,
3273 2138 3569 2207 pretiitudi-

1971 2236 2120 2285 nem,
2150 2225 2218 2277 ita
2253 2222 2308 2278 in
2329 2224 2441 2280 Deo
2471 2225 2738 2283 debemus
2769 2230 3048 2300 accipere,
3072 2230 3351 2301 quomodo
3376 2231 3568 2302 pedes,

1972 2333 2188 2382 manus,
2214 2322 2429 2386 oculos,
2465 2338 2651 2389 aures,
2676 2333 2731 2377 et
2758 2334 2955 2379 ca-tera
2987 2326 3254 2390 membra,
3302 2341 3424 2392 ιιιιω
3475 2326 3571 2380 ba-

1969 2407 2103 2465 bere
2156 2411 2362 2466 dicitur
2411 2413 2778 2485 incorporalis
2809 2429 2862 2471 et
2915 2417 3216 2472 ll|\'l.~ibili8
3249 2419 3415 2474 ili-us.
3446 2419 3564 2474 Non

1970 2518 2078 2573 quo
2103 2504 2184 2559 bis
2220 2516 2397 2574 pateat
2426 2511 2959 2578 perturbationibus,
2991 2515 3080 2579 qui
3114 2527 3210 2568 eas
3248 2515 3395 2568 dono
3437 2529 3564 2586 gra-

1973 2598 2057 2650 tiae
2080 2614 2192 2653 SU£
2215 2601 2515 2671 eXStinguit
2541 2605 2591 2655 in
2619 2604 2799 2668 nobis;
2819 2604 2916 2659 sed
2940 2620 3049 2676 quo
3071 2621 3167 2673 per
3190 2618 3374 2663 nostra
3400 2611 3568 2664 verba

1973 2691 2066 2746 Dei
2098 2709 2227 2763 erga
2264 2711 2365 2748 nos
2386 2695 2757 2767 intelligamus
2782 2699 3256 2767 all'ectmu.Nx-que
3284 2702 3427 2756 enim
3464 2709 3566 2768 ira,

1967 2803 2090 2855 qrne
2112 2799 2198 2842 est
2232 2789 2456 2844 ultionis
2483 2790 2678 2859 libido,
2725 2793 2793 2846 ita
2839 2795 3103 2848 delinitur
3129 2793 3184 2849 in
3220 2795 3356 2859 Deo,
3403 2779 3461 2849 nt
3508 2793 3565 2852 itt

1971 2880 2304 2947 hominibus,
2328 2899 2452 2954 qua:
2490 2885 2776 2940 materiam
2831 2886 2994 2942 liabet
3052 2887 3104 2942 in
3131 2890 3337 2944 nostris
3375 2888 3522 2944 vitiis
3551 2930 3568 2955 ,

1968 2994 2072 3033 non
2110 2979 2159 3032 iu
2196 2978 2408 3034 Damini
2445 2981 2728 3035 voluntate
2762 2999 2775 3035 :
2807 2982 2896 3052 qui
2937 2981 3374 3039 tltesauriziimus
3406 2985 3569 3040 nobis

1971 3071 2105 3125 iram
2133 3072 2184 3126 in
2217 3073 2306 3126 die
2339 3076 2458 3139 iraa,
2491 3081 2546 3128 et
2581 3073 2940 3131 revelatiouis
2974 3075 3104 3145 justi
3133 3077 3323 3145 judicii
3359 3078 3477 3141 Dei,
3511 3087 3572 3134 ut

1972 3165 2200 3220 tribulos
2230 3179 2448 3222 nostros
2479 3177 2532 3222 et
2560 3169 2776 3240 spinas,
2809 3180 2866 3224 ct
2899 3172 3132 3235 zizania,
3181 3189 3303 3243 qua:
3349 3189 3446 3244 pro
3486 3189 3576 3230 se-

258 3263 485 3318 turbida:
511 3280 529 3316 :
561 3271 608 3318 et
641 3263 858 3318 inebriat
903 3279 1041 3322 eum,
1076 3272 1131 3316 ut
1181 3264 1423 3331 respiciat
1468 3263 1537 3316 ad
1585 3262 1862 3333 speluncas
1891 3255 1936 3318 C
1972 3261 2119 3314 tuine
2151 3259 2242 3315 Dei
2267 3261 2577 3330 attulimus,
2609 3262 2749 3332 ligna
2775 3279 3014 3334 Quoque.
3075 3264 3262 3321 fenum
3295 3277 3349 3322 et
3389 3269 3571 3336 stipu-

257 3371 380 3411 suas
409 3356 597 3428 (Abuc.
635 3371 693 3422 tt,
731 3354 842 3424 15).
883 3355 957 3410 De
991 3353 1075 3408 his
1107 3354 1388 3423 Speluncis
1411 3367 1467 3410 et
1493 3355 1755 3409 Dominus
1786 3355 1864 3408 ln-

257 3450 531 3518 quz-batur
561 3467 573 3502 :
611 3449 879 3519 Seriptum
903 3459 974 3503 est
1003 3491 1016 3513 ,
1069 3449 1253 3504 domus
1286 3453 1448 3519 patris
1492 3450 1630 3514 mei,
1679 3450 1865 3504 domus

259 3543 517 3598 orationis
540 3543 806 3597 vocabitur
829 3558 849 3596 :
883 3559 968 3596 ros
999 3553 1168 3597 autem
1197 3543 1390 3614 fecistis
1419 3560 1534 3597 eam
1561 3545 1863 3614 speluncam

257 3634 528 3692 latronum
554 3635 780 3707 (Matth.
815 3652 930 3702 nt,
971 3637 1081 3708 t5),
1113 3637 1163 3690 in
1205 3638 1407 3708 quibus
1433 3637 1646 3691 animas
1689 3638 1862 3692 inter-

257 3728 427 3786 itcitis
449 3732 836 3799 deceptorum,
869 3739 924 3783 ut
955 3745 1063 3784 non
1103 3729 1342 3785 rideatis
1384 3729 1435 3783 in
1468 3731 1548 3784 eis
1597 3733 1859 3796 visiones,

255 3821 324 3878 de
355 3826 567 3894 quibus
597 3823 738 3879 idem
770 3822 1030 3878 Salvator
1059 3825 1132 3877 ait
1159 3841 1171 3876 :
1209 3822 1324 3891 Ego
1358 3824 1578 3877 visiones
1605 3821 1862 3893 multipli-

255 3919 391 3977 cari,
447 3927 494 3971 et
550 3918 604 3971 in
661 3918 894 3971 manibus
947 3915 1333 3985 Prophetarum
1381 3914 1702 3970 assimilatas
1747 3932 1861 3968 sum

257 4007 409 4078 (Ose.
451 4025 551 4074 XII,
592 4008 701 4080 10).
732 4010 796 4064 Ει
825 4011 962 4065 alius
992 4010 1059 4065 ad
1099 4027 1221 4064 eunt
1259 4028 1271 4063 :
1310 4008 1538 4064 Locutus
1569 4009 1858 4078 es,ittqnit.

252 4103 306 4159 in
331 4109 530 4161 visione
560 4103 687 4174 ﬁliis
708 4105 808 4160 tuis
840 4104 1013 4176 (Psal.
1052 4121 1322 4171 unvnt,
1347 4104 1440 4176 ΞΟ)
1461 4149 1475 4172 ,
1501 4105 1597 4159 ενι]
1631 4105 1862 4160 sontniis

255 4197 428 4273 776
464 4200 696 4254 creditis
729 4209 782 4255 et
809 4199 1301 4269 pbantasmatibus,
1351 4203 1552 4269 quibus
1595 4202 1860 4273 pnecepit

256 4291 521 4348 Dominus
554 4308 663 4348 non
698 4309 820 4349 esse
849 4295 1206 4350 credendum.
1236 4294 1328 4349 Isti
1362 4310 1657 4364 porcorum
1691 4309 1859 4351 carne

252 4398 576 4452 vescuntur,
601 4385 670 4442 de
699 4389 897 4457 quibus
925 4389 1129 4443 dicitur
1162 4404 1174 4442 :
1235 4385 1318 4442 Ne
1372 4389 1614 4442 miseritis
1645 4404 1861 4461 marga-

252 4483 380 4536 ritas
409 4491 602 4535 vestras
628 4489 746 4534 ante
769 4497 950 4549 porcos
984 4479 1204 4552 (Matth.
1241 4498 1333 4548 vn,
1356 4482 1473 4550 27).
1511 4481 1572 4537 Et
1603 4482 1694 4551 jus
1731 4497 1858 4550 pro-

253 4571 445 4630 fanum
475 4574 945 4643 comedunt.qu0d
973 4575 1025 4629 iu
1057 4577 1210 4631 libris
1236 4592 1425 4631 eorum
1451 4577 1707 4632 Inrretica
1741 4588 1858 4634 arte

254 4667 540 4722 Conditum
584 4679 690 4724 eat.
725 4666 969 4737 Quorum
1004 4682 1134 4722 vasa
1162 4668 1440 4724 immunda
1477 4680 1609 4725 sunt
1639 4671 1848 4737 omnia,
1885 4652 1929 4711 υ

258 4769 367 4818 tam
402 4760 620 4817 scilicet
647 4773 902 4830 corpora,
938 4775 1102 4830 quam
1130 4759 1427 4826 docti-imo,
1455 4770 1507 4818 et
1554 4761 1606 4816 iu
1642 4772 1846 4817 tantam

327 4917 354 4946 ι
383 4907 702 4963 Pridiauum
735 4906 965 4972 scilicet,
1012 4905 1127 4958 sive
1161 4902 1477 4957 hesternum
1528 4903 1713 4959 cibum
1764 4913 1859 4959 aut

255 4991 462 5048 potum.
503 4980 823 5046 Prw-ripitur
860 4979 1006 5032 enim
1035 4975 1206 5030 Exod.
1260 4991 1366 5033 xw.
1422 4977 1491 5048 ‘23
1516 5016 1532 5040 ,
1590 4986 1642 5026 nt
1680 4974 1854 5042 pridie

253 5047 474 5108 Sabbati
539 5058 902 5121 coquantur,
960 5059 1014 5101 et
1061 5059 1398 5111 reponantur
1461 5047 1513 5099 in
1571 5057 1850 5112 posterum

253 5123 420 5189 diem,
450 5139 572 5194 qum
607 5119 722 5191 ipso
753 5119 993 5176 Sabbato
1014 5121 1347 5194 romeilenda
1369 5129 1522 5194 sunt;
1549 5128 1849 5194 etnc.r_tsxv,

252 5195 309 5255 3.
355 5188 573 5248 vetatur
625 5188 801 5257 ignem
833 5191 1047 5246 incendi
1093 5205 1188 5258 per
1227 5189 1421 5242 domos
1473 5189 1525 5242 itt
1585 5188 1845 5243 Salibato.

251 5263 436 5324 ἐωλον
466 5267 646 5320 dicunt
677 5264 888 5322 (ἔκρινε,
940 5263 1083 5316 node
1126 5263 1184 5316 S.
1227 5261 1468 5320 L'natins
1501 5259 1729 5326 epistola
1777 5261 1844 5314 ad

252 5337 591 5394 Maznesion.
651 5339 758 5409 οὐχ
811 5337 942 5392 ἕωλα
988 5334 1393 5409 ἐσθίων-Ἥρης
1423 5329 1844 5409 Thitltlttttli‘tttll

254 5421 546 5467 tractatum
579 5411 646 5462 de
671 5403 932 5475 Sa'htmto,
968 5409 1059 5461 ubi
1101 5420 1155 5460 et
1194 5406 1264 5460 de
1304 5404 1528 5458 fornace
1575 5403 1752 5470 agitur
1787 5403 1842 5458 in

252 5499 354 5554 qua
385 5478 1018 5554 si-rvaniurcaiidicibi.

321 5555 350 5594 δ
372 5553 650 5609 Cerebroso
675 5553 728 5604 in
753 5551 925 5604 Gallia
945 5549 1291 5620 pullularunt.
1322 5557 1428 5603 etc.
1453 5545 1604 5602 Hand
1625 5545 1846 5601 dubium

293 5630 382 5680 uin
416 5625 622 5692 intellig
664 5637 674 5674 t
711 5623 1061 5688 Vigilantiam
1101 5625 1360 5676 adversus
1387 5636 1546 5690 quem
1583 5621 1803 5686 scripsit
1835 5638 1847 5673 :

284 5698 444 5752 iallim
465 5697 793 5750 vernaculum
823 5693 1016 5747 hostem
1040 5696 1322 5762 sustinent,
1356 5705 1402 5746 et
1433 5691 1695 5745 hominem
1726 5693 1851 5745 moti

251 5769 461 5835 capitis,
491 5779 643 5837 atque
679 5765 1015 5838 Hippocratis
1042 5767 1255 5820 vinculis
1281 5763 1848 5838 alligandarn‘rseden-

253 5834 350 5898 tcm
379 5834 600 5897 cernunt
627 5840 680 5894 in
707 5834 946 5902 ecclesia,
975 5847 1021 5891 et
1060 5839 1192 5893 inter
1216 5834 1407 5895 σαπενᾶ
1436 5834 1587 5891 verba
1605 5834 1848 5905 blasphc‘

1970 3350 2106 3415 lam,
2135 3369 2258 3421 quae
2287 3368 2456 3424 Super
2482 3353 2900 3410 fundamentum
2934 3357 3095 3430 777
3121 3357 3271 3412 l’auli
3330 3359 3568 3415 :edilica-

1967 3444 2146 3500 vimus
2179 3444 2243 3516 (l.
2301 3444 2426 3502 Cor.
2457 3445 2564 3518 nt),
2613 3447 2838 3518 sapiens
2866 3447 3080 3503 llatnma
3126 3459 3440 3505 c0iisumat.
3492 3451 3571 3508 De

1970 3543 2074 3596 boc
2118 3543 2244 3612 igne
2296 3551 2569 3614 perpetuo
2616 3544 2754 3598 etin
2793 3543 2965 3613 Moysi
3023 3546 3240 3599 cantico
3285 3546 3566 3616 legimus:

1966 3631 2113 3701 Ignis
2137 3651 2379 3687 accensus
2408 3645 2478 3688 est
2510 3636 2572 3688 de
2601 3640 2779 3702 furore
2813 3653 2947 3699 meo,
2981 3647 3031 3690 et
3062 3637 3262 3690 ardebit
3305 3655 3467 3706 usque
3494 3639 3564 3692 ad

1962 3729 2224 3798 infernum
2247 3729 2506 3783 deorsum.
2532 3727 2809 3783 Devorubit
2835 3743 3025 3786 terram
3054 3740 3100 3785 et
3132 3733 3396 3802 genimina
3417 3735 3566 3802 ejus:

1963 3823 2227 3878 comburet
2257 3824 2598 3894 fundamenta
2659 3827 2932 3888 montium,
2962 3835 3010 3878 et
3039 3827 3243 3898 saqitta:
3296 3843 3422 3881 mea:
3442 3844 3566 3882 con-

1964 3928 2166 3971 sument
2192 3935 2277 3972 eos
2312 3918 2492 3988 (lieni.
2525 3917 2821 3989 xxxtt,‘2‘2).
2844 3919 3013 3988 Cujus
3033 3921 3338 3975 te-titttonii
3365 3936 3566 3976 si-nsus

1964 4023 2070 4077 est,
2101 4012 2244 4082 quod
2277 4011 2414 4081 ignis
2444 4012 2537 4065 ltei
2591 4023 2758 4081 atque
2799 4011 3046 4067 vindicta
3104 4029 3326 4082 semper
3377 4014 3568 4068 ardeat

1965 4103 2348 4174 peceatoribus
2371 4144 2385 4168 ,
2426 4112 2480 4158 et
2506 4118 2600 4158 eos
2635 4120 2809 4168 usque
2840 4105 2906 4159 ad
2943 4106 3148 4160 inii-ros
3179 4115 3561 4176 perseuuatur.

1963 4197 2152 4265 Qualis
2173 4205 2292 4250 erat
2325 4205 2380 4251 et
2403 4194 2554 4250 ttittes
2589 4197 2680 4252 ille
2702 4196 2755 4250 in
2783 4198 3076 4264 Evangelia
3107 4198 3261 4272 (Luc.
3287 4200 3400 4269 xit)
3430 4217 3560 4272 pur-

1963 4289 2334 4361 puratus.qui.
2364 4290 2749 4359 requiesceute
2782 4290 2992 4346 Lazaro
3024 4292 3072 4345 in
3101 4297 3224 4348 sinu
3256 4294 3562 4358 Abraham,

1962 4387 2185 4443 :eteruis
2214 4386 2576 4456 torquebatur
2607 4386 2922 4441 ardoribus.
2966 4387 3193 4442 'l‘erram
3220 4405 3464 4460 quoque,
3515 4390 3566 4446 id

1962 4492 2065 4550 est,
2089 4500 2310 4540 carnem
2351 4496 2619 4554 nostrain,
2654 4500 2702 4543 et
2731 4489 3011 4559 genimina
3039 4489 3185 4559 ejus,
3221 4489 3272 4545 id
3301 4499 3408 4556 est,
3439 4505 3562 4545 car-

1963 4579 2049 4633 nis
2081 4578 2379 4643 desideria,
2412 4581 2603 4635 eadem
2658 4577 2875 4635 ﬂamma
2907 4581 3188 4637 combnret
3211 4624 3227 4649 ,
3259 4595 3309 4638 et
3364 4583 3563 4638 funda-

1959 4686 2145 4727 menta
2185 4675 2450 4728 montium
2503 4691 2623 4744 quae
2672 4690 2732 4729 se
2782 4677 3006 4730 elevant
3047 4686 3238 4732 eontra
3273 4679 3562 4734 scientiam

1957 4763 2078 4822 Dei.
2110 4766 2264 4836 Ipsos
2295 4783 2516 4838 quoque
2539 4779 2758 4822 montes
2780 4766 2880 4824 Dei
2908 4769 3090 4838 jacula
3122 4770 3466 4840 diSpei-dent,
3511 4779 3570 4824 ut

1959 4907 2096 4971 mire,
2125 4907 2226 4960 ista
2245 4923 2447 4978 quoque
2469 4909 2723 4963 dicentem
2741 4927 2760 4964 :
2780 4910 2917 4977 Quid
2945 4927 3169 4968 necesse.
3200 4922 3302 4980 est,
3339 4923 3388 4968 te
3411 4921 3564 4966 tanto

1961 4979 2204 5050 bonum,
2254 4996 2359 5032 non
2418 4981 2593 5034 solum
2642 4981 2949 5050 honorare,
2987 4989 3081 5036 sed
3116 4983 3279 5038 etiam
3327 4985 3560 5040 adorare

1958 5047 2116 5112 illud,
2149 5052 2334 5122 Ilt'scitl
2366 5053 2518 5122 quid,
2552 5054 2696 5120 quod
2731 5055 2781 5106 in
2818 5047 3032 5109 modico
3077 5058 3296 5109 vasculo
3328 5059 3559 5109 transle-

1956 5122 2129 5174 rendo
2152 5121 2328 5174 colis?
2359 5121 2424 5175 Et
2447 5140 2652 5177 rursum
2675 5126 2726 5177 in
2759 5127 2939 5180 eodem
2984 5127 3116 5180 libro
3140 5144 3160 5180 :
3199 5127 3335 5192 Quid
3373 5128 3553 5192 pulve-

1952 5208 2068 5246 retn
2104 5193 2421 5266 linteamine
2451 5197 2870 5264 circumdatum,
2933 5199 3215 5251 adoiantlo
3264 5201 3553 5266 OSCuIaris,

1951 5275 2063 5339 etc:
2107 5263 2375 5339 Murrum.
2401 5296 2472 5339 5—-
2506 5266 2639 5322 Vide
2665 5285 2785 5339 qua:
2814 5263 2881 5322 do.
2912 5270 3028 5338 ejus
3072 5270 3262 5322 Ita-resi
3295 5283 3360 5323 ac
3385 5263 3554 5337 patria

1953 5334 2266 5412 diximusin
2303 5338 2523 5404 prtelixa
2558 5334 2873 5412 Hieronymi
2906 5334 3060 5393 libris
3085 5351 3272 5393 contra
3303 5334 3554 5397 eumdem

1952 5407 2343 5463 atlmonitione.

2028 5491 2050 5518 ε
2087 5481 2406 5534 Addebatur
2431 5482 2599 5536 amico
2626 5483 2767 5550 quod
2791 5495 2988 5535 nomen
3021 5480 3108 5537 hic
3157 5482 3417 5551 abundat,
3445 5497 3553 5542 est-

1953 5568 2060 5622 que
2109 5554 2214 5606 buc
2252 5555 2575 5609 tran~latuin
2631 5571 2661 5606 e
2717 5554 2903 5609 Latina
2951 5553 3224 5618 versione,
3255 5568 3364 5608 tum
3425 5573 3554 5614 vero

1954 5625 2254 5680 atmndabit
2303 5628 2562 5694 proximo.
2620 5625 2755 5678 Tum
2806 5639 2939 5676 vero
2981 5624 3103 5696 legit
3141 5625 3436 5696 Victorius,
3463 5632 3553 5686 dat

1953 5700 2191 5768 proximo
2219 5712 2316 5750 suo
2339 5699 2685 5772 subrorsionis
2717 5696 2961 5772 turbidte
2979 5711 3042 5748 ex
3078 5695 3219 5752 LXX
3245 5741 3260 5762 ,
3305 5700 3400 5772 qui
3424 5695 3429 5696 ⁷
3451 5703 3555 5761 ne.

1956 5775 2193 5823 braicatu
2227 5782 2416 5824 vocem
2443 5771 2614 5828 t'tEDD
2639 5779 2918 5823 verterunt
2939 5768 3244 5844 ἀνατροπὴν.
