4084 6324
272 270 378 332 637

767 269 1415 329 conuenmuonuu
1457 271 1523 327 tu
1564 269 1797 342 Isstau
1839 269 1864 334 ι

1970 269 2261 338 ῬΗΕΤΔΜ
2303 271 2432 328 LIB.
2478 271 2662 330 XVIII.
2704 272 2858 329 CAP.
2901 273 3065 331 LXV.

267 391 389 462 bus,
413 400 472 462 ut
491 392 742 464 restituat
761 391 1068 460 sanitatem.
1094 389 1200 458 Pro
1219 405 1285 456 ea
1308 387 1452 464 quod
1479 388 1740 460 scriptth
1761 394 1866 451 est,
1897 405 1943 464 Α
1974 387 2231 452 seruitutis
2259 392 2446 448 iterum
2483 390 2537 443 in
2569 389 2803 444 timorem
2832 430 2846 454 ,
2877 389 2967 444 sed
3009 390 3252 460 spiritum
3279 387 3583 458 adoptionis

268 489 336 554 ὡς
386 487 596 561 θερμὸν,
643 483 747 554 hoc
779 493 884 552 est,
940 483 1090 556 quasi
1143 482 1400 550 calidum,
1433 481 1662 538 Latinus
1692 480 1862 536 inter-

269 592 415 650 pres,
453 578 614 646 verbi
640 577 995 649 ambiguitate
1016 580 1305 646 deceptus,
1336 573 1574 646 lupinum
1601 573 1869 644 interpre-

269 684 417 738 tatus
444 682 535 730 est
561 718 574 742 ,
612 674 666 740 in
709 689 817 745 quo
847 682 902 742 et
930 672 1243 734 Graecorum
1293 671 1535 741 plerique
1561 677 1765 724 errant.
1802 666 1870 722 Et

269 773 451 836 tamen
482 764 768 826 sciendum
790 765 842 822 in
876 763 1141 838 llebraico
1164 762 1444 834 proculare
1465 763 1724 830 scriptum
1749 773 1869 816 esse

269 866 292 894 α
320 872 500 926 τιιουΑ
532 859 775 929 (HTD),
827 857 972 930 quod
1029 858 1422 928 interpretatur
1469 856 1640 926 gratia
1678 852 1870 924 :quod

266 951 478 1016 scilicet
524 951 702 1022 gratia
745 951 881 1024 Dei,
933 959 988 1018 et
1029 966 1137 1010 non
1171 949 1364 1012 merito
1386 964 1616 1020 operum
1647 962 1868 1002 suorum

265 1043 506 1098 salvatus
531 1044 602 1098 sit
628 1043 823 1114 Israel.

339 1135 526 1210 (Vers.
558 1136 642 1218 9.)
678 1137 744 1196 Et
771 1137 988 1194 educant
1013 1139 1074 1194 de
1102 1136 1270 1192 Jacob
1315 1153 1486 1192 semen
1507 1180 1520 1204 ,
1549 1143 1596 1192 et
1623 1135 1688 1189 de
1724 1133 1870 1190 Juda

264 1231 632 1300 possidentem
662 1242 864 1292 montes
894 1249 1031 1292 meas
1062 1243 1148 1294 :et
1180 1231 1564 1288 hwreditabunt
1591 1248 1703 1288 eam
1727 1231 1872 1286 electi

264 1326 379 1394 mei,
415 1337 465 1380 et
495 1329 630 1380 servi
672 1329 772 1382 mei
807 1327 1170 1386 inhabitabant
1219 1328 1312 1392 ibi,
1357 1339 1404 1384 et
1459 1337 1609 1382 erunt
1639 1341 1870 1397 campes-

263 1417 366 1472 tria
406 1418 467 1486 in
512 1419 692 1480 caulas
721 1436 935 1494 gregum
967 1466 982 1490 ,
1016 1429 1062 1476 et
1091 1419 1241 1480 vallis
1274 1421 1444 1490 Achar
1491 1421 1541 1476 in
1574 1419 1742 1473 cubile
1783 1433 1870 1470 ar-

261 1518 556 1564 mentorum
575 1512 770 1582 populo
789 1528 897 1566 mea
919 1513 1007 1582 qui
1030 1515 1347 1582 qumsierunt
1371 1530 1469 1568 me.
1494 1511 1637 1570 LXX
1669 1529 1681 1566 :
1706 1509 1871 1586 780

265 1598 329 1654 Et
357 1603 580 1656 educam
609 1603 672 1657 de
699 1601 862 1658 Iacob
904 1622 1072 1662 semen
1097 1651 1110 1676 ,
1160 1617 1206 1659 et
1237 1607 1300 1661 de
1328 1604 1470 1662 Juda
1496 1647 1510 1670 ,
1561 1616 1610 1662 et
1647 1604 1870 1660 Incredi-

261 1692 386 1746 tabit
426 1701 659 1747 montem
690 1703 926 1749 sanctum
957 1712 1124 1749 meun
1156 1737 1171 1768 ,
1205 1705 1252 1748 et
1299 1695 1677 1750 Iucreditabnnt
1725 1695 1870 1750 electi

1972 481 2152 554 (llam.
2196 497 2312 547 VIII,
2349 481 2461 553 15).
2508 479 2577 538 Et
2612 492 2785 544 erunt.
2833 482 3026 552 inquit,
3075 483 3414 553 campestria,
3461 479 3580 536 sive

1975 577 2137 632 saltus
2157 616 2173 641 ,
2191 575 2246 632 in
2261 576 2437 636 caulas
2448 591 2682 647 gregum.
2710 576 2817 632 Pro
2837 575 3241 646 campestribus
3267 577 3318 634 in
3347 573 3585 634 Hebraeo

1973 683 2142 726 ssnon
2171 652 2368 752 (τη-ιω)
2425 668 2663 736 ponitur.
2698 669 2888 730 Omnis
2939 668 3088 738 regio
3117 669 3258 726 circa
3295 666 3539 740 Lyddam
3563 707 3581 735 ,

1972 763 2182 833 10pan
2227 774 2281 818 et
2320 761 2934 834 7811amnizunapta
2979 771 3063 818 est
3112 761 3401 831 pascendis
3451 774 3578 830 gro-

1973 858 2146 929 gibns.
2180 857 2257 914 De
2284 873 2394 928 quo
2423 868 2480 914 et
2524 857 2577 914 in
2617 857 2840 914 Actibus
2889 856 3276 928 Apostolorum
3305 856 3570 926 scriptum

1972 961 2055 1008 est
2090 969 2101 1006 :
2133 951 2316 1006 Saltus
2346 961 2522 1008 autem
2561 961 2818 1008 vertentur
2843 953 2898 1006 in
2924 953 3094 1028 ouilia.
3123 952 3264 1022 (Act.
3295 952 3391 1021 Ix),
3421 952 3578 1020 juxta

1974 1046 2102 1106 illud
2126 1047 2270 1117 quod
2298 1047 2348 1106 in
2384 1048 2596 1116 psalmo
2621 1047 2833 1102 canitur
2861 1063 2875 1100 :
2906 1045 3022 1101 Vox
3051 1045 3262 1100 Domini
3291 1044 3563 1115 perﬁcien-

1973 1141 2038 1200 tis
2069 1156 2274 1200 cervas.
2303 1149 2349 1202 et
2397 1139 2644 1198 reuelabit
2675 1140 2837 1196 saltus
2868 1137 3042 1208 (Psal.
3091 1153 3258 1195 sxvut
3285 1181 3300 1204 ,
3351 1137 3433 1208 9),
3460 1138 3578 1194 sive

1973 1233 2233 1290 condensa
2261 1231 2512 1290 silvarum
2543 1274 2557 1298 ,
2591 1240 2649 1288 ut
2679 1233 2919 1286 latrones
2947 1231 3017 1286 ibi
3045 1232 3257 1288 latitare
3279 1229 3568 1298 desistant,

1973 1334 2028 1378 at
2055 1324 2242 1380 bestia:
2289 1333 2663 1393 venenataque
2704 1322 2952 1386 animalia
2981 1365 2995 1390 ,
3042 1331 3100 1378 et
3139 1324 3254 1378 loca
3299 1319 3574 1390 quondam

1976 1419 2287 1482 insidiarum
2327 1429 2380 1474 et
2421 1419 2720 1490 sanguinis,
2769 1419 2823 1474 in
2872 1417 3135 1474 ecclesias
3169 1416 3379 1472 Domini
3409 1426 3580 1472 trans-

1973 1527 2100 1570 eant
2128 1556 2142 1580 ,
2191 1522 2241 1569 et
2285 1521 2577 1583 pascantur
2624 1513 2698 1570 ibi
2747 1527 2946 1584 greges
2992 1512 3061 1565 ab
3107 1525 3210 1579 eo,
3263 1511 3356 1580 qui
3399 1510 3583 1580 posuit

1974 1608 2210 1676 animum
2244 1622 2340 1676 pro
2367 1607 2558 1666 ovibus
2579 1606 2713 1668 suis.
2751 1606 2826 1662 De
2851 1621 2959 1676 quo
2992 1606 3254 1674 scriptum
3285 1611 3372 1658 est
3403 1621 3413 1656 :
3451 1601 3579 1671 Ipse

1974 1712 2144 1774 pascet
2174 1721 2264 1762 nas
2291 1703 2346 1756 in
2370 1701 2563 1772 strcnla
2595 1699 2769 1773 (Psal.
2797 1715 2921 1768 xcv,
2957 1698 3072 1772 {5).
3103 1699 3207 1755 Ista
3237 1715 3342 1754 vox
3363 1696 3582 1762 Domini

263 1786 358 1840 mei
377 1826 393 1852 ,
426 1796 477 1840 et
508 1787 644 1840 881⁸1⁸1
670 1788 771 1841 mei
793 1786 1099 1841 habitabant
1217 1831 1232 1858 ,
1265 1796 1310 1842 et
1341 1799 1490 1842 erunt
1518 1789 1570 1841 ἰη
1598 1785 1734 1842 saltu
1762 1786 1865 1840 ουὶ-
1898 1812 1946 1872 Β
1974 1797 2260 1868 pel-ﬁciens
2301 1810 2496 1864 cervos
2521 1839 2536 1862 θ
2578 1804 2633 1849 ει
2659 1794 2910 1849 revelans
2955 1793 3230 1849 condensa
3271 1793 3528 1846 siIval-um
3559 1837 3573 1860 ’

262 1876 332 1930 lia
361 1893 618 1949 gregum,
653 1889 700 1933 et
733 1880 884 1933 vallis
915 1881 1085 1936 Achar
1114 1881 1166 1933 in
1195 1881 1369 1951 requie
1395 1889 1744 1934 armentorum
1775 1895 1870 1947 po-

261 1953 381 2039 pulo
411 1985 525 2024 meo
571 1971 659 2039 qui
690 1972 1038 2038 requisierunt
1089 1989 1183 2034 me.
1235 1973 1408 2040 Quem
1460 1987 1618 2044 supra
1651 1970 1870 2038 vacavit

263 2076 486 2130 granum
522 2063 667 2118 botri
697 2107 711 2131 ,
745 2062 864 2119 sive
908 2065 1152 2131 acinum,
1206 2073 1303 2120 aut
1333 2063 1414 2138 (ut
1463 2064 1618 2120 rnttlti
1657 2061 1868 2132 volunt)

263 2172 558 2224 racemum,
598 2155 740 2212 hunc
767 2173 909 2213 nunc
941 2159 1179 2229 appellat
1203 2174 1390 2214 semen
1431 2157 1602 2214 Jaciib
1626 2156 1863 2226 etJuila,

264 2249 354 2319 qui
397 2249 680 2320 possideat
722 2262 977 2315 montes,
1027 2253 1142 2306 sive
1188 2262 1426 2307 montem
1476 2254 1617 2322 ejus.
1669 2251 1866 2306 Semen

262 2341 430 2397 Jacob
463 2353 514 2398 et
548 2342 692 2398 Juda
724 2343 968 2426 plerique
994 2345 1274 2401 Christum
1304 2346 1643 2416 intelligunt,
1675 2344 1868 2414 dequo

263 2435 314 2491 in
365 2435 572 2493 Genesi
623 2438 865 2498 dicitur:
913 2435 1058 2494 Juda
1089 2481 1102 2504 ,
1158 2449 1206 2492 te
1257 2438 1540 2492 laudabunt
1573 2441 1761 2509 fratres
1794 2437 1869 2490 tui

266 2528 668 2612 (ϐεηάιιλιςβ)1
689 2539 744 2585 et
765 2542 985 2588 etetera.
1013 2531 1155 2588 Nulli
1179 2533 1323 2586 enim
1343 2531 1564 2588 dubium
1593 2534 1721 2606 quin
1749 2530 1869 2586 Sal-

263 2635 412 2679 vator
451 2625 523 2680 de
568 2624 723 2682 Jtltlm
755 2627 925 2696 stirpe
951 2634 1242 2702 generatus
1272 2629 1361 2680 sit.
1387 2626 1494 2680 Alii
1523 2637 1706 2696 autem
1731 2625 1872 2696 Apoc

263 2717 426 2772 stolas
459 2719 694 2786 intelligi
727 2720 938 2786 volunt,
971 2721 1037 2773 de
1059 2721 1258 2792 quibus
1285 2735 1430 2788 saepe
1454 2719 1690 2774 diximus
1725 2736 1737 2770 :
1767 2717 1870 2774 lie-

263 2808 430 2878 liquta:
454 2808 617 2864 salem
647 2821 795 2864 erunt
827 2810 982 2885 (lsai.
1018 2827 1056 2880 ι,
1082 2811 1160 2884 9).
1200 2811 1263 2864 Et
1295 2826 1308 2867 :
1343 2810 1462 2865 Nisi
1498 2811 1747 2866 Dominus
1778 2829 1868 2864 sa-

263 2905 412 2958 baotlt
440 2907 735 2978 reliquisset
761 2907 906 2962 nobis
929 2924 1134 2970 semen,
1169 2909 1316 2980 quasi
1343 2908 1572 2962 Sodoma
1597 2925 1819 2963 ('ssettttts
1848 2950 1864 2974 ,

264 3007 305 3050 et
326 2999 521 3054 similes
553 2995 861 3062 Gomorrltw
882 3001 1160 3074 fuissemus
1187 3000 1361 3072 (liam.
1381 3016 1456 3070 rx,
1479 2999 1592 3070 29).
1625 3000 1712 3054 Ικιὶ
1742 3015 1867 3072 pos-

264 3093 524 3146 sederunt
557 3103 796 3148 montem
850 3093 1065 3150 Domini
1091 3093 1427 3150 conscientia
1476 3093 1772 3162 habitantis
1815 3095 1864 3148 in

1975 1890 2353 1959 perluennem
2384 1889 2584 1944 clamat
2609 1888 2660 1944 in
2690 1897 2917 1942 eremo:
2949 1884 3072 1940 1am
3114 1887 3308 1940 securis
3334 1887 3388 1939 in
3429 1886 3578 1940 radi-

1972 2002 2079 2044 cem
2105 1983 2347 2042 arborum
2390 1983 2560 2054 posita
2587 1990 2678 2037 est.
2716 1981 2900 2037 Omnis
2940 1981 3095 2036 arbor
3139 1996 3256 2052 qua
3303 1997 3403 2034 non
3449 1979 3576 2049 facit

1973 2082 2198 2148 fructum
2226 2079 2434 2142 bonum,
2453 2076 2738 2143 excidetur,
2767 2084 2813 2129 et
2832 2075 2883 2128 in
2907 2076 3078 2145 ignem
3101 2074 3334 2127 mittetur
3356 2070 3583 2141 (Hattlt.

1974 2187 2051 2232 ut.
2090 2169 2204 2240 10).
2240 2170 2306 2226 Et
2327 2169 2520 2224 iterum
2554 2187 2568 2222 :
2601 2166 2783 2223 Omnis
2800 2167 2951 2222 vallis
2991 2165 3288 2238 implebitur
3309 2165 3462 2238 (Luc.
3492 2180 3578 2234 ιιι,

1973 2264 2027 2332 5)
2056 2279 2071 2329 ;
2101 2263 2170 2320 de
2213 2278 2314 2332 qua
2345 2271 2400 2318 et
2431 2277 2573 2320 nunc
2609 2261 2808 2316 dicitur
2840 2279 2851 2315 :
2883 2269 2932 2316 et
2956 2261 3104 2315 uallis
3134 2259 3304 2314 Achar
3323 2261 3378 2313 in
3409 2259 3577 2314 cubile

1973 2366 2350 2421 armentorum,
2379 2365 2428 2412 et
2449 2356 2503 2410 in
2531 2355 2754 2426 requiem
2779 2356 2972 2425 papula
2999 2369 3110 2407 meo
3129 2355 3217 2422 qui
3239 2352 3582 2422 rcquisierunt

1974 2465 2070 2504 me.
2102 2448 2176 2504 De
2202 2464 2304 2516 qua
2338 2459 2392 2504 et
2415 2447 2467 2502 in
2503 2445 2640 2508 libro
2667 2445 2793 2504 Jesu
2821 2443 2914 2498 ﬁlii
2947 2443 3094 2498 Nave
3123 2443 3356 2513 legimus
3381 2486 3395 2508 ,
3424 2439 3572 2511 quod

1974 2543 2043 2598 ibi
2070 2539 2385 2598 interfectus
2409 2539 2476 2598 sit
2503 2537 2740 2602 Aeliam,
2773 2536 2864 2607 qui
2892 2537 3102 2592 furatus
3131 2547 3213 2591 est
3247 2536 3315 2591 de
3339 2535 3573 2598 anathe-

1974 2645 2149 2701 mate,
2184 2643 2239 2690 et
2271 2634 2340 2690 de
2363 2634 2550 2704 spoliis
2577 2631 2794 2688 lericho
2815 2675 2828 2699 ,
2863 2641 2916 2686 et
2941 2645 3065 2686 cum
3113 2630 3260 2685 enini
3289 2629 3454 2684 domo
3479 2642 3579 2684 sua

1972 2726 2324 2793 interfectus,
2357 2735 2520 2797 atque
2554 2739 2623 2792 ex
2647 2741 2715 2782 eo
2747 2724 2890 2795 quod
2925 2724 3224 2779 turbaverit
3271 2723 3527 2793 populum
3553 2766 3570 2790 ,

1973 2823 2125 2884 locus
2150 2822 2264 2892 ipse
2295 2822 2344 2874 in
2374 2835 2480 2890 quo
2501 2818 2721 2886 accidit,
2756 2833 2926 2874 scuoa
2973 2816 3159 2888 (των)
3189 2862 3202 2882 ,
3243 2815 3294 2870 id
3326 2826 3431 2881 est,
3459 2825 3576 2870 tur-

1973 2917 2193 2976 bationis
2238 2930 2299 2969 ac
2327 2913 2579 2970 tumultus
2609 2928 2808 2970 nomen
2842 2913 3053 2982 accepit
3081 2911 3220 2983 (los.
3253 2911 3376 2981 vn).
3405 2910 3575 2966 Vallis

1975 3010 2135 3081 igitur
2191 3007 2374 3066 Achar
2406 3050 2420 3076 ,
2500 3006 2551 3060 in
2616 3020 2720 3076 qua
2791 3004 3070 3074 quondam
3120 3003 3430 3061 maledictio
3478 3002 3579 3062 fuit

1973 3115 2134 3173 atque
2161 3101 2504 3176 supplicium,
2531 3101 2632 3160 erit
2661 3100 2712 3158 in
2743 3097 3112 3156 armentorum
3141 3097 3404 3167 requiem.
3431 3095 3566 3164 Quae

265 3199 319 3239 se
342 3184 549 3242 Christi
578 3229 592 3252 ,
629 3187 912 3257 loquentes
945 3207 958 3243 :
989 3189 1309 3243 Accessimus
1340 3189 1408 3242 ad
1439 3189 1568 3244 Sion
1598 3199 1821 3246 montem
1849 3232 1863 3260 ,
1896 3209 1941 3272 Ο
1974 3196 2176 3264 Paulus
2217 3195 2524 3252 edisserens
2549 3237 2564 3262 ,
2595 3193 2666 3252 ait
2718 3210 2731 3248 :
2763 3189 3033 3261 Numquid
3075 3192 3138 3246 de
3167 3190 3324 3246 bobus
3351 3204 3479 3243 cura
3499 3195 3576 3242 eu

264 3290 307 3333 et
329 3283 589 3342 civitatem
608 3282 702 3338 Dei
724 3285 934 3339 virentis
961 3283 1252 3339 Jerusalem
1279 3285 1531 3340 caelestem
1552 3285 1738 3356 (llebr.
1763 3303 1861 3356 xu,

262 3373 375 3444 2:2).
401 3375 532 3431 Sive
565 3387 780 3430 montes
801 3376 917 3447 ejus
943 3421 956 3446 ,
983 3377 1050 3432 de
1075 3379 1269 3447 quibus
1299 3379 1350 3430 in
1377 3380 1593 3448 psalmis
1613 3379 1860 3436 canitur:

267 3464 463 3521 Montes
485 3469 542 3522 in
571 3469 791 3524 circuitu
819 3472 930 3534 eius
960 3512 973 3538 ,
999 3481 1044 3540 et
1075 3469 1325 3524 Dominus
1349 3471 1401 3528 in
1435 3471 1652 3526 circuitu
1686 3471 1867 3540 ρομιῐὶ

264 3559 341 3610 sui
371 3558 549 3630 (Psal.
582 3575 771 3630 cxxrv,
804 3561 883 3632 2).
920 3561 1021 3614 Et:
1051 3558 1417 3616 Fundamenta
1447 3565 1556 3633 ejus
1589 3565 1638 3616 in
1674 3564 1863 3620 monti-

263 3650 350 3704 bus
380 3654 578 3706 sanctis
629 3651 802 3726 (Psal.
852 3669 1090 3726 Lxxu‘t,
1147 3653 1224 3725 1).
1275 3654 1639 3712 Possidebunt
1684 3669 1864 3718 autem

265 3743 392 3802 Sion
423 3745 588 3800 electi
625 3746 871 3812 Domini,
898 3754 954 3800 et
981 3746 1362 3801 inhabitabant
1392 3748 1443 3801 in
1470 3763 1529 3802 ea
1554 3747 1696 3802 ενι-νῆ
1725 3749 1862 3818 ejus.

268 3837 340 3894 De
388 3840 591 3910 quibus
643 3841 694 3894 in
745 3840 937 3898 eodem
972 3842 1259 3896 volumine
1306 3841 1564 3896 scribitur
1615 3858 1629 3895 :
1679 3841 1865 3896 Semen

264 3934 524 3992 Abraham
557 3935 689 3996 servi
719 3937 834 4008 ejus
859 3977 872 4000 ,
902 3936 1003 4008 [ilii
1031 3934 1195 3990 Iacob
1225 3936 1373 3990 electi
1396 3938 1506 4008 ejus
1544 3933 1717 4005 (Psal.
1752 3950 1861 4002 ειν,

263 4026 338 4104 6).
389 4028 736 4100 Quicumque
767 4045 900 4104 ergo
929 4029 1109 4084 adhuc
1140 4045 1326 4084 semen
1378 4039 1500 4096 est,
1535 4045 1632 4084 nec
1665 4029 1867 4100 forma-

266 4130 349 4177 tus
377 4125 430 4181 in
461 4123 634 4179 lilium
661 4166 674 4192 ,
719 4125 821 4178 iste
854 4140 1054 4179 servus
1095 4134 1179 4180 est
1228 4123 1475 4192 Domini,
1510 4126 1595 4178 cui
1643 4125 1773 4180 dicit
1809 4125 1865 4180 in

267 4204 562 4292 Evangeliq
596 4238 608 4273 :
635 4219 762 4275 Scio
791 4219 915 4298 quia
947 4234 1130 4286 semen
1151 4217 1386 4273 Abrahae
1417 4220 1579 4288 estis,
1616 4218 1710 4272 sed
1742 4233 1867 4274 nec-

264 4310 386 4365 dum
415 4309 512 4368 lilii
538 4309 720 4384 (Joan.
742 4312 879 4384 vut).
902 4311 958 4368 Si
979 4313 1122 4367 enim
1147 4327 1333 4368 semen
1359 4319 1545 4366 essent
1567 4311 1862 4382 Abraham,

264 4420 428 4478 opera
477 4407 665 4483 utique
697 4405 974 4462 Abraham
1006 4407 1270 4462 facerent.
1309 4406 1412 4474 Qui
1455 4416 1636 4462 autem
1679 4406 1822 4460 lilius
1846 4450 1862 4482 ,

265 4498 364 4555 iste
394 4511 450 4556 et
471 4501 681 4558 electus
709 4509 790 4556 est
831 4500 1068 4555 Domini.
1099 4497 1254 4576 Unde
1279 4501 1484 4555 electus
1515 4499 1752 4570 po-sidet
1778 4498 1866 4554 .le-

1970 3287 2082 3343 Deo
2113 3287 2154 3360 (l
2184 3286 2304 3344 Car.
2338 3303 2411 3356 ix,
2436 3287 2520 3358 9)?
2549 3305 2615 3342 an
2647 3287 2834 3355 utique
2863 3287 2932 3340 de
2963 3284 3118 3340 nobis
3142 3283 3294 3351 dieit,
3329 3282 3452 3354 quia
3476 3282 3574 3338 de-

1970 3384 2058 3438 bet
2090 3383 2140 3438 in
2170 3397 2268 3453 spe
2294 3381 2384 3452 qui
2416 3392 2553 3441 arat.
2588 3394 2766 3446 arare,
2801 3388 2854 3434 et
2883 3378 2972 3448 qui
2999 3377 3121 3432 terit
3147 3393 3331 3431 aream
3355 3421 3368 3444 ,
3398 3384 3576 3430 terere

1968 3490 2087 3546 eam
2113 3475 2164 3528 in
2195 3487 2322 3543 spe,
2368 3481 2426 3534 ut
2456 3472 2826 3544 pattieipetur.
2864 3469 2938 3526 De
2965 3469 3066 3526 hac
3091 3469 3231 3523 valle
3262 3478 3316 3521 et
3341 3467 3395 3521 in
3423 3467 3568 3524 Osee

1971 3569 2197 3640 mystice
2235 3568 2495 3638 scriptum
2528 3575 2612 3622 est
2665 3583 2677 3619 :
2731 3563 2938 3633 Loquar
2987 3565 3055 3620 all
3104 3579 3192 3618 car
3223 3565 3363 3633 ejus,
3424 3559 3566 3615 haud

1970 3665 2190 3718 dubium
2233 3663 2359 3733 quin
2411 3661 2749 3726 Jerusalem;
2799 3668 2848 3712 et
2874 3657 3009 3712 dabo
3055 3670 3374 3728 possessores
3426 3654 3575 3708 illius

1969 3759 2089 3814 inde
2111 3799 2126 3824 ,
2175 3766 2220 3814 et
2243 3756 2424 3822 vallem
2460 3754 2660 3820 Achar,
2693 3760 2748 3808 ut
2779 3753 2973 3822 aperiat
3001 3748 3400 3817 intelligentiam
3429 3745 3576 3800 illius

1974 3849 2120 3920 (οδε.
2154 3865 2211 3918 ιι,
2246 3847 2358 3920 li).
2393 3847 2599 3910 Idcirco
2629 3845 2771 3906 enim
2799 3844 2954 3908 vallis
2983 3843 3166 3900 Achar
3187 3842 3241 3896 in
3273 3838 3578 3908 possessio—

1971 3958 2094 3999 nem
2137 3941 2366 4010 traditur
2389 3947 2763 4008 artneotorum
2795 3935 2977 4006 populi
3005 3934 3133 4000 Dei,
3163 3942 3219 3988 et
3247 3931 3422 3987 saltus
3451 3946 3574 3986 vero

1973 4047 2158 4102 tnntnr
2187 4032 2239 4088 in
2268 4032 2454 4102 caulas
2482 4045 2702 4102 gregum
2733 4071 2748 4096 ,
2779 4027 3138 4097 utaperiatur
3169 4022 3529 4094 intelligentia
3557 4064 3572 4088 ,

1970 4138 2024 4186 et
2050 4127 2264 4196 Domini
2294 4127 2492 4198 veritas
2519 4134 2901 4196 cognoscatur.

2040 4222 2223 4295 (Vers.
2258 4221 2346 4288 11,
2383 4219 2494 4290 12.)
2535 4218 2596 4273 Et
2628 4234 2712 4280 ras
2752 4217 2840 4287 qui
2878 4213 3232 4286 dereliquistis
3265 4209 3566 4276 Dominum,

1970 4326 2018 4370 et
2049 4315 2193 4370 obliti
2223 4315 2340 4382 estis
2371 4323 2594 4380 montem
2624 4319 2858 4380 sanctum
2886 4325 3076 4368 meum.
3106 4306 3210 4376 Qui
3247 4305 3440 4377 ponitis
3464 4309 3577 4377 for-

1971 4418 2109 4468 tuna’
2136 4424 2395 4480 mensam,
2429 4417 2476 4472 et
2507 4406 2681 4474 libatis
2721 4419 2877 4475 super
2908 4419 3040 4458 eam.
3073 4399 3382 4456 Numeraba
3411 4414 3497 4453 uas
3521 4399 3577 4454 in

1969 4503 2165 4574 gladia,
2197 4510 2244 4572 et
2276 4501 2523 4572 amnesin
2548 4499 2689 4572 ccede
2713 4497 2983 4558 corruetis.
3032 4493 3176 4550 LXX
3211 4511 3226 4548 :
3267 4490 3368 4548 Vos
3397 4500 3574 4548 autem

265 4595 505 4650 rusalem
538 4637 552 4662 ,
588 4604 641 4648 et
673 4594 816 4649 servi
863 4593 1107 4650 habitant
1133 4594 1182 4650 in
1218 4609 1280 4651 ea
1303 4637 1317 4664 ,
1345 4604 1400 4649 et
1438 4593 1507 4648 de
1540 4594 1773 4666 liliorum
1799 4609 1863 4650 ac
1888 4605 1941 4667 ι)
1969 4598 2058 4669 qui
2080 4593 2424 4667 dereliquistis
2453 4610 2555 4660 me,
2579 4602 2626 4646 et
2649 4590 2795 4648 obliti
2817 4590 2939 4648 estis
2965 4589 3158 4654 mantis
3185 4589 3351 4641 sancti
3375 4586 3499 4651 mei,
3527 4593 3580 4640 et

262 4701 545 4745 servorum
575 4688 878 4745 differentia
908 4689 1111 4746 dicitur
1142 4707 1153 4742 :
1179 4687 1298 4762 Non
1323 4690 1596 4762 accepistis
1623 4689 1862 4758 spiritum

334 4839 360 4868 ⁸
404 4830 608 4886 Tbada.
665 4830 808 4887 Editi
858 4840 986 4885 ante
1036 4843 1135 4884 nos
1187 4828 1311 4884 libri
1359 4843 1465 4882 non
1521 4833 1658 4882 rrrrn
1701 4827 1862 4882 thoda

264 4903 498 4970 retinent
524 4903 675 4973 juxta
732 4903 892 4962 [idem
936 4905 1181 4973 omnium
1231 4916 1362 4956 mss.
1419 4899 1860 4973 codicutn;_qu

263 4975 488 5050 verbum
527 4971 680 5050 Vm
721 4973 890 5050 (ratio,
935 4972 1078 5046 quod
1101 4973 1321 5050 gratiam
1349 4987 1456 5036 non
1485 4980 1662 5050 pote-st
1693 4971 1860 5050 signi;

265 5041 460 5113 licere,
496 5055 553 5099 ut
599 5046 770 5101 voluit
800 5040 1160 5116 Hieronymus
1218 5043 1434 5110 (licens,
1479 5040 1615 5116 quod
1660 5043 1859 5116 scilicet

261 5118 430 5186 gratia
451 5112 454 5113 ⁷
473 5117 592 5184 Dei,
620 5127 668 5171 et
698 5134 798 5171 non
841 5112 1025 5172 merito
1051 5133 1264 5186 aperum
1293 5131 1504 5169 suarum
1534 5112 1766 5167 salvatus
1793 5115 1860 5166 sit

265 5184 452 5246 Israel.
489 5193 555 5246 At
580 5190 680 5254 huc
711 5205 872 5246 sensu
906 5184 1212 5248 tltada'nun
1249 5189 1640 5252 interpretatur
1660 5185 1854 5256 gratia,

265 5257 315 5332 i_d
359 5271 468 5332 est,
499 5261 855 5316 misericordia
878 5277 897 5315 :
925 5261 1019 5316 sed
1055 5261 1233 5328 palius
1262 5259 1569 5332 gratiarum
1599 5257 1756 5332 actia,
1804 5268 1858 5326 et

265 5327 402 5384 laus.
429 5331 538 5386 Nec
563 5335 613 5384 in
647 5332 900 5394 Hebraeo,
933 5327 1064 5403 cap.
1085 5347 1230 5398 χχχι,
1251 5327 1306 5391 2⁷,
1329 5329 1606 5394 Jercmiuz,
1633 5329 1859 5403 lemnius

263 5415 450 5471 vocem
496 5407 634 5458 le
689 5405 882 5471 thoda,
941 5402 1010 5457 ut
1073 5414 1256 5456 inmiet
1324 5412 1606 5470 conceptis
1675 5402 1858 5454 verbis

264 5469 665 5554 Hieronymus;
707 5469 891 5530 verum
920 5479 943 5554 Ῐ
973 5474 1140 5554 Ιιζιεη,
1185 5475 1327 5554 quod
1373 5473 1590 5554 proprie
1635 5471 1859 5554 gratiam

263 5554 316 5600 et
341 5542 767 5620 misericordiam
792 5542 976 5604 sonn't.
1014 5542 1213 5620 Locus;
1236 5548 1417 5620 itaque
1463 5547 1566 5620 Μρ
1603 5542 1859 5620 scopulus

265 5613 456 5688 ςεικιιιὶ
481 5633 638 5688 quem
669 5619 910 5672 rationes
938 5634 1063 5672 snas
1087 5613 1610 5672 ac"C(nntitentarios
1638 5613 1862 5680 appellit

263 5682 320 5740 S.
362 5682 582 5756 Doctor,
613 5687 866 5742 Latinum
906 5688 1283 5758 Iulerpretetn,
1319 5699 1372 5744 et
1399 5690 1711 5744 Gracorum
1749 5689 1862 5758 ple-

263 5772 462 5830 rusque
487 5755 693 5816 erroris
723 5755 1067 5830 insimuflans.
1107 5755 1279 5830 Hujus
1327 5771 1507 5815 tamen
1563 5755 1864 5810 hallucina-

268 5829 430 5900 tionis
476 5832 658 5886 nullus
692 5830 859 5907 judex
899 5829 1135 5889 Criticus
1171 5829 1255 5890 est
1303 5831 1686 5906 appellandus,
1738 5843 1862 5895 eum

1969 4690 2168 4759 paratis
2185 4689 2413 4760 fortuna:
2433 4701 2685 4753 mensam,
2713 4692 2760 4746 et
2780 4682 3003 4753 impletis
3029 4681 3256 4738 damani
3277 4679 3538 4751 potionem
3555 4691 3575 4731 :

1967 4829 2107 4884 idem
2141 4828 2504 4896 Hieronymus
2545 4839 2666 4896 eam
2715 4821 3064 4896 castigaverit
3089 4819 3575 4896 Ascribens‘posma

1964 4903 2019 4956 in
2053 4887 2368 4955 Juremiam'.
2407 4898 2545 4950 Dicit
2585 4895 2767 4949 enim:
2807 4891 3046 4947 Ridicule
3078 4891 3265 4946 Latine
3285 4887 3486 4944 codices
3518 4888 3572 4942 in

1961 4976 2058 5026 hoc
2081 4972 2220 5038 loco,
2243 4969 2579 5040 antbiguitate
2602 4983 2679 5028 vet
2693 4965 2742 5020 bi
2767 4963 2962 5040 Grazci,
2997 4981 3092 5033 pro
3125 4963 3325 5040 calido,
3360 4961 3576 5028 lupinus

1963 5035 2299 5114 interpretati
2335 5035 2476 5094 sunt.
2527 5035 2780 5114 iGra'cum
2844 5037 2979 5114 enim
3051 5036 3265 5114 θερμργ,
3300 5044 3574 5114 utrumque

1961 5103 2241 5184 signiﬁcat.
2265 5113 2416 5178 Quod
2439 5120 2485 5165 et
2521 5113 2690 5180 ipsum
2709 5111 3043 5184 nou/labetur
3077 5103 3444 5184 iunllebraicp.
3481 5103 3575 5184 list

1962 5173 2375 5266 Qiinlscript‘um
2398 5173 2660 5266 uentri)
2687 5181 2824 5253 quod
2873 5177 3082 5260 Aquila,
3121 5173 3570 5266 ‘Symmn‘qhuset

1968 5250 2251 5334 praedatio
2292 5260 2458 5334 χάριν.
2502 5250 2596 5316 ltai';
2641 5250 2748 5320 est,
2799 5256 3030 5334 gratiam
3060 5250 3568 5334 interpretatimsunt.

1967 5330 2081 5385 Soli
2106 5314 2756 5402 Septuaginta:posuerunt
2781 5314 3033 5387 calidum,
3073 5314 3310 5402 Ρηίέψωδ
3335 5314 3574 5402 ultimum

1965 5383 2190 5454 litteram
2210 5400 2256 5454 Μ
2276 5383 2400 5454 «sise.
2428 5383 2485 5452 Si
2511 5400 2642 5451 enim
2661 5387 2890 5467 legamus
2907 5383 3436 5467 insuperlitteramN,
3453 5400 3574 5467 gra-

1964 5475 2038 5530 tia
2054 5474 2278 5537 dicitur;
2306 5475 2349 5526 si
2374 5487 2463 5532 per
2483 5471 2553 5536 Μ,
2574 5457 2875 5540 (ΰΠῘοκΙοτ
2897 5466 3289 5540 ἱηιενρτριᾳιυν.
3313 5457 3575 5540 Idcnrhie

1965 5548 2016 5598 in
2041 5545 2231 5599 Isaiam
2251 5530 2436 5597 dicere
2461 5530 2629 5596 voluit
2654 5530 3168 5613 literuuytuustsed
3185 5544 3291 5613 tt‘mI
3311 5530 3568 5613 interi-uiuit

1968 5598 2114 5670 vocis
2155 5631 2279 5678 neu,
2314 5614 2438 5682 quia
2464 5616 2515 5667 in
2551 5614 2787 5668 lectione
2820 5598 3073 5682 H'ebraici
3101 5607 3392 5682 contextus
3418 5598 3573 5680 lere-

1971 5691 2094 5742 mize
2136 5691 2206 5742 ob
2250 5674 2436 5740 oculos
2494 5686 2572 5758 illi
2622 5676 2997 5758 [orsitzirnl'tlit
3048 5674 3272 5758 veritum
3319 5674 3575 5758 superius

2149 5741 2339 5824 thoda,
2365 5759 2509 5826 quod
2565 5755 2796 5808 habetur
2838 5744 3086 5804 eiusdem
3131 5741 3422 5800 Jeremize'.
3442 5756 3568 5812 cap.

1971 5847 2102 5902 xxx,
2135 5831 2222 5888 l9.
2252 5829 2520 5886 Mantua.
