4084 6324
251 343 346 404 6H

742 333 1392 400 COMMENTARIORU.“
1435 337 1502 395 IN
1540 336 1773 396 ISAIAM
1811 335 2238 396 PROPHETMI
2280 336 2413 397 LIB.
2453 337 2643 398 XVIII.
2684 338 2842 400 (MP.
2882 339 3048 401 LXV.

3442 339 3550 400 642

253 462 390 516 Deus
415 475 435 515 :
457 457 598 514 Ecce
626 459 756 512 servi
782 460 881 513 mei
909 456 1196 519 comedent,
1227 465 1273 510 et
1303 473 1388 511 vos
1415 457 1673 512 esurietis.
1713 454 1846 508 Ecce
1873 455 1926 517 Α
1952 465 2145 510 sancto
2175 457 2384 526 Spiritu
2427 458 2786 528 prophetaltat
2815 479 2826 514 :
2862 460 3161 516 Esurienles
3208 459 3436 534 implerit
3467 462 3557 515 bo-

249 554 377 610 servi
405 554 507 607 mei
531 553 722 614 bibent,
747 559 794 606 et
822 567 909 604 vos
935 551 1139 605 sitietis.
1167 549 1295 604 Ecce
1320 550 1452 604 serui
1474 550 1570 603 mei
1601 549 1851 602 (malum.

250 661 349 716 tur,
382 657 428 703 et
461 663 551 702 vos
596 647 1008 719 confundemiui.
1066 644 1200 700 Ecce
1245 645 1378 698 servi
1421 643 1521 697 mei
1565 641 1854 695 laudabunt

253 756 357 805 prae
385 739 744 794 exsultatione
769 737 966 798 cordis.
992 746 1037 792 et
1067 753 1154 792 vos
1182 736 1476 790 clamabitis
1526 750 1634 802 pra:
1678 733 1858 788 dolore

252 833 448 896 cordis,
495 840 544 884 et
575 845 682 897 prie
733 830 1043 884 contritione
1085 829 1300 900 spiritus
1331 825 1621 880 ululabilis.
1665 823 1803 880 LXX
1840 841 1855 878 ε

254 907 542 1000 Propterea
556 924 668 980 lucc
679 924 804 980 dicit
825 924 1076 979 Dominus
1107 939 1125 977 :
1152 921 1286 977 Ecce
1305 925 1437 977 servi
1453 920 1549 975 mei
1568 917 1857 987 comedent,

253 1039 338 1080 vos
363 1029 545 1076 autrm
569 1021 828 1075 esurietis.
859 1016 995 1073 Ecce
1019 1019 1150 1072 servi
1173 1017 1271 1070 mei
1297 1015 1466 1070 bibent
1490 1056 1504 1079 ,
1559 1030 1644 1069 vos
1687 1022 1860 1066 autem

255 1115 461 1172 sitietis.
493 1113 628 1168 Ecce
655 1113 786 1167 servi
812 1113 910 1166 mei
933 1109 1229 1183 gaudebunt
1252 1151 1266 1175 ,
1310 1125 1399 1164 vos
1435 1118 1609 1162 autem
1637 1107 1862 1175 confun-

257 1212 469 1268 demini.
498 1211 778 1265 lt-‘cceservi
796 1209 892 1262 mei
913 1206 1246 1262 exsultabunt
1271 1207 1326 1260 in
1345 1205 1559 1278 gaudio,
1582 1219 1668 1258 ros
1689 1211 1862 1258 autem

257 1304 549 1361 clamabitis
577 1311 788 1376 propter
817 1302 1048 1356 dolorem
1091 1299 1266 1354 cordis
1317 1299 1501 1366 uestri,
1561 1307 1609 1352 et
1657 1302 1864 1369 propter

261 1397 625 1453 contritiouem
645 1395 861 1467 spiritus
890 1395 1042 1448 vestri
1073 1391 1366 1447 ululabitis.
1393 1391 1510 1446 Non
1541 1390 1723 1445 stilum
1746 1391 1859 1458 gla-

262 1495 350 1551 dnt
372 1494 651 1562 corruetis
681 1506 780 1546 vos
801 1491 892 1559 qui
925 1489 1309 1559 det'eltqnistis
1339 1486 1663 1549 Dominum,
1715 1497 1763 1538 et
1791 1481 1879 1538 fe-

263 1591 412 1648 cistis
437 1589 648 1644 mnlum
673 1587 724 1643 in
745 1591 1050 1654 conspectu
1074 1586 1220 1652 ejus.
1250 1591 1305 1638 et
1325 1589 1652 1654 pra-sentem
1683 1577 1867 1634 nolui-

265 1688 362 1740 stis
423 1683 668 1745 audire,
735 1677 834 1734 scd
888 1677 1115 1733 multam
1168 1678 1316 1731 inter
1366 1689 1464 1730 vos
1512 1683 1572 1730 et
1624 1671 1870 1744 gentium

265 1775 674 1832 multitudinem
719 1769 961 1828 cernetis
1002 1768 1392 1824 dill'erentiam.
1445 1767 1524 1821 Illi
1578 1765 1724 1821 enim
1775 1763 1868 1832 qui

1958 551 2038 604 nis
2067 548 2220 619 (an.
2251 565 2288 616 ι,
2316 550 2434 622 53),
2466 552 2557 620 qui
2584 554 2738 621 prius
2767 554 2946 608 cilium
2971 553 3185 608 Domini
3240 570 3347 609 non
3383 553 3554 608 halte-

1959 642 2090 696 bnut
2116 661 2127 696 :
2157 653 2202 697 et
2233 642 2419 699 diriles
2447 645 2646 700 dimisit
2675 650 2876 708 inanes.
2905 648 2998 713 qui
3029 648 3142 702 dati
3180 660 3299 702 sunt
3329 662 3429 718 pro
3464 661 3554 702 se-

1959 735 2180 805 pultura
2197 737 2342 801 vim;
2359 744 2416 792 et
2431 754 2590 806 quem
2606 737 2896 807 Propheta».
2918 741 3304 808 promiserant,
3324 755 3555 806 respue-

1962 840 2112 882 rnnt.
2142 827 2219 882 De
2251 828 2448 896 quibus
2471 837 2528 885 et
2557 829 2610 884 in
2636 829 2748 885 alio
2780 831 2900 886 loco
2932 831 3222 887 Psaltnisla
3249 832 3509 889 decantat
3539 849 3554 886 :

1960 919 2162 974 Divites
2191 933 2483 995 eguerunt,
2526 932 2572 978 et
2607 923 2900 979 esurierunt
2924 923 3108 996 (Psal.
3135 941 3328 987 sunt.
3356 927 3468 995 ll),
3505 923 3561 981 id

1961 1023 2068 1082 est,
2105 1018 2338 1083 populus
2359 1015 2697 1071 Juda-orunt.
2726 1018 2826 1086 Qui
2853 1030 3033 1074 autem
3068 1031 3321 1089 quaerunt
3375 1017 3562 1075 Ιιοιιιὶο

1964 1123 2116 1171 num,
2151 1107 2255 1163 hoc
2277 1121 2394 1174 εει,
2443 1109 2600 1163 turba
2630 1109 2944 1179 gentilium,
3003 1128 3110 1166 non
3161 1113 3378 1186 egebunt
3427 1111 3568 1166 omni

1965 1200 2120 1254 bono.
2143 1199 2399 1271 Cumque
2439 1200 2752 1258 servientes
2783 1202 3037 1272 Christo,
3082 1212 3140 1259 et
3177 1206 3472 1260 credentes
3513 1204 3567 1260 ei

1967 1293 2134 1349 ltetati
2162 1296 2386 1361 iuerint,
2414 1309 2469 1352 et
2493 1297 2838 1353 laudaverint
2859 1297 3028 1353 Deum
3061 1315 3174 1371 prtt-
3197 1300 3572 1357 exsultatione

1967 1387 2159 1443 cordis
2187 1397 2245 1444 et
2267 1393 2470 1461 gaudio
2500 1409 2513 1444 :
2547 1399 2680 1448 tunc
2706 1391 2781 1446 illi
2811 1393 3228 1449 coniuncti-mur
3253 1436 3268 1461 ,
3314 1396 3572 1452 videntes

1969 1480 2024 1536 in
2057 1498 2217 1536 suum
2247 1483 2424 1538 locum
2453 1485 2594 1541 alios
2621 1487 2997 1552 successisse;
3021 1496 3079 1543 et
3106 1488 3424 1542 clamabunt
3457 1504 3570 1560 prte

1970 1575 2162 1630 dolore
2187 1578 2390 1638 curtlis,
2425 1578 2717 1646 implentes
2762 1578 2893 1634 illud
2936 1579 3081 1650 quid
3130 1583 3395 1650 scriptum
3443 1591 3572 1638 est:

1971 1665 2058 1722 Ibi
2083 1668 2180 1721 erit
2207 1669 2360 1737 ﬂetus
2398 1678 2446 1722 et
2474 1672 2670 1724 stridor
2715 1671 2950 1727 dentium
2991 1671 3210 1744 (Matth.
3261 1688 3381 1736 sttt.
3427 1674 3522 1743 50)
3557 1691 3570 1730 :

1971 1760 2457 1830 quandostt-terittt
2479 1762 2606 1833 agni
2624 1764 2868 1834 gentium
2892 1777 3059 1836 atque
3069 1767 3344 1833 jusmrum
3359 1766 3425 1822 ad
3440 1769 3580 1822 tle:-

265 1872 408 1930 sewi
455 1879 626 1928 erum
654 1868 813 1930 mihi.
849 1866 1164 1928 ουιηρειεηι.
1189 1874 1244 1919 ει
1269 1864 1482 1930 bibam,
1519 1862 1867 1925 unanimum,
1901 1845 1949 1905 Β
1977 1864 2172 1918 teram.
2210 1866 2266 1911 et
2292 1856 2433 1910 Ιιτιεόὶ
2463 1855 2784 1912 .Ittdzaeorum
2815 1869 2984 1928 atque
3015 1863 3311 1928 tmpiornm
3358 1875 3388 1914 a
3447 1857 3584 1914 siui—

269 1977 321 2023 et
350 1965 657 2020 laudabunt
685 1978 796 2031 prae
823 1959 1192 2016 exsultatione
1229 1955 1436 2013 cordis.
1485 1953 1596 2009 Vos
1627 1965 1809 2008 autem
1841 1966 1873 2007 e

1975 1949 2106 2000 atris
2140 1964 2153 1998 :
2185 1947 2312 2002 aliis
2332 1947 2725 2018 recipientibus
2740 1963 2946 2007 attenta
2963 1953 3347 2023 przrtttia,altis
3369 1963 3581 2009 a‘tcrna

269 2057 584 2124 comma",
618 2053 878 2109 ..εωίοιίε
910 2065 1075 2123 mque
1099 2050 1322 2115 ,itietis,
1374 2045 1794 2103 confundemini
1820 2054 1876 2099 et
1975 2040 2267 2110 supplicia.
2292 2040 2570 2098 Contritio
2596 2056 2783 2099 autem
2814 2043 3052 2113 spiritus
3099 2061 3209 2110 nra-
3237 2045 3430 2101 dolore
3457 2061 3582 2102 oor-

271 2168 380 2224 pne.
421 2152 626 2206 dolore
658 2149 845 2205 cordis
870 2159 924 2201 et
951 2143 1288 2202 ουιιιι-ιιῑοιιθ
1312 2145 1542 2214 spiritus
1570 2139 1875 2196 ululabilis.
1977 2134 2062 2188 dis
2095 2134 2448 2202 intelligenda
2499 2136 2553 2191 in
2610 2137 2956 2193 conscientia
2986 2139 3152 2212 786
3205 2151 3586 2208 peccaturum.

273 2244 402 2313 Qua:
443 2245 634 2297 omnia
665 2241 941 2314 χιλιασταὶ
980 2237 1033 2292 in
1087 2238 1242 2292 mille
1283 2237 1444 2290 annis
1497 2241 1691 2303 [nutant
1751 2245 1878 2288 esse
1973 2228 2128 2299 juxta
2164 2230 2297 2284 illttd
2349 2231 2492 2300 qmnl
2523 2231 2794 2304 scriptum
2825 2241 2906 2288 est
2935 2250 2949 2286 :
2978 2237 3300 2308 Cognoscent
3351 2246 3583 2291 errantes

275 2333 594 2406 complenda
625 2377 641 2401 ,
709 2332 894 2388 ctbum
946 2339 1002 2386 et
1052 2341 1281 2400 pomm,
1337 2342 1564 2399 regnum
1612 2324 1708 2380 Dei
1757 2339 1881 2380 esse
1977 2325 2171 2395 spiritu
2192 2325 2758 2398 intelligentiamusa.
2806 2343 2962 2394 χιιι,
2993 2327 3114 2398 24).
3144 2332 3207 2384 Et
3255 2329 3404 2384 :Cor
3458 2347 3585 2384 con-

275 2435 590 2492 cretlentes,
621 2440 723 2481 nec
747 2424 1118 2494 intelligentes
1149 2411 1282 2478 illud
1305 2421 1452 2493 quod
1481 2420 1742 2491 :Ctiplllm
1765 2429 1877 2473 est:

281 2521 590 2594 Operamini
615 2537 720 2574 non
741 2521 913 2574 cibum
938 2521 1027 2589 qui
1053 2520 1208 2590 perit,
1240 2515 1330 2572 sed
1356 2532 1542 2590 panem
1561 2517 1682 2570 vita:
1723 2525 1772 2588 et
1801 2528 1885 2566 ve-

278 2617 446 2670 ritatis
477 2613 756 2688 (Joannn.
793 2612 907 2681 27),
941 2620 1000 2666 et
1027 2626 1248 2666 carnem
1278 2609 1508 2674 Christi,
1562 2615 1620 2662 et
1649 2609 1881 2661 lrtn-tutn

278 2707 406 2778 ligni
439 2709 574 2762 vitae
603 2704 906 2760 como-dere
931 2703 1243 2772 cupientes.
1275 2703 1348 2756 De
1369 2717 1477 2770 quo
1523 2699 1776 2755 Salvator
1801 2698 1884 2751 lo-

281 2801 496 2870 quitur:
535 2796 655 2868 Ego
678 2795 844 2870 785
892 2811 1008 2849 sum
1055 2795 1207 2866 panis
1244 2793 1332 2860 qui
1357 2796 1419 2845 de
1464 2791 1590 2847 cwlo
1646 2787 1890 2844 descendi

281 2889 458 2964 (Joan.
484 2907 566 2960 vt,
593 2890 711 2961 35).
740 2889 807 2944 Et
830 2886 1197 2943 Ecclesiastes
1225 2902 1239 2939 :
1273 2885 1432 2954 Aperi
1473 2885 1650 2938 oculos
1675 2893 1812 2950 tuos,
1843 2890 1889 2935 ct

284 2995 515 3041 saturare
546 2984 773 3054 panibus
803 2979 990 3054 (Prov.
1023 2996 1114 3044 xx,
1157 2978 1264 3050 l3).
1316 2979 1382 3033 Et
1431 2977 1715 3032 Psalmista
1753 2975 1893 3031 :Juo

286 3083 443 3151 cenis,
472 3082 678 3150 inquit,
703 3080 780 3149 fui
801 3087 850 3132 et
879 3093 983 3131 non
1012 3077 1183 3137 senui.
1205 3086 1252 3130 et
1279 3091 1380 3130 non
1407 3074 1513 3129 vidi
1525 3077 1728 3147 justum
1745 3073 1894 3128 dare-

289 3174 482 3243 (ictum,
537 3188 702 3240 neque
747 3187 920 3226 scmen
961 3171 1076 3240 ejus
1102 3185 1338 3240 qnazrens
1383 3184 1590 3241 panem.
1634 3165 1766 3222 Tota
1811 3168 1894 3222 die

292 3269 560 3322 miseretur
588 3275 634 3320 et
665 3269 864 3335 fenerat
885 3308 900 3332 ,
935 3274 981 3318 et
1021 3279 1192 3318 semen
1227 3264 1341 3335 ejus
1384 3263 1438 3315 in
1487 3261 1893 3316 benedictionem

294 3361 384 3416 erit
408 3358 592 3428 (Psul.
627 3357 813 3422 xxxvi,
836 3355 953 3429 ‘25).
981 3356 1055 3410 De
1087 3357 1195 3411 isto
1219 3371 1356 3426 pane
1396 3363 1454 3410 et
1497 3355 1754 3410 convivio
1781 3356 1896 3426 spi-

299 3453 503 3519 ritn.tli,
535 3452 852 3519 discipulos
876 3452 1182 3505 instruebat
1215 3469 1225 3503 :
1259 3449 1363 3504 Vos
1404 3452 1493 3522 qui
1535 3451 1896 3519 perseverastis

297 3561 490 3601 mecum
518 3545 576 3600 in
597 3543 966 3599 tentationibns
990 3545 1115 3598 meis
1136 3585 1151 3607 ,
1182 3542 1344 3599 edetis
1390 3544 1442 3596 in
1495 3560 1672 3598 mensa
1715 3542 1898 3598 Patris

297 3640 388 3692 mei
417 3640 470 3692 in
503 3653 667 3712 regno
707 3639 954 3692 caelorum
981 3635 1140 3708 (an.
1189 3651 1318 3703 χχιι,
1366 3635 1487 3705 25).
1531 3636 1685 3704 Quod
1730 3635 1776 3689 si
1829 3635 1898 3691 de

299 3731 532 3803 simplici
558 3745 700 3802 pane
731 3731 1091 3801 accipiamus,
1120 3730 1397 3801 quomodo
1427 3730 1564 3784 illttd
1607 3729 1900 3800 explanare

299 3830 600 3895 poterimus
640 3843 654 3879 :
709 3823 834 3880 Non
879 3823 1146 3895 interﬁciet
1191 3827 1329 3894 fame
1373 3819 1626 3876 Dominus
1671 3821 1902 3874 auinam

294 3921 492 3990 justam
525 3919 714 3992 (Prov.
745 3935 800 3988 x,
824 3919 902 3988 ὅ).
947 3918 1011 3972 Et
1065 3922 1262 3972 itetum
1295 3933 1310 3970 :
1338 3915 1614 3988 Cognoscit
1648 3913 1901 3968 Dominus

303 4012 409 4066 vias
428 4013 912 4077 immaculator..m,
936 4016 982 4063 et
1005 4008 1277 4064 Ittereditas
1301 4023 1480 4062 eorum
1512 4008 1604 4062 irit
1632 4007 1686 4060 in
1714 4007 1903 4078 sempi-

301 4111 529 4161 ternum.
563 4103 686 4160 Non
723 4102 1183 4174 confundenturin
1211 4111 1435 4175 tempore
1483 4102 1724 4173 pessimo,
1763 4109 1810 4154 et
1849 4103 1902 4156 in

304 4197 478 4256 dubus
531 4200 686 4271 {antis
727 4197 1098 4253 saturabuntur
1142 4195 1318 4269 (Paul.
1380 4211 1583 4262 xan,
1638 4197 1737 4264 l8,
1788 4195 1901 4266 t9).

308 4293 512 4364 Quanti
541 4293 688 4350 enim
711 4295 884 4348 saneti
914 4291 966 4348 iu
995 4295 1380 4362 persecutimte
1421 4293 1730 4347 moriuntur
1763 4291 1906 4348 l'ame

308 4398 362 4442 et
388 4397 639 4459 egestate
677 4386 956 4449 Cttttft'cli;
987 4387 1181 4457 quanti
1207 4385 1342 4454 juSti
1365 4388 1642 4449 esurinnt,
1671 4398 1724 4439 et
1755 4385 1908 4456 illlpti

251 4469 268 4473 ’⁷
309 4480 675 4537 cruditatibus
705 4479 1120 4535 distenduntur!
1170 4479 1342 4535 Polus
1392 4488 1575 4536 autem
1622 4480 1715 4536 ille
1763 4480 1910 4536 acci-

314 4573 549 4642 piendos
574 4583 682 4641 est,
709 4576 800 4644 qtti
837 4573 1090 4630 hauritur
1117 4576 1186 4630 de
1225 4574 1467 4630 tantibus
1509 4576 1668 4630 Israel
1696 4593 1712 4637 ;
1744 4592 1907 4646 quem

313 4670 403 4738 qui
446 4669 685 4743 ltilterit,
731 4667 952 4724 habebit
980 4669 1032 4724 itt
1063 4682 1123 4724 se
1150 4668 1357 4724 fontem
1389 4683 1544 4738 amne
1583 4669 1830 4726 salientis
1858 4675 1908 4725 in

315 4762 480 4818 vitam
513 4775 772 4819 :eternam
799 4762 981 4834 (Joan.
1007 4777 1096 4828 tv;
1127 4759 1258 4817 Luc.
1292 4765 1448 4832 χχιι).
1500 4763 1670 4832 Quem
1708 4777 1763 4820 et
1790 4764 1914 4820 Sal-

317 4869 474 4912 vator
504 4858 560 4913 in
585 4871 754 4928 regno
785 4856 964 4913 Patris
1001 4871 1062 4910 se
1101 4856 1409 4912 bibiturnm
1460 4872 1586 4914 cum
1639 4858 1919 4928 Apostolis

322 4954 612 5020 po’licttur
641 4954 770 5024 :qui
799 4950 1039 5007 la-tilicat
1064 4966 1162 5007 cur
1191 4951 1426 5006 hominis
1447 4950 1624 5020 (Psal.
1649 4967 1763 5019 cut,
1798 4955 1914 5024 14),

317 5043 396 5100 ita
428 5057 489 5102 ttt
518 5045 779 5103 bibentes
822 5045 1040 5116 pos.~int
1087 5045 1274 5100 dicere
1305 5062 1317 5098 :
1347 5045 1546 5100 Dedisti
1577 5044 1813 5100 lwtitiam
1861 5047 1917 5100 in

327 5142 480 5196 corde
517 5157 628 5196 meo
655 5139 831 5212 (Psal.
858 5154 932 5202 IV,
965 5139 1040 5210 τ).
1090 5138 1166 5194 De
1197 5137 1301 5195 hoc
1339 5139 1464 5195 cibo
1503 5149 1558 5196 et
1607 5152 1735 5212 pom
1778 5140 1920 5198 inter

331 5244 458 5288 ot-to
485 5235 860 5290 lteatitudines
887 5234 1094 5289 dicitur
1142 5253 1153 5288 ε
1187 5233 1337 5288 Beati
1371 5235 1461 5306 qui
1489 5236 1723 5291 esuriant
1769 5245 1816 5291 et
1846 5239 1921 5292 si-

323 5327 457 5384 tiunt
488 5329 742 5392 iustitiam
772 5326 992 5398 (Matth.
1018 5343 1071 5395 ν,
1093 5327 1175 5398 6).
1205 5327 1273 5383 Ει
1298 5342 1476 5386 mater
1508 5329 1725 5386 Domini
1760 5331 1918 5400 plena

402 5451 429 5481 ⁸
457 5445 587 5512 Qum
611 5442 864 5518 Hebraice
877 5443 1068 5518 dicitur
1097 5444 1291 5518 Saban,
1317 5455 1424 5518 etc.
1449 5444 1564 5500 Non
1583 5445 1714 5518 legit
1736 5447 1928 5503 Hiero-

332 5527 524 5586 nymth
556 5534 704 5571 more
730 5517 997 5578 hodierno
1025 5516 1219 5584 Sebaa,
1249 5517 1370 5584 qui.-
1413 5518 1627 5573 chra-i
1645 5516 1763 5570 'sno
1791 5531 1928 5574 tem-

333 5599 463 5651 pure
495 5603 619 5643 ntro
647 5588 858 5643 vocales
889 5587 1097 5643 ΙιιΙΕΓζλή
1129 5589 1401 5644 ltaliebztnt
1432 5590 1484 5643 in
1523 5589 1704 5648 tut-Ilio
1730 5593 1926 5648 Verbo-

334 5670 476 5729 rum,
503 5670 561 5714 ιιι
587 5661 700 5725 ipse
722 5657 851 5712 altbi
875 5659 1028 5713 lcslis'
1057 5661 1211 5715 mltis
1233 5677 1339 5715 εει.
1381 5661 1508 5717 Mss.
1543 5661 1764 5716 codices
1797 5679 1931 5718 coit-

337 5737 548 5802 stanter
575 5731 812 5802 retinent
843 5730 1035 5794 Sabaa,
1061 5733 1202 5801 quod
1237 5747 1335 5788 nos
1365 5735 1539 5788 secuti
1572 5747 1780 5802 smnus,
1807 5737 1934 5790 licet

337 5798 391 5875 in
430 5801 672 5874 margine
697 5798 1112 5875 apposuerimus
1142 5803 1315 5862 Sebun
1339 5805 1492 5875 juxta
1522 5798 1928 5871 pnttctzttionem

337 5867 680 5932 hodiernam.
732 5867 968 5930 Consule
1019 5868 1088 5932 de
1130 5877 1234 5933 hoc
1276 5867 1444 5934 vei-bo
1483 5867 1828 5946 Quwstiones
1877 5880 1931 5937 in

1917 3229 1965 3292 C

1981 2419 2159 2473 tritum
2199 2427 2246 2473 et
2303 2418 2635 2475 humiliatum
2687 2420 2832 2478 Deus
2883 2440 2986 2478 non
3035 2424 3287 2496 despicies
3315 2423 3493 2496 (Psal.
3529 2441 3584 2494 ι,

1986 2511 2102 2578 19).
2143 2509 2465 2569 Contcrttur
2513 2515 2748 2586 spiritus
2805 2517 3030 2586 quando
3085 2518 3252 2572 luerit
3301 2518 3589 2585 elevatus;

1983 2605 2129 2676 quod
2154 2605 2221 2660 de
2246 2622 2374 2675 rege
2399 2607 2626 2663 inimico
2649 2607 2818 2664 l~rae|
2849 2610 3110 2665 scribitur
3139 2629 3151 2663 :
3183 2609 3461 2666 lnduracit
3486 2610 3595 2668 Do-

1986 2697 2158 2752 minus
2184 2698 2428 2766 spiritum
2452 2701 2570 2770 ejus
2598 2699 2688 2771 (IV
2714 2700 2848 2776 Reg.
2896 2717 3031 2768 xvu,
3066 2701 3182 2774 l4).
3219 2702 3286 2758 Et
3313 2707 3383 2760 de
3412 2704 3591 2778 Baby-

1990 2791 2262 2846 loniorum
2296 2794 2575 2865 principe,
2599 2798 2821 2865 quando
2861 2797 3136 2852 eletatunt
3162 2807 3248 2854 est
3293 2814 3393 2855 cur
3441 2800 3590 2870 ejus,

1989 2896 2048 2942 et
2075 2885 2364 2943 induratus
2387 2888 2646 2957 spiritus.
2679 2899 2737 2946 ιιι
2781 2892 3114 2963 superbiens
3168 2893 3381 2951 diceret
3415 2912 3428 2950 :
3463 2893 3598 2951 Haec

1990 2988 2066 3032 est
2091 2977 2350 3051 Babylon,
2383 2993 2426 3035 et
2449 2998 2542 3054 ego
2575 2985 2674 3052 feci
2707 3000 2819 3038 eam
2843 2983 3012 3057 (Dan.
3042 3002 3120 3051 tv,
3154 2989 3271 3057 27).

2065 3069 2248 3140 (Vera.
2281 3072 2372 3136 15,
2409 3072 2527 3146 16.)
2558 3073 2627 3127 Ει
2655 3075 2925 3133 dimittetis
2956 3094 3144 3134 nomen
3175 3088 3399 3136 restrnm
3431 3081 3483 3136 in
3497 3085 3597 3156 ju-

1997 3176 2230 3225 ramento
2263 3166 2447 3240 (Vulg.
2500 3172 2882 3246 juramentum]
2920 3172 3096 3230 electis
3126 3178 3274 3241 meis,
3301 3187 3349 3232 et
3399 3181 3604 3250 merﬁo

1997 3269 2093 3320 ciet
2131 3274 2176 3317 te
2203 3261 2463 3318 Dominus
2514 3263 2672 3328 Deus.
2715 3276 2762 3321 et
2788 3284 2960 3322 .tervos
3000 3286 3124 3324 suos
3170 3271 3366 3326 cocubit
3397 3274 3604 3329 nomine

1996 3353 2127 3419 alio,
2165 3355 2219 3408 iu
2240 3371 2342 3426 quo
2369 3356 2459 3428 qui
2481 3355 2775 3414 benedictus
2798 3370 2875 3414 est
2894 3377 3051 3429 super
3083 3372 3294 3427 terram,
3338 3364 3606 3420 binedice-

1998 3458 2081 3502 tur
2109 3450 2163 3502 in
2196 3446 2302 3501 Deo
2323 3465 2472 3504 amen
2501 3464 2520 3503 :
2541 3460 2588 3504 e:
2618 3455 2706 3522 qui
2725 3454 2875 3524 jurat
2895 3453 2949 3507 in
2983 3462 3141 3523 terra,
3157 3457 3361 3527 jurabit
3391 3456 3607 3532 [ALju-

1999 3542 2101 3615 rat)
2154 3543 2208 3597 in
2266 3542 2376 3598 Deo
2415 3561 2587 3599 amen.
2635 3544 2778 3601 LXX
2814 3565 2826 3601 :
2867 3547 3188 3620 llelinquetis
3239 3552 3376 3606 enim
3419 3570 3606 3610 nomen

2000 3647 2222 3691 vestrum
2245 3637 2298 3690 in
2330 3639 2664 3692 saturitatem
2692 3639 2801 3694 elec
2825 3641 2869 3694 is
2893 3642 3038 3696 meis.
3076 3641 3180 3696 Vos
3201 3653 3369 3698 untrm
3406 3645 3610 3716 interﬁ-

2001 3733 2098 3786 ciet
2129 3730 2382 3787 Dominus
2414 3749 2433 3788 .'
2462 3736 2804 3790 servientibus
2840 3746 3010 3791 autem
3052 3735 3180 3792 mihi
3215 3739 3482 3795 vocabitur
3509 3756 3606 3796 no-

2002 3843 2119 3881 men
2148 3842 2351 3892 novum,
2383 3829 2469 3880 cui
2498 3827 2828 3884 benedicelnr
2849 3847 3006 3903 super
3032 3839 3224 3885 terram
3257 3849 3276 3886 :
3307 3833 3610 3889 benedicent

2003 3921 2138 3975 enim
2186 3918 2354 3975 Deum
2379 3937 2574 3986 verum,
2599 3932 2648 3976 et
2671 3924 2761 3994 qui
2782 3926 2966 3993 jurant
2997 3941 3155 3994 super
3189 3937 3383 3982 terram
3411 3943 3430 3982 :
3449 3927 3612 3996 jura-

2004 4012 2128 4068 bunt
2149 4011 2316 4068 Deum
2343 4031 2538 4069 verum.
2570 4015 2678 4070 Pro
2705 4017 2998 4080 saturitate,
3033 4027 3058 4055 η
3079 4034 3202 4088 qua:
3228 4020 3494 4076 Heltraice
3525 4020 3610 4076 di-

2004 4109 2148 4166 citur
2175 4126 2340 4166 SABAA
2365 4116 2378 4168 l
2395 4114 2644 4180 mu),
2673 4111 2858 4167 caeteri
2883 4114 3243 4184 juramentnm
3263 4115 3610 4182 interpretati

2006 4203 2330 4273 sum;quod
2379 4206 2610 4258 verbum
2665 4205 2865 4260 multas
2904 4205 3070 4261 habet
3113 4208 3522 4280 intelligi-mins.
3556 4218 3613 4268 ct

2009 4299 2436 4369 protliversilale
2453 4297 2480 4336 δ
2495 4308 2822 4355 accentuum
2838 4301 3100 4359 variatur.
3119 4301 3445 4374 Intelltgitur
3465 4303 3611 4360 enim

2009 4402 2061 4446 et
2082 4395 2464 4466 juratnentum.
2494 4401 2545 4448 et
2576 4394 2846 4458 saturitas,
2870 4403 2926 4450 et
2965 4397 3198 4464 satietas,
3229 4405 3286 4452 et
3331 4395 3528 4469 plures.
3560 4409 3618 4456 et

2009 4500 2224 4563 septem.
2257 4489 2330 4544 De
2360 4503 2470 4560 quo
2491 4489 2544 4546 in
2570 4488 2710 4546 libro
2735 4490 3018 4548 Geueseos
3046 4491 3309 4555 diximus.
3343 4508 3396 4549 et
3430 4493 3482 4548 itt
3514 4494 3618 4551 huc

2014 4585 2291 4638 volumine
2319 4583 2424 4656 (Ad
2453 4600 2571 4654 cap.
2607 4588 2707 4654 tv),
2753 4585 2844 4639 ulti
2881 4593 3088 4656 septem
3129 4587 3392 4643 mulieres
3423 4601 3622 4657 appre-

2020 4677 2330 4734 ltenderunt
2361 4693 2526 4732 unum
2567 4679 2766 4734 virum.
2794 4679 3029 4734 llursunt
3061 4694 3160 4746 pro
3203 4696 3272 4736 eo
3302 4681 3447 4749 quod
3480 4671 3621 4750 Sep-

2017 4773 2255 4842 tuaginta
2287 4773 2996 4839 tt-an~tulerunt,uerum,et
3026 4776 3078 4828 itt
3104 4775 3373 4832 Hebr-nico
3394 4776 3616 4844 dicitur,

2023 4880 2166 4920 Ακειι
2191 4864 2373 4942 (mu).
2412 4875 2436 4902 ο
2469 4865 2665 4936 Aquila
2687 4870 2853 4922 vertit
2878 4873 3303 4943 πεπιστωμένως.
3335 4870 3386 4928 id
3417 4882 3522 4937 est,
3556 4871 3623 4942 ﬁ.

2023 4955 2226 5011 deliter.
2249 4955 2402 5022 Quod
2431 4964 2613 5013 autem
2637 4957 2795 5026 dicit,
2831 4960 2932 5016 ltoc
2960 4973 3045 5016 cst
3072 4981 3087 5018 :
3120 4963 3242 5019 aliis
3291 4966 3343 5018 itt
3377 4973 3622 5020 vestrum

2023 5053 2439 5108 succedentibus
2464 5052 2665 5116 locum.
2699 5071 2899 5110 nomen
2934 5066 3178 5112 vestrum
3207 5058 3315 5114 erit
3341 5057 3627 5128 juramcn-

2026 5155 2139 5200 tttm
2170 5146 2362 5201 electis
2393 5147 2553 5217 meis,
2587 5157 2643 5202 ut
2675 5165 2772 5219 pro
2802 5149 3070 5205 malorum
3100 5152 3357 5222 exemplo
3405 5166 3500 5206 vos
3530 5152 3627 5207 ita.

2026 5238 2192 5294 beant
2234 5250 2288 5294 et
2327 5238 2671 5296 detestentur
2703 5242 2832 5298 talia
2859 5242 3156 5304 sustinere,
3195 5255 3251 5297 et
3299 5243 3486 5313 jurent
3513 5244 3626 5311 sic;

2028 5350 2135 5390 non
2165 5333 2282 5389 hcce
2311 5333 2490 5405 patiar
2522 5351 2644 5404 qua:
2673 5351 2868 5408 passus
2904 5344 2992 5393 est
3022 5337 3256 5407 νονηιυδ
3291 5336 3630 5396 Jttdzcorum.

2034 5450 2314 5508 Genesitn.
2357 5449 2625 5508 MABTIAN.

2106 5521 2134 5562 ιι
2164 5523 2295 5594 \‘itle
2325 5523 2379 5576 in
2397 5523 2598 5578 lienes.
2624 5539 2750 5593 cap.
2776 5538 2896 5589 xu,
2926 5523 3020 5586 29,
3040 5531 3093 5576 et
3124 5539 3247 5594 qua:
3274 5526 3343 5582 tle
3370 5542 3632 5588 amemus

2035 5593 2285 5651 Hebraici
2318 5596 2624 5664 s.gniiicnttt
2656 5611 2754 5649 uas
2781 5593 3168 5648 :tnuotavintus
3198 5598 3250 5651 in
3290 5599 3536 5664 ejus-dum
3567 5605 3633 5657 li.

2036 5667 2116 5720 ltri
2147 5681 2268 5738 cap.
2315 5681 2373 5728 ll,
2409 5665 2504 5732 23,
2534 5665 2974 5722 Commentarios
3019 5680 3240 5737 quoque
3289 5673 3343 5727 in
3393 5687 3515 5744 cap.
3557 5691 3634 5733 xu

2038 5738 2424 5792 Ecclesiaqu.

2084 5739 2424 5793 CCIt'SllhD‘S.

2112 5819 2136 5849 ο
2170 5808 2362 5893 Αεζκιτιιᾳ
2378 5810 2526 5893 vertit
2545 5806 3349 5893 πεπιστωμένως..Μεηὶξεεετίι
3372 5814 3632 5893 Hierony-

2039 5895 2182 5936 mus.
2217 5879 2360 5935 Editi
2389 5879 2531 5936 male
2553 5883 2739 5953 legunt.
2759 5879 3103 5955 τὲιστομινως-
3128 5882 3398 5946 Maurus.
