4084 6324
264 315 386 374 ϐω

785 320 1435 382 COMMENTARIURUM
1478 320 1542 380 IN
1585 322 1822 381 ISAIAM
1864 317 2286 377 PROPIIETAM
2329 321 2462 378 LIB.
2504 323 2692 381 XVIII.
2732 325 2889 383 CAP.
2931 326 3094 384 LXV.

3490 331 3596 390 650

269 429 512 487 .lEterna
545 431 658 489 erit
686 434 956 492 habitatio
1004 445 1169 508 atque
1213 437 1478 508 plantatio
1499 439 1799 510 justornm,
1833 445 1890 492 ut
1917 436 1968 499 Δ
1995 446 2299 504 agnoscere
2327 435 2553 494 dicens=
2590 437 2666 493 De
2709 439 2979 496 Nazareth
3028 449 3190 515 potest
3229 443 3433 518 aliquid
3477 448 3597 502 boni

267 520 404 578 dies
443 524 568 581 vitae
591 528 777 598 populi
806 528 911 583 mei
941 527 1135 585 diebus
1161 530 1283 586 vita:
1311 531 1444 602 ligni
1468 540 1884 601 comparentur,

267 616 346 674 de
396 634 510 690 quo
541 619 596 675 in
629 621 861 678 Psalmis
890 622 1094 678 dicitur
1121 641 1133 677 :
1166 623 1351 680 Justus
1396 635 1450 680 ut
1482 625 1658 696 palma
1687 626 1888 698 ﬂorebit

265 713 288 781 (
307 711 466 768 Psal.
503 716 747 790 καὶὸ),
783 718 1023 790 quotidie
1055 719 1398 791 triumphans
1431 721 1500 777 de
1531 721 1885 784 adversariis.

265 811 329 862 et
362 805 584 878 insigne
623 808 868 867 victoria
896 810 1212 883 praeferens.
1264 813 1360 870 Sin
1402 823 1580 870 autem
1609 813 1758 886 juxta
1789 812 1888 869 Se-

265 899 562 972 ptuaginta
583 902 848 974 legimus,
883 905 994 959 dies
1023 905 1307 978 ligniuitw,
1339 905 1434 978 qui
1467 907 1638 978 magis
1662 921 1884 964 sensum

267 1008 344 1052 ex
369 995 609 1053 Hebraeo
622 1007 862 1068 vertere,
875 1015 1040 1071 quam
1059 1001 1242 1069 verba,
1259 1002 1462 1074 lignum
1481 1002 1606 1058 vita:
1625 1002 1887 1074 intelligi-

266 1103 423 1152 mus,
453 1091 604 1160 quod
636 1091 690 1146 in
714 1093 970 1164 paradiso
993 1093 1156 1150 situm
1187 1104 1294 1152 est.
1321 1095 1403 1153 Ad
1425 1096 1568 1168 quod
1599 1113 1668 1152 ne
1696 1106 1884 1154 exten-

266 1180 434 1238 deret
466 1183 640 1240 Adam
682 1201 902 1242 manum
931 1201 1084 1243 suam
1112 1196 1173 1244 ut
1207 1189 1437 1256 viveret,
1469 1189 1675 1262 ejectus
1702 1199 1786 1246 est
1815 1190 1884 1246 de

267 1277 536 1346 paradiso
563 1277 786 1352 (Cenes,
821 1279 933 1352 ιιι).
966 1280 1023 1336 In
1057 1281 1213 1353 cujus
1242 1281 1544 1338 custodiam
1582 1280 1879 1350 Cherubim,

267 1367 326 1424 id
361 1379 471 1435 est,
514 1370 746 1426 scientia:
785 1372 1089 1440 multitudo,
1134 1383 1187 1429 et
1238 1374 1406 1446 ignita
1457 1373 1663 1430 framea
1707 1375 1878 1444 posita

265 1473 380 1533 est,
421 1475 477 1520 ut
504 1475 786 1522 servarent
811 1466 953 1522 viam
976 1467 1106 1540 ligni
1129 1468 1274 1535 vitae,
1308 1485 1377 1525 ne
1405 1468 1459 1524 in
1482 1475 1709 1539 peccato
1733 1469 1882 1540 posi-

265 1563 364 1611 tus
397 1556 594 1625 Adam,
620 1566 674 1614 et
707 1558 939 1614 necdum
966 1575 1062 1615 sua
1094 1560 1297 1618 delicta
1311 1576 1670 1634 cognoscens,
1700 1576 1880 1617 come-

1989 542 2097 581 esse
2119 530 2144 582 ?
2173 527 2243 583 Et
2269 537 2357 585 est
2387 544 2618 588 sensus:
2644 533 2928 600 Quomodo
2959 537 3094 592 mihi
3139 537 3390 596 Messiam
3423 541 3594 598 addu~

1988 623 2114 678 citis
2139 623 2209 679 de
2229 622 2474 693 Galiltea,
2510 635 2566 682 et
2590 626 2882 697 Nazaretb,
2905 645 3071 701 quem
3099 646 3201 702 ego
3223 632 3293 690 de
3309 633 3593 692 Bethleem

1988 716 2126 770 Juda
2157 718 2272 772 scio
2315 733 2438 774 esse
2467 721 2840 789 promissum?
2877 724 3130 794 Apostoli
3169 728 3334 796 igitur
3370 739 3425 786 et
3464 745 3595 800 apo-

1987 809 2166 864 stolici
2197 809 2297 864 viri
2351 810 2427 866 ita
2467 811 2608 868 filios
2652 816 3012 886 generabunt,
3069 829 3128 874 ut
3175 820 3243 878 de
3293 822 3594 893 Scripturis

1987 902 2193 958 sanctis
2233 902 2527 970 instruant,
2563 915 2622 961 ut
2666 924 2775 963 non
2827 910 3111 968 imitentur
3147 915 3592 974 maledictionem

1986 992 2328 1062 Judmorum,
2359 997 2454 1053 sed
2485 1013 2608 1054 cum
2636 1000 2908 1072 Pr0pheta
2934 1004 3154 1061 dicant:
3187 1009 3232 1062 Α
3257 1009 3439 1065 timore
3481 1019 3590 1076 tuo.

1989 1084 2228 1149 Domine,
2252 1089 2306 1141 in
2329 1097 2473 1142 utero
2494 1092 2847 1161 concepimus,
2873 1104 2919 1148 et
2936 1098 3308 1167 parturivimus
3325 1111 3372 1154 et
3394 1103 3598 1174 peperi-

1988 1197 2101 1234 mus
2147 1179 2313 1253 (Isai.
2346 1197 2504 1250 xxvi,
2537 1183 2660 1256 18).
2717 1185 2794 1240 De
2851 1185 2938 1242 his
2986 1189 3132 1244 enim
3179 1191 3384 1248 dictum
3435 1207 3590 1249 erat:

1988 1271 2281 1327 Benedicta
2310 1275 2608 1345 progenies
2633 1277 2774 1332 uteri
2793 1277 2868 1334 tui
2892 1276 3082 1351 (Deut.
3110 1298 3300 1352 xxvm,
3320 1284 3407 1356 4).
3430 1286 3596 1343 Tales

1985 1373 2114 1418 sunt
2159 1365 2255 1420 lilii
2302 1364 2601 1436 Abraham,
2647 1370 2738 1440 qui
2791 1369 3002 1426 faciunt
3033 1388 3198 1443 opera
3231 1381 3388 1446 ejus:
3437 1388 3493 1435 et
3538 1381 3591 1434 in

1986 1457 2159 1514 veteri
2197 1457 2428 1514 historia
2457 1462 2804 1532 appellantur
2833 1463 2926 1518 lilii
2959 1465 3352 1538 Prophetarum
3396 1469 3589 1541 (Joan.

1988 1551 2112 1621 vtn)
2137 1567 2150 1606 :
2181 1552 2369 1623 quales
2391 1564 2446 1607 et
2475 1554 2527 1608 in
2547 1569 2689 1610 novo
2709 1555 3087 1614 Instrumeuto
3114 1561 3360 1630 Apostoli
3384 1577 3593 1634 genue-

266 1647 432 1705 deret
477 1665 545 1706 ex
590 1665 680 1720 eo,
710 1658 766 1707 et
801 1651 1221 1722 impmnitentite
1263 1653 1776 1726 desperationisque
1817 1669 1873 1710 ac

1984 1651 2114 1698 runt
2134 1644 2279 1718 (Act.
2297 1661 2385 1700 xvt
2400 1645 2442 1718 ),
2459 1646 2660 1704 Paulus
2673 1647 3046 1719 Timotheum,
3072 1652 3296 1722 Lucam,
3311 1664 3367 1710 et
3385 1655 3589 1725 Titum,

265 1743 552 1814 superbia:
603 1752 779 1800 morte
830 1754 1153 1802 moreretur.
1199 1747 1356 1816 Quod
1397 1748 1469 1804 sit
1513 1747 1618 1804 hoc
1670 1747 1873 1818 lignum

1984 1735 2294 1806 multosque
2335 1737 2510 1805 alios;
2555 1739 2752 1797 Petrus
2804 1741 3043 1800 Marcum
3085 1747 3512 1818 evangelistam,
3541 1759 3598 1806 et

267 1836 426 1902 vitae,
454 1834 716 1892 Salomon
746 1837 975 1908 exponit
1000 1838 1363 1905 manifestius,
1403 1840 1494 1909 qui
1523 1839 1592 1895 de
1617 1839 1873 1910 sapientia

1986 1830 2170 1885 caeteri
2185 1840 2438 1897 caeteros,
2453 1848 2686 1904 quorum
2705 1834 3052 1893 benedictum
3068 1854 3257 1896 semen
3268 1849 3376 1907 est,
3389 1851 3446 1898 et
3459 1841 3594 1898 huc-

268 1927 379 1985 Dei
405 1929 693 1998 disputans
719 1929 833 1984 ait:
865 1930 1090 2004 Lignum
1110 1931 1224 1988 vitae
1249 1941 1326 1986 est
1354 1932 1587 1986 omnibus
1608 1932 1700 2004 qui
1729 1948 1879 1986 acce-

268 2019 408 2075 dunt
435 2021 506 2074 ad
535 2037 671 2084 eam,
703 2031 751 2076 et
777 2023 866 2093 qui
902 2023 1193 2078 innituntur
1220 2040 1373 2097 super
1413 2025 1580 2088 illaut,
1613 2023 1761 2095 quasi
1789 2039 1880 2078 su-

265 2130 367 2187 per
398 2112 684 2168 Dominum
712 2114 936 2185 ﬁrmitas
963 2115 1167 2187 (Prov.
1215 2115 1460 2188 111,18),
1508 2130 1610 2172 nec
1653 2115 1876 2171 dubium

267 2209 409 2280 quin
441 2209 682 2266 Verbum
711 2210 808 2266 Dei
841 2209 1136 2282 signiticet,
1165 2212 1255 2280 qui
1307 2211 1425 2280 ipse
1465 2219 1552 2266 est
1583 2210 1667 2264 via
1717 2218 1878 2280 atque

264 2302 565 2372 sapientia,
601 2310 656 2358 et
681 2302 750 2358 de
775 2317 837 2360 se
866 2302 1143 2374 loquitur:
1176 2302 1290 2376 Ego
1317 2319 1432 2357 sum
1453 2303 1557 2356 vita
1584 2299 1772 2376 (Joan.
1797 2317 1874 2366 xt,

265 2395 399 2470 25).
431 2399 497 2454 Et
523 2398 592 2454 de
609 2413 712 2469 qua
728 2397 996 2468 Propheta
1017 2397 1268 2454 decantat
1293 2415 1304 2452 :
1338 2397 1528 2452 Omnia
1550 2397 1605 2451 in
1622 2396 1879 2469 sapientia

268 2488 440 2559 fecisti
460 2508 480 2545 .'
506 2489 798 2563 repletaZest
829 2501 966 2546 terra
989 2491 1249 2545 creatione
1276 2499 1363 2545 tua
1389 2488 1572 2563 (Psal.
1598 2505 1712 2556 cm,
1741 2487 1874 2559 24);

269 2590 328 2638 et
353 2583 638 2653 aposmlus
669 2583 874 2638 Paulus
899 2601 910 2637 :
946 2582 1184 2638 Christus
1213 2582 1313 2638 Dei
1341 2583 1527 2652 uirtus,
1575 2593 1624 2636 et
1655 2580 1752 2636 Dei
1787 2597 1874 2636 sa-

269 2674 466 2745 pientia
492 2675 552 2744 (l
580 2675 702 2731 Cor.
727 2691 768 2742 ι,
812 2674 884 2731 24
903 2673 1147 2749 ).{Opera
1173 2690 1394 2746 quoque
1426 2673 1610 2745 populi
1640 2673 1734 2728 Dei
1769 2688 1876 2728 non

269 2775 637 2836 veterascent,
661 2767 757 2823 sed
775 2767 1175 2823 innovahuntur
1189 2767 1456 2838 quotidie,
1479 2775 1541 2822 ut
1555 2781 1662 2822 non
1684 2765 1876 2821 ambu-

268 2858 390 2916 lent
435 2861 491 2914 in
540 2869 810 2916 vetustate
849 2861 1070 2926 litterae,
1123 2859 1219 2916 sed
1268 2860 1324 2914 in
1365 2860 1606 2915 novitate
1651 2857 1877 2930 spiritus

267 2949 461 3025 (Rom.
509 2951 639 3024 vn).
691 2951 763 3009 Ut
791 2953 1064 3023 quomodo
1109 2967 1206 3030 pqr
1255 2951 1682 3007 inobedientiam
1715 2951 1877 3008 unius

267 3042 532 3111 hominis,
559 3055 873 3114 peccatores
905 3025 1195 3102 constitatrti
1223 3053 1357 3101 sunt
1385 3045 1607 3116 plurimi
1636 3063 1647 3099 :
1675 3045 1753 3099 sic
1779 3060 1876 3115 per

269 3135 646 3193 obedientiam
664 3136 827 3192 unius
847 3136 1106 3202 hominis,
1117 3137 1251 3208 justi
1272 3135 1677 3194 constituantur
1691 3137 1871 3192 multi.

1984 1935 2157 1991 usque
2191 1922 2564 1992 benedicitur,
2599 1936 2654 1982 et
2677 1939 3002 1997 permanent
3029 1931 3126 1986 lilii
3149 1933 3313 2006 796
3333 1933 3589 1989 filiorum.

1984 2011 2060 2068 De
2069 2014 2266 2084 quibus
2277 2015 2545 2088 Propheta
2560 2017 2717 2074 dicit:
2733 2019 2926 2076 Beatus
2940 2022 3017 2076 vir
3030 2025 3118 2094 qui
3131 2026 3272 2079 timet
3285 2023 3592 2094 Dominum,

1982 2107 2037 2159 in
2069 2108 2330 2163 mandatis
2355 2113 2468 2182 ejus
2497 2110 2819 2168 voletnimis.
2851 2112 3045 2170 Potens
3064 2117 3119 2170 in
3142 2125 3281 2171 terra
3306 2118 3401 2171 erit
3420 2135 3596 2173 semen

1981 2198 2114 2267 ejus,
2147 2201 2410 2270 generatio
2439 2212 2696 2258 rectorum
2717 2203 3042 2261 benedicatur
3070 2205 3254 2278 (Psal.
3280 2223 3393 2274 cs1,
3422 2209 3476 2276 1,
3503 2209 3595 2282 2).

1983 2291 2052 2347 Et
2081 2293 2212 2348 alibi
2240 2311 2252 2346 :
2286 2293 2416 2350 Filii
2445 2299 2526 2350 tui
2570 2299 2706 2352 sicut
2747 2297 2965 2354 novellae
2992 2298 3247 2354 olivarum
3276 2303 3330 2355 in
3373 2303 3595 2357 circuitu

1981 2401 2172 2440 mensa:
2201 2395 2323 2442 tute.
2357 2387 2492 2442 Ecce
2516 2389 2590 2443 sic
2621 2390 2944 2445 benedicatur
2989 2391 3143 2446 homo
3167 2394 3256 2464 qui
3287 2395 3429 2448 timet
3481 2393 3594 2448 Do-

1981 2479 2181 2532 minum
2204 2479 2224 2552 (
2244 2478 2389 2535 Psal.
2412 2497 2624 2550 cxxvn,
2653 2483 2709 2550 4,
2742 2484 2828 2554 5).
2859 2484 3186 2540 Ecoutrario
3210 2486 3277 2540 de
3304 2486 3441 2541 Juda
3462 2487 3595 2542 dici—

1981 2581 2070 2627 tur
2090 2573 2392 2642 proditore,
2419 2583 2474 2631 et
2500 2577 2758 2630 omnibus
2788 2576 2883 2646 qui
2901 2577 3111 2633 similes
3124 2578 3241 2648 ejus
3261 2587 3407 2644 sunt,
3430 2578 3593 2634 Fiant

1979 2663 2080 2735 ﬁlii
2107 2669 2217 2739 ejus
2245 2665 2451 2740 pupilli,
2485 2678 2533 2722 et
2559 2684 2692 2722 uxor
2717 2670 2828 2740 ejus
2857 2669 3032 2724 uidua.
3073 2668 3506 2727 Commoveautur
3545 2681 3595 2728 et

1979 2759 2365 2829 transferantur
2390 2759 2490 2831 ﬁlii
2520 2763 2656 2832 ejus,
2680 2772 2728 2816 et
2751 2764 3062 2830 mendicent,
3100 2766 3381 2838 ejiciantur
3412 2767 3476 2821 de
3502 2767 3594 2821 do-

1979 2851 2145 2905 mibus
2191 2853 2302 2907 suis
2354 2850 2540 2925 (Psal.
2579 2869 2728 2919 cvm,
2757 2854 2815 2920 9,
2850 2855 2976 2926 10).
3030 2855 3416 2912 Generationis
3445 2859 3590 2913 enim

1979 2945 2136 3000 malae
2169 2945 2295 3002 linis
2317 2955 2402 3002 est
2433 2948 2727 3017 pessimus.
2758 2948 2861 3015 Qui
2891 2949 3213 3020 concipiunt
3241 2949 3508 3016 dolorem,
3543 2962 3596 3007 et

1981 3041 2197 3111 pariunt
2241 3041 2604 3113 iniquitatem.
2640 3042 2720 3097 De
2749 3057 2978 3110 quorum
3013 3044 3280 3113 scriptum
3313 3053 3397 3099 est
3447 3046 3598 3114 prin-

1977 3135 2134 3205 cipe:
2169 3133 2304 3190 Ecce
2333 3137 2576 3207 parturiit
2605 3137 2940 3206 injustitiam,
2977 3138 3212 3206 concepit
3259 3138 3514 3205 dolorem,
3547 3147 3594 3193 et

269 3228 369 3286 Vel
400 3240 551 3286 certe
583 3231 688 3286 hoc
735 3230 1046 3300 dicendum,
1090 3230 1252 3304 795
1297 3230 1441 3302 quod
1471 3245 1636 3300 opera
1679 3245 1868 3286 eorum
1896 3240 1942 3304 ρ
1975 3227 2168 3298 peperit
2191 3227 2514 3297 iniquitatem
2547 3229 2567 3298 (
2587 3226 2736 3281 Psal.
2770 3243 2866 3293 vn,
2898 3228 3023 3300 15).
3052 3229 3111 3284 Si
3147 3239 3328 3285 autem
3371 3229 3476 3284 hoc
3525 3229 3593 3285 de

269 3333 646 3393 veterascant,
677 3341 908 3396 quorum
940 3325 1138 3380 domus
1165 3325 1391 3382 fundata
1434 3339 1601 3397 super
1633 3334 1872 3396 petram,

269 3428 558 3489 permanet
586 3417 641 3473 in
675 3428 964 3484 internum,
992 3425 1050 3474 et
1077 3418 1167 3489 qui
1195 3417 1534 3474 mdilicarunt
1555 3433 1720 3488 super
1744 3416 1868 3472 fun-

270 3507 588 3566 damentum
617 3507 846 3577 Christi,
893 3525 1110 3575 aurum,
1155 3520 1464 3580 argentum,
1499 3509 1706 3580 lapides
1750 3525 1870 3579 pre-

271 3601 440 3657 tiosos
466 3599 521 3673 (1
545 3599 670 3657 Cor.
690 3599 786 3672 ιιι)
815 3601 1212 3658 :etecontrario
1249 3615 1444 3657 eorum
1462 3615 1630 3672 Opera
1657 3601 1872 3670 disper-

269 3700 430 3761 eant,
464 3708 696 3764 quorum
730 3693 931 3748 domus
963 3693 1187 3748 fundata
1209 3707 1374 3763 super
1403 3707 1654 3758 arenam,
1691 3691 1868 3747 subita

271 3796 598 3858 tempestate
623 3787 984 3852 subvertitur;
1018 3795 1074 3842 et
1121 3787 1213 3857 qui
1257 3785 1663 3842 aadiﬁcaverunt
1705 3799 1869 3854 super

271 3880 688 3936 fundamentum
730 3877 972 3944 Christi,
1019 3878 1190 3948 ligna,
1221 3879 1428 3944 fenum,
1466 3877 1748 3948 stipulam.
1782 3879 1868 3932 An

271 3987 379 4029 non
413 3973 510 4029 tibi
542 3971 757 4029 videtur
786 3970 1028 4040 quotidie
1074 3971 1384 4025 inveterare
1410 3984 1577 4039 opera
1607 3983 1728 4034 sua,
1775 3967 1866 4038 qui

273 4066 676 4136 praeteritorum
707 4064 934 4127 oblitus,
971 4064 1024 4118 in
1059 4062 1296 4118 futurum
1327 4061 1680 4118 extenditur?
1711 4059 1868 4116 Unde

268 4167 508 4215 etvetus
556 4167 612 4213 et
643 4173 842 4213 novum
889 4156 1090 4212 dicitur
1128 4156 1580 4211 Testamentum:
1621 4167 1728 4209 non
1759 4167 1870 4225 quo

272 4262 427 4308 vetus
454 4259 666 4322 pereat,
699 4249 795 4306 sed
823 4265 931 4321 quo
959 4264 1101 4304 novo
1127 4248 1276 4304 aliud
1299 4263 1409 4303 non
1439 4246 1718 4303 succedat.
1754 4246 1869 4302 Hoc

272 4359 489 4417 quoque
531 4344 685 4414 juxta
734 4343 1057 4399 Hebraicum
1102 4341 1212 4397 dici
1259 4349 1464 4414 potest,
1508 4340 1653 4412 quod
1700 4355 1866 4412 opera

271 4437 454 4506 pOpuli
485 4435 616 4491 etin
648 4431 871 4490 Christo
891 4432 1254 4502 credentium,
1284 4434 1488 4490 fructus
1505 4433 1616 4489 sint.
1636 4436 1866 4504 Aposto—

269 4530 471 4598 lorum,
504 4529 558 4586 id
587 4539 692 4597 est,
720 4529 1017 4586 electorum
1048 4529 1168 4598 Dei,
1197 4539 1253 4587 et
1283 4531 1336 4586 in
1375 4529 1644 4586 thesauris
1671 4545 1862 4608 eorum

1973 3319 2161 3390 impiis
2183 3318 2405 3386 dicitur,
2424 3319 2699 3390 quomodo
2723 3318 2968 3386 Samuel,
2995 3319 3078 3375 vir
3101 3321 3295 3376 beatus
3313 3331 3366 3375 et
3386 3320 3590 3390 justus,

1973 3411 2116 3468 filios
2138 3416 2407 3483 pessimos
2427 3415 2638 3485 genuit,
2656 3415 2746 3484 qui
2767 3429 2876 3468 non
2894 3414 3312 3470 ambulaverunt
3326 3430 3421 3484 per
3439 3417 3583 3470 viam

1973 3505 2146 3578 patris
2177 3505 2236 3579 (Ι
2265 3507 2394 3580 Reg.
2423 3505 2550 3578 vnt)
2577 3523 2591 3573 ;
2622 3514 2677 3561 et
2702 3507 2900 3573 David,
2930 3507 2998 3563 dc
3029 3509 3184 3579 cujus
3215 3508 3466 3564 Christus
3491 3526 3588 3564 na-

1973 3607 2059 3653 tus
2089 3608 2175 3654 est
2203 3600 2436 3665 semine,
2459 3598 2598 3653 duos
2615 3597 2807 3668 genuit
2827 3598 2996 3664 filios,
3017 3599 3248 3653 Ammon
3270 3609 3324 3653 et
3347 3597 3588 3653 Abessa-

1937 3696 1939 3698 ’
1969 3688 2087 3756 lon,
2115 3705 2346 3760 quorum
2375 3689 2514 3744 alter
2542 3688 2751 3754 fratris,
2799 3690 2940 3744 alter
2965 3689 3133 3758 patris
3175 3689 3384 3744 exstitit
3412 3691 3588 3760 parri-

1970 3780 2093 3836 cida
2121 3781 2201 3851 (ll
2232 3781 2364 3855 Reg.
2398 3797 2514 3848 xtu,
2549 3797 2622 3836 xv
2669 3789 2717 3834 et
2757 3779 2923 3853 xvi)?
2968 3780 3050 3836 Ex
3089 3780 3288 3852 quibus
3332 3783 3585 3840 omnibus

1972 3873 2254 3943 discimus,
2283 3875 2424 3930 filios
2449 3882 2504 3931 et
2533 3883 2763 3945 nepotes
2787 3873 3088 3930 secundum
3136 3875 3186 3929 id
3221 3875 3451 3947 intelligi
3484 3877 3581 3933 de-

1971 3967 2104 4024 bere
2131 3967 2278 4039 quod
2305 3967 2565 4023 diximus.
2597 3967 2752 4023 Juxta
2783 3967 2930 4038 quod
2961 3977 3017 4023 et
3046 3967 3248 4024 Paulus
3275 3970 3414 4025 filios
3456 3986 3584 4042 par-

1970 4062 2121 4128 turit,
2147 4060 2321 4116 donec
2349 4059 2598 4116 Christus
2638 4061 2902 4116 formetur
2934 4060 2986 4115 in
3015 4060 3117 4127 eis,
3166 4069 3224 4117 et
3252 4061 3576 4118 Onesimum

1969 4153 2025 4210 in
2053 4152 2282 4209 vinculis
2307 4162 2538 4225 generat
2560 4151 2772 4227 (Galat.
2791 4151 2900 4226 tv).
2925 4151 3027 4221 Qui
3051 4168 3175 4208 cum
3199 4154 3575 4220 clamaverint.

1969 4247 2151 4304 statim
2178 4245 2560 4315 exaudientur,
2590 4255 2646 4302 et
2675 4247 2786 4303 illis
2817 4247 3195 4319 loquentibus,
3219 4247 3367 4304 dicet
3395 4249 3580 4307 Domi-

1968 4358 2093 4411 nus,
2112 4343 2340 4399 Adsum.
2364 4343 2496 4412 Qua:
2518 4344 2704 4399 omnia
2727 4344 2894 4400 etiam
2912 4343 3064 4415 juxta
3093 4344 3331 4402 litteram
3358 4347 3410 4402 in
3433 4349 3583 4406 Acti-

1970 4437 2069 4492 bus
2117 4439 2513 4510 Apostolorum
2561 4439 2838 4496 cernimus
2877 4454 3001 4496 esse
3047 4441 3341 4512 completa.
3392 4443 3579 4515 Neque

1966 4531 2114 4587 enim
2144 4532 2452 4603 potuissent
2475 4547 2668 4590 omnes
2695 4540 2888 4605 gentes
2922 4533 2976 4588 in
3011 4542 3118 4589 tam
3151 4534 3301 4590 brevi
3332 4545 3579 4608 tempore

270 4623 660 4681 recondantur.
715 4622 866 4678 Multi
916 4622 1059 4678 enim
1130 4623 1326 4693 vocati,
1387 4631 1444 4680 et
1491 4623 1652 4695 pauci
1704 4623 1864 4681 electi
1889 4626 2234 4700 peredere,
2270 4626 2378 4682 nisi
2409 4626 2690 4700 signorum
2723 4625 3004 4682 miraculis
3044 4627 3179 4683 lides
3210 4643 3404 4684 eorum
3443 4646 3580 4700 quo-

272 4716 502 4790 (Mattlt.
538 4717 660 4786 xx).
698 4715 789 4771 lsti
822 4731 930 4772 non
966 4716 1296 4772 laborabunt
1341 4717 1560 4784 frustra,
1593 4727 1652 4774 ut
1690 4734 1866 4788 quon-

268 4812 392 4870 dam
424 4813 739 4868 laboravere
761 4810 931 4866 Judaei
954 4827 969 4876 ;
993 4809 1088 4866 sed
1120 4810 1329 4867 labores
1357 4827 1614 4866 manuum
1643 4826 1862 4867 suarum

268 4905 696 4962 manducabunt.
741 4903 931 4973 Neque
955 4904 1292 4973 generabunt
1339 4905 1392 4959 in
1422 4904 1862 4969 conturbatione,

269 4999 387 5057 sive
419 5000 472 5053 in
521 4997 930 5061 tnaledictione,
971 5004 1028 5051 et
1068 5006 1125 5050 ut
1169 4996 1222 5050 in
1256 4995 1525 5051 Hebraico
1553 4996 1866 5066 expressius

269 5094 514 5164 ponitur,
548 5093 617 5165 εἰς
649 5091 986 5165 δςνυπαρξίαν,
1023 5086 1170 5158 quod
1215 5087 1394 5159 lingua
1427 5102 1613 5142 eorum
1665 5086 1866 5142 dicitur

270 5158 476 5240 issam
506 5158 729 5254 (η’-πώ)
753 5158 870 5254 [At
905 5177 1178 5253 unum]
1211 5158 1315 5235 hoc
1349 5190 1452 5244 est,
1489 5190 1541 5233 ut
1568 5197 1676 5236 esse
1696 5180 1861 5234 desis-

1962 4717 2260 4774 dammodo
2307 4727 2453 4776 esset
2491 4727 2730 4776 extorta.
2783 4717 3158 4788 Loquentibus
3204 4721 3350 4777 enim
3382 4732 3436 4778 et
3467 4723 3582 4778 cla-

1965 4813 2242 4867 mantibus
2285 4813 2568 4884 Apostolis
2622 4821 2676 4868 et
2729 4812 3050 4882 apostolicis
3095 4814 3252 4883 viris,
3311 4814 3580 4872 Dominus

1965 4905 2248 4978 signorum
2289 4905 2664 4976 magnitudine
2714 4905 3106 4976 reSpondebat,
3148 4918 3209 4964 ut
3251 4909 3455 4965 Dorcas
3505 4912 3574 4967 ad

1963 5014 2156 5068 preces
2207 4999 2351 5054 Petri
2385 5006 2634 5070 surgeret
2666 4999 2815 5068 (Act.
2850 4997 2963 5071 rx),
3011 5008 3071 5055 ut
3114 4999 3289 5056 Publii
3337 5013 3490 5070 pater
3522 5004 3577 5058 in

1965 5091 2143 5147 insula
2168 5091 2348 5147 Melita
2377 5091 2624 5148 febribus
2645 5103 2700 5148 et
2719 5093 3082 5164 dyssenteria,
3117 5095 3206 5164 qui
3229 5095 3406 5150 morbi
3437 5095 3580 5154 inter

1965 5198 2027 5241 se
2057 5185 2322 5242 contrarii
2345 5193 2494 5250 sunt,
2519 5185 2673 5240 Pauli
2699 5185 2958 5256 precibus
2985 5195 3292 5252 sanaretur,
3312 5194 3366 5241 et
3397 5195 3455 5243 ut
3481 5203 3580 5246 eos

271 5287 406 5347 tant,
457 5285 514 5332 et
563 5275 726 5331 linem
773 5273 1094 5330 substantia
1138 5289 1250 5329 sua!
1297 5272 1579 5328 habeant:
1614 5290 1710 5344 pro
1760 5289 1868 5345 quo
1961 5288 2116 5337 totus
2166 5279 2318 5335 orbis
2361 5279 2497 5336 deos
2551 5279 2693 5336 inter
2744 5279 2996 5336 homines
3041 5279 3253 5334 diceret
3301 5279 3585 5337 ambulare

269 5371 492 5444 Aquila,
528 5369 912 5442 Symmachus,
945 5378 1001 5424 et
1031 5368 1337 5424 Theodotio
1367 5367 1742 5439 festinationem
1781 5367 1867 5423 in-

270 5465 551 5537 terpretati
583 5473 748 5518 sunt:
780 5472 837 5518 ut
875 5478 1219 5535 nequaquam
1259 5462 1517 5519 festinent
1541 5464 1744 5533 absque
1781 5479 1870 5519 ra-

1967 5370 2120 5446 (Act.
2141 5387 2309 5426 xxvut
2325 5370 2365 5441 ).
2384 5371 2538 5427 Tunc
2556 5372 2716 5443 lupus
2737 5379 2794 5426 et
2812 5385 2983 5441 agnus
3005 5369 3366 5440 pascebantur
3385 5372 3576 5438 simul,

1971 5473 2291 5536 persecutor
2329 5464 2556 5533 Paulus,
2589 5475 2646 5520 et
2673 5463 2912 5518 Ananias
2945 5462 3246 5532 discipulus
3275 5459 3432 5535 (Act.
3467 5479 3522 5520 1x
3537 5465 3579 5537 ).

273 5555 421 5613 tione
446 5555 672 5611 credere
702 5556 838 5612 :sed
869 5555 1495 5621 imitentnrNathanael,
1529 5556 1621 5626 qui
1657 5555 1873 5613 Domini
1976 5559 2072 5616 Ille
2118 5559 2303 5630 lupus,
2355 5558 2424 5614 de
2469 5573 2576 5630 quo
2618 5557 2878 5625 scriptum
2921 5565 3045 5612 est:
3090 5553 3372 5628 Benjamin
3425 5558 3582 5627 lupus

271 5663 406 5705 voce
435 5649 690 5704 laudatus
719 5659 840 5704 est:
893 5647 1026 5703 Ecce
1052 5665 1164 5704 vere
1210 5648 1478 5717 Israelita,
1511 5648 1566 5702 in
1592 5664 1694 5720 quo
1723 5648 1876 5705 dolus
1977 5669 2165 5726 rapax,
2193 5669 2341 5707 mane
2371 5652 2596 5708 comedet
2642 5647 2896 5722 prtedam,
2940 5659 2988 5704 et
3030 5649 3099 5704 ad
3138 5665 3402 5721 vesperam
3439 5653 3585 5708 dabit

272 5759 374 5797 nou
395 5752 469 5796 est
521 5738 708 5814 (Joan.
764 5757 856 5808 xx,
905 5739 1034 5813 47),
1080 5741 1174 5812 qui
1218 5740 1499 5797 Christum
1554 5740 1878 5798 auctoritate
1978 5762 2124 5802 escas
2150 5743 2320 5814 (Gen.
2357 5759 2502 5810 xux,
2534 5740 2680 5810 27);
2717 5739 2833 5794 sive
2863 5749 2922 5796 nt
2959 5741 3012 5796 in
3064 5741 3333 5800 Hebraico
3362 5741 3584 5810 dicitur,

273 5834 674 5905 Scripturarum
728 5836 1027 5905 quaerebat,
1079 5846 1133 5891 et
1185 5837 1252 5892 de
1299 5835 1591 5908 Prophetis
1623 5837 1879 5907 cupiebat
1981 5837 2385 5908 dividetspolia.
2414 5834 2580 5906 Cujus
2611 5831 2860 5888 doctrina
2907 5833 3064 5892 cibus
3101 5835 3203 5892 fuit
3232 5833 3593 5908 credentium,

724 5930 999 5991 Ps'rnon.
1051 5927 1287 5990 XXIV.

3056 5925 3131 5991 21
