1930 3631
215 171 266 201 851

846 169 874 198 S.
896 169 1032 198 EUSEBI!
1051 170 1242 199 HIERONYMI

1781 180 1820 209 652

214 236 241 258 et
257 231 302 265 qui
327 229 355 257 in
374 233 431 256 toto
451 227 517 256 orbe
532 227 567 255 de
579 227 715 263 superatis
738 226 904 254 adversariis
919 227 1014 254 trium-
1027 229 1055 260 Α
1067 232 1093 256 et
1106 228 1220 257 Judaico
1234 229 1407 264 operiremus
1422 237 1526 263 errore,
1549 231 1594 266 qui
1610 236 1697 266 putant
1707 240 1821 265 ClSll‘ueﬂ-

215 277 317 312 phavit.
340 276 409 311 Αεηί
432 279 523 303 autem
545 273 676 302 credendi
701 278 764 301 sunt
789 281 894 307 omnes,
919 274 966 309 qui
987 274 1013 300 in

215 324 338 352 vestibus
353 322 476 350 candidis
501 326 651 356 sequuntur
664 321 769 356 Agnum
785 328 955 356 quocumque
968 327 1014 347 va-

213 370 354 407 dit(.~ipoe.
364 369 432 404 xtv).
441 376 512 405 quos
524 369 605 404 197
619 368 750 396 Dominus
761 368 842 395 Petro
855 367 966 396 tradidit
978 366 1013 394 ad

213 417 379 452 pascendum
395 417 489 444 dicens
499 425 504 442 :
514 415 686 450 Pasceagnos
696 414 866 451 meos(Joan.
881 414 1011 450 “1,16).

211 464 268 492 Leo
283 471 391 499 quoque
407 468 435 491 ut
449 463 500 491 bos
513 462 642 490 comedet
662 462 764 497 paleas,
781 462 890 497 quando
905 461 957 489 viri
970 461 1013 489 di-

210 512 367 545 sertissimi,
399 516 426 539 et
453 511 590 547 quondam
620 510 691 546 apud
715 510 845 538 saeculum
876 514 1013 545 potentes,

212 558 415 593 Scripturarum
436 564 465 585 se
489 557 600 585 tradunt
621 556 777 589 rusticitati,
794 560 824 584 ut
844 563 1013 592 nequaquam

210 605 337 632 saaculari
362 609 509 640 pascantur
534 604 701 639 eloquentia,
728 610 790 638 quae
814 603 900 630 instar
923 602 1014 630 mellis

210 651 295 678 stillat
311 650 345 678 de
368 650 448 679 labiis
464 650 629 684 meretricis,
654 649 701 677 sed
723 649 857 677 vilitatem
874 654 900 677 et
922 649 1014 684 paleas

209 705 360 735 sequantur
376 699 508 732 historian,
534 698 622 726 donec
643 698 728 725 multo
751 697 845 725 labore
870 701 951 732 atque
971 697 1014 724 in-

208 746 312 774 dustria
324 751 483 774 mereantur
494 745 528 774 ad
540 746 705 773 frumentum
715 752 844 773 sensuttm
857 744 1011 780 pervenire.

208 793 247 821 De
270 793 369 829 quibus
390 793 476 828 paleis
501 798 528 820 et
553 793 690 820 frumento
713 791 846 819 .leremias
873 790 1012 826 loquitur:

211 840 282 873 Quid
299 841 381 876 paleis
396 840 430 867 ad
443 841 570 873 triticum,
585 840 647 867 dicit
667 839 795 866 Dominus
809 838 924 875 (lerant.
951 846 1010 872 xm,

210 887 284 922 ‘28)?
300 888 333 915 Et
352 887 596 921 considerandum,
611 887 683 922 quod
708 894 760 914 ιιοιι
775 887 825 915 bos
845 890 967 914 vertatur
987 887 1012 914 in

208 936 322 968 rabiem,
334 935 382 963 sed
399 936 443 963 leo
458 940 580 963 mutetur
592 935 618 962 in
633 934 881 962 mansuetudinem.
895 934 1014 968 Serpens
1031 941 1052 971 Β
1068 934 1133 961 nia?
1157 934 1234 962 Unde
1249 940 1276 963 et
1295 935 1400 970 Moyses

209 983 291 1010 etiam
308 984 353 1018 qui
370 983 534 1011 observabat
555 982 674 1010 hominis
698 982 868 1014 calcaueum,
896 985 924 1009 et
939 981 1016 1016 cujus

207 1030 240 1058 ab
260 1030 374 1058 homine
392 1030 591 1058 observabatur
607 1035 700 1064 caput,
717 1037 887 1065 nequaquam
900 1029 1016 1056 aliorum

206 1076 341 1104 uutrietur
358 1078 482 1111 interitu,
507 1077 555 1105 sed
571 1082 683 1110 terram,
702 1077 759 1104 sive
775 1076 914 1111 pulverem
938 1075 1015 1111 quasi

207 1131 305 1156 panem
329 1123 454 1151 coutedet
471 1122 579 1159 (Genus.
608 1123 664 1159 ιιι).
689 1123 744 1150 Aut
764 1129 838 1151 certe
854 1124 894 1151 sic
917 1122 1017 1150 intelli-

208 1170 337 1204 gendum,
355 1169 428 1205 quod
444 1170 569 1197 diabolus
582 1170 627 1205 qui
639 1170 714 1205 prius
726 1170 866 1197 hominum
883 1170 1015 1198 mortibus

205 1217 380 1252 pascebatur,
400 1225 448 1245 eos
461 1221 566 1244 tantum
581 1217 718 1250 comedat,
733 1217 779 1252 qui
795 1217 884 1252 pulvis
895 1225 926 1245 ac
943 1222 1015 1245 terra

205 1269 287 1291 sunt:
306 1272 354 1299 per
367 1271 427 1299 qua:
441 1265 534 1292 omnia
550 1264 755 1292 demonstratur
773 1265 906 1292 malorum
925 1265 950 1291 in
969 1265 1015 1292 bo-

208 1319 272 1339 num
286 1311 476 1345 commutatio,
494 1311 541 1347 qui
555 1311 660 1339 innoxii
676 1316 768 1344 erunt,
785 1312 894 1346 antiqua
907 1311 1015 1339 feritate

206 1360 349 1395 deposita:
374 1367 428 1387 non
451 1359 530 1393 foris,
551 1360 598 1388 sed
615 1360 642 1387 in
662 1365 755 1387 tuente
779 1364 874 1387 sancto
894 1359 1013 1392 Domini,

206 1407 259 1435 hoc
273 1413 325 1441 cst,
340 1408 367 1435 in
378 1407 513 1441 Ecclesia,
532 1413 557 1435 et
581 1408 607 1435 in
625 1407 798 1435 confessione
823 1408 884 1442 ejus
900 1408 1011 1440 montis,

206 1463 220 1482 a
237 1464 290 1490 quo
310 1456 471 1483 vulneratus
492 1460 534 1483 est
560 1456 686 1491 princeps
709 1455 786 1491 Tyri,
803 1461 830 1483 et
846 1455 891 1490 qui
906 1455 1015 1483 excisus

205 1503 239 1530 de
255 1507 348 1530 monte
362 1503 421 1531 sine
438 1502 575 1535 manibus,
593 1502 680 1530 crevit
692 1503 718 1529 in
735 1508 856 1530 montem
874 1510 1012 1537 magnum,

205 1555 233 1577 et
248 1549 370 1584 implevit
385 1550 479 1577 orbem
497 1548 620 1585 (Daniel.
637 1549 684 1585 ιι).
697 1548 902 1585 luterrogcmus
918 1550 944 1577 in
961 1549 1014 1577 hoc

207 1596 267 1624 loco
288 1596 409 1631 Judmos,
434 1601 462 1624 et
482 1604 577 1624 omnes
592 1597 638 1632 qui
655 1596 705 1624 sub
722 1596 833 1625 nomine
857 1597 1014 1627 Christiano

1065 274 1127 302 dant
1148 276 1311 309 Jerusalem,
1329 282 1357 305 et
1371 278 1465 305 omnia
1479 286 1540 313 quas
1558 278 1679 307 Dominus
1693 281 1819 317 pollicetur,

1064 322 1101 350 ibi
1112 324 1248 359 explenda
1262 325 1420 359 carnaliter,
1436 325 1527 353 aufert
1543 326 1621 353 nobis
1636 326 1700 355 hanc
1717 330 1822 364 suspicio-

1066 376 1126 397 nem
1138 378 1145 403 ;
1158 375 1186 398 et
1200 370 1279 405 ponit
1296 372 1492 405 testimonium,
1508 379 1563 407 quo
1574 379 1635 400 usus
1648 378 1685 400 est
1698 374 1822 410 Stephanus

1066 418 1168 452 primus
1182 423 1286 454 martyr
1302 419 1326 446 in
1342 418 1453 446 Christo
1471 419 1614 451 adversum
1634 420 1758 450 Judaicatn
1771 430 1821 450 con-

1065 464 1215 493 tentionem
1228 465 1238 501 (
1252 467 1308 492 Act.
1320 473 1356 493 vn
1368 467 1387 501 ).
1400 465 1531 497 Salomon
1543 466 1681 494 aedilith
1691 468 1713 495 ei
1724 469 1822 503 domum,

1065 511 1136 539 haud
1151 511 1264 540 dubium
1279 513 1344 548 quin
1364 513 1438 545 Deo;
1455 513 1503 541 seti
1519 522 1573 544 non
1589 514 1614 542 in
1630 515 1774 543 manufactis
1786 524 1823 545 ex-

1065 558 1154 586 celsus
1170 558 1286 592 habitat,
1302 559 1375 587 sicut
1389 559 1526 594 Propheta
1538 561 1595 588 ait:
1607 560 1697 589 Catum
1708 563 1762 589 mitti
1772 564 1824 591 tim)-

1066 612 1113 631 uus
1128 609 1165 631 est
1181 612 1190 632 :
1206 610 1273 632 terra
1297 611 1383 633 autem
1406 606 1547 634 scutellum
1568 607 1659 641 pedum
1682 617 1785 636 meorum.
1801 611 1825 638 Et

1066 651 1165 679 Paulus
1182 652 1207 679 in
1221 652 1319 680 eodem
1334 653 1473 681 volumine
1486 662 1492 680 :
1507 653 1578 681 Deus
1591 655 1632 689 qui
1650 655 1705 689 fecit
1718 656 1823 690 uiantium,

1065 703 1089 725 et
1103 698 1148 733 qui
1163 699 1190 725 in
1206 707 1235 725 eu
1258 704 1331 733 sunt,
1357 708 1518 734 nequaquam
1537 700 1563 728 in
1583 701 1682 737 templis
1700 703 1824 737 monufactit

1066 745 1162 772 habitat
1176 744 1252 781 (Act.
1267 753 1332 780 mi,
1350 744 1416 781 24).
1438 747 1467 773 Si
1487 747 1561 774 enim
1585 747 1667 775 instar
1688 748 1790 775 sedentis
1802 748 1821 775 in

1066 792 1135 820 solio
1150 797 1232 828 atque
1246 794 1398 828 regnantis,
1416 794 1516 822 coelum
1544 794 1658 822 thronus
1681 796 1733 830 ejus
1745 800 1786 829 est,
1805 801 1825 823 et

1067 844 1138 867 terra
1154 840 1303 868 scabellum
1318 841 1417 876 pedum
1433 841 1515 875 illitis,
1532 842 1667 877 quomodo
1683 851 1756 878 parvo
1769 843 1825 870 clau-

1066 888 1146 915 detur
1162 888 1234 920 loco,
1246 890 1293 924 qui
1310 890 1431 925 complet
1445 891 1551 924 omnia,
1567 896 1594 918 et
1611 891 1636 918 in
1651 899 1701 926 quo
1716 897 1769 919 sunt
1783 899 1826 919 om-

1424 945 1430 962 :
1452 936 1495 964 Ne
1513 938 1597 970 dicas,
1621 938 1712 972 inquit,
1730 939 1753 964 in
1770 939 1827 965 corde

1070 985 1128 1014 tuo,
1142 981 1230 1016 Longe
1246 987 1283 1009 est
1303 981 1393 1009 :Deus
1413 983 1483 1010 enim
1499 983 1525 1010 in
1545 984 1607 1012 uelo
1625 992 1727 1018 sursum,
1740 990 1759 1011 et
1771 992 1829 1017 super

1069 1033 1164 1055 terram
1186 1029 1307 1056 deorsum
1331 1037 1340 1056 :
1357 1034 1379 1057 et
1401 1038 1452 1057 non
1469 1035 1505 1057 est
1528 1030 1598 1058 alius
1611 1037 1698 1066 prazter
1716 1039 1764 1058 eum
1778 1031 1828 1058 Dm

1069 1074 1164 1111 (Deut.
1182 1084 1217 1109 tv,
1231 1076 1293 1113 39).
1314 1077 1344 1104 Et
1361 1077 1503 1105 Psalmista
1518 1087 1523 1103 :
1539 1078 1597 1112 Quo
1610 1078 1650 1105 ibo
1661 1088 1675 1106 a
1694 1079 1772 1113 spiritu
1786 1084 1826 1111 tuo,

1068 1128 1092 1149 et
1106 1130 1121 1149 α
1142 1124 1208 1158 facie
1225 1129 1269 1150 tua
1284 1132 1335 1159 quo
1357 1124 1480 1160 fugiam?
1504 1125 1535 1153 Si
1549 1125 1686 1152 escendero
1707 1126 1731 1152 in
1751 1124 1827 1157 celum,

1068 1170 1122 1197 illic
1131 1179 1156 1197 es
1166 1171 1205 1198 :si
1214 1172 1248 1198 ad
1259 1172 1362 1206 inferna
1373 1173 1542 1206 descendero,
1554 1173 1617 1200 ades
1630 1174 1639 1209 (
1650 1172 1717 1200 Psal.
1725 1179 1826 1204 currui,

1067 1217 1113 1252 7).
1125 1218 1175 1245 Cui
1184 1223 1211 1246 et
1222 1218 1358 1247 Ieremias
1370 1228 1402 1248 ex
1413 1228 1532 1254 persona
1546 1221 1592 1248 Dei
1603 1222 1731 1256 congruit,
1742 1221 1827 1247 dicens:

1068 1263 1139 1291 Dens
1153 1266 1364 1302 appropinquans
1374 1275 1422 1302 ego
1436 1273 1446 1294 .‘
1457 1271 1480 1294 et
1492 1275 1542 1294 non
1557 1268 1589 1294 de
1600 1268 1671 1303 longe
1683 1267 1752 1295 Deus.
1764 1265 1827 1293 Ναπη-

1068 1312 1130 1346 quid
1147 1313 1224 1339 latere
1238 1314 1294 1348 quis
1308 1314 1401 1349 poterit
1423 1314 1450 1340 in
1467 1314 1636 1347 absconditis,
1660 1319 1682 1341 et
1696 1322 1737 1349 ego
1750 1321 1791 1340 non
1800 1313 1827 1339 ti-

1069 1359 1134 1386 debo
1156 1360 1234 1386 eum?
1258 1359 1352 1387 Nattae
1366 1361 1457 1388 emtum
1474 1365 1498 1388 et
1513 1366 1610 1388 terram
1632 1370 1676 1396 ego
1687 1361 1768 1395 impleo
1782 1358 1828 1395 (it-

1069 1415 1130 1435 rcm.
1148 1416 1224 1441 xxnr,
1242 1408 1287 1440 25,
1301 1407 1375 1444 24)?
1394 1408 1422 1436 In
1439 1409 1499 1444 ipso
1515 1409 1589 1436 enim
1611 1417 1703 1436 omnes
1718 1414 1793 1435 sumus
1809 1410 1829 1433 et

1068 1463 1208 1483 movemur
1221 1456 1230 1492 (
1241 1456 1295 1482 Art.
1312 1454 1395 1491 xvn).
1408 1455 1465 1483 lloc
1481 1461 1573 1482 autem
1588 1456 1662 1489 dicit,
1680 1461 1705 1482 ut
1718 1454 1829 1482 Judnicum

1066 1502 1212 1529 convincat
1227 1509 1362 1534 errorem,
1378 1502 1422 1536 qui
1435 1506 1531 1537 putant
1547 1502 1719 1534 invisibilem,
1730 1505 1754 1528 et
1763 1500 1830 1526 incor-

1067 1547 1199 1582 poralcm.
1219 1553 1245 1575 et
1262 1548 1568 1582 incomprehensibilem
1586 1548 1679 1581 Deum,
1696 1546 1781 1581 templo
1792 1544 1827 1572 .le-

1067 1595 1183 1622 rusalem
1207 1601 1288 1629 posse
1304 1594 1438 1622 concludi.
1455 1594 1531 1628 Quod
1550 1595 1657 1630 quidem
1673 1599 1697 1621 ct
1711 1594 1761 1628 ipse
1773 1591 1830 1619 Salo—

205 1643 295 1671 adhuc
317 1644 409 1679 paleas
427 1643 575 1672 comedunt
596 1644 812 1679 Scripturarum,
841 1653 901 1679 (μω)
924 1645 1012 1672 t'cuti-
1029 1642 1051 1673 C
1069 1642 1435 1677 mon,exstructor'l‘empii,
1447 1642 1473 1669 in
1487 1642 1615 1669 oratione
1626 1639 1829 1668 suaadDomiuum

205 1690 281 1717 labro
297 1690 404 1717 Domini
422 1698 437 1717 a
455 1691 545 1717 tritico
564 1695 709 1723 separatae,
735 1695 817 1717 vento
834 1691 974 1718 tradentur
988 1694 1016 1718 et

206 1738 335 1770 flaminis,
351 1746 410 1773 qua:
432 1738 574 1766 beatitudo
594 1738 629 1765 sit
643 1738 815 1770 mstimauda,
840 1743 867 1765 ut
891 1740 917 1766 iu
941 1739 1015 1766 mille

206 1792 341 1813 annorum
359 1793 453 1820 regno,
468 1785 494 1812 in
505 1785 571 1813 Si0n
584 1790 687 1816 monte,
702 1785 813 1812 civitate
828 1784 929 1813 Christi
947 1793 1015 1820 pra:-

206 1831 293 1859 sentis
312 1831 464 1859 Jerusalem
479 1839 486 1864 ;
504 1837 531 1859 et
552 1832 578 1859 in
596 1831 710 1867 Temple
731 1831 937 1867 augustissimo,
958 1831 1013 1867 lupi

208 1882 235 1905 et
251 1878 325 1913 agni,
342 1877 437 1905 leones
449 1883 475 1905 et
492 1878 586 1911 boves,
603 1883 747 1913 serpentes
757 1883 784 1906 et
796 1878 923 1905 homines
934 1878 1013 1905 simul

207 1924 362 1957 comedunt,
378 1926 535 1960 pariterque
550 1926 776 1952 continerentur?
799 1930 825 1953 et
845 1925 887 1952 his
903 1925 956 1961 [ΑΙ.
975 1925 1012 1961 hi]

207 1975 310 1998 tantum
328 1971 432 1998 innoxii
449 1971 513 2004 sint,
526 1972 571 2006 qui
587 1971 612 1998 in
628 1977 719 1998 monte
733 1976 827 1998 sancto
840 1971 946 2000 Domini
963 1972 1009 1998 ha-

207 2017 355 2044 bitaverint
370 2017 381 2044 ?
404 2017 443 2044 Ex
458 2025 523 2053 ‘quo
539 2017 719 2053 intelligimus
741 2025 849 2049 omnes,
866 2018 910 2053 qui
938 2021 1012 2044 extra

206 2068 326 2090 montem
350 2062 462 2096 fuerint,
487 2063 662 2091 occidendos.
680 2063 830 2091 Nudabitur
844 2072 910 2099 ergo
928 2063 1011 2099 lupis,

205 2109 330 2137 leonibus
340 2130 347 2142 ,
364 2110 450 2143 ursis,
464 2109 556 2145 pardis
568 2115 649 2145 atque
663 2111 845 2145 serpentibus,
862 2115 888 2138 ct
904 2110 1011 2138 caeteris

206 2155 301 2183 bestiis
315 2156 456 2183 universus
467 2156 561 2188 orbis;
575 2162 601 2184 ct
618 2157 743 2184 immensi
760 2158 855 2189 Saltus,
868 2162 895 2184 et
908 2157 1010 2192 ngyp-

206 2202 250 2229 tian
275 2202 386 2229 vastitas
403 2202 569 2236 solitudinis,
591 2211 651 2238 qua:
673 2209 868 2231 venenatorum
889 2204 1010 2231 animan-

207 2249 274 2276 tium
300 2249 396 2276 fertilis
418 2254 470 2282 est,
499 2253 527 2276 et
552 2257 601 2284 pro
625 2257 729 2277 summa
757 2249 885 2278 felicitate
912 2250 1009 2278 civitas

205 2301 298 2323 sancta
316 2304 368 2323 non
384 2297 471 2324 solum
484 2295 634 2328 hominum,
651 2297 698 2324 sed
714 2303 739 2324 et
756 2297 903 2325 bestiarum
927 2302 1008 2332 atque

1068 1689 1201 1724 prolixius
1216 1689 1420 1725 confitetur-(lli
1438 1689 1501 1724 Περ.
1516 1690 1593 1723 vni).
1610 1688 1646 1716 Ac
1658 1696 1690 1716 ne
1701 1687 1829 1714 arbitremur

1067 1737 1138 1765 t'telo
1154 1745 1260 1772 quoque
1275 1743 1301 1765 et
1314 1741 1384 1764 terra
1398 1737 1444 1764 Dei
1459 1737 1674 1772 magnitudinem
1687 1733 1828 1766 metiendam,

1067 1784 1092 1810 iu
1120 1785 1172 1811 alio
1187 1784 1247 1811 loco
1262 1784 1296 1812 de
1310 1792 1343 1811 eo
1358 1784 1473 1819 legimus
1487 1792 1494 1811 :
1511 1784 1560 1816 Qui
1575 1789 1641 1811 tenet
1655 1783 1738 1810 cadum
1756 1781 1828 1818 palmo,

1066 1835 1090 1857 et
1104 1835 1197 1857 terrain
1215 1830 1313 1866 pugillo
1327 1829 1409 1865 (Isai.
1427 1838 1470 1863 XL,
1491 1830 1522 1856 li!
1536 1830 1555 1863 ).
1573 1829 1627 1857 Per
1640 1838 1697 1864 qum
1707 1826 1828 1856 ostenditur

1069 1877 1138 1904 Deus
1151 1877 1233 1912 799
1244 1881 1269 1903 ct
1284 1876 1448 1909 forinsecus,
1460 1880 1487 1903 et
1504 1876 1611 1903 illll‘inS'
1623 1883 1678 1905 cus,
1691 1881 1714 1902 et
1735 1872 1823 1903 infusus,

1066 1928 1093 1950 et
1107 1923 1299 1953 circumfusus,
1314 1922 1378 1949 dum
1395 1926 1423 1949 et
1442 1922 1511 1949 solio
1526 1922 1665 1949 ambiente
1679 1928 1728 1947 non
1742 1917 1828 1946 cnncltr

1065 1969 1149 2002 ditur,
1166 1973 1193 1996 et
1206 1969 1307 2004 pugillo
1322 1968 1462 1996 concludit
1477 1975 1509 1995 ac
1526 1968 1629 2003 palmo.
1645 1967 1693 2000 Qui
1709 1974 1754 1992 nrn
1764 1964 1829 1991 solum

1065 2016 1127 2044 cteli
1143 2020 1170 2044 et
1183 2020 1275 2049 terrae,
1294 2016 1341 2042 sed
1358 2019 1386 2042 ct
1399 2014 1579 2042 invisibilium
1599 2018 1703 2041 creator
1717 2017 1752 2040 est
1763 2009 1829 2044 Ange-

1064 2063 1163 2097 lorum,
1179 2067 1206 2089 et
1220 2062 1465 2097 Archangelorum,
1489 2061 1718 2091 Dominationum,
1734 2058 1829 2085 Polesm-

1064 2114 1132 2143 tum,
1150 2113 1177 2136 et
1192 2114 1352 2136 cunctormn
1376 2109 1528 2141 hominum,
1546 2108 1581 2135 de
1598 2108 1694 2141 quilms
1713 2103 1830 2140 Apustolus

1063 2157 1184 2192 loquitur
1198 2155 1315 2192 (Coloss.
1328 2157 1354 2190 ι)
1371 2165 1375 2182 :
1392 2162 1453 2191 qua:
1464 2155 1555 2182 omnia
1574 2154 1623 2182 Dei
1639 2160 1731 2181 manus
1744 2153 1829 2185 opt-rm

1062 2208 1113 2231 est.
1128 2203 1166 2230 Dc
1177 2211 1228 2237 qua
1241 2207 1269 2230 et
1280 2202 1331 2230 Job
1343 2207 1370 2230 et
1384 2203 1529 2229 Psalmista
1543 2203 1753 2230 commemorant
1767 2206 1773 2224 ;
1789 2195 1830 2222 Μα-

1062 2258 1109 2277 ηιιδ
1123 2255 1166 2276 tuu
1180 2250 1240 2285 fecit
1254 2257 1303 2283 me,
1322 2255 1345 2276 et
1366 2250 1504 2285 plasmauit
1522 2257 1563 2276 me
1578 2248 1655 2286 (Job.
1673 2256 1703 2279 x,
1719 2246 1758 2276 IS;
1779 2240 1828 2278 P5“!-

1060 2304 1154 2329 cxrttt,
1170 2296 1233 2333 75).
1257 2297 1352 2323 Omnia
1375 2296 1447 2323 enim
1467 2304 1514 2330 per
1531 2296 1621 2330 ipsum
1651 2294 1717 2321 facta
1737 2290 1831 2321 suntﬁ

205 2343 374 2378 serpentium
396 2344 449 2370 erit
474 2343 670 2376 habitaculum,
695 2348 724 2370 ut
737 2345 811 2379 juxta
835 2343 1008 2378 superiorem
1022 2337 1047 2367 Ι)
1061 2342 1122 2371 sine
1135 2343 1194 2378 ipso
1210 2343 1312 2370 factum
1325 2348 1367 2371 est
1381 2343 1459 2370 nihil.
1477 2343 1514 2370 De
1529 2350 1584 2377 quo
1600 2348 1704 2369 rursum
1717 2340 1827 2366 Joannes?

206 2390 390 2426 prophetiam,
405 2390 507 2417 habitet
519 2391 598 2425 lupus
611 2398 672 2417 cum
689 2398 770 2425 agno,
787 2396 813 2418 ct
831 2391 932 2426 pardus
945 2399 1006 2418 cum

204 2436 294 2470 litt-do,
310 2436 409 2464 vitulus
423 2441 450 2464 et
462 2437 514 2469 leo,
530 2442 557 2463 et
569 2445 634 2464 oves
647 2444 708 2463 cum
733 2437 802 2465 ursis
824 2437 904 2464 simul
926 2437 1007 2473 798

206 2488 347 2511 morentur
363 2485 371 2517 (
385 2482 450 2511 Isai.
478 2483 538 2518 xr);
560 2488 587 2510 et
611 2491 678 2518 puer
695 2484 822 2518 parvulus
847 2488 924 2519 regat
946 2475 1005 2518 eus,

201 2533 230 2557 et
243 2530 333 2557 infans
345 2530 379 2556 ab
390 2530 474 2556 ubere
490 2530 580 2556 mittat
594 2537 703 2556 manum
718 2529 745 2557 in
757 2529 878 2557 foramen
889 2529 1004 2564 aspidis,

201 2580 228 2603 ct
246 2576 272 2603 in
295 2583 410 2603 caverna
430 2582 478 2602 sua
494 2574 640 2602 interﬁciat
662 2576 796 2610 regulum.
814 2576 954 2611 Causaque
971 2576 1006 2604 sit

200 2626 283 2648 tantm
296 2621 448 2654 felicitatis,
462 2621 523 2656 quia
537 2622 640 2656 repleta
652 2626 694 2649 est
704 2622 792 2649 omnis
805 2627 875 2650 terra
890 2623 1002 2650 scientia

202 2667 320 2696 Domini.

234 2713 319 2748 (Cip.
350 2713 562 2741 LXVI—Veis.
590 2713 637 2749 l.)
658 2713 724 2741 Ηωο
749 2715 812 2741 dicit
846 2713 1000 2742 Dominus:

201 2760 298 2787 (Iasium
308 2761 381 2788 sedes
396 2769 464 2793 mea,
479 2766 502 2788 et
526 2766 593 2788 terra
608 2761 747 2788 scabellum
762 2762 857 2797 pedum
870 2771 995 2790 meorum.

202 2807 265 2840 ρυω
279 2812 315 2834 est
330 2808 380 2834 ista
394 2808 483 2835 domus
497 2816 573 2843 quant
585 2807 748 2843 wdiﬁcabilis
764 2809 837 2842 milii,
855 2814 878 2835 et
892 2808 949 2844 quis
961 2814 997 2836 est

202 2854 249 2879 iste
272 2854 344 2881 locus
365 2854 532 2891 requietionis
549 2855 631 2881 metu?
647 2853 742 2885 Omnia
758 2855 811 2881 lucc
826 2863 918 2882 titanas
943 2863 999 2882 mea

199 2901 271 2934 fecit,
284 2906 306 2927 et
320 2903 391 2937 facta
404 2906 464 2929 sunt
483 2901 600 2929 uuirersa
619 2901 679 2936 ista,
694 2901 756 2928 dicit
771 2901 909 2928 Dominus.
927 2901 999 2933 LXX

197 2946 334 2977 similiter.
353 2947 393 2978 Ne
409 2953 530 2979 montem
548 2953 674 2979 sanctum
692 2949 909 2986 intelligeremus
921 2950 997 2981 Sion.

1060 2390 1094 2417 In
1109 2390 1217 2423 mundo,
1235 2390 1281 2423 ait,
1296 2396 1367 2424 erat;
1387 2394 1409 2417 et
1430 2390 1540 2417 mundus
1558 2398 1603 2424 per
1625 2389 1708 2425 ipsum
1723 2388 1792 2421 [artua
1804 2383 1830 2407 (δι

1060 2436 1157 2472 (Joan.
1170 2437 1208 2471 ι).
1224 2436 1285 2471 ipse
1305 2437 1376 2464 enim
1392 2437 1473 2468 dixit,
1488 2441 1516 2463 et
1533 2436 1604 2463 facta
1620 2439 1692 2465 sunt,
1712 2434 1830 2467 ipseman-

1058 2471 1142 2517 davit,
1159 2488 1186 2511 et
1201 2488 1291 2511 creata
1315 2488 1379 2510 sunt
1401 2482 1493 2518 (Psal.
1521 2481 1636 2518 sxxn).
1660 2481 1692 2508 Et
1711 2480 1758 2506 hoc
1777 2471 1830 2511 quOd

1059 2531 1201 2566 Scriptura
1239 2531 1381 2559 Genescos
1420 2531 1536 2567 mystico
1576 2536 1704 2558 Sermone
1742 2526 1830 2552 demon-

1059 2582 1137 2612 strat,
1160 2578 1226 2604 dixit
1243 2576 1324 2611 Deus,
1350 2583 1378 2605 et
1404 2577 1463 2613 fecit
1486 2576 1554 2603 Deus
1580 2575 1688 2611 (Genus.
1708 2571 1741 2609 I).
1761 2568 1830 2618 Verbo

1058 2624 1131 2651 enim
1160 2624 1266 2651 Domini
1287 2623 1350 2652 caeli
1376 2622 1478 2650 firmati
1507 2626 1583 2655 sunt,
1616 2626 1643 2649 et
1675 2619 1763 2655 spiritu
1789 2619 1829 2641 om

1056 2670 1116 2705 ejus
1142 2671 1230 2698 omnis
1253 2670 1341 2698 virtus
1369 2677 1476 2697 eorum.
1516 2668 1670 2704 Nullusque
1704 2666 1771 2693 locus
1800 2663 1830 2688 est

1055 2718 1233 2753 requietiouis
1251 2718 1368 2750 Domini,
1387 2717 1436 2745 nisi
1459 2718 1511 2745 iste
1533 2724 1615 2752 quem
1643 2714 1766 2750 Propheta
1784 2707 1830 2736 sub-

1050 2766 1144 2793 nectit.

1086 2812 1177 2849 (Vers.
1191 2812 1219 2845 ‘2,
1235 2811 1275 2847 ὅ.)
1290 2812 1329 2839 Ad
1343 2820 1417 2847 quem
1428 2815 1512 2839 autem
1524 2811 1672 2846 respiciam,
1685 2808 1730 2835 nisi
1741 2805 1770 2832 ad
1780 2809 1830 2838 tm“

1053 2858 1186 2893 porculum
1206 2863 1228 2885 ct
1245 2859 1386 2885 contritum
1403 2858 1512 2893 spiritu,
1524 2862 1549 2886 et
1565 2860 1714 2885 trementem
1723 2855 1828 2880 srmone-3

1053 2906 1139 2931 meos?
1151 2905 1201 2937 Qui
1218 2904 1336 2932 immolat
1350 2905 1450 2938 bovem,
1468 2904 1543 2939 quasi
1555 2904 1602 2939 qui
1614 2901 1746 2937 interficiat
1760 2894 1828 2923 Itami-

1055 2959 1120 2978 nom.
1149 2950 1200 2984 Qui
1213 2956 1306 2979 mactat
1322 2960 1410 2987 pet-us,
1434 2951 1508 2987 quasi
1528 2951 1572 2986 qui
1594 2948 1732 2978 cxcerebrrt
1748 2947 1826 2971 canem»
