4084 6324
511 384 617 442 655

1769 356 1826 411 S.
1875 349 2148 409 EUSEBII
2189 343 2567 405 illERONYMl

3703 333 3800 392 656

506 496 722 554 scribus
749 491 883 558 suis,
915 487 984 542 de
1010 483 1209 556 quibus
1256 479 1460 549 primus
1507 473 1748 546 psalmus
1790 471 1947 540 juxta
2001 467 2108 523 He-
2134 468 2180 528 A
2211 451 2462 522 centibus
2493 477 2603 518 non
2635 458 3055 518 remaledicebat
3077 457 3132 531 (l
3166 455 3312 512 Petr.
3335 472 3372 512 ιι
3399 456 3457 526 ):
3489 461 3547 558 ct
3570 467 3803 558 proper-

504 590 684 645 limes
739 582 887 640 canit
920 597 932 633 :
973 578 1036 632 Et
1076 578 1129 630 in
1167 571 1417 628 cathedra
1467 569 1745 624 illusorum
1784 581 1885 619 non
1921 561 2102 617 sedit:

505 694 643 750 quos
682 675 958 746 appellant
992 668 1351 740 Septuaginta
1403 661 1737 732 pestilentes:
1765 657 1954 750 quales
1983 653 2101 750 fue-

506 745 632 826 runt
663 745 756 822 nm
789 765 896 832 Eli,
945 762 1039 818 filii
1072 757 1422 831 pestilentiae,
1472 768 1573 824 pro
1598 766 1722 832 ⁸(μιρ
1753 750 1806 805 in
1836 745 2105 804 Hebraico

822 822 908 915 est
947 822 1138 912 DEI.th
1183 850 1310 925 [AL
1360 822 1548 920 suat]
1577 822 1806 919 (Barba),
1853 843 1957 898 hoc
1995 849 2103 906 est,

503 955 728 1010 diaboli.
761 951 922 1018 Quia,
959 945 1155 1016 inquit,
1187 942 1386 1008 vocavi,
1429 950 1475 995 et
1501 955 1604 992 non
1635 946 1744 992 erat
1773 935 1862 1006 qui
1889 947 2103 1002 responv

504 1050 651 1103 deret
685 1063 728 1102 :'
753 1044 958 1100 locutus
1003 1055 1140 1106 sum,
1173 1049 1220 1093 et
1260 1053 1364 1091 non
1419 1033 1699 1088 audierunt
1730 1047 1746 1084 :
1774 1029 2105 1099 feceruntque

505 1142 703 1196 malum
738 1139 793 1192 in
833 1135 999 1191 oculis
1043 1133 1209 1188 meis:
1235 1140 1280 1186 et
1308 1143 1422 1200 qua:
1445 1125 1611 1192 nolui,
1649 1123 1932 1194 elegerunt.
1956 1118 2106 1186 Quos

503 1249 698 1289 versus
728 1228 972 1288 secundo
1019 1227 1172 1296 ponit
1216 1225 1272 1279 in
1314 1219 1572 1292 praesenti
1617 1218 1758 1284 loco,
1810 1223 1863 1270 et
1914 1225 2102 1282 supra,

503 1327 592 1382 ubi
619 1325 852 1380 dicitur:
879 1317 1180 1376 Numerabo
1203 1331 1289 1370 vos
1318 1316 1372 1368 in
1397 1310 1596 1385 gladio,
1621 1318 1667 1364 et
1691 1322 1866 1363 omnes
1893 1305 1948 1358 in
1967 1305 2107 1359 caede

502 1422 756 1476 corruetis
789 1433 809 1472 :
858 1416 979 1488 quia
1027 1412 1231 1478 vocavi,
1285 1419 1331 1464 et
1386 1424 1491 1462 non
1541 1401 1881 1476 respondistis
1920 1397 2100 1472 (Isai.

503 1528 629 1580 va,
667 1509 790 1584 i2),
822 1521 878 1565 et
929 1518 1127 1564 caetera
1177 1503 1450 1559 similiter.
1496 1497 1652 1568 Quod
1705 1495 2100 1560 testimonium,

501 1622 612 1678 quo
637 1620 804 1662 sensu
837 1603 1007 1673 accipi
1034 1601 1256 1665 debeat,
1297 1597 1370 1652 ibi
1410 1594 1616 1652 dictum
1648 1601 1751 1648 est.

575 1700 595 1774 (
613 1701 771 1758 Vers.
803 1697 899 1768 5.)
929 1694 1120 1750 Audite
1146 1691 1354 1748 verbum
1383 1685 1618 1754 Domini,
1659 1684 1748 1753 qui
1778 1682 1996 1738 tremitis
2034 1680 2103 1734 ad

495 1809 785 1850 sermonem
855 1788 1071 1864 [Vulg.
1115 1781 1370 1854 verbum]
1409 1782 1540 1851 ejus.
1599 1777 1856 1831 Dixerunt
1913 1778 2100 1845 fratres

2207 559 2549 617 secutoribus
2565 556 2908 628 precabatur.
2937 553 3090 623 Quod
3120 561 3301 607 autem
3330 550 3578 622 praecipit
3601 566 3616 603 :
3641 546 3804 602 Dicite

2206 652 2453 724 fratribus
2481 650 2658 705 vestris
2689 649 2707 720 (
2735 647 2928 704 Matth.
2963 662 3150 715 xxvtn,
3191 644 3259 700 10
3282 645 3323 714 ),
3353 657 3460 698 non
3482 639 3803 710 simpliciter

2207 745 2584 816 accipiendum
2616 751 2720 808 est,
2755 741 2996 812 alioquin
3045 739 3205 794 multi
3250 737 3443 792 fratres
3487 743 3708 798 vocant,
3753 741 3805 789 et

2208 839 2259 893 in
2291 836 2457 894 corde
2483 851 2590 892 non
2623 835 2861 890 retinent
2891 834 3243 898 cbaritatem,
3282 829 3352 886 de
3379 827 3582 901 quibus
3619 825 3805 881 scribit

2206 931 2498 1002 Apostolus
2532 947 2546 984 :
2584 929 2746 985 Deum
2773 928 3084 998 confitentur
3112 942 3167 980 se
3190 925 3341 993 scire,
3376 921 3616 995 aperibus
3639 928 3802 974 autem

2207 1033 2394 1096 negant
2417 1023 2559 1096 (Tit.
2596 1039 2634 1092 I,
2666 1022 2735 1078 16
2755 1021 2798 1094 ).
2833 1022 2909 1076 De
2938 1021 3138 1092 quibus
3166 1028 3222 1076 et
3263 1017 3526 1073 Dominus
3551 1013 3806 1085 loqueba-

2209 1128 2295 1174 tur
2326 1140 2338 1174 :
2369 1116 2494 1171 Non
2535 1115 2706 1170 omnis
2750 1114 2838 1185 qui
2868 1114 2996 1167 dicit
3043 1111 3216 1166 mihi:
3263 1109 3506 1176 Domine,
3568 1105 3802 1170 Domine,

2209 1210 2422 1266 intrabit
2449 1211 2502 1264 in
2524 1225 2736 1281 regnum
2763 1209 3006 1264 caelorum
3029 1224 3048 1263 :
3080 1206 3174 1261 sed
3201 1206 3291 1275 qui
3329 1205 3456 1276 facit
3495 1203 3806 1258 uoluntatem

2211 1302 2388 1357 Patris
2413 1303 2512 1357 mei
2550 1302 2641 1373 qui
2666 1302 2724 1356 in
2764 1301 2903 1356 cadis
2923 1299 3038 1370 est(
3071 1297 3264 1354 Matth.
3299 1313 3398 1364 vn,
3443 1295 3579 1368 21).
3613 1294 3807 1366 Sicque

2207 1407 2354 1452 stare
2378 1404 2556 1466 potest
2586 1395 2677 1450 illa
2699 1393 2973 1451 sententia
2999 1410 3013 1448 :
3047 1392 3222 1448 Nemo
3261 1391 3409 1459 dicit,
3434 1388 3694 1444 Dominus
3718 1385 3803 1443 Je-

2205 1509 2318 1558 sus,
2347 1492 2448 1546 nisi
2488 1493 2542 1546 in
2572 1490 2780 1561 Spiritu
2809 1497 2990 1544 sancto
3013 1488 3032 1559 (
3055 1489 3077 1544 Ι
3101 1488 3224 1544 Cor.
3263 1501 3362 1555 xtl,
3393 1484 3488 1558 '5).
3515 1483 3654 1540 Nam
3683 1497 3800 1538 cum

2207 1585 2448 1642 han-elici
2479 1585 2661 1642 dicant
2689 1584 2975 1641 Dominum
3021 1583 3234 1651 Jesum,
3267 1590 3325 1638 et
3345 1579 3505 1637 multi
3535 1581 3590 1636 in
3621 1594 3798 1636 resur-

2205 1679 2450 1735 rectione
2470 1677 2666 1734 dicturi
2692 1685 2821 1732 sunt
2844 1696 2859 1733 :
2884 1675 3126 1743 Domine,
3150 1692 3319 1730 nonne
3357 1675 3415 1730 in
3462 1674 3671 1729 nomine
3716 1682 3798 1728 tuo

2206 1770 2645 1844 praphetavimus,
2675 1782 2722 1826 et
2743 1771 2955 1826 uirtutes
2983 1770 3177 1825 multas
3203 1769 3418 1842 fecimus
3440 1770 3460 1842 (
3484 1766 3680 1824 Matth.
3708 1776 3801 1834 vn',

501 1888 657 1944 vestri
682 1887 769 1958 qui
798 1855 1162 1945 oderunt'vos,
1189 1888 1215 1916 ἰ
1241 1887 1287 1932 et
1309 1870 1624 1950 abjecerunt‘,
1651 1880 1867 1942 propter
1915 1883 2100 1922 nomen
2130 1855 2178 1916 Β
2204 1863 2367 1936 22)?
2412 1863 2788 1935 ReSpondebit
2837 1862 2921 1920 eis
2963 1863 3222 1920 Dominus
3257 1879 3272 1916 :
3323 1861 3568 1918 Recedite
3616 1880 3650 1916 a
3697 1879 3801 1928 me,

499 1993 710 2034 meum:
762 1977 1098 2047 Gloriﬁcetur
1128 1970 1404 2037 Dominus,
1434 1975 1483 2022 et
1511 1964 1799 2021 uidebimus
1828 1963 1885 2016 in
1924 1959 2106 2014 ltetitia

498 2082 668 2128 vestra
690 2087 709 2126 .°
738 2071 838 2140 ipsi
859 2079 1030 2123 autem
1056 2063 1456 2133 confundantur.
1483 2057 1656 2114 LXX:
1682 2056 1874 2111 Audite
1897 2052 2104 2108 rerbum

499 2162 734 2231 Domini,
762 2165 848 2234 qui
902 2160 1119 2215 tremitis
1158 2171 1444 2212 sermonem
1475 2157 1608 2227 ejus.
1654 2151 1824 2206 Dicite
1852 2146 2104 2220 fratribus

497 2258 701 2323 vestris,
753 2255 841 2325 qui
883 2253 1103 2308 oderunt
1136 2266 1246 2316 vos,
1300 2257 1346 2302 et
1403 2245 1770 2301 abominantur
1813 2251 1868 2296 ut
1919 2255 2105 2295 nomen

497 2346 817 2417 glori/icetur
845 2343 1098 2398 Domini:
1123 2350 1170 2396 et
1220 2348 1470 2411 appareat
1501 2339 1556 2390 in
1591 2335 1774 2389 ltrtitia
1806 2347 2025 2388 eorum:
2057 2339 2104 2384 et

496 2436 577 2491 illi
599 2435 986 2507 confundentur
1019 2433 1140 2506 [AL
1173 2426 1620 2502 confundantur].
1648 2427 1725 2481 De
1745 2426 1944 2496 quibus
1974 2433 2103 2478 ante

492 2531 606 2602 jam
645 2529 863 2586 dixerat
893 2547 905 2583 :
936 2527 1111 2598 Super
1147 2540 1299 2597 quem
1327 2523 1625 2592 respiciam,
1660 2519 1762 2572 nisi
1807 2533 1964 2585 super
2005 2516 2101 2569 Itu-

496 2621 673 2678 milem
701 2631 748 2677 et
779 2622 1029 2692 quietum,
1061 2627 1110 2673 et
1151 2625 1448 2671 trementem
1473 2627 1732 2669 sermones
1763 2609 1944 2664 meos?
1971 2607 2103 2679 ipsis

496 2716 745 2786 praecipit
797 2721 878 2778 ut,
937 2711 1273 2780 contemptis
1319 2707 1558 2763 victimis
1617 2703 1977 2769 Judaornm,
2046 2709 2104 2755 et

493 2808 645 2863 omni
704 2805 1027 2862 Scribarum
1093 2818 1159 2858 ac
1226 2799 1634 2856 Pharisaeorum
1715 2806 1931 2848 tumore
2005 2791 2100 2847 de-

494 2911 716 2970 specto,
753 2906 1034 2953 transeant
1071 2895 1138 2950 ad
1185 2894 1306 2964 ejus
1334 2891 1566 2957 cultum,
1601 2903 1763 2961 quem
1809 2895 2095 2942 vocantem

497 2995 580 3049 illi
606 2992 798 3048 audire
824 2992 1144 3056 noluerunt,
1176 2998 1340 3058 atque
1367 2990 1840 3054 contempserunt,
1863 2988 1922 3035 et
1951 2979 2096 3035 fece-

481 3096 624 3147 runt
651 3087 853 3142 malum
877 3085 930 3140 in
952 3089 1252 3152 conspectu
1279 3079 1416 3151 ejus.
1441 3078 1554 3134 Nec
1579 3078 1682 3132 hoc
1698 3083 2095 3146 praeceptorum

491 3180 602 3235 ﬁne
619 3187 910 3234 contentus
937 3185 1047 3239 est,
1079 3173 1176 3229 sed
1199 3173 1432 3242 imperat
1458 3170 1538 3225 eis
1566 3169 1884 3224 mandatum
1910 3165 2098 3220 Evan-

485 3270 618 3342 gelii
650 3269 811 3342 (Luc.
846 3269 961 3338 γι),
997 3237 1055 3321 ut
1077 3237 1309 3336 diligant
1362 3263 1616 3317 inimicos
1665 3275 1818 3324 suos,
1869 3255 2094 3313 benefa-
2121 3237 2166 3300 (ἶ

485 3363 637 3417 ciant
659 3361 744 3416 his
771 3360 862 3432 qui
891 3359 1130 3415 oderunt
1153 3372 1234 3427 se,
1258 3363 1314 3411 et
1334 3362 1496 3410 orent
1520 3367 1618 3423 pro
1647 3349 2094 3423 persecutoribus

484 3452 624 3519 suis,
657 3463 714 3510 et
744 3454 1030 3508 imitentur
1059 3449 1407 3506 clementiam
1441 3444 1641 3510 Patris,
1671 3443 1764 3514 qui
1804 3442 1935 3498 oriri
1967 3441 2096 3497 facit

487 3550 662 3604 solem
716 3561 872 3602 suum
905 3559 1073 3617 super
1094 3543 1276 3613 justos
1307 3551 1362 3595 et
1389 3539 1621 3611 injustos
1668 3556 1680 3590 :
1738 3535 1808 3592 Ut
1838 3536 2090 3603 videntes,

487 3643 685 3713 inquit.
709 3657 866 3712 opera
895 3649 1087 3705 vestra,
1110 3636 1402 3710 gloriﬁcent
1440 3632 1655 3688 Patrem
1677 3640 1902 3686 vestrum
1930 3629 2018 3697 qui
2038 3628 2092 3682 in

497 3736 636 3788 cretis
675 3741 750 3788 est
781 3730 1013 3803 (Matth.
1048 3745 1107 3791 v,
1144 3727 1274 3799 16).
1318 3724 1474 3794 Quod
1508 3732 1636 3796 post
1664 3721 1980 3794 generalem
2013 3720 2093 3775 in-

489 3825 844 3896 telligentiam
897 3821 926 3860 δ
977 3819 1294 3891 specialiter
1341 3815 1618 3886 Apostolis
1669 3812 1989 3885 prmcipitur
2037 3817 2095 3866 et

483 3915 800 3986 apostolicis
845 3914 999 3980 viris,
1060 3922 1119 3966 ut
1161 3910 1394 3980 diligant
1441 3907 1663 3963 .lndacos
1711 3913 2092 3975 persecutores

483 4026 636 4077 suos,
667 4020 720 4064 et
753 4023 851 4065 eos
880 4008 971 4076 qui
1004 4021 1063 4062 se
1102 4003 1524 4070 abominantur,
1569 4001 1624 4056 in
1682 4001 1808 4056 loco
1859 3997 2092 4054 fratrum

486 4102 744 4165 habeant,
767 4099 1018 4156 dicentes
1044 4112 1170 4153 cum
1199 4097 1377 4168 ,Petro
1404 4114 1418 4148 :
1462 4093 1572 4149 Viri
1601 4094 1791 4164 fratres
1823 4101 1870 4146 et
1896 4104 2090 4163 patres,

487 4193 652 4266 803
690 4193 899 4257 audite;
937 4201 994 4247 et
1035 4189 1204 4245 Paulo
1250 4187 1552 4260 apostolo:
1584 4185 1820 4240 Tristitia
1842 4183 1968 4239 mihi
1993 4191 2086 4252 est,

483 4295 532 4337 ct
571 4285 846 4338 continuus
879 4281 1030 4336 dolor
1077 4280 1223 4334 cordi
1261 4296 1376 4334 meo
1417 4295 1512 4346 pro
1543 4277 1792 4349 fratribus
1833 4277 1960 4331 meis
2001 4278 2092 4348 qui

484 4381 604 4428 sunt
644 4371 904 4427 Israelita:
928 4371 1120 4444 ({Rom.
1151 4387 1228 4439 ιι,
1261 4369 1359 4443 2).
1388 4370 1738 4426 Gloriﬁcatur
1764 4381 1948 4425 autem
1993 4385 2091 4426 no-

487 4479 614 4520 men
641 4462 878 4527 Domini,
902 4461 1118 4532 quando
1133 4461 1371 4516 viderint
1395 4461 1645 4516 homines
1669 4468 2087 4530 persecutorum

483 4557 748 4613 ferociam
797 4563 982 4610 nostra
1043 4553 1222 4626 frangi
1263 4552 1550 4625 patientia,
1601 4561 1659 4607 et
1709 4550 2084 4608 verberantem

2209 1960 2379 2016 nescio
2408 1975 2518 2030 vos,
2551 1958 2776 2026 operarii
2795 1957 3104 2030 iniquitatis.
3145 1956 3287 2028 Ergo
3313 1955 3526 2024 dicere,
3556 1971 3666 2012 non
3689 1971 3802 2013 ser-

2207 2070 2390 2122 mone,
2415 2054 2506 2124 qui
2537 2051 2712 2108 facilis
2736 2061 2844 2121 est,
2890 2049 2985 2107 sed
3015 2050 3214 2106 affectu
3265 2058 3323 2105 et
3367 2049 3630 2122 operibus
3656 2065 3802 2106 com-

2206 2149 2485 2220 probatur.
2520 2148 2597 2203 Ex
2622 2145 2823 2218 quibus
2850 2143 3134 2209 discimus,
3167 2143 3420 2203 eumdem
3450 2157 3576 2199 esse
3608 2143 3805 2198 utrius-

2205 2256 2311 2312 que
2351 2241 2688 2298 Testamenti
2718 2239 3008 2295 Dominum
3040 2239 3132 2311 qui
3170 2237 3438 2306 praecipit,
3473 2247 3535 2292 ut
3578 2237 3624 2292 si
3651 2235 3802 2293 vide-

2206 2335 2377 2390 rimus
2424 2331 2731 2404 jnmentum
2787 2331 2998 2388 inimici
3056 2331 3226 2388 nostri
3277 2331 3478 2388 cadere
3507 2331 3613 2386 sub
3639 2323 3802 2388 onere

2204 2441 2327 2494 suo,
2377 2441 2484 2481 non
2520 2435 2889 2492 transeamus,
2943 2423 3041 2481 sed
3091 2424 3341 2480 levemus
3371 2439 3496 2480 cum
3527 2438 3616 2493 eo,
3665 2431 3719 2478 et
3756 2423 3798 2478 si

2204 2519 2395 2576 bovem
2425 2529 2519 2576 aut
2543 2521 2755 2575 asinum
2779 2519 3153 2575 invenerimus
3179 2527 3481 2586 errantem,
3513 2519 3801 2574 reddamus

2203 2613 2254 2668 ei
2286 2612 2461 2682 (Luc.
2494 2631 2585 2679 xv,
2619 2611 2812 2668 Matth.
2845 2612 3028 2683 xvtn).
3080 2611 3208 2669 llu‘c
3235 2612 3393 2683 juxta
3433 2611 3604 2668 LXX.
3640 2612 3799 2668 Porro

2197 2706 2351 2777 juxta
2378 2706 2725 2774 Hebraicum,
2770 2705 2858 2762 hic
2891 2706 3022 2762 mihi
3054 2720 3250 2763 sensus
3277 2705 3532 2762 videtur:
3581 2705 3796 2774 Audite,

2201 2802 2470 2871 Apostoli,
2505 2801 2712 2869 audite,
2739 2801 2994 2871 discipuli
3025 2801 3154 2871 mei,
3185 2800 3284 2872 qui
3310 2801 3548 2858 tremitis
3574 2801 3794 2858 verbum

2201 2893 2439 2958 Domini,
2467 2893 2697 2948 narrabo
2717 2893 2844 2965 quid
2870 2893 3106 2950 dixerint
3129 2893 3324 2952 fratres
3356 2895 3524 2952 vestri
3552 2895 3644 2967 qui
3671 2894 3798 2952 ode-

2200 2994 2346 3053 runt,
2379 2994 2434 3042 et
2463 2995 2718 3057 separant
2756 3000 2874 3051 vos,
2929 2995 2984 3041 et
3030 2985 3364 3043 arbitrantur
3414 2987 3650 3056 alienos,
3691 3003 3795 3044 non

2200 3085 2426 3148 preptcr
2471 3078 2624 3133 mala.
2659 3085 2882 3146 vestra;
2929 3079 3026 3135 sed
3074 3089 3300 3150 propter
3344 3095 3546 3138 nomen
3593 3098 3794 3148 meum,

2198 3169 2292 3240 qui
2343 3169 2657 3226 immundos
2694 3171 3012 3227 existimant
3048 3181 3274 3229 cunctos
3299 3173 3470 3248 80‘.
3516 3175 3587 3231 de
3617 3191 3712 3232 sua
3743 3176 3792 3231 in

2200 3275 2286 3315 me
2312 3269 2474 3332 gente
2510 3261 2821 3332 credentes,
2860 3272 2916 3318 et
2953 3264 3146 3320 dicunt
3179 3281 3193 3317 :
3236 3264 3439 3320 Recede
3467 3282 3501 3320 a
3545 3284 3648 3336 me,
3678 3268 3794 3338 quia

2193 3353 2497 3410 immundus
2517 3371 2590 3410 es.
2621 3355 2761 3422 Quid
2792 3370 2920 3426 ergo
2947 3364 3033 3412 est
3069 3355 3214 3427 quod
3265 3372 3365 3414 eos
3410 3357 3620 3415 dixisse
3650 3374 3794 3417 com-

2195 3457 2464 3504 memorat
2494 3465 2507 3502 :
2543 3447 2880 3517 Gloriﬁcetur
2907 3446 3186 3518 Dominus,
3217 3460 3266 3505 et
3293 3451 3582 3508 videbimus
3624 3457 3676 3508 in
3699 3455 3788 3510 lat-

2196 3541 2314 3594 titia
2340 3539 2730 3610 vestra?Cujus
2756 3542 3014 3598 versiculi
3039 3541 3127 3598 hic
3156 3557 3351 3600 sensus
3378 3553 3463 3600 est
3488 3562 3501 3598 :
3530 3545 3670 3615 Quid
3701 3560 3790 3602 no-

2195 3633 2280 3688 bis
2307 3633 2564 3688 humilem
2613 3633 2956 3690 introducitis
2989 3635 3196 3691 Deum?
3222 3635 3353 3706 quid
3393 3637 3714 3692 crucifixum
3738 3646 3789 3694 et

2193 3723 2368 3780 virum
2401 3725 2671 3795 dolorum,
2703 3736 2758 3782 et
2809 3726 3074 3784 scientem
3115 3726 3260 3784 ferre
3288 3726 3670 3784 infirmitates?
3698 3743 3789 3783 vo-

2193 3817 2374 3874 lumus
2404 3834 2529 3875 eum
2561 3819 2615 3874 in
2642 3833 2739 3876 sua
2763 3817 2785 3891 (
2807 3829 2866 3873 ut
2909 3817 3134 3892 dicitis)
3164 3819 3451 3891 majestate
3475 3820 3789 3891 conspicere

2193 3918 2547 3980 regnantem:
2581 3910 2944 3981 suspiciamus
2966 3919 3023 3966 et
3046 3909 3101 3966 in
3132 3926 3225 3965 sua
3247 3911 3420 3982 gloria
3454 3911 3790 3984 triumphan-

2196 4014 2334 4070 tem,
2366 4003 2628 4059 humilem
2657 4011 2822 4074 atque
2847 4002 3121 4073 dejectum
3143 4002 3327 4058 videre
3348 4019 3455 4058 non
3479 4017 3784 4074 possumus.

2195 4095 2500 4164 Statimque
2544 4093 2753 4150 infert:
2787 4092 2902 4165 Ipsi
2928 4101 3104 4148 autem
3148 4093 3561 4164 confundentur,
3591 4093 3787 4149 subau-

2194 4187 2362 4254 ditur,
2387 4186 2479 4256 qui
2511 4187 2815 4256 loqunntur
2846 4185 2996 4254 talia,
3027 4186 3123 4257 qui
3155 4200 3262 4242 non
3295 4185 3612 4256 intelligunt
3646 4201 3788 4258 mys-

2194 4281 2332 4336 teria
2383 4278 2819 4347 Scripturarum,
2879 4277 3151 4350 malisque
3211 4279 3326 4334 suis
3377 4279 3624 4336 sentient
3673 4280 3788 4351 ejus

2196 4371 2518 4440 potentiam,
2546 4385 2711 4442 quem
2747 4385 2848 4440 pro
2877 4369 3194 4427 humilitate
3219 4379 3700 4441 contempserant.

2268 4463 2450 4534 (Vers.
2482 4463 2564 4528 6.)
2600 4464 2717 4519 Voa:
2742 4463 2933 4537 [Vulg.
2967 4463 3184 4538 papuli]
3212 4465 3452 4535 fremitus
3477 4466 3545 4522 de
3563 4467 3782 4537 civitate,

2192 4573 2290 4612 vos:
2316 4557 2379 4611 de
2428 4556 2667 4628 Templa,
2713 4576 2813 4615 vox
2841 4558 3055 4615 Domini
3099 4559 3362 4615 reddentis
3403 4561 3784 4618 retributionem

485 4671 727 4720 manum,
759 4651 987 4708 alterius
1025 4651 1183 4707 malae
1212 4650 1546 4707 obversione
1566 4646 1844 4705 confundi.
1881 4645 2086 4714 Quibus
2110 4621 2164 4682 Β
2189 4650 2414 4706 inimicis
2444 4651 2574 4706 suis.
2599 4650 2744 4706 LXX
2773 4667 2870 4722 pro
2891 4652 3120 4721 fremitu,
3155 4653 3433 4709 clamorem
3459 4664 3782 4726 posuerunt,

487 4750 539 4803 in
565 4746 862 4817 Evangelia
892 4743 1460 4816 praecipiturzLuceat
1507 4742 1679 4796 lumen
1728 4750 1950 4797 vestrum
1998 4757 2086 4794 co-

417 4882 420 4884 η
482 4860 594 4898 ram
637 4839 957 4906 hominibus,
991 4848 1047 4894 ut
1074 4839 1298 4894 videntes
1326 4842 1460 4893 bona
1491 4853 1647 4910 Opera
1701 4846 1886 4902 vestra,
1916 4833 2083 4907 glori-

481 4938 634 5006 ﬁcent
666 4935 878 4992 Patrem
901 4947 1122 4990 vestrum
1146 4933 1235 5005 qui
1267 4933 1320 4988 in
1348 4932 1490 4987 ctelis
1517 4941 1590 4986 est
1613 4929 1831 5000 (Matth.
1862 4946 1916 4997 v,
1949 4928 2038 5002 16)
2067 4946 2080 4995 ;

480 5041 535 5088 et
574 5031 627 5087 in
659 5027 987 5100 Apocalypsi
1017 5027 1282 5082 Joannis:
1315 5025 1516 5080 Timete
1556 5024 1746 5092 Deum,
1789 5033 1838 5079 et
1877 5023 2000 5079 date
2036 5025 2084 5078 ei

475 5125 696 5197 gloriam
747 5124 942 5196 (Apoc.
997 5137 1108 5190 xtv,
1152 5119 1248 5192 7).
1283 5119 1486 5176 Paulus
1507 5134 1725 5190 quoque
1764 5120 1956 5175 scribit
2009 5118 2078 5174 ad

474 5214 812 5284 Corinthios,
873 5229 1174 5287 provocans
1229 5227 1325 5268 eos
1384 5213 1449 5269 ad
1503 5213 1902 5268 continentiam
1949 5231 1962 5266 :
2010 5212 2080 5268 Ut

474 5310 777 5381 gloriﬁcetis
807 5309 966 5364 Deum
993 5309 1045 5363 in
1071 5323 1286 5378 corpore
1308 5315 1474 5361 vestro
1501 5305 1557 5379 (Ι
1581 5305 1706 5362 Cor.
1737 5321 1812 5376 vi,
1841 5307 1913 5363 20
1937 5306 1978 5378 ).
2008 5306 2079 5362 Et

475 5417 691 5456 rursum
717 5420 730 5456 :
755 5401 878 5458 Sive
903 5400 1192 5464 comeditis,
1215 5401 1320 5454 sive
1345 5398 1541 5465 bibitis,
1568 5400 1745 5454 omnia
1774 5399 1826 5453 in
1857 5399 2078 5471 gloriam

473 5493 574 5549 Dei
613 5497 767 5566 facite
795 5494 855 5567 (l
882 5494 1000 5550 Cor.
1037 5512 1089 5562 x,
1120 5493 1184 5550 51
1211 5494 1251 5562 ).
1277 5492 1436 5550 Unde
1462 5501 1520 5549 et
1560 5493 1826 5549 Dominus
1851 5493 2080 5549 maledi-

557 5667 580 5695 ἰ
612 5658 899 5733 Abjiciunt,
937 5655 1433 5733 inqu_it_Victorius_,
1463 5669 1570 5710 non
1588 5654 1879 5733 abiecerunt
1904 5653 2090 5723 legen-

487 5731 612 5786 dum
643 5724 727 5784 est
749 5769 764 5794 ,
798 5744 918 5783 nam
956 5739 1010 5783 et
1040 5727 1266 5796 Vulgata
1297 5726 1464 5781 editio
1495 5724 1680 5780 servat
1712 5724 1813 5777 hoc
1847 5734 2082 5792 tempus,

486 5803 610 5853 dum
636 5801 794 5870 legit:
814 5797 1076 5854 Dixerunt
1103 5797 1708 5870 fratresrcstriuodientes
1736 5805 1923 5870 uos,_et
1953 5796 2087 5870 abji-

484 5874 670 5928 cientes
696 5867 914 5939 prapter
937 5867 1118 5923 nomen
1147 5882 1334 5921 meum.
1362 5868 1423 5922 Et
1451 5867 1812 5938 Hieronymus
1838 5867 1962 5922 dum
1985 5868 2081 5933 ait,

2187 4755 2243 4802 et
2265 4753 2464 4802 caetera
2495 4745 2771 4803 similiter.
2815 4747 3078 4803 Volumus
3125 4749 3267 4805 scire
3295 4764 3419 4820 qum
3441 4749 3512 4806 sit
3539 4749 3784 4808 confusio

2185 4840 2523 4910 Judteorum,
2552 4840 2644 4910 qui
2675 4840 2972 4896 dixerunt:
3005 4839 3363 4897 Gloriiicetur
3410 4841 3698 4909 Dominus,
3728 4852 3785 4898 ut

2185 4943 2431 4990 vestram
2461 4932 2708 4988 laetitiam
2737 4932 3044 4997 videamus,
3075 4943 3131 4988 et
3153 4933 3464 5006 triumphos
3491 4935 3639 5007 regis
3669 4949 3783 4990 ves-

2181 5029 2278 5094 tri,
2309 5042 2650 5098 nequaquam
2703 5028 2878 5084 cassis
2931 5027 3419 5097 promissionibus,
3470 5030 3568 5086 sed
3611 5030 3781 5086 oculis

2179 5119 2638 5189 contemplemur.
2703 5120 2836 5188 Vox,
2895 5121 3095 5193 inquit,
3146 5121 3388 5179 clamoris
3427 5125 3493 5179 de
3538 5125 3777 5179 civitate:

2179 5212 2322 5268 haud
2340 5212 2568 5269 dubium
2591 5214 2727 5286 quin
2745 5214 3053 5272 Jerusalem
3070 5216 3340 5287 significet
3355 5217 3606 5274 Romano
3626 5233 3778 5274 exer-

2177 5309 2287 5364 citu
2320 5308 2741 5376 circumdatam,
2770 5318 2826 5366 et
2871 5309 2926 5365 in
2977 5321 3092 5367 tres
3117 5319 3302 5380 partes
3333 5309 3478 5366 intus
3510 5312 3779 5369 seditione

2179 5400 2437 5468 divisam,
2468 5401 2688 5471 quando
2718 5415 2865 5458 unus
2891 5402 3181 5474 Templum
3208 5402 3470 5471 obtinuit,
3498 5413 3558 5460 et
3593 5405 3775 5460 omnia

2180 5494 2332 5564 prius
2361 5505 2549 5551 sancta
2578 5494 2844 5566 possedit,
2869 5493 3180 5552 forinsecus
3231 5506 3420 5551 contra
3454 5495 3662 5565 hostes,
3694 5496 3774 5554 in-

2198 5653 2304 5726 Qui
2326 5653 2576 5722 oderant,
2605 5664 2653 5710 et
2678 5664 2923 5726 separant
2962 5672 3066 5710 vos.
3093 5655 3149 5710 In
3181 5668 3342 5724 quem
3372 5669 3592 5726 sensum
3630 5654 3770 5712 LXX

2193 5724 2415 5789 habent,
2439 5728 2540 5794 Qui
2568 5724 2786 5782 oderunt
2807 5741 2915 5791 vos,
2958 5737 3005 5779 et
3031 5726 3413 5780 abominantur.
3438 5725 3548 5780 Nec
3576 5727 3767 5781 mirum

2193 5811 2314 5867 cum
2342 5798 2421 5852 sic
2449 5813 2662 5867 quoque
2691 5797 2743 5851 in
2777 5797 3046 5853 Hebraico
3073 5798 3506 5867 legatnrDDl'fm
3535 5802 3763 5855 natm.

2261 5865 2289 5906 ι’
2317 5865 2587 5940 Corrupte
2616 5877 2775 5924 antea
2798 5879 2910 5924 erat
2934 5865 3276 5940 spiritualiter
3301 5884 3398 5941 pro
3419 5870 3727 5942 specialiter.
