4084 6324
285 263 402 318 (ἶῖιῖ

823 265 1467 326 COMMENTARIORUM
1509 266 1573 322 IN
1612 266 1848 323 ISAIAM
1890 269 2313 330 I’ROI’HETAM
2351 270 2483 328 LIB.
2523 265 2717 324 XVIII.
2755 262 2911 320 CAP.
2954 259 3139 319 LXVI.

3528 243 3632 304 658

283 379 601 436 trinsecus
646 394 844 437 contra
874 383 1019 437 cives
1065 381 1352 439 dimicans.
1406 382 1486 438 Eo
1515 391 1758 452 tempore
1786 394 1842 439 et
1873 382 1928 438 in
1957 393 2012 452 Α
2035 387 2242 461 (Num.
2275 386 2473 458 xsvn),
2503 385 2606 440 hoc
2637 379 3096 438 considerandum
3129 386 3251 444 est,
3284 370 3430 446 quod
3478 375 3631 438 pater

282 472 461 544 urbe,
491 484 560 528 et
595 473 660 529 in
699 474 950 546 Temple,
982 484 1092 530 tam
1116 474 1462 531 sacerdotum
1494 484 1551 530 et
1593 474 1931 542 Levitarnm,

280 581 463 637 quam
521 567 700 639 vulgi
745 568 1030 640 ignobilis,
1074 569 1478 640 mulierumque
1523 583 1588 626 ac
1636 584 1935 641 puerorum

283 656 554 712 ululatus
595 659 829 716 auditus
855 670 959 728 εει,
1010 661 1230 732 quando
1270 660 1508 716 reddidit
1561 660 1820 716 Dominus
1849 676 1933 717 re-

277 747 692 806 tributionem
723 751 959 807 inimicis
989 752 1125 821 suis,
1173 752 1411 822 impleas
1452 754 1932 814 eomminationem

280 856 395 910 qua
439 843 732 900 dixerat:
763 841 1107 914 Relinquetur
1137 846 1276 900 vobis
1305 846 1486 900 domus
1524 854 1691 901 vestra
1733 847 1932 902 deserta

280 933 303 1007 (
330 931 474 987 Luc.
518 949 654 1002 xm,
687 935 823 1007 35);
855 946 912 992 et
940 936 1090 992 illam
1126 938 1469 1008 prophetiam
1497 956 1510 993 :
1545 937 1814 1011 Dereliqui
1839 941 1934 994 do-

284 1042 439 1080 mum
473 1043 696 1083 meam.
725 1028 960 1098 Quando
1005 1030 1266 1101 prmsides
1305 1032 1496 1103 templi
1545 1048 1787 1088 consona
1817 1032 1932 1087 An-

279 1119 396 1190 geli
431 1134 590 1176 voce
647 1120 916 1178 dixerunt
947 1141 960 1177 :
996 1121 1339 1180 Transeamus
1386 1141 1448 1180 ex
1475 1125 1554 1179 his
1597 1125 1820 1184 sedibus.
1855 1125 1932 1182 De

281 1206 503 1276 quibus
540 1215 571 1247 ι
607 1222 725 1264 non
763 1209 941 1266 solum
965 1209 1264 1280 Iosephus,
1293 1210 1536 1267 Judaicae
1557 1213 1790 1282 scriptor
1820 1211 1933 1268 his-

278 1299 476 1367 toriae,
515 1300 630 1357 sed
662 1301 856 1359 multis
903 1303 1055 1375 prius
1087 1305 1303 1361 saeculis
1331 1304 1620 1360 Psalmista
1674 1313 1930 1375 testatur,

255 1389 489 1446 .dicens
523 1409 540 1446 :
588 1390 721 1447 Vidi
747 1395 1070 1466 iniquitatem
1091 1405 1138 1452 et
1161 1398 1624 1453 contradictionem
1651 1400 1703 1453 in
1727 1401 1932 1454 civitate

276 1482 476 1554 (Psal.
514 1501 642 1555 LIV,
677 1486 808 1559 10),
839 1504 958 1559 qum
999 1491 1362 1548 circumdedit
1407 1509 1595 1550 muros
1641 1495 1761 1564 ejus
1813 1503 1927 1550 tota

275 1576 372 1633 die
401 1586 463 1632 et
497 1587 629 1634 tota
665 1588 846 1648 nocte,
882 1582 953 1637 ita
985 1592 1045 1637 ut
1069 1583 1480 1641 subverteretur
1505 1587 1700 1642 civitas
1723 1584 1922 1660 (Mich.

274 1669 412 1741 ιιι),
444 1681 509 1726 et
537 1671 887 1743 impleretur
916 1674 1065 1731 aliud
1095 1677 1442 1733 vaticinium:
1470 1678 1601 1732 Sion
1628 1681 1777 1750 quasi
1805 1695 1927 1751 ager

2038 497 2224 538 earum
2257 483 2308 537 in
2341 487 2565 552 peccato
2586 491 2686 534 suo
2713 483 2965 530 mortuus
2992 473 3082 537 sit,
3111 468 3202 542 qui
3227 465 3433 522 nullum
3463 461 3633 516 illium

2035 576 2260 647 genuit,
2285 585 2343 631 et
2378 573 2592 646 Moyses
2639 569 2776 625 nihil
2821 582 2989 638 super
3032 565 3114 620 eis
3155 575 3319 617 ausus
3350 556 3514 614 luerit
3551 555 3641 623 ju-

2037 670 2242 738 dicare,
2275 667 2371 725 sed
2402 666 2588 723 retulit
2635 664 2704 718 ad
2739 662 3026 718 Dominum
3054 703 3068 728 ,
3099 656 3190 728 qui
3217 669 3311 712 eas
3345 667 3415 707 ne
3447 653 3638 719 inopes

2039 768 2464 833 permanerent,
2505 759 2667 826 jussit
2719 753 2976 810 fratribus
3032 747 3297 820 copulari.
3355 743 3636 801 Geneseos

2036 869 2251 924 quoque
2281 858 2471 907 narrat
2497 849 2638 904 liber
2669 847 2819 921 (Cap.
2839 844 2935 915 vt),
2967 840 3112 913 quod
3141 849 3426 910 postquam
3447 845 3629 902 cmpe-

2037 955 2165 1000 runt
2196 944 2448 1000 homines
2471 940 2623 996 multi
2654 938 2788 1004 ﬁeri,
2817 937 2908 1008 qui
2940 947 3200 991 numerus
3225 942 3446 999 semper
3469 927 3522 980 in
3556 925 3636 978 vi-

2037 1036 2113 1091 tio
2135 1045 2239 1100 est.
2268 1047 2322 1092 et
2350 1035 2472 1089 lilia:
2493 1034 2575 1089 eis
2606 1040 2748 1087 natae
2777 1038 2926 1096 sunt,
2957 1033 3288 1096 acceperunt
3314 1037 3434 1088 eas,
3465 1017 3634 1090 806

2035 1141 2143 1182 non
2168 1124 2381 1197 Angeli,
2414 1123 2514 1180 sed
2546 1121 2641 1176 lilii
2671 1121 2790 1188 Dei,
2821 1119 2890 1174 de
2916 1117 3114 1190 quibus
3145 1115 3250 1170 orti
3279 1122 3407 1168 sunt
3445 1113 3637 1182 gigan-

2036 1229 2118 1274 tes
2149 1237 2162 1274 :
2206 1219 2321 1273 sive
2360 1224 2420 1272 ut
2462 1216 2516 1271 in
2555 1213 2788 1269 Hebraeo
2833 1210 3095 1281 scriptum
3121 1217 3207 1264 est
3235 1207 3620 1264 ἐπιπίπτοντες.

2035 1311 2086 1366 id
2117 1309 2534 1375 est,irruentes.
2586 1304 2906 1361 Econtrario
2954 1302 3023 1355 ad
3072 1309 3321 1356 sanctum
3377 1296 3626 1351 dicitur:

2037 1401 2181 1458 Uxor
2205 1411 2295 1455 tua
2322 1401 2456 1455 sicut
2477 1399 2595 1453 vitis
2626 1395 2900 1452 abundans
2924 1394 2978 1448 in
3013 1392 3264 1446 lateribus
3293 1388 3476 1443 domus
3504 1397 3627 1440 tuaz.

2034 1497 2164 1553 Filii
2191 1497 2268 1550 tui
2294 1496 2427 1550 sicut
2447 1492 2664 1548 novella:
2693 1492 2948 1546 olivarum
2973 1533 2986 1556 ,
3007 1488 3064 1540 in
3083 1485 3305 1540 circuitu
3326 1489 3630 1536 menstvttta:

2030 1591 2205 1666 (Psal.
2239 1605 2450 1659 cxxvn,
2482 1591 2515 1644 5
2541 1590 2579 1658 ).
2617 1587 2684 1642 Ει
2707 1587 2902 1642 iterum
2940 1602 2952 1638 :
2993 1581 3181 1637 Videas
3223 1580 3363 1649 ﬁlios
3396 1576 3628 1648 ﬁliorum

2030 1697 2236 1742 tuorum
2269 1685 2288 1756 (
2315 1683 2480 1751 lbid.,
2515 1681 2593 1753 6).
2621 1681 2842 1750 Peperit
2868 1679 3033 1749 igitur
3061 1675 3194 1732 Sion
3215 1717 3231 1742 ,
3256 1673 3360 1728 hoc
3385 1680 3474 1728 est
3497 1713 3514 1738 ,
3543 1685 3632 1724 rc-

273 1764 534 1819 arabitur
558 1781 578 1820 :
625 1773 676 1820 et
717 1763 1014 1823 Jerusalem
1057 1770 1206 1839 quasi
1255 1769 1434 1826 casula
1473 1772 1530 1825 in
1569 1772 1920 1827 cucumerario
1952 1779 2000 1839 B
2028 1777 2213 1848 liquis:
2260 1792 2328 1831 ex
2353 1774 2517 1830 Israel
2566 1783 2620 1828 et
2653 1771 3040 1842 Apostolorum
3085 1764 3428 1823 credentium
3464 1761 3625 1830 ﬁdes.

273 1857 629 1930 relinquetur
658 1861 675 1929 (
700 1860 834 1915 lsai.
867 1878 906 1930 ι,
941 1862 1029 1934 8).

355 1949 561 2022 (Vere.
601 1952 694 2025 7.)
725 1953 1009 2026 Antequam
1030 1956 1332 2027 parturiret,
1365 1958 1567 2028 peperit
1596 1975 1614 2012 :
1645 1967 1919 2030 antequam

274 2043 455 2118 805
487 2045 702 2101 veniret
720 2057 902 2118 partus
930 2051 1066 2123 ejus,
1100 2051 1302 2120 peperit
1331 2049 1641 2105 masculum.
1674 2051 1804 2119 Quis
1823 2068 1919 2105 att-

280 2133 413 2189 divit
441 2152 698 2207 unquam
737 2139 841 2192 tale
873 2140 899 2194 ?
931 2140 1046 2212 quis
1067 2141 1194 2194 vidit
1219 2141 1342 2196 huic
1362 2143 1586 2196 similent
1609 2141 1627 2215 [
1649 2142 1808 2213 Vulg.
1840 2146 1916 2198 si-

279 2227 430 2300 mile]
455 2231 482 2284 ?
517 2229 805 2303 Numquid
833 2235 1091 2305 parturiet
1122 2245 1260 2289 terra
1293 2237 1346 2290 in
1373 2237 1458 2290 die
1493 2253 1598 2290 una
1623 2253 1643 2292 :
1678 2247 1770 2291 aut
1792 2255 1914 2308 par-

281 2321 517 2377 turietur
547 2322 747 2396 [Vulg.
782 2327 1038 2399 parietur]
1067 2345 1194 2401 gens
1225 2330 1379 2385 simul
1409 2333 1434 2385 ?
1473 2333 1597 2402 quia
1642 2332 1917 2403 parturivit

280 2423 329 2466 et
349 2417 570 2487 peperit
598 2416 737 2473 Sion
763 2418 900 2488 ﬁlios
923 2436 1042 2476 suos
1067 2437 1085 2476 :
1110 2419 1385 2494 Numquid
1411 2441 1509 2496 ego
1537 2425 1627 2495 qui
1658 2425 1788 2479 alios
1820 2442 1916 2496 pa-

281 2524 397 2562 rere
439 2511 596 2581 facio
618 2555 634 2578 ,
663 2513 774 2583 ipse
803 2529 905 2568 non
945 2517 1148 2586 pariam
1171 2558 1185 2582 ,
1217 2517 1341 2571 dicit
1393 2516 1646 2572 Dominus
1678 2521 1702 2573 ?
1734 2519 1794 2574 Si
1817 2535 1913 2590 ego

281 2604 374 2674 qui
409 2605 813 2675 generationem
851 2610 1049 2663 ueteris
1097 2609 1269 2665 tribuo
1294 2652 1309 2678 ,
1337 2611 1526 2666 sterilis
1549 2628 1638 2665 ero
1663 2655 1676 2680 ,
1705 2612 1777 2666 ait
1802 2609 1915 2664 Do-

282 2698 463 2754 minus
499 2697 653 2754 Deus
684 2710 823 2756 tuus.
852 2701 1030 2758 LXX:
1060 2704 1348 2774 Antequam
1375 2706 1673 2774 parturiens
1700 2707 1909 2775 pariat:

285 2806 577 2866 antequam
608 2798 780 2852 veniat
799 2797 950 2854 dolor
971 2801 1393 2869 parturientium,
1418 2799 1654 2874 effugiat,
1681 2812 1728 2855 et
1759 2817 1912 2870 pepe-

284 2889 353 2942 rit
385 2889 716 2946 masculum.
754 2891 880 2960 Quis
908 2893 1109 2948 audivit
1147 2893 1279 2956 tale,
1309 2903 1357 2949 et
1381 2895 1496 2964 quis
1536 2893 1663 2948 vidit
1703 2892 1914 2947 simile?

288 2979 353 3036 Si
383 2985 678 3050 parturivit
709 2992 847 3038 terra
873 2984 928 3039 in
955 2985 1038 3039 die
1074 3003 1179 3039 una
1210 3002 1230 3052 ;
1257 2997 1346 3040 aut
1371 2987 1414 3040 si
1448 2995 1572 3040 nata
1594 2995 1668 3040 est
1696 3001 1818 3056 gens
1839 2984 1911 3037 si-

286 3075 418 3142 mul,
453 3077 589 3148 quia
631 3077 910 3148 parturivit
955 3087 1003 3132 et
1051 3079 1249 3148 peperit
1294 3078 1428 3134 Sion
1468 3077 1713 3151 parvulos
1761 3093 1904 3133 suos.

2025 1869 2328 1925 masculum
2359 1867 2650 1922 Dominum
2683 1864 3052 1928 Salvatorem,
3085 1861 3176 1932 qui
3207 1861 3258 1914 in
3307 1867 3421 1914 toto
3464 1855 3629 1911 simul

2021 1963 2158 2017 orbe
2184 1969 2473 2033 generatus
2495 1967 2518 1997 ο
2543 1965 2651 2026 est,
2678 1955 2823 2026 quod
2849 1953 3034 2009 nullus
3059 1951 3287 2018 audivit,
3311 1948 3454 2020 quod
3487 1949 3634 2003 nulla

2022 2061 2210 2108 narrat
2241 2051 2501 2116 historia,
2533 2056 2629 2104 aut
2666 2048 2895 2118 alicujus
2925 2045 3175 2101 doctrina
3197 2083 3213 2110 ,
3245 2055 3302 2097 ut
3331 2056 3524 2097 omnes
3576 2041 3631 2096 in

2019 2147 2170 2203 brevi
2215 2155 2464 2217 tempore
2503 2144 2793 2200 crederent
2826 2142 3096 2198 nationes.
3133 2139 3203 2195 Et
3233 2139 3302 2195 de
3349 2136 3628 2192 universis

2015 2239 2304 2310 gentibus,
2339 2253 2444 2292 una
2471 2251 2608 2308 gens
2641 2236 2795 2291 fieret
2825 2236 3261 2290 Christianorum
3289 2275 3303 2300 ,
3338 2229 3408 2286 de
3437 2245 3541 2301 qua
3573 2239 3629 2284 et

2018 2333 2219 2389 Paulus
2248 2331 2487 2402 loquitur
2517 2347 2530 2384 :
2561 2330 2624 2385 Si
2651 2347 2756 2401 qua
2781 2329 2835 2383 in
2866 2326 3072 2382 Christo
3103 2343 3235 2381 nova
3263 2333 3501 2379 creatura
3546 2339 3632 2377 ve-

2016 2437 2124 2480 tera
2154 2427 2514 2491 transierunt;
2544 2441 2658 2480 ecce
2682 2428 2824 2497 facta
2849 2435 2970 2479 sunt
3003 2439 3133 2477 nova
3163 2421 3229 2495 (ll
3254 2419 3376 2475 Cor.
3409 2435 3460 2486 v,
3487 2418 3578 2488 17)
3608 2434 3622 2471 :

2010 2519 2165 2588 juxta
2208 2517 2341 2573 illud
2372 2518 2520 2589 quod
2562 2517 2692 2572 alibi
2744 2517 3009 2586 scriptum
3042 2523 3130 2571 est
3183 2534 3194 2569 :
3229 2511 3299 2567 Et
3327 2511 3622 2568 adorabunt

2011 2611 2065 2664 in
2094 2618 2371 2681 conspectu
2409 2613 2523 2682 ejus
2563 2626 2739 2664 omnes
2787 2608 3008 2678 familia:
3049 2609 3284 2680 gentium
3311 2622 3331 2663 :
3358 2608 3482 2678 quia
3513 2605 3623 2659 Do-

2015 2705 2142 2758 mini
2171 2715 2242 2760 est
2278 2721 2516 2776 regnum,
2543 2712 2590 2757 et
2620 2704 2730 2775 ipse
2754 2703 3111 2759 dominabitur
3141 2703 3396 2775 gentium.
3430 2699 3624 2756 Omnes

2013 2798 2172 2862 enim,
2205 2797 2280 2852 ait
2312 2841 2326 2866 ,
2351 2806 2524 2869 gentes
2554 2813 2684 2868 quas
2733 2797 2901 2866 fecisti
2927 2838 2942 2862 ,
2975 2798 3214 2862 venient,
3247 2805 3295 2850 et
3325 2795 3622 2850 adorabunt

2011 2909 2186 2948 coram
2219 2903 2286 2962 te,
2308 2903 2353 2948 et
2377 2891 2741 2964 glori/icabunt
2765 2907 2947 2946 nomen
2968 2889 3305 2963 tuum(Psal.
3334 2905 3450 2957 χιιι,
3481 2888 3552 2944 28
3575 2897 3624 2943 et

2011 3001 2151 3056 seqq.
2186 2987 2227 3055 ).
2261 2985 2338 3040 De
2360 3000 2469 3055 quo
2506 2984 2638 3040 dicit
2664 2983 2837 3040 Jacob
2872 3001 2885 3037 :
2913 2982 3037 3055 Ipse
3057 2993 3131 3037 est
3156 2982 3472 3054 exspectatio
3494 2997 3620 3054 gen-

2010 3077 2138 3130 tium
2171 3077 2190 3148 (
2219 3075 2350 3132 Gen.
2385 3093 2534 3144 χιιι,
2567 3077 2635 3132 10
2661 3084 2702 3144 ).
2740 3076 2810 3131 Ει
2850 3075 3138 3131 Psalmista
3170 3093 3182 3128 :
3214 3075 3349 3145 Spes
3391 3075 3620 3129 omnium

289 3165 408 3238 Ego
433 3179 621 3224 autem
643 3169 767 3225 dedi
793 3172 1222 3238 exspectationem
1243 3171 1400 3242 hanc,
1434 3181 1480 3226 et
1505 3188 1608 3226 non
1633 3172 1905 3226 recordata
1931 3187 1976 3248 ρ
2009 3171 2193 3241 ﬁnium
2221 3180 2370 3225 terra:
2391 3168 2511 3244 (Ps.
2540 3185 2689 3238 LXIV,
2719 3167 2800 3239 6).
2829 3167 2895 3223 Et
2922 3167 3065 3224 idem
3089 3167 3259 3222 Isaias
3281 3182 3443 3238 quem
3475 3181 3620 3221 nunc

287 3274 338 3312 es
363 3261 503 3327 mei,
541 3261 677 3316 dicit
707 3259 982 3318 Dominus.
1019 3262 1209 3318 Nonne
1237 3280 1331 3338 ego
1366 3267 1650 3336 parientent
1677 3274 1726 3319 et
1752 3265 1904 3318 steri-

287 3353 389 3406 lem
421 3356 551 3425 feci,
588 3354 720 3411 dicit
740 3355 884 3411 Deus
912 3366 1032 3411 tuus
1066 3359 1089 3413 ?
1112 3356 1366 3414 Clamore
1390 3367 1686 3414 resonante
1715 3357 1784 3413 de
1811 3356 1904 3414 Je-

287 3447 535 3503 rusalem
569 3459 629 3505 et
651 3447 883 3520 Templo
913 3450 1055 3520 ejus,
1086 3451 1302 3521 quando
1332 3451 1559 3508 obsessa
1589 3460 1752 3522 atque
1773 3450 1904 3506 sub-

289 3554 453 3596 versa
473 3553 587 3609 est,
603 3551 660 3597 et
682 3541 1292 3616 inimicisChristi,quib
1313 3546 1484 3602 Deum
1511 3561 1694 3617 regem
1728 3548 1901 3600 susci-

289 3645 419 3700 pere
434 3632 764 3700 noluerunt,
782 3635 1168 3704 recipientibus
1195 3651 1293 3706 pro
1321 3637 1604 3708 impietate
1626 3653 1719 3692 sua
1736 3646 1900 3707 atque

287 3721 654 3794 blasphemiis
676 3735 882 3781 aeterna
903 3727 1192 3798 supplicia,
1213 3728 1458 3784 Ecclesia
1482 3730 1533 3784 in
1557 3729 1776 3784 nomine
1796 3731 1900 3784 Do-

285 3811 420 3866 mini
438 3816 876 3886 congregata,de
895 3831 996 3887 qua
1017 3819 1069 3870 in
1089 3818 1305 3886 psalmo
1317 3820 1518 3874 dicitur
1537 3818 1734 3873 :Ilomo
1748 3831 1898 3876 natus

287 3902 340 3956 in
363 3921 423 3958 ea
441 3923 461 3961 :
477 3917 526 3962 et
549 3910 665 3980 ipse
682 3907 922 3979 fundavit
943 3924 1055 3962 eam
1075 3907 1362 3964 altissimus
1377 3910 1793 3983 (Psal.t.xxxv1,
1813 3911 1892 3984 5),

285 4009 585 4070 antequam
603 4002 1464 4075 parturiret,peperit,antequam
1485 4005 1694 4060 veniret
1710 4013 1896 4074 partus

285 4089 422 4158 ejus,
441 4095 636 4162 genuit
668 4094 992 4151 masculum.
1025 4095 1140 4150 Non
1173 4096 1316 4151 enim
1351 4098 1521 4152 multo
1554 4109 1897 4169 ten‘tpore,ttt

288 4186 524 4256 populus
546 4187 866 4242 Judteorum
896 4204 992 4258 per
1022 4189 1394 4256 Abraham,et
1419 4191 1592 4257 Isaac,
1621 4199 1676 4246 et
1703 4189 1892 4258 Jacob,

288 4286 339 4330 et
363 4278 661 4334 duodecim
693 4279 1073 4348 Patriarchas,
1105 4292 1159 4339 et
1184 4298 1400 4338 rursum
1433 4298 1531 4355 per
1561 4283 1764 4340 liberos
1802 4300 1894 4340 eo-

286 4384 405 4425 rttm
435 4387 500 4426 ac
533 4383 767 4444 nepotes
791 4375 966 4430 crevit
997 4378 1048 4430 in
1073 4375 1270 4445 majus,
1295 4375 1388 4431 sed
1415 4379 1481 4431 ad
1511 4376 1893 4449 Evangelicam

289 4469 740 4535 praedicationem
782 4473 964 4526 statim
1016 4474 1196 4527 omnis
1235 4473 1472 4529 mundus
1518 4474 1806 4544 concepit,
1838 4483 1897 4531 et

2009 3261 2364 3318 edisserintus
2400 3280 2414 3316 :
2448 3261 2562 3315 Erit
2593 3261 2748 3315 radis:
2772 3259 2941 3330 Jesse,
2968 3268 3018 3313 et
3045 3260 3134 3331 qui
3164 3269 3361 3333 surget,
3391 3267 3447 3312 ut
3473 3259 3620 3328 prin-

2005 3375 2122 3431 ceps
2145 3360 2211 3412 sit
2233 3360 2479 3430 gentium,
2503 3358 2557 3412 in
2579 3359 2694 3427 ipso
2715 3365 2886 3428 gentes
2909 3355 3186 3427 sperabunt
3207 3352 3364 3427 (Isai.
3394 3369 3472 3419 ιι,
3499 3351 3613 3424 10);

2006 3454 2357 3524 implentibus
2387 3451 2665 3522 Apostolis
2696 3449 2840 3521 quod
2871 3461 3208 3521 praeceptum
3242 3460 3326 3502 εει
3366 3465 3379 3501 :
3424 3447 3616 3502 Docete

2003 3564 2178 3603 omnes
2205 3557 2400 3620 gentes,
2433 3547 2756 3616 baptizantes
2785 3561 2872 3600 eas
2901 3546 2954 3599 in
2979 3546 3184 3598 nomine
3227 3543 3408 3598 Patris
3437 3553 3482 3596 et
3518 3541 3616 3596 Fi-

2005 3640 2062 3694 lii
2085 3651 2133 3694 et
2165 3640 2395 3709 Spiritus
2423 3641 2584 3694 sancti
2616 3638 2846 3711 (Matth.
2881 3653 3076 3703 xxvm,
3107 3637 3175 3694 19
3197 3635 3242 3708 ),
3271 3648 3329 3692 ιιι
3355 3646 3614 3692 nascatur

2002 3749 2175 3788 novus
2207 3732 2463 3803 populus,
2488 3731 2558 3786 de
2587 3745 2696 3802 quo
2723 3741 2779 3785 et
2807 3732 3103 3786 vicesimus
3133 3731 3340 3800 primus
3368 3729 3612 3800 psalmus

2001 3827 2147 3882 canit
2178 3843 2192 3879 :
2227 3823 2621 3879 Annuntiabunt
2663 3823 2776 3878 εωιί
2816 3823 3074 3890 iustitiam
3110 3823 3220 3892 ejus
3242 3867 3256 3890 ,
3291 3821 3484 3893 populo
3519 3823 3608 3886 qui

2001 3927 2260 3984 nascetur,
2290 3933 2438 3988 quem
2471 3917 2587 3986 fecit
2617 3912 2874 3968 Dominus
2902 3911 3076 3984 (Psal.
3112 3928 3222 3979 χιιι,
3253 3911 3368 3983 52).
3405 3912 3474 3966 Ει
3503 3913 3606 3967 ite-

1999 4029 2119 4067 rum
2147 4027 2166 4066 :
2195 4010 2427 4082 Populus
2451 4011 2540 4080 qui
2561 4009 2842 4072 creabitur,
2863 4007 3096 4062 laudabit
3118 4005 3402 4062 Dominum
3426 4005 3602 4077 (Psal.

1998 4120 2072 4172 Cl,
2093 4103 2207 4175 19).
2237 4103 2334 4158 llic
2362 4110 2543 4158 autem
2570 4102 2800 4173 populus
2821 4115 2931 4156 uno
2953 4110 3170 4155 creatus
3192 4110 3278 4156 est
3301 4099 3414 4166 die,
3443 4115 3605 4169 quem

1998 4199 2232 4254 illustrat
2259 4197 2604 4268 soljustitiat,
2627 4195 2844 4251 dicente
2868 4193 3150 4264 Scriptura
3183 4212 3195 4248 :
3223 4193 3338 4248 Erit
3370 4193 3462 4248 tibi
3493 4190 3608 4247 Do-

1999 4291 2167 4346 minus
2219 4291 2312 4346 lua:
2341 4289 2699 4361 sempiterna(
2733 4287 2845 4342 Isa.
2880 4304 2968 4359 ιιι,
3002 4287 3069 4343 19
3100 4286 3458 4359 ).Possumus
3500 4287 3603 4343 hoc

1995 4383 2138 4455 quod
2170 4382 2372 4438 dicitur
2408 4400 2421 4438 :
2457 4380 2668 4437 Orietur
2705 4397 2828 4453 gens
2860 4379 3050 4448 simul,
3079 4381 3203 4452 quia
3233 4379 3508 4450 parturivit
3551 4391 3600 4434 et

1994 4479 2193 4551 peperit
2225 4477 2356 4534 Sion
2393 4474 2532 4547 ﬁlios
2561 4492 2710 4540 suos,
2743 4481 2800 4529 et
2841 4473 2907 4528 ad
2957 4472 3092 4527 illud
3126 4484 3344 4542 tempus
3372 4472 3596 4537 referre,

274 4560 580 4629 parturivit
606 4607 620 4630 ,
653 4575 709 4619 et
763 4567 978 4636 peperit
1017 4569 1318 4623 masculum
1346 4611 1361 4633 ,
1395 4585 1556 4639 quem
1589 4568 1803 4624 Pharao
1831 4578 1888 4624 et
1915 4569 1966 4628 D
1993 4572 2211 4644 quando
2241 4587 2350 4628 una
2381 4571 2471 4626 die
2510 4569 2611 4624 tria
2660 4568 2832 4622 millia
2873 4566 2898 4602 ά
2929 4575 2986 4621 et
3030 4565 3272 4636 quinque
3317 4565 3489 4624 millia
3531 4565 3600 4622 de

292 4650 537 4712 llerodes
567 4656 908 4711 conabantur
925 4656 1206 4727 occidere,
1230 4660 1321 4730 qui
1353 4668 1410 4716 et
1436 4661 1490 4715 in
1523 4660 1728 4732 Moyse,
1751 4668 1807 4716 et
1835 4661 1888 4715 in

288 4741 506 4802 Christo
552 4749 794 4804 salvatus
837 4749 890 4803 in
920 4747 1157 4820 Egypto
1186 4761 1290 4805 est.
1343 4751 1585 4821 Denique
1613 4752 1887 4807 Abraham

290 4847 343 4891 et
365 4839 516 4896 Isaac
546 4841 816 4896 masculos
845 4840 1084 4897 habuere
1123 4842 1333 4899 liberos
1359 4885 1373 4909 ,
1403 4853 1458 4899 et
1486 4843 1654 4899 Jacob
1683 4845 1888 4899 multo-

291 4946 408 4989 rum
442 4936 681 4992 ﬁliorum
728 4946 882 5007 pater
907 4977 923 5002 ,
965 4951 1127 4991 unam
1169 4939 1358 5008 genuit
1400 4938 1562 4992 tiliam
1591 4980 1604 5002 ,
1632 4954 1736 5009 pro
1783 4955 1889 5010 qua

290 5024 422 5080 dura
447 5043 742 5099 perpessus
771 5039 858 5084 est
878 5027 1088 5102 (Cenes.
1116 5030 1335 5100 χχχιιι).
1362 5029 1516 5098 Quod
1544 5031 1588 5086 si
1615 5031 1744 5086 ﬁliae
1769 5032 1889 5088 Sal-

291 5121 465 5190 phaad
507 5126 599 5182 Dei
651 5125 924 5181 sententia
972 5124 1247 5196 recipiunt
1287 5125 1664 5182 hiereditatem
1717 5131 1890 5198 patris

363 5277 387 5304 ει
409 5267 546 5325 Vide
568 5283 689 5336 qua:
717 5268 1104 5322 annotavimus
1129 5269 1181 5321 in
1209 5269 1373 5336 epist.
1408 5269 1474 5322 18
1499 5268 1566 5324 ad
1592 5267 1881 5326 Damasum

291 5351 436 5394 num.
468 5341 524 5406 9,
567 5350 621 5393 et
675 5340 728 5392 itt
778 5340 938 5408 epist.
983 5338 1075 5400 46.
1135 5339 1319 5394 Paulae
1367 5350 1423 5396 et
1476 5340 1752 5396 Eustocbii
1805 5344 1871 5397 ad

292 5409 620 5481 Marcellam.
653 5426 804 5464 num.
837 5411 867 5465 l
895 5453 908 5470 ,
963 5419 1126 5478 atque
1169 5410 1300 5466 alibi
1335 5429 1346 5463 :
1381 5411 1580 5481 quibus
1629 5412 1684 5466 in
1738 5413 1874 5469 locis

294 5477 645 5554 Hieronymo,
668 5482 965 5536 Eusehium
1013 5477 1357 5554 ostendimus
1390 5477 1875 5554 imposuissedllic

293 5561 464 5624 autem
495 5552 720 5624 rectius
773 5556 964 5608 saltem
1001 5569 1124 5608 tum
1179 5553 1420 5624 Iosepho
1472 5555 1689 5609 sentit:
1741 5552 1875 5611 Vide

292 5619 616 5743 ξέιῶοιὲίοιιω
649 5622 715 5677 ad
742 5639 832 5678 an.
865 5625 1067 5680 Christi
1100 5641 1294 5693 xxxnt,
1314 5619 1382 5681 ἐι
1409 5639 1531 5696 qua:
1580 5625 1650 5680 ibi
1679 5625 1873 5682 obser-

413 5711 446 5743 ll
483 5738 494 5743 -

327 5706 494 5750 :nnus.

364 5764 386 5799 θ
414 5765 600 5822 Maluit
649 5764 920 5821 Vit-torius
962 5769 1172 5824 restitui
1214 5768 1588 5824 Brixianorum
1629 5766 1876 5823 codicum

1995 4666 2226 4723 Iudaico
2256 4663 2457 4734 populo
2485 4660 2835 4717 crediderunt
2863 4657 3002 4730 (Act.
3025 4657 3104 4727 tt).
3136 4657 3346 4713 Dicitur
3384 4670 3603 4726 quoque

1999 4762 2052 4816 in
2097 4759 2294 4814 eodem
2343 4758 2572 4812 Actunm
2605 4752 2990 4822 Apostolorum
3022 4751 3160 4806 libro
3202 4751 3346 4823 quod
3383 4750 3450 4805 de
3480 4750 3604 4804 uni-

1989 4851 2166 4905 versis
2191 4848 2446 4920 gentibus
2477 4860 2601 4916 quae
2631 4844 2732 4899 sub
2759 4843 2902 4899 caelo
2923 4851 3071 4909 sunt,
3097 4842 3303 4900 fuerint
3354 4842 3406 4896 itt
3438 4840 3598 4896 Jeru-

1991 4943 2160 5000 salem
2187 4983 2203 5006 .
2230 4941 2322 5012 qui
2364 4939 2656 4995 audiebant
2701 4939 2868 4992 variis
2912 4939 3114 5009 linguis
3155 4937 3442 5006 loquentes
3482 4949 3598 4989 ma-

1989 5035 2173 5108 gnalia
2193 5035 2288 5090 Dei
2309 5031 2531 5104 (Ibid)
2553 5029 2818 5102 Quodque
2844 5031 3091 5101 sequitur
3109 5029 3262 5100 juxta
3286 5024 3459 5092 LXX,
3479 5022 3594 5096 Ego

1989 5138 2166 5184 autem
2205 5128 2325 5182 dedi
2354 5125 2787 5198 exspectationem
2817 5124 2971 5192 hanc,
3004 5132 3052 5178 et
3091 5137 3196 5177 non
3234 5118 3512 5174 recordata
3539 5133 3592 5170 es

1991 5286 2096 5342 ope
2122 5287 2248 5342 eum,
2265 5283 2363 5337 pro
2391 5265 2581 5342 Deum,
2607 5281 2731 5342 eum
2762 5260 3298 5342 scilicetChristum.
3405 5329 3440 5342 ν
3483 5330 3494 5340 .

2070 5355 2092 5382 ο
2125 5328 2363 5398 Verbum
2399 5349 2474 5392 est
2499 5328 2778 5394 Victorius
2817 5352 2887 5390 ex
2930 5332 3274 5389 Florentinis
3317 5328 3604 5386 codicibus

1979 5413 2216 5475 suﬂeeit,
2241 5426 2352 5484 quo
2382 5411 2502 5464 sine
2530 5409 2777 5484 mu_tiltts,
2807 5415 2864 5461 et
2903 5408 2994 5472 qui
3021 5399 3253 5484 intelligi
3276 5416 3382 5484 non
3414 5411 3604 5484 posset

1979 5487 2134 5543 locus
2165 5472 2430 5538 illi'visus
2456 5491 2580 5548 est.,
2604 5479 2874 5548 Ca'terum
2908 5484 2964 5548 et
2991 5484 3049 5527 ut
3078 5472 3306 5542 alicujus
3336 5472 3597 5539 doctrina,

1975 5573 2076 5631 pm.
2103 5551 2504 5631 αξιιβιίίεάεφ
2533 5545 2660 5604 πάθεα
2691 5545 3002 5631 διιῐβιίιιιίεο.
3074 5615 3092 5631 .
3301 5614 3340 5631 ._

2051 5627 2078 5666 ά
2115 5626 2286 5683 Verba
2317 5635 2365 5678 et
2396 5624 2622 5693 quinque
2669 5616 2836 5672 millia
2865 5615 3027 5671 codd.
3062 5614 3405 5670 Anthrosiat'i
3439 5614 3590 5683 igua--

1975 5709 2122 5756 rant.
