4084 6324
295 281 412 346 act
472 246 476 249 ’

825 290 1479 351 COMMENTARIORUM
1517 291 1587 352 IN
1623 282 1864 353 ISAIAM
1902 285 2323 355 PROPHETAM
2355 297 2486 354 Llli.
2531 295 2714 356 XVIII.
2749 296 2905 354 CAP.
2945 297 3131 356 LXVI.

3526 303 3634 360 66?.

294 417 528 466 rentem
567 411 918 468 inundantem
955 414 1176 487 gloriam
1206 411 1470 485 gentium;
1505 409 1662 484 quain
1695 411 1887 485 iugetis
1911 431 1927 468 :
1957 419 2006 476 Α
2034 414 2190 484 fuerit
2221 413 2402 482 oblita,
2433 423 2528 486 ego
2556 423 2724 470 tamen
2751 426 2855 469 non
2885 409 3156 469 obliviscor
3183 417 3258 470 tui
3283 414 3443 487 (irai.-
3473 431 3630 487 sua,

296 499 374 556 ab
407 503 582 560 ubere
612 506 978 578 portabimini,
1010 513 1062 561 'et
1084 515 1241 579 super
1275 515 1444 577 genua
1473 503 1808 562 blandientur
1836 519 1924 560 uo-

292 591 405 648 bis.
445 593 598 652 LXX
631 615 644 652 :
681 597 818 667 Qtt'la
858 600 966 654 haec
993 595 1116 652 dicit
1147 595 1402 652 Dominus
1433 613 1452 652 :
1477 596 1614 652 Ecce
1637 605 1732 670 ego
1761 595 1922 653 decli-

290 685 447 742 nabo
480 689 554 743 ad
585 705 674 744 eos
701 691 850 761 quasi
880 691 1069 760 ﬂuvius
1098 691 1266 762 pacis,
1289 699 1337 744 et
1358 691 1514 762 quasi
1541 701 1743 745 terrens
1772 690 1927 744 inun-

292 777 448 838 dans
481 782 711 856 gloriam
735 787 985 855 gentium.
1017 784 1238 840 Parvuli
1268 799 1446 841 eorum
1470 787 1524 841 in
1549 784 1782 841 humeris
1801 800 1924 857 por-

290 878 570 934 tabuntur
595 921 611 947 ,
663 889 711 934 et
755 893 912 948 super
951 897 1121 954 genua
1160 880 1590 936 consolabuntur.
1637 881 1922 936 Exstructa

293 985 406 1042 per
438 973 746 1044 Apostolos
773 974 1080 1030 Jerusalem
1108 1016 1123 1040 ,
1155 983 1212 1031 et
1242 975 1543 1029 instaurata
1583 973 1638 1028 in
1677 973 1920 1044 priorem

289 1065 522 1120 Statum
548 1108 562 1130 ,
599 1075 888 1137 postquam
921 1067 1016 1122 lilii
1047 1075 1102 1122 et
1133 1067 1473 1122 habitatores
1509 1067 1630 1136 ejus
1658 1065 1923 1122 uberibus

291 1155 524 1213 fuerint
554 1161 832 1216 consolati
861 1200 876 1226 ,
920 1169 974 1216 et
1021 1161 1180 1218 lactis
1210 1161 1546 1218 abundantia
1589 1161 1657 1216 ad
1697 1161 1922 1218 delicias

293 1255 690 1324 pervenerint
717 1258 990 1320 veritatis,
1027 1271 1126 1326 per
1156 1271 1292 1327 quas
1316 1265 1342 1294 ει
1372 1257 1692 1328 pervenitur
1718 1257 1786 1312 ad
1805 1259 1922 1328 glo-

296 1346 457 1402 riam
505 1346 601 1403 Dei
641 1367 652 1404 :
691 1357 822 1404 tunc
851 1347 1116 1405 Dominus
1149 1349 1448 1406 declinabit
1477 1365 1641 1420 super
1665 1365 1782 1407 eam
1816 1351 1915 1407 litt.

292 1439 460 1494 vium
491 1441 662 1510 pacis,
688 1437 758 1498 de
784 1457 895 1514 quo
919 1443 1117 1499 crebro
1147 1441 1386 1499 diximus
1419 1461 1432 1498 :
1466 1437 1686 1499 Flumen
1715 1441 1813 1500 Dei
1839 1461 1919 1500 re-

295 1532 510 1602 pletum
544 1545 620 1589 est
651 1537 802 1607 aquis
846 1536 1021 1609 (Psal.
1055 1551 1200 1605 thv,
1231 1535 1340 1608 i0).
1376 1536 1444 1593 Et
1472 1556 1485 1594 :
1525 1535 1788 1594 Fluminis
1819 1540 1915 1594 int-

298 1634 465 1696 petus
494 1625 733 1698 ltetiﬁcat
768 1629 1024 1684 civitatem
1053 1629 1152 1684 Dei
1188 1627 1360 1700 (Psal.
1399 1637 1525 1700 x'Lv,
1561 1631 1620 1702 Β)
1646 1650 1660 1699 ;
1691 1644 1750 1689 ut
1783 1645 1916 1705 pace

298 1721 504 1774 omnia
547 1721 898 1792 possidente,
939 1731 993 1779 et
1022 1721 1302 1780 nationum
1337 1723 1684 1782 cessantibus
1713 1718 1871 1782 bellis
1893 1770 1908 1794 ,

2033 506 2146 577 l5).
2175 507 2354 574 Quem
2384 515 2606 563 Sensum
2647 516 2702 562 et
2734 507 2871 562 illud
2899 507 3066 561 habet
3109 507 3530 577 Evangeli'cum,
3565 513 3620 565 in

2029 611 2136 670 quo
2173 600 2436 656 Dominus
2466 599 2708 672 inquitur
2737 601 2804 656 ad
2843 601 3146 656 Jerusalem
3181 619 3194 656 :
3246 597 3458 670 Quoties
3485 604 3632 660 uolui

2028 703 2342 766 congregare
2391 694 2528 761 ﬁlios
2557 704 2674 750 tuos
2700 737 2712 760 ,
2744 698 2876 749 sicut
2908 694 3110 766 gallina
3140 706 3421 767 congregat
3452 695 3627 765 pullos

2025 769 2146 842 suos
2173 787 2268 841 sub
2295 787 2412 842 alas
2439 797 2584 857 suos,
2609 793 2657 842 et
2683 787 2898 842 noluisti
2933 787 3150 858 (Matth.
3195 805 3336 844 χχιιι
3355 829 3372 858 ,
3397 789 3521 862 57)?
3554 791 3625 848 Et

2026 880 2542 949 Denteronomium,
2589 883 2642 936 in
2683 890 2793 952 quo
2831 883 2942 938 tale
2981 883 3110 952 quid
3155 891 3375 939 resonat
3408 903 3422 939 :
3466 885 3618 942 Sicut

2023 972 2201 1046 aquila
2227 971 2448 1047 protegit
2479 975 2662 1028 nidum
2691 987 2842 1029 suum
2866 1007 2882 1040 ,-
2911 981 2958 1028 et
2987 975 3162 1047 pullos
3200 991 3320 1031 suos
3349 976 3620 1032 desidera-

2023 1066 2092 1120 vit
2125 1083 2144 1122 :
2169 1068 2466 1135 expandens
2495 1066 2612 1123 alas
2637 1110 2652 1135 ,
2685 1069 2913 1139 suscepit
2942 1086 3030 1124 eos
3054 1115 3067 1139 ,
3097 1079 3146 1124 et
3174 1071 3394 1140 portavit
3429 1072 3487 1126 in
3512 1072 3612 1127 ltu-

2023 1160 2178 1215 nteris
2207 1161 2315 1216 suis
2343 1161 2524 1232 (Deut.
2567 1175 2761 1229 suit,
2793 1161 2906 1233 ii).
2940 1157 3106 1218 Aiunt
3144 1165 3234 1234 qui
3265 1163 3335 1221 de
3367 1165 3614 1220 animan-

2023 1252 2156 1308 tium
2187 1255 2459 1324 scripsere
2489 1254 2720 1322 naturis,
2752 1255 2997 1310 omnium
3030 1257 3250 1327 quidem
3283 1258 3580 1316 bestiarum
3601 1305 3615 1330 ,

2019 1354 2076 1401 et
2118 1346 2527 1416 jumentorum,
2570 1355 2627 1403 et
2661 1347 2929 1418 pecudum
2973 1348 3266 1421 aviumque
3316 1352 3619 1423 ingenitum

2020 1453 2145 1494 esse
2175 1439 2229 1493 in
2261 1438 2405 1494 filios
2430 1440 2715 1510 pullosque
2748 1453 2878 1496 suos
2905 1440 3183 1508 allectum,
3207 1444 3302 1499 sed
3328 1446 3622 1503 maximum

2018 1545 2142 1586 esse
2163 1545 2410 1586 amorem
2434 1533 2761 1602 aquilarum,
2794 1547 2919 1604 quae
2951 1535 3005 1588 in
3036 1536 3274 1591 excelsis
3299 1546 3355 1592 et
3377 1538 3623 1596 inacces-

2015 1623 2088 1680 sis
2121 1625 2257 1680 locis
2291 1626 2450 1682 nidos
2478 1627 2777 1695 collocant,
2812 1641 2882 1683 ne
2909 1629 3138 1684 coluber
3193 1628 3336 1686 fetus
3364 1629 3393 1669 ἀ
3425 1633 3618 1690 violet.

2015 1717 2366 1776 Amethisten
2397 1735 2618 1792 quoque
2650 1722 2794 1778 inter
2825 1722 3002 1792 pullos
3033 1722 3152 1792 ejus
3197 1723 3434 1793 lapidem
3466 1733 3624 1796 repe-

299 1807 380 1868 de
412 1813 622 1884 quibus
655 1814 938 1885 Scriptura
972 1817 1102 1873 dicit
1139 1836 1152 1872 :
1188 1817 1398 1891 Dissipa
1427 1829 1598 1892 gentes
1626 1835 1743 1892 qua:
1781 1816 1915 1875 bella
1944 1808 1991 1868 Β
2021 1809 2141 1878 tiri,
2187 1825 2296 1882 quo
2333 1815 2514 1867 omnia
2553 1814 2715 1886 811
2765 1827 2975 1869 venena
3027 1825 3384 1883 superentur.
3431 1816 3488 1873 Si
3518 1809 3621 1874 hoc

298 1905 497 1960 volunt
547 1903 723 1977 (Paul.
768 1923 935 1978 mn,
987 1909 1105 1982 32),
1151 1919 1369 1967 torrens
1408 1909 1782 1968 doctrinarum
1815 1911 1912 1970 Dei

300 1997 512 2070 irriget
539 2013 670 2057 arva
697 2003 1059 2058 credentium.
1083 2001 1235 2060 Tunc
1267 2004 1359 2060 lilii
1392 2001 1536 2076 ejus,
1567 2005 1682 2061 sive
1708 2005 1914 2078 parvuli

299 2094 394 2164 (ut
423 2093 573 2150 LXX
601 2097 1027 2170 transtulerunt)
1060 2100 1112 2154 in
1147 2097 1392 2155 humeris
1423 2100 1825 2170 portabuntur,
1858 2103 1913 2156 et

305 2199 484 2257 super
528 2203 706 2258 genua
745 2192 1175 2248 coosolationem
1213 2189 1506 2262 accipient.
1543 2191 1597 2248 ln
1631 2193 1906 2262 humeris,

297 2279 374 2337 de
405 2283 605 2352 quibus
637 2291 693 2338 et
723 2285 774 2338 in
807 2285 973 2352 priori
1009 2285 1296 2355 prophetia
1327 2284 1531 2340 dictum
1566 2294 1670 2352 est,
1701 2287 1910 2359 etquos

298 2373 484 2430 Jacob
514 2372 541 2412 ι’
577 2375 909 2447 imprecatur
938 2377 1050 2433 tilio
1079 2387 1179 2433 suo
1205 2375 1497 2434 lssachar:
1530 2379 1669 2446 Quia
1712 2395 1911 2450 suppo-

304 2469 416 2522 suit
443 2466 718 2522 bumerum
746 2483 895 2524 suum
923 2471 992 2524 ad
1025 2470 1367 2526 laborandum
1397 2471 1550 2544 (Gen.
1575 2483 1698 2528 ms
1725 2517 1738 2540 ,
1777 2474 1866 2545 15)
1888 2517 1902 2542 ,

304 2570 363 2617 et
393 2573 629 2618 vocatus
673 2567 758 2618 est
786 2565 870 2618 vir
900 2565 1166 2636 agricola.
1196 2563 1413 2622 Sudore
1444 2567 1589 2620 enim
1622 2577 1675 2622 et
1721 2565 1911 2623 labore

307 2653 489 2710 nimio
521 2653 589 2710 ad
623 2654 928 2712 ubertatem
959 2657 1234 2714 fructuum
1263 2658 1633 2730 pervenimus.
1672 2657 1824 2716 Unde
1855 2665 1910 2715 et

300 2747 372 2804 ad
403 2749 539 2805 Sion
575 2763 676 2820 per
702 2750 995 2807 Jeremiam
1024 2751 1228 2808 dicitur
1264 2771 1276 2808 :
1309 2751 1392 2806 Da
1415 2767 1504 2808 car
1544 2761 1689 2807 tuum
1728 2751 1781 2807 in
1812 2755 1908 2808 Im-

302 2857 474 2898 meros
505 2841 626 2898 tuos
651 2840 865 2916 (Jerem.
899 2859 1046 2913 xxrv,
1081 2848 1159 2915 7),
1195 2853 1304 2901 uta
1335 2847 1608 2901 mandatis
1639 2845 1908 2917 intelligat

304 2935 622 3002 Dominum,
655 2937 880 2993 imitans
904 2953 1051 3004 eum,
1081 2939 1150 2995 de
1173 2953 1278 3009 quo
1305 2939 1565 3009 scriptum
1597 2947 1716 2993 est:
1749 2937 1903 2993 Iesus

305 3028 460 3099 coepit
486 3032 656 3100 {acere
683 3038 732 3085 et
757 3029 940 3085 docere
963 3032 1104 3104 (Act.
1136 3045 1176 3096 ι,
1214 3032 1288 3102 l),
1317 3037 1374 3086 ut
1398 3046 1504 3086 non
1532 3019 1699 3104 ,ιθ
1729 3034 1904 3086 atiosa

303 3124 377 3178 sit
412 3123 568 3187 lldes,
603 3123 698 3180 sed
732 3139 828 3195 per
859 3141 1025 3196 opera
1060 3135 1244 3181 enrrat
1276 3123 1343 3180 ad
1372 3125 1678 3195 prmmium.
1715 3125 1901 3181 Genua

2015 1917 2205 1960 verum
2251 1911 2356 1970 est,
2412 1916 2565 1962 recte
2610 1907 2840 1961 aﬂ'ectus
2887 1907 2984 1962 Dei
3037 1906 3094 1962 in
3150 1919 3278 1964 suas
3333 1919 3618 1968 creaturas

2017 1997 2216 2066 aquilis
2242 2005 2592 2068 comparatus
2624 2007 2745 2065 est,
2778 1999 2871 2070 qui
2899 1998 3048 2053 omni
3086 1999 3335 2055 custodia
3379 2004 3622 2074 protegit

2014 2090 2214 2147 liberos
2241 2107 2394 2157 suos,
2421 2109 2488 2148 ne
2518 2093 2687 2148 draco
2707 2104 2762 2150 et
2791 2094 3022 2150 coluber
3053 2095 3334 2166 antiquus,
3363 2096 3616 2155 diabolus

2013 2192 2068 2240 et
2097 2183 2330 2240 Satanas
2352 2187 2584 2256 obrepat
2609 2187 2842 2242 novellis
2870 2187 3092 2251 fetibus,
3121 2195 3183 2242 ut
3213 2187 3280 2243 ad
3304 2201 3503 2246 nomen
3533 2190 3616 2245 la-

2013 2279 2190 2350 pidis,
2232 2282 2324 2351 qui
2355 2281 2580 2350 ponitur
2605 2281 2660 2336 in
2691 2281 3066 2337 fundamentis
3098 2281 3230 2338 Sion
3252 2324 3266 2348 ,
3299 2295 3491 2340 omnes
3519 2285 3614 2339 ad-

2011 2373 2382 2428 versariorum
2417 2373 2738 2444 frangantur
2764 2373 3000 2428 insidia.
3026 2373 3153 2428 Haec
3182 2383 3367 2430 autem
3390 2375 3612 2432 Jerusas

2011 2467 2139 2530 lem,
2175 2467 2227 2520 in
2261 2481 2364 2536 qua
2398 2467 2828 2522 consolabuntur
2856 2481 2885 2519 a
2917 2474 3094 2520 matre
3125 2464 3224 2520 lilii
3245 2509 3259 2534 ,
3293 2469 3348 2522 et
3374 2467 3430 2522 in
3460 2469 3616 2538 genio

2009 2556 2111 2612 bus
2145 2557 2534 2628 palpabuntur,
2564 2555 2654 2610 illa
2682 2566 2787 2623 est,
2819 2556 2888 2611 de
2921 2569 3025 2626 qua
3054 2557 3248 2611 scribit
3275 2556 3571 2628 Apostolus
3600 2578 3614 2617 :

2013 2647 2148 2714 Quae
2175 2658 2348 2702 autem
2376 2656 2588 2702 sursum
2613 2655 2689 2702 est
2717 2647 3013 2702 Jerusalem
3035 2685 3051 2715 ,
3081 2646 3244 2702 libera
3271 2657 3368 2715 est,
3399 2664 3515 2720 quae
3541 2659 3614 2704 est

2010 2752 2172 2797 mater
2193 2743 2427 2797 omnium.
2460 2750 2699 2797 nostrum
2733 2739 2929 2813 (Galat.
2964 2755 3038 2807 tv,
3072 2741 3190 2812 26).
3219 2741 3392 2813 Cujus
3411 2755 3612 2801 conso-

2008 2834 2228 2890 lationis
2262 2835 2404 2891 lacte
2433 2843 2708 2890 saturatos
2732 2875 2748 2903 ,
2781 2833 3168 2890 consolabatur
3209 2845 3444 2891 caeteros
3467 2877 3483 2904 ,
3515 2838 3608 2908 qui

2009 2930 2130 3002 ejus
2175 2929 2524 2986 sermonibus
2565 2927 2928 2999 indigebant,
2982 2927 3175 2984 dicens
3220 2945 3234 2982 ε
3296 2921 3611 2984 Benedictus

2011 3021 2170 3096 Deus,
2215 3035 2238 3063 ε
2267 3026 2427 3081 Pater
2452 3024 2948 3091 misericordiarum,
2982 3033 3031 3079 et
3059 3019 3200 3078 Deus
3229 3025 3400 3078 omnis
3425 3031 3610 3078 coruo-

2009 3121 2220 3176 lationis‘
2242 3163 2256 3188 ,
2287 3121 2375 3191 qui
2407 3121 2712 3174 consolatur
2749 3135 2844 3172 nos
2874 3119 2928 3172 in
2964 3120 3105 3173 amni
3133 3116 3471 3174 tribulatione
3494 3164 3508 3186 ,
3553 3130 3614 3174 αι

303 3228 488 3273 autem
525 3225 581 3273 et
621 3217 774 3274 sinus
818 3218 946 3290 quid
991 3219 1330 3291 signiﬁcent,
1374 3228 1426 3274 et
1458 3234 1620 3289 supra
1662 3219 1903 3275 breviter
1930 3201 1976 3272 C
2008 3223 2056 3269 et
2083 3232 2178 3270 nos
2201 3217 2459 3286 possimus
2490 3213 2752 3267 consolari
2777 3227 2883 3279 eos,
2915 3213 3009 3284 qui
3041 3213 3091 3266 in
3124 3212 3266 3266 omni
3294 3219 3416 3266 sunt
3447 3213 3612 3267 tribuo

303 3310 574 3380 exposui,
612 3317 667 3366 et
700 3327 844 3366 nunc
877 3311 1150 3367 Abraham
1198 3311 1512 3383 exemplum
1557 3310 1760 3368 docere
1801 3319 1901 3368 nos

303 3402 532 3471 poterit,
566 3404 618 3456 in
652 3402 808 3473 cujus
836 3405 955 3458 sinu
989 3403 1228 3460 Lazarus
1259 3404 1593 3472 requiescit,
1624 3413 1678 3459 et
1708 3417 1900 3461 omnes

309 3492 378 3549 de
408 3493 635 3550 Oriente
682 3506 735 3550 et
768 3494 1067 3552 Occidente
1097 3498 1381 3553 venientes
1404 3539 1418 3563 ,
1452 3497 1543 3567 qui
1573 3497 1902 3554 accumbent

305 3601 430 3642 cum
463 3586 765 3655 Abraham,
801 3589 951 3646 ISaac
981 3601 1036 3644 et
1063 3587 1253 3645 Jacob.

379 3676 563 3750 (Vers.
598 3679 665 3734 15
685 3724 698 3748 ,
737 3677 854 3751 M.)
891 3681 1161 3749 Quomodo
1188 3682 1231 3736 si
1259 3683 1344 3736 cui
1373 3689 1536 3736 mater
1559 3681 1857 3736 blandiatur
1880 3725 1893 3750 ,

307 3774 380 3828 ita
407 3789 500 3846 ego
528 3771 836 3829 consolabor
865 3791 973 3844 vos,
1001 3785 1046 3829 et
1078 3777 1130 3830 in
1159 3773 1450 3830 Jerusalem
1480 3775 1894 3833 consolabimim'.

311 3864 591 3929 Videbilis,
616 3877 659 3920 et
684 3867 927 3939 gaudebit
957 3885 1044 3922 cor
1072 3877 1318 3936 vestrum,
1353 3879 1398 3922 et
1426 3885 1544 3924 ossa
1567 3879 1733 3924 vestra
1763 3870 1898 3925 sicut

302 3955 461 4013 herba
487 3961 869 4031 germinabunt.
900 3959 964 4016 Et
987 3971 1322 4033 cognoscctur
1349 3975 1534 4015 manus
1555 3957 1770 4016 Domini
1791 3977 1898 4015 ser—

306 4053 380 4107 vis
407 4053 553 4124 ejus,
596 4063 645 4107 et
674 4055 1032 4128 indignabitur
1057 4055 1286 4109 inimicis
1313 4055 1442 4110 suis.
1475 4051 1619 4110 LXX
1657 4069 1754 4125 pro
1781 4069 1896 4108 ser-

303 4150 378 4203 vis
403 4190 417 4216 ,
454 4158 758 4219 posuerunt
787 4151 1023 4204 timentes
1053 4167 1073 4218 ;
1113 4159 1211 4220 pro
1244 4149 1467 4203 inimicis
1491 4191 1506 4217 ,
1543 4147 1843 4204 incredulos
1878 4165 1896 4205 :

301 4254 492 4298 cmtera
523 4243 800 4300 similiter.
834 4243 1262 4299 llisericordlam
1292 4244 1568 4300 Creatoris
1601 4244 1651 4298 in
1685 4254 1896 4298 creatu-

299 4349 388 4392 ras
433 4351 584 4404 suas,
619 4338 871 4407 exemplo
911 4345 1144 4394 matrum
1188 4337 1484 4403 discimus,
1525 4351 1649 4408 qua:
1692 4336 1895 4392 liberos

297 4441 481 4485 amore
510 4430 564 4485 in
597 4432 721 4486 sinu
749 4432 1074 4497 nutrientcs,
1110 4445 1331 4488 omnem
1365 4441 1628 4502 superant
1655 4431 1895 4487 charito-

301 4531 430 4578 tem.
463 4521 712 4594 Denique
743 4523 930 4579 volens
967 4525 1111 4580 Deus
1153 4523 1467 4592 ostendere,
1505 4526 1782 4596 quomodo
1812 4525 1896 4579 di-

2005 3310 2218 3376 latione,
2248 3324 2340 3379 per
2369 3307 2798 3373 consolationem,
2825 3321 2928 3376 qua
2954 3306 3054 3375 ipsi
3078 3306 3408 3360 consolamur
3436 3324 3469 3360 ιι
3491 3306 3602 3362 Deo

2003 3403 2045 3478 (i
2078 3402 2200 3459 Cor.
2238 3419 2278 3472 ι,
2312 3405 2385 3473 5).
2420 3401 2522 3472 Qui
2556 3407 2846 3473 postquam
2890 3402 3098 3456 fuerint
3128 3399 3418 3469 consolati,
3455 3401 3607 3459 dice-

2003 3505 2091 3554 tur
2119 3498 2186 3552 ad
2215 3511 2311 3554 eos
2345 3514 2360 3550 :
2390 3495 2460 3551 Et
2484 3497 2720 3551 videbitis
2750 3538 2764 3561 ,
2797 3505 2845 3550 et
2869 3494 3114 3570 gaudebit
3143 3505 3233 3550 cor
3261 3500 3487 3550 oestrum
3511 3540 3526 3563 ,
3557 3503 3606 3552 et

2002 3607 2119 3650 ossa
2146 3601 2311 3648 vestra
2341 3593 2491 3664 quasi
2531 3591 2686 3646 herba
2716 3589 3078 3661 germinabunt
3106 3632 3120 3656 ,
3162 3589 3284 3645 sive
3331 3591 3563 3646 orientur
3588 3635 3603 3660 ,

2001 3697 2092 3740 aut
2119 3685 2271 3756 juxta
2303 3684 2688 3757 Symmachum
2717 3727 2729 3750 ,
2783 3683 3044 3754 ﬂorebunt
3077 3685 3096 3756 (
3126 3680 3289 3738 Joan.
3320 3697 3430 3750 xu,
3458 3683 3529 3738 22
3557 3683 3601 3756 ).

2001 3779 2279 3837 Videbunt
2327 3785 2528 3846 autem,
2587 3777 2732 3832 haud
2778 3777 3000 3833 dubium
3051 3777 3180 3847 quin
3227 3775 3422 3846 Deum,
3475 3789 3599 3848 quae

2002 3886 2127 3927 vera
2169 3869 2359 3925 laetitia
2399 3879 2502 3925 est.
2549 3869 2623 3926 De
2672 3869 2872 3939 quibus
2901 3869 3181 3938 Dominus
3228 3867 3599 3941 loquebatur:

2000 3963 2150 4018 Beati
2195 3963 2390 4018 mundo
2441 3962 2597 4017 corde
2640 3979 2659 4028 ;
2709 3963 2956 4033 quoniam
3006 3963 3106 4034 ipsi
3155 3961 3319 4017 Deum
3357 3963 3602 4019 uidebunt

2003 4051 2220 4131 (Matth.
2255 4072 2306 4124 ν,
2343 4051 2422 4127 8).
2475 4053 2641 4124 Cujus
2672 4055 2814 4109 visio
2850 4053 3155 4124 perlectum
3199 4065 3282 4108 est
3309 4054 3597 4126 gaudium,

1999 4149 2146 4222 quod
2189 4149 2246 4204 in
2276 4147 2450 4219 plena:
2480 4147 2604 4203 fidei
2639 4147 2806 4204 corde
2834 4159 3122 4203 versatur:
3156 4157 3211 4204 et
3235 4141 3448 4204 ossium
3482 4151 3595 4222 gei-

2001 4243 2229 4300 minatio
2259 4240 2618 4313 subsequitur
2641 4283 2654 4306 ,
2699 4241 2767 4296 de
2799 4241 2997 4312 quibus
3029 4243 3159 4296 ante
3191 4241 3304 4312 jam
3335 4241 3596 4300 diximus.

1999 4339 2238 4408 Quorum
2265 4340 2309 4392 si
2335 4331 2508 4393 lector
2534 4333 2738 4391 oblitus
2759 4344 2862 4404 est,
2890 4341 3139 4391 recurrat
3167 4335 3233 4390 ad
3257 4335 3594 4407 explanatio;

1998 4439 2123 4490 nem
2155 4431 2464 4504 pristinam.
2495 4430 2687 4486 Melius
2731 4438 2816 4486 est
2845 4429 2990 4485 enim
3025 4427 3177 4484 illum
3222 4429 3426 4502 scripta
3455 4430 3598 4485 rele-

1996 4540 2148 4599 gere,
2198 4539 2356 4596 quam
2409 4537 2507 4578 nos
2555 4521 2705 4578 dicta
2747 4521 3040 4592 replicare.
3078 4521 3147 4576 Et
3189 4531 3331 4590 nota,
3385 4519 3586 4594 inquit,

296 4614 428 4686 ligat
455 4629 595 4687 quos
625 4617 834 4671 creavit
867 4632 880 4670 :
915 4616 1187 4686 Numquid
1229 4615 1581 4686 obliviscetur,
1629 4621 1705 4674 ait
1728 4663 1741 4688 ,
1774 4633 1893 4673 mu-
1925 4605 1974 4668 D
2000 4621 2096 4676 erit
2128 4633 2312 4673 manus
2340 4616 2551 4670 Domini
2577 4616 2736 4670 servis
2765 4618 2901 4688 ejus,
2934 4614 3020 4669 vel
3052 4613 3348 4670 timentibus
3375 4629 3511 4682 eum,
3547 4609 3597 4668 et

296 4703 423 4777 lier,
456 4717 512 4764 ut
547 4720 568 4748 ε
607 4710 912 4765 misereatur
950 4711 1143 4766 sobolis
1185 4713 1318 4766 uteri
1345 4714 1430 4766 sui
1461 4715 1486 4767 Ρ
1526 4713 1619 4767 sed
1648 4723 1695 4768 et
1725 4713 1768 4769 si
1798 4711 1893 4767 illa

2001 4711 2392 4770 comminobitur
2434 4711 2679 4777 iui-micis,
2729 4710 2846 4764 sive
2892 4709 3174 4764 incredulis
3222 4711 3352 4766 suis.
3402 4705 3594 4765 Manus

297 4909 499 4981 portari
537 4907 606 4962 ab
636 4905 824 4981 ubere.
867 4897 966 4964 Cui
1010 4907 1386 4977 significatitmi
1419 4924 1520 4966 vox
1546 4889 1620 4969 ὃν
1661 4912 1884 4966 minime
1986 4905 2329 4981 quit,_Jacob
2356 4920 2512 4981 suum
2556 4905 2693 4981 illud
2720 4906 2952 4972 dictum,
2997 4911 3266 4980 supposuit
3291 4909 3593 4980 humerum,

297 4978 681 5037 contrariatur.
733 4978 864 5034 Nam
899 4981 990 5034 illa
1027 4993 1243 5050 quoque
1283 4983 1351 5034 ad
1381 4983 1652 5035 interdum
1682 4981 1886 5051 siguii‘iJ

297 5057 794 5124 cat,utusat.'xvu,
825 5051 1217 5124 Clamaveruut,
1249 5069 1343 5106 nec
1367 5062 1477 5106 erat
1505 5055 1778 5124 quisaluos
1806 5057 1886 5122 [a-

297 5105 436 5179 ierit
472 5105 594 5180 i'l'ii‘i'
809 5105 1105 5193 Demittum,
1124 5105 1483 5180 negetcaudivit
1502 5105 1604 5180 in}.
1624 5105 1886 5180 ubere

295 5207 474 5250 autem
528 5195 752 5249 minime
795 5193 944 5250 illum
987 5197 1327 5266 tranStulisse
1363 5211 1506 5259 reor,
1552 5195 1652 5250 nisi
1688 5213 1888 5266 praece-

295 5266 441 5322 denti
471 5267 638 5338 re'rbo
664 5265 788 5320 uber
812 5267 1114 5337 junxisset,
1157 5265 1349 5324 dicens
1384 5285 1396 5322 :
1427 5281 1578 5336 quam
1607 5265 1798 5338 augetis
1823 5268 1887 5324 ab

296 5339 467 5393 ubere.
505 5337 870 5408 Portabimim',
905 5349 1014 5393 etc.

365 5420 390 5446 ει
410 5411 558 5465 idem
584 5411 681 5473 ait,
710 5411 980 5475 int-ruitur,
1005 5411 1227 5466 Medicci
1250 5410 1370 5466 cod.
1404 5410 1567 5465 lectio
1594 5411 1786 5467 melior
1805 5420 1892 5468 est

294 5497 454 5554 quam
495 5483 790 5554 pervenitur
823 5498 840 5535 :
888 5485 1110 5552 exponit
1156 5484 1298 5539 enim
1351 5484 1577 5554 mystice
1611 5481 1713 5554 (illa
1745 5482 1888 5538 LXX

296 5549 458 5609 verba
485 5549 504 5623 ,“
533 5549 603 5606 Ut
627 5560 899 5624 postquam
925 5549 1186 5625 auxeritis,
1221 5549 1542 5610 delecte'ntini
1572 5553 1634 5607 ab
1672 5555 1890 5610 introitu

297 5626 478 5697 gloriae
505 5626 640 5695 ejus.

364 5695 391 5734 ι)
432 5697 522 5769 Sic
561 5710 690 5750 mss.
734 5695 974 5752 retinent
999 5707 1055 5754 et
1085 5699 1288 5769 vulgati
1317 5698 1462 5752 libri.
1505 5696 1782 5752 Victorius
1811 5707 1891 5752 ta-

297 5782 420 5821 men
455 5768 822 5842 interpretatur
851 5771 1038 5824 maluit
1069 5768 1552 5842 proiimprecatur,
1596 5784 1755 5842 quam
1789 5771 1888 5842 im-

298 5839 576 5912 proprium
625 5838 910 5894 lectionem
957 5838 1131 5897 vocat.
1184 5838 1576 5915 interpretatur
1601 5841 1770 5906 enim,
1801 5839 1884 5898 in-

1988 4978 2053 5035 ad
2085 4979 2300 5051 labores
2321 4979 2560 5051 scilicet,
2594 4987 2650 5051 ut
2681 4978 2790 5051 late
2823 4978 3175 5051 prosequitur
3205 4978 3583 5051 Hieronymus.

2063 5063 2085 5090 ο
2114 5049 2354 5120 Negandi
2380 5050 2698 5119 particulam
2730 5049 2932 5106 Victor.
2956 5049 3259 5119 interserit,
3282 5061 3339 5106 ut
3363 5049 3464 5105 non
3497 5055 3596 5106 mi-

1989 5131 2220 5177 sereatur
2245 5138 2264 5176 :
2299 5121 2435 5176 nihil
2469 5123 2693 5177 diverso
2724 5137 2910 5178 sensu.

2059 5193 2085 5231 ἀ
2118 5187 2264 5249 Idem
2288 5179 2639 5248 Ambrosiun.
2669 5191 2840 5248 uideat
2872 5211 2967 5262 pro
2997 5193 3168 5259 violet,
3196 5204 3250 5248 et
3277 5191 3586 5264 Auct/citem,

1991 5281 2092 5338 pro
2117 5263 2452 5329 Amcthislen,
2497 5265 2644 5336 quod
2667 5264 2884 5336 quidem
2913 5267 3148 5338 positum
3183 5263 3442 5320 mendose
3469 5263 3590 5321 sus;-

2029 5353 2164 5394 ICOI‘.

2071 5354 2112 5391 .0
2151 5375 2164 5391 .

1991 5354 2090 5476 PK;
2119 5354 2390 5466 accursus
2409 5409 2652 5478 ejusdem
2683 5409 2921 5464 nominis
2942 5407 3100 5463 Pater
3123 5407 3398 5463 librarium
3427 5406 3590 5467 facile

1991 5481 2290 5552 deceperit,
2319 5477 2378 5536 ui
2403 5477 2562 5537 oculo
2589 5491 2937 5552 properante,
2969 5479 3083 5552 haec.
3115 5480 3433 5552 intertnetlia
3465 5480 3586 5549 ejus

1993 5547 2296 5610 testimonii
2320 5556 2483 5607 verba
2514 5547 2928 5622 pristertuiserit
2951 5592 2966 5616 ,
3004 5548 3157 5603 Pater
3182 5547 3402 5622 Domini
3427 5547 3594 5606 nostri

1993 5626 2121 5681 Jesu
2147 5623 2362 5690 Christi,
2387 5621 2520 5694 quas
2538 5623 2808 5677 Victorius
2825 5622 3043 5690 quidem
3072 5636 3137 5694 ex
3162 5621 3408 5687 ApOSlOIi
3432 5627 3583 5677 testu

1996 5697 2086 5753 hic
2111 5697 2330 5766 supplet
2368 5693 2466 5760 ;in
2495 5694 2644 5748 nullo
2673 5702 2854 5766 tamen
2883 5708 2913 5747 e
2941 5693 3147 5747 noetris
3177 5706 3309 5746 mss.
3337 5694 3588 5766 reperire

1997 5781 2098 5825 cst.
2138 5762 2328 5823 Statim
2360 5780 2582 5836 quoque
2616 5762 2816 5836 sui‘iicit
2847 5778 3050 5836 vocem
3083 5773 3261 5818 nostra
3291 5778 3355 5816 ex
3391 5765 3586 5822 eodem

1998 5849 2168 5902 textu,
2201 5839 2289 5894 ubi
2318 5833 2534 5905 dicitur,
2568 5835 2621 5889 in
2648 5834 2788 5890 omni
2819 5833 3152 5891 tribulatione
3177 5841 3372 5889 nostra.
