4084 6324
511 267 621 326 663

1764 259 1823 317 S.
1868 256 2145 317 EUSEBII
2173 254 2559 313 HIERONYMI

3706 246 3809 306 664

512 392 692 443 autem
722 381 805 438 vel
837 394 937 452 pro
967 379 1208 452 potentia
1243 375 1514 447 accipitur
1532 414 1549 443 ,
1583 373 1728 442 quod
1760 370 1936 444 possit
1957 369 2110 427 Deus
2137 372 2185 432 Α
2214 368 2543 442 1ῑιιε(ΗαιιΙι.
2578 372 2718 447 xm).
2748 374 2828 432 De
2850 389 2959 446 quo
2978 384 3036 433 et
3065 376 3117 432 in
3141 367 3599 447 Epistolaiacobi
3624 365 3811 427 scribi.

515 474 702 531 omnia
736 474 918 530 facere
945 513 963 540 ,
1015 487 1135 542 quae
1162 469 1436 542 promittit
1464 509 1480 536 ,
1507 466 1662 540 juxta
1700 465 1834 523 illud
1865 462 2013 535 quod
2043 477 2112 520 ex

515 581 747 639 persona
782 566 880 623 Dei
904 564 1122 638 Moyses
1147 563 1391 636 loquitur
1421 560 1489 617 ad
1518 559 1871 617 Pharaonem
1897 575 1914 613 ι
1953 556 2112 612 Nunc

514 661 718 715 mittam
746 674 977 723 manum,
1009 667 1057 712 et
1084 656 1370 728 percutiam
1395 663 1460 719 te,
1495 662 1542 707 et
1573 652 1831 723 populum
1859 660 2008 707 tuum
2029 649 2112 705 in-

512 753 767 824 terﬁciant
794 794 810 819 ,
841 761 890 808 et
919 751 1165 808 deleberis
1185 751 1249 806 de
1269 761 1409 804 terra
1430 747 1632 821 (Exod.
1661 763 1741 814 ιιι,
1763 745 1883 820 20).
1909 746 1977 802 Ει
1993 760 2114 802 rur-

511 862 634 904 sum
664 847 785 918 ipse
831 844 900 901 ad
933 845 1188 902 eumdem
1221 852 1511 916 tyrannum
1544 859 1558 896 :
1606 841 1739 899 Ecce
1778 857 1969 895 manus
2001 838 2113 894 Do-

512 938 644 992 mini
674 938 769 994 erit
796 952 952 1008 super
967 939 1212 1010 jumenta
1232 943 1326 991 tua
1346 933 1546 1007 (Exod.
1576 949 1653 1000 ιι,
1683 932 1741 1006 4)
1767 950 1782 999 ς
1813 933 1882 990 de
1907 946 2015 1003 qua
2039 930 2109 988 ad

513 1030 686 1086 Deum
720 1029 1013 1086 Psalmista
1044 1030 1264 1086 dicebat
1298 1047 1311 1083 :
1347 1027 1539 1084 Manus
1570 1037 1657 1083 tua
1681 1036 1853 1102 gentes
1894 1025 2109 1095 interfe-

514 1124 602 1188 cit,
628 1132 678 1180 et
702 1123 957 1195 plantasti
978 1138 1066 1178 eos
1087 1120 1265 1192 (Psat.
1292 1122 1466 1192 xuu).
1488 1123 1597 1177 Aut
1616 1129 1766 1177 certe
1788 1133 1982 1175 manus
2002 1116 2109 1173 Do-

509 1216 644 1272 mini
672 1216 928 1271 Christus
959 1213 1351 1286 intelligendus
1379 1225 1486 1281 est,
1521 1213 1591 1269 de
1611 1228 1719 1282 quo
1743 1218 1800 1267 et
1824 1223 1996 1280 supra
2030 1209 2108 1266 le-

509 1310 691 1383 gimus
706 1327 719 1362 :
736 1308 934 1363 Manus
946 1323 1060 1363 mea
1077 1308 1199 1379 fecit
1222 1307 1332 1363 lucc
1350 1306 1543 1361 omnia.
1559 1304 1731 1374 Quam
1752 1313 1934 1360 notam
1948 1300 2113 1359 laciet

515 1401 778 1458 Dominus
798 1400 1186 1474 servis.suis_et
1208 1399 1528 1458 timentibus
1538 1413 1617 1466 se,
1631 1399 1796 1471 812
1817 1394 2110 1453 etcommi-

512 1494 740 1550 uabitur
764 1494 1069 1551 incredulis
1100 1502 1158 1550 et
1185 1491 1424 1549 inimicis
1451 1492 1566 1549 suis
1587 1533 1602 1558 ,
1637 1503 1696 1546 ut
1726 1489 1848 1547 aliis
1878 1488 2110 1561 promit-

512 1598 592 1645 tat
619 1589 867 1661 praemia,
901 1588 1028 1644 aliis
1052 1586 1318 1661 supplicia
1346 1587 1732 1644 comminetur.
1759 1583 1820 1641 In
1841 1599 1954 1656 quo
1972 1599 2107 1641 con-

509 1681 803 1739 sideranda
832 1682 1130 1739 verborum
1174 1680 1511 1753 proprietas,
1545 1678 1691 1753 quod
1726 1693 1835 1735 non
1862 1677 2102 1734 dixerit:

510 1774 717 1832 lul'eret
763 1774 1002 1831 inimicis
1056 1773 1211 1841 suis;
1261 1773 1359 1830 sed
1415 1770 1844 1836 comminabitur,
1899 1779 1959 1826 ut
2008 1784 2106 1840 per
2134 1791 2183 1853 Β

509 1867 992 1926 comminationem
1022 1867 1294 1936 deterriti,
1341 1875 1400 1924 et
1434 1865 1539 1939 ipsi
1580 1864 1650 1921 ad
1683 1864 1901 1921 Domini
1934 1873 2110 1921 trans-

508 1970 639 2018 eant
660 1961 1006 2019 servitutem.

582 2054 766 2129 (Vers.
798 2056 890 2124 15,
920 2053 1038 2127 16.)
1073 2054 1212 2123 Quia
1237 2069 1351 2110 ecce
1376 2052 1634 2109 Dominus
1662 2051 1716 2106 in
1746 2052 1865 2126 igne
1892 2051 2057 2105 veniet
2089 2066 2108 2105 :

509 2157 558 2202 et
578 2147 727 2219 quasi
763 2146 915 2203 turbo
943 2146 1215 2219 quadrigae
1240 2150 1387 2221 ejus,
1418 2144 1637 2199 reddere
1664 2144 1720 2199 in
1750 2143 2109 2216 indignatione

509 2240 743 2311 furorem
760 2256 937 2307 suum,
958 2249 1007 2295 et
1032 2240 1437 2312 increpationem
1463 2255 1614 2295 suam
1641 2239 1697 2293 in
1715 2238 1929 2310 ﬂamma
1947 2238 2105 2311 ignis.

508 2333 648 2400 Quia
666 2335 724 2388 in
754 2335 872 2406 igne
904 2333 1157 2390 Dominus
1186 2333 1512 2408 dijudicatur
1537 2331 1723 2406 [ναις.
1748 2330 2107 2405 dijudicabit],

504 2435 554 2481 et
583 2427 638 2481 in
662 2426 844 2499 gladio
872 2443 969 2483 suo
997 2427 1067 2482 ad
1098 2442 1300 2482 omnem
1329 2442 1540 2481 carnem
1568 2443 1587 2481 :
1608 2434 1655 2480 et
1679 2423 2104 2495 multiplicabun-

504 2530 591 2575 tur
618 2521 878 2591 interfecti
913 2538 947 2576 a
978 2520 1224 2577 Domino.
1254 2519 1400 2577 LXX
1439 2537 1454 2574 :
1502 2518 1639 2576 Ecce
1669 2519 1923 2574 Dominus
1956 2519 2110 2590 quasi

502 2615 638 2687 ignis
669 2617 856 2684 veniet,
886 2624 937 2672 et
956 2616 1106 2687 quasi
1135 2624 1411 2688 tempestas
1441 2628 1630 2669 currus
1647 2616 1785 2686 ejus,
1815 2612 2034 2669 reddere
2055 2611 2111 2666 in

503 2707 684 2775 lurore
713 2705 965 2763 ultionem
1006 2724 1155 2763 suam
1185 2723 1205 2762 :
1238 2717 1287 2762 et
1328 2708 1743 2780 increpationem
1792 2706 1849 2760 in
1892 2706 2110 2776 ﬂamma

508 2799 665 2871 ignis.
697 2798 767 2855 In
797 2801 915 2872 igne
946 2800 1087 2855 enim
1118 2798 1331 2857 Domini
1360 2798 1689 2874 judicabitur
1709 2799 1880 2853 omnis
1907 2805 2049 2852 terra
2089 2812 2110 2853 :

509 2902 560 2947 et
595 2893 653 2948 in
681 2892 862 2965 gladio
889 2892 1040 2948 illius
1069 2893 1223 2947 cadet
1251 2892 1497 2947 universa
1539 2907 1662 2946 caro
1694 2908 1714 2946 :
1743 2889 1899 2945 multi
1931 2889 2112 2944 vulne-

510 2987 614 3042 rati
639 2995 790 3042 erunt
818 3002 853 3042 a
882 2985 1130 3042 Domino.
1175 2986 1366 3044 Manus
1398 2986 1612 3042 Domini
1638 3026 1655 3053 ,
1704 3000 1826 3056 quae
1859 3000 1983 3040 uora
2015 2983 2112 3040 (iet

513 3080 690 3136 servis
714 3081 857 3151 ejus,
887 3087 945 3136 et
966 3078 1284 3136 timentibus
1315 3094 1465 3149 eum,
1495 3080 1612 3148 ipsa
1637 3078 2005 3134 comminatur
2026 3076 2112 3131 in-

2212 474 2299 522 tur
2324 484 2340 522 :
2372 464 2577 523 Parvus
2607 468 2747 543 ignis
2773 485 2933 541 quam
2961 468 3218 544 grandem
3242 464 3510 525 succendit
3540 463 3811 519 materiam

2213 555 2473 631 (Jac.'m,
2506 557 2603 631 5)!
2636 559 2708 616 Et
2738 561 2790 616 in
2822 560 3134 619 Proverbiis
3165 558 3273 616 :In
3292 559 3472 614 multis
3501 556 3664 627 lignis
3681 554 3813 626 viget

2210 648 2350 722 ἕρπει
2375 649 2559 723 (Prov.
2590 667 2741 719 xxvr,
2774 652 2895 727 20).
2926 654 3271 726 Quamquam
3305 653 3358 708 in
3393 666 3461 708 eo
3490 650 3640 721 quod
3679 648 3811 704 Pro-

2212 743 2463 799 verbium
2514 754 2622 814 est,
2675 744 2822 803 aliud
2862 748 3034 818 possit
3077 747 3314 817 intelligi
3364 744 3564 819 (Eccli.
3599 742 3808 813 xxvru).

2212 833 2367 892 Hunc
2397 844 2527 907 puto
2553 837 2732 909 ignem
2754 838 2964 897 sedisse
2984 855 3156 913 super
3179 840 3395 911 linguas
3419 833 3809 909 Apostolorum

2211 932 2570 1003 omniumque
2615 932 2984 1002 credentium,
3019 933 3242 1007 quando
3284 932 3485 1004 linguis
3532 928 3702 986 variis
3731 929 3811 986 lo-

2212 1023 2524 1094 quebantur
2547 1069 2562 1095 ,
2595 1035 2652 1082 et
2677 1041 2874 1084 omnes
2911 1029 3124 1085 erroris
3166 1027 3390 1100 lugebat
3430 1025 3687 1083 tenebras
3711 1064 3728 1089 ,
3756 1032 3811 1081 et

2212 1115 2552 1172 illuminabat
2571 1118 2736 1175 corda
2765 1134 2979 1187 eorum,
3003 1119 3101 1192 qui
3123 1118 3470 1192 recipiebant
3496 1128 3808 1173 sermonem

2214 1209 2428 1267 Domini
2457 1212 2602 1284 (Act.
2633 1212 2718 1288 ιι).
2747 1214 2905 1282 Quod
2941 1223 3128 1272 autem
3159 1215 3412 1285 sequitur
3439 1231 3453 1268 :
3489 1211 3660 1279 Quasi
3687 1220 3811 1265 tem-

2210 1311 2381 1373 pestas
2402 1319 2608 1373 currus,
2639 1305 2758 1362 sive
2784 1307 3055 1380 quadrigae
3069 1308 3206 1379 ejus,
3229 1305 3579 1362 Psalmorum
3606 1301 3811 1359 edisse-

2211 1410 2400 1453 remus
2420 1397 2708 1468 exemplis,
2741 1398 2798 1455 in
2826 1399 3023 1471 quibus
3050 1399 3318 1471 scriptum
3348 1407 3436 1456 est
3467 1417 3481 1452 τ
3518 1396 3666 1453 Deus
3704 1413 3811 1453 ma-

2210 1490 2395 1561 nifeste
2429 1490 2619 1561 veniet,
2660 1490 2803 1547 Deus
2833 1503 3026 1564 noster,
3065 1504 3114 1549 et
3145 1510 3249 1549 non
3276 1492 3483 1549 tacebit.
3514 1489 3672 1563 Ignis
3697 1499 3810 1548 ante

2209 1599 2327 1638 eum
2346 1583 2546 1639 ardebit
2568 1600 2589 1640 :
2604 1592 2653 1640 et
2676 1585 2730 1640 in
2751 1585 2972 1641 circuitu
2994 1602 3108 1662 ejus
3128 1593 3407 1657 tempestas
3428 1583 3608 1639 valida
3632 1580 3805 1655 (Psal.

2209 1690 2362 1743 χιιι,
2394 1678 2448 1743 5,
2477 1674 2558 1749 4).
2581 1676 2650 1734 Et
2669 1677 2800 1734 alibi
2825 1696 2839 1733 :
2871 1677 3064 1734 Curras
3084 1676 3187 1734 Dei
3213 1678 3388 1739 decem
3412 1674 3652 1732 millibus
3674 1675 3806 1732 mul-

2209 1766 2371 1839 tiplex
2401 1769 2567 1824 millia
2596 1770 2887 1826 (vetantium
2916 1767 3093 1842 (Psal.
3133 1786 3306 1835 vau,
3351 1769 3467 1842 18).
3515 1769 3612 1823 llis
3641 1767 3809 1824 curri-

2212 1858 2312 1917 bus
2340 1873 2395 1917 et
2423 1863 2581 1933 equis
2612 1863 2845 1920 Eliszeus
2886 1873 3007 1919 erat
3051 1863 3466 1929 circumdatus,
3499 1875 3643 1933 quos
3683 1874 3812 1931 puer

2210 1951 2329 2025 ejus
2373 1955 2562 2011 videre
2603 1972 2711 2012 non
2746 1964 2984 2026 poterat.
3020 1955 3181 2014 Unde
3205 1958 3287 2013 ait
3318 1975 3333 2011 :
3364 1955 3592 2011 Domine
3619 1994 3636 2022 ,
3667 1954 3808 2029 aperi

2209 2049 2391 2103 oculos
2418 2051 2566 2119 pueri
2590 2049 2748 2123 hujus
2772 2059 2827 2104 ut
2857 2049 3052 2105 videat.
3086 2049 3155 2104 Et
3186 2049 3406 2120 apertis,
3440 2045 3664 2120 inquit,
3689 2064 3808 2101 ocu-

2209 2140 2296 2207 lis,
2326 2143 2452 2197 vidit
2478 2159 2686 2211 currus,
2714 2152 2764 2200 et
2791 2144 3079 2217 quadrigas
3102 2185 3119 2212 ,
3152 2153 3203 2199 et
3229 2160 3384 2216 equos
3415 2158 3507 2211 per
3536 2141 3807 2196 circuitum

2212 2235 2304 2309 (ιγ
2335 2235 2471 2312 Reg.
2496 2253 2569 2307 vr,
2607 2238 2718 2313 1⁷).
2753 2239 2867 2295 Hoc
2886 2254 3053 2296 curru
3079 2239 3242 2310 igneo
3263 2248 3321 2295 et
3345 2236 3504 2294 Eiias
3533 2247 3723 2307 raptus
3742 2235 3806 2291 ad

2209 2331 2413 2389 cmlum
2459 2341 2563 2400 est,
2622 2333 2845 2405 quando
2891 2333 3163 2389 clamabat
3210 2333 3441 2389 Eliszeus
3472 2351 3486 2389 :
3522 2328 3689 2386 Pater
3712 2327 3801 2400 mi,

2214 2423 2374 2481 Pater
2396 2442 2487 2495 mi,
2511 2442 2694 2481 currus
2714 2425 2891 2483 Israel
2909 2435 2960 2483 et
2981 2426 3168 2501 auriga
3189 2429 3306 2500 ejus
3331 2425 3425 2500 (IV
3446 2425 3581 2499 Reg.
3608 2439 3669 2493 ιι,
3693 2422 3805 2494 12).

2215 2517 2341 2574 llaec
2370 2528 2553 2575 autem
2586 2518 2843 2575 universa
2872 2529 3174 2575 narrantur
3196 2562 3213 2587 ,
3246 2532 3357 2574 non
3401 2531 3513 2590 quo
3546 2516 3694 2573 Deus
3721 2523 3811 2571 aut

2211 2626 2405 2669 currus
2432 2611 2629 2669 babeat
2647 2653 2663 2680 ,
2712 2621 2809 2670 aut
2836 2612 3152 2685 quadrigas,
3182 2620 3278 2669 aut
3305 2627 3575 2685 equorum
3608 2611 3808 2669 veloci-

2211 2714 2321 2760 tate
2353 2714 2601 2777 portetur
2628 2721 2645 2772 ;
2677 2704 2748 2762 de
2775 2721 2885 2777 quo
2906 2705 3036 2761 alibi
3056 2707 3320 2776 scriptum
3347 2713 3471 2763 est:
3499 2704 3605 2772 Qui
3626 2704 3806 2759 ambu-

2210 2795 2285 2852 lat
2313 2813 2471 2868 super
2499 2812 2696 2870 pennas
2727 2807 2993 2854 ventorum
3032 2797 3208 2870 (Psal.
3253 2814 3371 2868 cm,
3403 2797 3460 2872 3)
3488 2815 3505 2866 ;
3544 2797 3645 2855 sed
3675 2814 3808 2870 quo-

2211 2889 2376 2946 modo
2407 2892 2459 2946 in
2488 2891 2632 2947 solio
2658 2890 2857 2949 sedere
2883 2892 3106 2961 dicitur,
3137 2891 3360 2964 quando
3386 2894 3622 2948 assumit
3653 2890 3803 2947 babi-

2214 2992 2329 3039 tum
2353 2982 2659 3055 judicantis
2701 3002 2717 3050 ;
2746 2986 2830 3041 sic
2854 2983 3075 3055 quando
3102 2983 3173 3040 ad
3212 2983 3511 3041 vindictam
3544 2985 3722 3048 venit.
3753 2992 3809 3040 ut

2211 3074 2451 3133 debellet
2469 3076 2816 3134 adversarios
2838 3091 2992 3144 suos,
3019 3077 3073 3132 in
3097 3075 3283 3133 habitu
3310 3076 3539 3132 victoris
3553 3076 3807 3132 ettrium-

510 3173 777 3242 credulis,
802 3175 921 3231 sive
951 3173 1189 3230 inimicis
1215 3174 1357 3244 ejus,
1390 3183 1450 3229 ut
1470 3175 1515 3230 si
1545 3188 1651 3229 non
1683 3173 1899 3246 egerint
1929 3172 2106 3242 pmui-
2132 3173 2180 3236 C
2214 3170 2432 3243 pbantis
2460 3171 2800 3229 ostenditur.
2850 3173 2926 3229 De
2956 3172 3141 3228 lurore
3170 3171 3388 3228 Domini
3427 3172 3631 3228 crebro
3672 3172 3807 3227 dixi-

514 3267 768 3333 tentiam,
798 3267 1108 3323 sustineant
1126 3282 1248 3337 qua:
1274 3275 1585 3338 sequuntur
1616 3282 1631 3320 :
1665 3264 1797 3321 Ecce
1822 3266 1963 3320 enim
1983 3306 1999 3333 ,
2027 3265 2112 3320 in-

512 3362 653 3432 quit.
684 3358 944 3417 Dominus
969 3361 1026 3415 in
1052 3360 1172 3432 igne
1192 3360 1379 3427 veniet,
1412 3368 1460 3416 et
1487 3358 1638 3431 quasi
1665 3357 1818 3413 turbo
1843 3359 1949 3413 sive
1979 3366 2111 3413 tem-

516 3461 690 3523 pestas
726 3469 913 3508 currus
939 3455 1070 3527 ejus.
1106 3450 1258 3520 Quas
1289 3451 1557 3533 debemus
1584 3450 1890 3521 intelligere
1934 3452 2115 3521 Auge-

517 3543 654 3600 licas
683 3552 1020 3615 potestates,
1064 3544 1283 3615 quando
1325 3552 1590 3600 venturus
1627 3551 1714 3598 est
1761 3542 2026 3598 Dominus
2056 3541 2112 3598 in

516 3636 692 3708 gloria
734 3638 912 3692 Patris
959 3652 1082 3692 cum
1128 3636 1351 3709 Angelis
1400 3637 1540 3704 suis,
1574 3635 1825 3707 judicare
1870 3636 2020 3692 vivos
2058 3645 2114 3692 et

516 3740 764 3785 mortuos
795 3746 808 3782 :
838 3743 944 3783 non
974 3744 1083 3799 quo
1114 3728 1378 3785 Dominus
1401 3729 1543 3799 ignis
1568 3728 1661 3795 sit,
1689 3727 1789 3784 sed
1812 3743 1920 3799 quo
1949 3728 2114 3784 susti-

516 3820 771 3877 nentibus
797 3836 1010 3892 pmuas,
1037 3836 1165 3878 esse
1186 3821 1333 3893 ignis
1362 3821 1630 3878 videatur.
1660 3821 1728 3876 Et
1750 3820 1876 3877 licet
1898 3819 2115 3893 Moyses

513 3911 713 3969 dixerit
737 3911 917 3981 (Deut.
948 3929 1022 3980 tv,
1045 3911 1166 3985 24),
1199 3913 1435 3985 idipsum
1457 3913 1725 3985 Apostolo
1754 3912 2115 3969 conﬁrmante

519 4005 708 4078 (Hebr.
744 4021 842 4073 xu,
878 4007 973 4079 29)
1017 4024 1032 4061 :
1063 4006 1207 4062 Deus
1237 4008 1373 4079 ignis
1399 4023 1706 4064 consumens
1733 4017 1829 4062 est.
1858 4006 2115 4062 Attamen

521 4097 798 4169 Salvator,
847 4101 1165 4169 exprimens
1213 4100 1520 4157 divinitatis
1550 4102 1937 4168 substantiam,
1967 4100 2043 4156 ait
2099 4120 2110 4157 :

518 4189 752 4262 Spiritus
780 4200 858 4246 est
890 4189 1032 4247 Deus
1062 4189 1245 4264 (Joan.
1286 4208 1360 4257 tv,
1401 4189 1519 4266 24).
1558 4192 1711 4249 Inter
1739 4193 1989 4264 spiritum
2020 4209 2116 4250 au-

518 4292 629 4339 tem
657 4293 713 4339 et
735 4285 941 4355 ignem,
967 4284 1267 4340 secundum
1294 4285 1715 4357 intelligentiam
1742 4286 2113 4355 corporalem,

518 4374 691 4430 multa
714 4375 1002 4430 diversitas
1026 4384 1135 4430 est.
1167 4375 1325 4443 Quod
1355 4379 1400 4432 si
1436 4378 1599 4448 ignis,
1629 4387 1724 4434 aut
1749 4379 1975 4449 spiritus
2003 4390 2110 4449 est,

513 4466 791 4538 quomodo
834 4468 1048 4533 oculos,
1079 4476 1133 4524 et
1160 4483 1345 4536 aures,
1385 4480 1438 4525 et
1470 4484 1665 4527 manus
1688 4514 1703 4538 ,
1735 4482 1786 4528 et
1820 4471 2012 4539 pedes,
2059 4481 2117 4529 et

2216 3279 2336 3320 mus
2361 3305 2377 3330 ,
2407 3265 2551 3336 quod
2579 3265 2659 3320 sic
2686 3264 2862 3336 accipi
2887 3263 3088 3320 debeat
3115 3264 3390 3336 quomodo
3413 3263 3621 3320 oblivio
3654 3262 3768 3335 ejus
3788 3307 3802 3331 ,

2214 3368 2271 3416 et
2312 3358 2636 3437 paenitentia
2660 3399 2678 3427 ,
2724 3367 2781 3416 et
2805 3359 3186 3428 contristatio,
3233 3370 3290 3416 et
3315 3357 3543 3416 atl‘ectus
3580 3359 3765 3416 caeteri
3789 3400 3805 3426 ,

2215 3452 2308 3524 qui
2352 3451 2449 3508 Dei
2481 3466 2592 3507 non
2620 3451 2958 3508 conveniunt
2990 3451 3287 3523 majestati.
3320 3451 3391 3507 Et
3421 3451 3477 3507 in
3514 3450 3619 3508 hoc
3650 3450 3808 3522 igitur

2217 3543 2341 3614 igne
2370 3552 2427 3600 et
2464 3542 2654 3599 lurore
2675 3585 2692 3610 ,
2740 3543 2795 3598 in
2828 3542 2912 3599 his
2953 3544 3208 3600 curribus
3237 3553 3294 3600 et
3329 3545 3384 3598 in
3414 3541 3640 3599 ﬂamma
3671 3541 3809 3614 ignis

2211 3634 2553 3705 judicabitur
2600 3635 2782 3692 omnis
2829 3650 2984 3704 caro,
3042 3636 3159 3692 sive
3212 3636 3333 3707 ipse
3382 3623 3646 3691 Dominus
3687 3649 3805 3691 eum

2215 3728 2487 3784 creaturis
2510 3728 2649 3793 suis,
2682 3736 2741 3784 ut
2771 3741 2876 3784 non
2903 3729 3170 3799 potentia,
3196 3728 3291 3785 sed
3317 3726 3484 3801 81E.
3505 3727 3700 3799 judicii
3724 3741 3808 3783 ve-

2217 3820 2378 3878 ritate
2403 3820 2659 3878 videatur
2683 3821 2829 3881 ferre
2853 3825 3185 3878 sententiam
3223 3823 3383 3892 juxta
3412 3820 3545 3877 illud
3577 3820 3725 3893 quod
3756 3824 3806 3875 in

2217 3911 2440 3969 Micluea
2475 3913 2761 3985 prolixius,
2793 3925 2846 3972 et
2876 3916 2928 3971 in
2960 3914 3417 3986 quinquagesimo
3446 3915 3661 3985 psalmo
3691 3914 3807 3970 bre-

2223 4005 2343 4061 vius
2381 4006 2625 4064 dicitur:
2673 4008 2742 4063 Ut
2769 4008 3078 4082 justi/iceris
3122 4008 3177 4062 in
3215 4007 3538 4063 sermonibus
3587 4008 3690 4062 tuis
3720 4016 3803 4062 :et

2218 4099 2394 4154 vincas
2452 4115 2571 4156 cum
2616 4100 2776 4171 [ueris
2815 4100 3085 4172 judicatus
3136 4098 3314 4173 (Psal.
3343 4116 3405 4164 ι..
3449 4098 3535 4171 5).
3584 4097 3807 4156 Gladius

2217 4203 2399 4250 autem
2426 4211 2536 4262 quo
2556 4197 2736 4252 omnis
2756 4209 2887 4252 caro
2907 4205 2995 4251 est
3003 4194 3321 4265 judicanda,
3348 4193 3442 4249 ille
3462 4193 3807 4265 accipiendus

2217 4295 2323 4352 est,
2372 4287 2441 4343 de
2467 4303 2575 4357 quo
2613 4295 2669 4343 et
2695 4288 2845 4359 prius
2873 4287 3134 4354 diximus,
3185 4296 3240 4344 et
3286 4302 3428 4343 nunc
3460 4287 3705 4343 dicemus
3744 4302 3804 4341 cx

2220 4390 2412 4450 parte:
2442 4379 2567 4435 Nisi
2597 4381 2833 4437 conversi
2861 4381 3065 4453 fueritis
3091 4422 3107 4448 ,
3140 4379 3373 4454 gladium
3417 4395 3570 4435 suum
3596 4378 3807 4434 vibrabit

2219 4471 2395 4545 (Psal.
2428 4488 2524 4542 vn,
2552 4472 2663 4547 1⁸5).
2694 4475 2851 4531 llunc
2874 4473 3115 4545 gladiqu
3143 4476 3454 4544 punitorem
3479 4473 3666 4531 carnis
3692 4488 3809 4546 pec-

516 4568 790 4627 ventrem,
817 4569 874 4615 et
894 4570 1095 4617 caetera
1112 4560 1365 4632 corporis
1391 4563 1640 4619 membra
1664 4563 1872 4621 habere
1893 4564 2110 4635 dicitur,
2144 4569 2197 4629 D
2219 4568 2441 4623 catricis
2470 4570 2824 4641 omniumque
2871 4568 3129 4624 vitiorum
3162 4610 3178 4636 ,
3230 4567 3494 4625 Israelita:
3532 4569 3588 4625 in
3620 4583 3809 4625 manus

511 4665 640 4707 cum
672 4650 790 4707 hare
818 4652 1049 4724 spiritus
1085 4653 1337 4727 ignisque
1366 4671 1475 4711 non
1502 4654 1774 4712 habeant?
1816 4656 1962 4729 Ignis
1985 4672 2118 4730 ergo
2222 4661 2528 4720 Pharaonis
2573 4663 2761 4719 datum
2808 4673 3113 4734 queruntur
3145 4681 3161 4729 ;
3212 4662 3513 4736 dicuntque
3550 4662 3720 4736 Moysi
3758 4669 3811 4717 et

515 4758 848 4801 consumens
892 4747 1199 4816 appellatur
1245 4747 1413 4817 Deus,
1460 4759 1519 4804 ut
1559 4748 1823 4821 quidquid
1870 4749 1924 4804 in
1957 4750 2115 4806 nobis
2220 4759 2402 4813 Aaron
2434 4775 2448 4811 :
2489 4756 2675 4813 Videat
2704 4757 2845 4814 Deus
2873 4774 2964 4813 vos
2992 4768 3039 4813 et
3055 4757 3258 4829 judicet
3290 4773 3311 4814 :
3340 4759 3467 4830 quia
3495 4756 3810 4811 abominabi-

515 4836 772 4892 νῖιῖοτιιηι
804 4845 893 4893 εει
915 4878 931 4904 s
964 4836 1172 4905 fenum.
1204 4840 1372 4912 ligna,
1401 4841 1769 4913 stipulamque
1806 4852 2110 4914 consumat,
2216 4851 2318 4908 lem
2342 4851 2537 4923 fecistis
2558 4851 2769 4906 odorem
2796 4860 3034 4906 nostrum
3061 4866 3238 4906 coram
3269 4848 3555 4905 Pharaone
3583 4864 3605 4905 :
3634 4857 3691 4904 ut
3718 4847 3807 4902 da-

509 4941 565 4987 et
591 4930 805 5002 spinas,
836 4931 892 4987 id
922 4941 1051 5000 est,
1084 4932 1484 4991 sollicitudines
1512 4935 1700 4991 saeculi
1748 4935 1909 5007 hujus
1933 4982 1947 5005 ,
1978 4952 2115 5008 quas
2213 4956 2356 4998 retur
2382 4940 2593 5015 gladius
2616 4943 2673 4996 in
2702 4959 2862 4997 manu
2891 4944 3037 5015 ejus,
3065 4951 3115 4996 et
3140 4941 3459 5013 interﬁceret
3489 4957 3586 4996 nos
3616 4939 3804 5015 (Exod.

511 5039 615 5094 pro
639 5025 785 5082 bono
810 5025 1023 5082 semine
1053 5034 1198 5082 terra
1222 5027 1406 5084 attulit
1430 5028 1723 5085 infecunda
1749 5071 1765 5098 ,
1804 5029 1873 5085 de
1897 5045 2003 5100 qua
2045 5031 2113 5086 ad
2214 5051 2289 5103 IV,
2332 5035 2451 5106 21).
2503 5035 2582 5090 De
2622 5036 2725 5090 hoc
2761 5033 2944 5106 gladio
2987 5042 3047 5090 et
3074 5033 3131 5089 in
3173 5037 3342 5090 Amos
3383 5035 3654 5105 scriptum
3681 5042 3804 5090 est:

514 5117 775 5176 Hebraeus
796 5119 1030 5177 dicitur:
1064 5120 1196 5189 Quae
1214 5131 1383 5177 autem
1413 5120 1568 5191 affert
1586 5124 1770 5194 spinas
1795 5132 1844 5178 et
1866 5124 2108 5192 tribulos,

509 5211 731 5283 reprobo
754 5222 852 5282 est,
879 5222 927 5269 et
948 5214 1221 5270 maledicto
1251 5218 1489 5286 proxima
1509 5231 1529 5270 :
1553 5218 1701 5289 cujus
1724 5215 1846 5286 ﬁnis
1868 5232 2114 5271 consum-

511 5306 624 5375 ptio
648 5317 721 5361 est
751 5306 946 5379 (Hebr.
959 5323 1036 5375 vr,
1055 5308 1132 5381 1).
1148 5307 1227 5364 De
1245 5307 1350 5364 hoc
1372 5310 1496 5379 igne
1524 5318 1577 5365 et
1605 5309 1661 5363 in
1684 5309 1982 5380 Evangelio
2004 5310 2110 5366 Do-

510 5398 692 5453 minus
723 5398 1049 5469 loquebatur
1087 5418 1100 5454 :
1129 5399 1315 5474 Ignem
1345 5401 1461 5455 veni
1489 5402 1695 5456 mittere
1733 5401 1898 5475 813
1951 5418 2109 5472 super

511 5496 701 5540 terram
725 5485 881 5558 (Luc.
906 5504 1002 5556 xu,
1034 5488 1152 5561 49).
1184 5483 1254 5547 Et
1275 5505 1439 5561 supra
1469 5490 1738 5563 legimus:
1771 5491 1985 5548 Ardebit
2010 5498 2112 5548 stc-

505 5588 562 5632 ut
588 5580 724 5649 ignis
755 5582 1039 5653 iniquitas,
1066 5594 1118 5640 et
1148 5585 1282 5639 sicut
1325 5601 1539 5659 gramen
1582 5584 1794 5640 aridum
1825 5602 2104 5642 consume-

509 5678 594 5723 tur
625 5671 735 5742 igni
764 5671 923 5742 (Isai.
956 5691 1031 5746 ιιι,
1068 5676 1183 5750 18),
1213 5688 1268 5733 et
1294 5678 1479 5735 omnia
1507 5679 1737 5745 zizania,
1773 5695 1896 5752 quae
1927 5680 2111 5736 inimi-

500 5774 599 5818 cus
654 5764 820 5823 hamo
876 5773 1379 5841 supersemiuavit,
1419 5772 1734 5830 dormiente
1785 5774 2105 5847 patrel'ami-

2216 5126 2406 5184 Gladio
2457 5130 2738 5185 interibunt
2793 5145 2968 5185 omnes
3022 5136 3319 5201 peccatores
3366 5126 3552 5201 populi
3604 5127 3806 5202 (Amos

2207 5239 2267 5277 ιχ
2292 5265 2307 5287 ,
2338 5222 2427 5294 10)
2460 5241 2473 5278 :
2504 5239 2626 5280 eum
2657 5227 2848 5297 utique
2877 5236 2933 5280 et
2975 5225 3082 5280 alia
3113 5226 3227 5280 sint
3266 5240 3467 5296 genera
3501 5241 3801 5297 pennarum.

2215 5313 2488 5387 Quidquid
2534 5331 2668 5389 ergo
2711 5318 2906 5389 pungit
2933 5360 2947 5384 ,
2993 5327 3048 5373 et
3076 5318 3355 5389 percutit,
3401 5329 3458 5375 et
3486 5330 3727 5390 torquet,
3756 5330 3808 5377 et

2208 5411 2440 5473 cruciat,
2493 5409 2548 5463 in
2599 5409 2901 5479 Scripturis
2950 5412 3160 5466 sanctis
3212 5411 3428 5482 gladius
3476 5413 3801 5486 appellatur,

2211 5518 2319 5573 quo
2343 5503 2525 5575 gladio
2548 5504 2985 5562 vulnerabuntur
3007 5506 3125 5562 sive
3152 5506 3577 5575 interlicientur,
3601 5509 3693 5580 qui
3714 5509 3804 5566 Dei

2213 5610 2321 5651 non
2354 5594 2588 5653 fecerint
2616 5596 2957 5655 voluntatem
2990 5613 3004 5663 ;
3037 5607 3093 5654 et
3118 5599 3325 5656 omisso
3368 5600 3576 5657 lumine
3603 5602 3803 5659 verita-

2212 5688 2302 5753 tis,
2334 5689 2578 5745 teuebris
2606 5705 2668 5744 se
2694 5690 2903 5747 erroris
2933 5690 3287 5748 iuvolverint.
3312 5692 3390 5750 De
3410 5694 3612 5765 quibus
3636 5696 3803 5763 scrip-

2210 5782 2323 5836 tam
2377 5788 2458 5837 est
2511 5780 2566 5837 in
2606 5779 2892 5839 Joremia:
2944 5782 3006 5840 Si
3053 5784 3268 5840 ιηηιαωι
3320 5782 3571 5859 Ᾱῖιιιίογε
3618 5785 3799 5859 pellent
