4084 6324
246 316 356 374 665

730 313 1376 374 COIIIIEN'I'ARIORUM
1410 314 1479 372 1N
1517 313 1754 375 ISAIAM
1792 315 2218 375 PROPIIE’I‘AII
2256 316 2387 375 LIB.
2430 314 2619 375 XVIII.
2654 317 2812 377 CAP.
2848 318 3040 380 LXVI.

3437 317 3544 375 666

242 450 397 491 suam
444 432 669 509 (Jerem.
722 447 841 497 sm,
895 433 1013 505 25).
1068 431 1138 489 Et
1178 430 1235 488 in
1266 430 1588 503 Sophonia:
1633 430 1704 487 Et
1756 446 1843 488 uos
1868 434 1925 497 Α
1948 432 2199 490 victimas
2225 431 2428 490 rediret
2453 432 2522 490 ad
2551 431 2862 506 Templum,
2894 434 3042 508 quod
3071 434 3150 492 illi
3180 433 3543 508 negligentes,

244 526 531 601 EthiOpes
557 527 849 595 uulnerati,
893 525 1010 583 sive
1034 524 1291 597 interfecti
1328 522 1507 598 gladio
1546 539 1659 581 meo
1702 525 1846 581 eritis

241 622 442 697 (Soph.
472 638 535 691 ιι,
568 621 683 691 12).
714 622 946 678 Omnem
978 620 1085 677 loci
1111 619 1275 677 istius
1298 619 1715 686 continentiam,
1738 633 1847 690 quo

242 731 413 774 sensu
441 715 758 787 accipienda
783 716 895 782 sit,
927 714 1225 786 Apostolus
1255 714 1521 784 prolixius
1552 712 1844 781 edisserit,

241 808 499 866 scribens
524 808 592 864 ad
623 807 906 864 Romanos
951 823 965 861 :
1009 803 1176 862 Juxta
1203 806 1454 861 duritiam
1496 815 1668 861 autem
1704 815 1848 861 tuam

240 910 291 955 et
314 900 652 970 imptenitens
681 916 804 968 cor,
829 899 1155 956 thesaurisas
1182 898 1273 955 tibi
1301 900 1436 955 iram
1471 901 1526 955 in
1554 899 1641 956 die
1668 901 1762 956 irtu
1798 910 1848 956 et

237 995 580 1052 reuelationis
599 998 740 1069 justi
754 994 949 1070 judicii
977 993 1095 1059 Dei,
1142 995 1230 1067 qui
1255 993 1437 1051 reddet
1462 995 1742 1067 unicuique
1766 1011 1849 1051 se-

237 1086 475 1143 cundum
497 1102 661 1160 opera
700 1103 818 1143 sua.
866 1084 964 1141 His
993 1086 1202 1158 quidem
1228 1087 1317 1159 qui
1344 1091 1517 1164 -'ju:cta
1542 1087 1847 1160 patientiam

240 1179 416 1253 operis
464 1180 610 1250 boni,
634 1178 883 1254 {gloriam
925 1188 978 1233 et
1020 1179 1267 1234 honorem
1303 1185 1351 1233 et
1404 1179 1846 1252 incorruptionem

237 1271 594 1344 querentibus
618 1272 780 1328 uitam
804 1280 1072 1329 (sternant.
1105 1271 1210 1339 Qui
1236 1281 1410 1328 autem
1433 1289 1497 1328 ea:
1520 1275 1849 1329 contentione

238 1373 288 1421 et
311 1365 578 1421 increduli
602 1375 725 1422 sunt
745 1366 972 1433 ueritati,
994 1366 1325 1438 acquiescant
1347 1377 1523 1423 autem
1548 1368 1843 1440 iniquitati,

237 1457 321 1513 ira
346 1468 399 1513 et
430 1461 606 1531 furor,
635 1457 906 1514 tribulatio
931 1467 983 1514 et
1003 1459 1247 1530 angustia
1282 1474 1440 1529 super
1469 1474 1645 1515 omnes
1673 1459 1845 1516 homi-

237 1568 330 1608 nes
356 1552 451 1625 qui
484 1562 775 1626 operantur
800 1553 996 1609 malum
1020 1594 1037 1622 ,
1082 1551 1260 1608 Iudici
1290 1553 1514 1624 primum
1558 1562 1606 1610 et
1646 1553 1843 1611 ethnici

240 1644 427 1720 (Rom.
458 1661 521 1715 ιι,
551 1648 587 1703 5
613 1644 803 1721 seqq.).

306 1740 495 1813 (Vers.
530 1741 645 1813 17.)
672 1739 774 1810 Qui
795 1740 1274 1812 sanctiﬁcabantur,
1299 1750 1347 1798 et
1371 1743 1590 1798 mundos
1615 1760 1670 1798 se
1694 1753 1846 1814 puta-

1949 528 2004 584 in
2026 526 2164 584 locis
2184 526 2501 586 deliciarum
2527 539 2582 585 et
2611 528 2972 602 voluptatum,
3005 527 3112 586 hoc
3144 537 3248 596 est,
3281 528 3334 583 in
3369 523 3547 582 hortis

1947 621 2354 689 smmnissimis,
2376 622 2465 678 vel
2495 622 2812 694 baptisteria
2859 622 3234 691 exstruebant,
3266 621 3350 677 vel
3381 617 3548 691 pisci-

1948 730 2048 773 nas
2066 715 2135 772 ad
2165 717 2384 772 areolas
2408 716 2718 788 irrigandas
2751 716 3056 774 :adulteria
3086 728 3144 773 et
3170 728 3392 772 omnem
3425 712 3549 770 libi-

1947 808 2136 867 dinum
2179 808 2596 880 turpitudinem,
2628 810 2971 882 simplicibus
2999 811 3159 881 aquis
3206 808 3432 865 abluere
3481 821 3545 864 se

1947 909 2223 972 putantes,
2252 900 2788 971 quibuszrectissime
2818 901 2952 959 illud
2979 900 3293 974 aptabitur:
3326 898 3395 955 Et
3418 914 3543 955 noc-

1948 1003 2049 1050 tem
2101 996 2318 1066 ﬂumine
2363 1005 2592 1068 purgant
2626 994 2886 1068 (Horat.).
2917 993 3030 1052 Nec
3084 993 3251 1050 alicui
3295 993 3548 1049 videatur

1946 1085 2326 1158 incongruum,
2355 1088 2403 1145 si
2443 1102 2566 1160 quae
2601 1095 2868 1159 geruntur
2909 1087 3164 1158 turpiter,
3197 1084 3546 1142 manifestius

1946 1185 2288 1252 explicentur
2338 1183 2395 1239 in
2425 1183 2819 1239 correctionem
2839 1195 3054 1248 eorum,
3084 1180 3181 1254 qui
3217 1179 3345 1236 talia
3389 1191 3543 1235 com-

1948 1276 2167 1332 mittere
2209 1290 2321 1331 non
2370 1275 2726 1343 erubescunt,
2753 1289 2875 1346 qua:
2917 1282 3074 1347 turpe
3102 1283 3190 1330 est
3241 1280 3298 1328 et
3334 1270 3544 1337 dicere,

1947 1369 2074 1425 dum
2104 1367 2300 1424 scortis
2327 1368 2605 1424 adhaerent
2635 1369 2688 1424 in
2719 1366 2940 1423 modum
2964 1380 3158 1421 canum
3183 1380 3200 1433 ‘,
3231 1373 3288 1421 ct
3312 1361 3546 1419 masculi

1949 1462 2004 1517 in
2050 1462 2322 1519 masculos
2368 1471 2628 1519 exercent
2673 1458 3086 1533 turpitudinem,
3130 1458 3544 1515 retributionem

1950 1555 2159 1626 peccati
2210 1556 2266 1610 in
2315 1555 2644 1626 semetipsos
2680 1555 3033 1627 recipientes.
3083 1551 3253 1627 διο
3290 1551 3395 1620 Qui
3428 1549 3546 1607 hcce

1947 1662 2114 1720 opera
2137 1648 2362 1714 iaciunt,
2392 1648 2676 1705 voluntate
2714 1658 2770 1706 et
2793 1648 3095 1705 sceleribus
3120 1662 3246 1704 cum
3278 1644 3370 1702 his
3394 1655 3546 1713 sunt,

1947 1742 2038 1815 qui
2068 1757 2287 1798 carnem
2323 1742 2541 1799 suillam
2582 1742 2897 1810 comedunt,
2925 1749 2985 1798 et
3012 1740 3197 1798 omnia
3233 1755 3356 1812 qua:
3404 1737 3549 1811 Lege

236 1835 359 1891 bant
386 1835 443 1890 in
474 1835 640 1890 hortis
669 1844 783 1908 post
813 1843 840 1872 ει
865 1851 1026 1890 unam
1051 1836 1488 1907 intrinsecus:qui
1514 1837 1841 1892 eomedebant
1879 1843 1917 1901 ι)
1948 1835 2325 1907 prohibentur,
2357 1844 2413 1892 et
2442 1853 2663 1907 murem,
2702 1852 2864 1908 quem
2896 1848 3001 1891 nos
3051 1832 3237 1908 glirent
3261 1845 3544 1905 vocamus,

236 1944 453 1986 carnem
501 1928 738 1995 suillam,
769 1937 819 1985 et
866 1929 1301 1985 abominationem
1349 1938 1398 1985 et
1435 1945 1662 1999 murem,
1696 1930 1854 1986 simul
1956 1931 2039 1986 vel
2073 1931 2225 2002 juxta
2252 1933 2495 1990 Orientis
2532 1932 2843 2006 provincias
2872 1932 3127 2006 μυωξούς.
3165 1927 3236 1984 Et
3265 1927 3344 1984 illi
3383 1927 3551 1999 igitur

236 2032 633 2090 consumentur,
667 2021 793 2076 dicit
814 2019 1095 2078 Dominus.
1123 2021 1307 2079 LXX:
1336 2022 1442 2091 Qui
1460 2023 1855 2095 sanctiﬁcantur
1954 2024 2046 2094 qui
2075 2026 2190 2081 huc
2219 2025 2535 2093 comedunt,
2576 2035 2633 2082 et
2670 2026 2724 2081 Ιιὶ
2753 2033 3072 2080 exercentes
3113 2036 3331 2078 omnem
3374 2020 3550 2092 turpi-

234 2124 282 2172 et
310 2115 666 2186 puriﬁcantur
696 2115 751 2170 in
778 2113 949 2170 hortis
977 2126 1024 2171 et
1047 2115 1312 2172 liminibus
1341 2131 1362 2172 :
1387 2116 1554 2190 815
1577 2117 1849 2172 comeden-

236 2218 309 2265 tes
337 2222 557 2263 carnem
580 2208 864 2278 porcinam,
896 2218 943 2263 et
969 2208 1399 2275 abominationes,
1432 2219 1484 2265 et
1508 2226 1704 2268 murem
1728 2227 1748 2267 :
1775 2211 1850 2266 si-

236 2300 343 2355 mul
357 2312 754 2367 consumantur,
771 2300 897 2355 dicit
919 2298 1192 2357 Dominus.
1213 2301 1581 2375 Symmachus
1599 2311 1652 2357 et
1668 2302 1709 2358 Τ
1715 2301 1851 2357 lico-

234 2392 389 2450 dotio
412 2395 565 2451 hunc
589 2395 770 2451 locum
791 2395 865 2450 ita
894 2396 1237 2465 interpretati
1264 2405 1410 2452 sunt.
1436 2396 1539 2464 Qui
1556 2396 1850 2468 sanctiﬁca-

239 2485 365 2540 rnini
398 2495 448 2542 et
500 2485 796 2542 lustramini
822 2485 879 2541 in
919 2487 1083 2542 hortis
1118 2488 1252 2543 alter
1295 2497 1412 2560 post
1449 2488 1691 2557 alterum,
1713 2490 1852 2543 inter

240 2595 324 2637 cos
343 2581 433 2652 qui
462 2581 738 2636 comedunt
757 2596 966 2637 carnem
989 2579 1222 2647 suillam,
1249 2592 1297 2637 et
1315 2582 1774 2647 abominationem,
1798 2593 1848 2638 et

245 2688 462 2743 Iturent,
506 2673 669 2730 sint“
697 2675 957 2746 deﬁcient,
987 2675 1117 2731 dicit
1165 2674 1447 2743 Dominus,
1477 2676 1725 2733 volentes
1754 2691 1845 2731 os-

244 2769 496 2834 tendere,
549 2783 660 2824 non
712 2768 860 2841 ipsos
909 2768 1206 2826 comedere
1247 2783 1471 2825 carnem
1517 2768 1762 2837 suillam,
1792 2775 1850 2824 et

243 2859 736 2926 abominationcm,
754 2869 806 2915 et
831 2874 1066 2927 murem,
1094 2859 1185 2931 qui
1213 2856 1620 2915 sanctiﬁcantur
1637 2860 1691 2914 in
1720 2859 1847 2914 hor-

247 2956 314 3011 tis
333 2955 478 3011 alter
512 2964 636 3026 post
656 2953 921 3021 alterum;
951 2955 1047 3011 sed
1072 2969 1169 3011 eos
1190 2953 1282 3024 qui
1312 2954 1614 3010 lustrantur
1638 2953 1844 3010 versari

243 3063 365 3104 cum
397 3048 502 3117 eis,
531 3049 623 3120 qui
654 3047 950 3104 comedunt
988 3063 1110 3120 quae
1150 3046 1423 3119 prohibita
1465 3058 1611 3103 sunt.
1652 3047 1847 3120 Arguit

244 3151 426 3199 autem
455 3156 641 3199 sermo
663 3142 880 3199 divinus
910 3143 1142 3214 papulas
1173 3142 1682 3208 ludmorum,immo
1705 3142 1848 3200 Scri-

1956 2118 2223 2187 tudinem,
2240 2119 2366 2175 talia
2387 2127 2556 2189 agunt
2579 2133 2703 2189 qua:
2722 2126 2778 2174 et
2796 2116 2998 2173 ethnici
3027 2115 3167 2171 forte
3184 2128 3291 2171 non
3321 2112 3547 2182 iaciunt,

1955 2212 2159 2284 pariter
2187 2222 2578 2269 consumentur
2601 2211 2791 2285 (Leuit.
2825 2207 2925 2284 ιι).
2957 2208 3271 2267 Secundum
3301 2205 3548 2278 tropolo-

1951 2305 2094 2378 giam
2145 2321 2431 2377 possumus
2479 2304 2666 2362 dicere
2711 2321 2726 2359 :
2775 2304 2980 2360 Omnes
3023 2299 3324 2374 voluptatis
3376 2298 3550 2371 magis

1951 2411 2244 2470 amatores,
2284 2417 2446 2472 quam
2475 2409 2752 2456 amatores
2781 2398 2898 2468 Dei,
2932 2396 3260 2452 sanctitlcari
3289 2394 3345 2448 in
3377 2391 3550 2447 hortis

1949 2503 2007 2551 et
2050 2495 2103 2549 in
2150 2494 2454 2560 liminibus,
2484 2494 2614 2566 quia
2646 2492 2905 2563 mySteria
2951 2488 3196 2545 veritatis
3228 2500 3336 2542 non
3364 2485 3553 2541 valent

1950 2586 2198 2654 introire,
2229 2598 2286 2641 et
2314 2584 2602 2641 comedere
2625 2582 2778 2638 cibos
2800 2577 3119 2650 impietatis,
3143 2577 3272 2634 dum
3295 2590 3403 2631 non
3421 2581 3552 2630 sunt

1949 2679 2125 2738 salicti
2153 2693 2387 2750 corpore
2408 2685 2466 2733 et
2495 2675 2688 2747 spiritu
2714 2691 2728 2728 :
2759 2688 2864 2730 nec
2887 2672 3182 2730 comedunt
3209 2683 3431 2725 carnem
3457 2665 3553 2723 Je-

1948 2791 2034 2840 su,
2076 2787 2255 2845 neque
2292 2772 2485 2829 bibunt
2526 2769 2841 2840 sanguinem
2894 2767 3034 2839 ejus.
3068 2766 3146 2822 De
3170 2778 3280 2836 quo
3307 2762 3424 2834 ipse
3466 2760 3551 2816 lo-

1947 2870 2170 2940 quitur:
2197 2865 2302 2935 Qui
2328 2863 2550 2920 comedit
2581 2877 2792 2917 carnem
2815 2875 3002 2926 meam,
3026 2868 3072 2913 et
3098 2857 3221 2913 bibit
3241 2854 3547 2929 sanguinem

1946 2978 2139 3026 meum,
2173 2960 2323 3016 habet
2361 2960 2516 3015 vitam
2558 2966 2805 3014 cateruam
2839 2954 3022 3027 (Joan.
3057 2967 3132 3020 vt,
3162 2949 3280 3023 55).
3332 2946 3545 3006 Etenim

1948 3057 2155 3128 pascha
2187 3063 2434 3110 nostrum
2487 3049 2801 3108 immolatus
2838 3058 2922 3102 est
2949 3044 3207 3101 Christus
3234 3041 3280 3113 (l
3311 3039 3436 3097 Cor.
3466 3038 3544 3110 v).

1947 3148 2051 3218 Qui
2084 3163 2192 3204 non
2222 3147 2378 3211 loris,
2403 3143 2503 3202 sed
2535 3142 2781 3214 in,domo
2814 3154 2917 3195 una
2949 3147 3005 3194 et
3036 3138 3183 3193 intus
3212 3132 3547 3192 comeditur.

245 3237 344 3292 bas
393 3245 452 3293 et
504 3237 832 3305 Pharisaeos,
866 3251 1005 3308 quos
1040 3246 1097 3293 et
1149 3237 1412 3293 Dominus
1448 3236 1730 3308 arguebat,
1759 3236 1843 3293 di-
1869 3235 1915 3299 C
2016 3240 2200 3316 (Vers.
2226 3238 2312 3303 18,
2352 3234 2465 3310 l9.)
2497 3233 2611 3307 Ego
2636 3239 2807 3287 autem
2828 3246 2986 3303 opera
3010 3234 3259 3287 eorumet
3276 3224 3551 3299 cogitatio-

246 3343 379 3388 cens
407 3347 420 3384 :
459 3328 565 3386 Vos
589 3330 713 3386 estis
740 3330 827 3401 qui
846 3330 1156 3403 justiﬁcatis
1177 3330 1512 3403 vosmetipsos
1546 3345 1721 3386 coram
1746 3330 1841 3383 ho-

246 3420 470 3477 minibus
500 3436 519 3477 :
547 3420 688 3477 Deus
713 3431 885 3477 autem
912 3420 1005 3477 scit
1031 3423 1192 3478 corda
1212 3432 1401 3493 uestra,
1431 3423 1677 3495 quoniam
1702 3424 1841 3496 quod

247 3512 299 3568 in
315 3510 615 3568 hominibus
640 3512 897 3568 excelsum
922 3520 1021 3579 est,
1043 3513 1362 3569 abominatio
1388 3522 1463 3570 est
1504 3514 1648 3585 apud
1680 3511 1843 3567 Deum

252 3603 408 3677 (Lac.
433 3619 546 3671 xvi,
580 3602 696 3676 i5).
736 3603 893 3661 Unde
920 3605 1237 3677 increpabat
1261 3621 1356 3663 eos
1395 3616 1561 3678 atque
1589 3605 1840 3663 diccbat:

263 3697 367 3764 γω,
392 3698 556 3769 uobis,
588 3699 790 3755 Scriba:
817 3709 866 3755 et
890 3697 1153 3755 Phariswi
1173 3701 1481 3772 hypocrita,
1511 3699 1600 3771 qui
1626 3699 1847 3754 munda-

248 3791 318 3848 tis
353 3790 495 3864 quod
521 3792 654 3863 foris
700 3801 775 3848 est
818 3793 995 3848 colicis
1020 3802 1067 3849 et
1095 3794 1415 3866 paropsidis,
1444 3801 1490 3848 et
1540 3794 1680 3848 intus
1706 3793 1847 3865 pleni

250 3884 372 3939 estis
422 3883 757 3939 immunditia
788 3883 1010 3958 (Matth.
1040 3899 1192 3952 χχιιι,
1224 3884 1343 3957 25).
1374 3884 1440 3940 Ει
1465 3885 1663 3941 iterum
1697 3903 1709 3938 :
1744 3882 1847 3950 Qui

251 3976 372 4033 estis
401 3977 647 4050 sepulcra
675 3975 919 4032 dealbata
942 3993 960 4033 :
985 3981 1122 4033 intus
1147 3986 1321 4032 autent
1342 3977 1481 4048 pleni
1505 3978 1627 4033 estis
1650 3976 1847 4032 ossibus

253 4078 602 4139 mortuorum,
626 4078 673 4125 et
694 4071 835 4127 omni
856 4071 1110 4143 spurcitia
1134 4069 1330 4142 (Ibid.,
1354 4070 1451 4143 27)
1474 4090 1487 4126 :
1512 4073 1602 4143 qui
1625 4086 1723 4126 ore
1746 4085 1849 4126 suo

255 4163 674 4233 benedicebant,
698 4174 754 4222 et
792 4166 960 4221 corde
996 4181 1096 4221 suo
1126 4165 1522 4222 maledicebant
1546 4163 1662 4237 (Ps.
1691 4163 1802 4236 LXI)
1833 4183 1846 4220 :

253 4260 344 4329 qui
368 4257 602 4315 Domino
625 4259 989 4328 loquebantur
1010 4259 1253 4332 paciﬁca,
1269 4270 1324 4317 et
1346 4260 1664 4318 molliebant
1685 4260 1850 4316 verba

254 4364 352 4408 sua
382 4365 549 4424 super
577 4351 782 4418 oleum,
812 4350 915 4424 ipsi
940 4361 1121 4409 autem
1149 4364 1308 4411 erant
1328 4353 1531 4424 jacnla,
1558 4354 1629 4412 tle
1654 4353 1852 4426 quibus

256 4446 567 4503 reetissime
582 4444 871 4505 dicebatur
894 4465 906 4502 :
936 4446 1178 4520 Populus
1195 4448 1283 4504 hic
1308 4448 1462 4505 labiis
1480 4466 1562 4504 me
1593 4450 1810 4505 honorat
1832 4465 1852 4505 :

255 4553 342 4594 cor
360 4555 481 4596 uero
499 4543 614 4612 ejus
637 4540 788 4615 longe
811 4550 885 4597 est
906 4558 939 4596 a
969 4558 1049 4597 nte
1076 4540 1232 4615 (Isai.
1260 4557 1411 4609 nix,
1437 4542 1546 4616 13).
1573 4543 1855 4614 Praecepe-

1914 3336 2035 3388 ’κει
2063 3347 2240 3389 eorum
2271 3329 2418 3385 uenio
2459 3337 2513 3383 ut
2541 3330 2843 3398 congregem
2885 3338 3006 3377 cum
3044 3319 3281 3375 omnibus
3306 3316 3547 3390 gentibus

1945 3435 1992 3482 et
2023 3424 2257 3497 linguis:
2298 3433 2346 3479 et
2387 3422 2585 3479 uenient
2622 3430 2671 3475 et
2703 3417 2948 3473 uidebunt
2984 3414 3207 3488 gloriam
3248 3427 3433 3466 meam.
3476 3407 3549 3465 Et

1946 3535 2135 3592 ponam
2162 3518 2217 3573 in
2231 3518 2306 3573 eis
2341 3519 2567 3589 signum,
2589 3523 2637 3569 et
2676 3514 2876 3566 mittam
2895 3527 2959 3564 ea:
2981 3510 3076 3573 eis,
3103 3507 3196 3579 qui
3215 3504 3404 3561 saltati
3431 3505 3549 3576 fue-

1945 3615 2049 3668 rint
2069 3612 2140 3667 ad
2165 3620 2339 3683 gentes
2371 3611 2427 3664 in
2460 3623 2601 3661 mare
2642 3604 2754 3678 [Αι.
2782 3601 2959 3675 mari],
2989 3602 3044 3656 in
3073 3599 3329 3670 Africam,
3356 3597 3413 3652 in
3438 3594 3549 3667 Lg-

1949 3704 2093 3759 diam
2122 3701 2150 3743 b
2183 3701 2445 3758 tendentes
2485 3699 2750 3769 sagittam,
2768 3697 2823 3750 in
2850 3693 3063 3748 Italiam
3090 3702 3137 3747 et
3161 3689 3439 3757 Graeciam,
3478 3688 3548 3741 ad

1949 3797 2148 3853 insulas
2171 3796 2327 3867 longe
2343 3810 2364 3849 .°
2383 3793 2454 3849 ad
2477 3808 2562 3848 eos
2585 3792 2673 3862 qui
2707 3806 2809 3845 non
2844 3786 3123 3842 audierunt
3147 3783 3212 3838 de
3241 3800 3340 3851 me,
3363 3792 3411 3837 et
3443 3798 3547 3865 non

1948 3890 2186 3946 uiderunt
2213 3887 2437 3960 gloriam
2470 3899 2656 3939 meam.
2692 3879 2837 3937 LXX
2871 3898 2884 3934 :
2918 3877 2987 3933 Et
3032 3888 3125 3948 ego
3154 3891 3313 3948 opera
3347 3889 3546 3940 eorum,

1950 3993 1996 4038 et
2039 3981 2372 4053 cogitationes
2402 3992 2581 4032 eorunt
2607 3974 2746 4043 noui,
2782 3981 2829 4027 et
2858 3972 3004 4026 uenio
3045 3984 3356 4043 congregare
3376 3982 3551 4023 omnes

1950 4084 2122 4150 gentes
2142 4086 2188 4128 et
2206 4088 2383 4128 omnes
2411 4072 2618 4141 linguas
2639 4084 2659 4123 :
2685 4077 2731 4121 et
2758 4066 2957 4121 uenient
2979 4071 3027 4118 et
3053 4062 3293 4118 uidebunt
3322 4059 3547 4132 gloriam

1953 4185 2142 4233 meam,
2159 4175 2206 4220 et
2233 4167 2492 4220 dimittam
2507 4178 2664 4231 super
2682 4175 2769 4215 eos
2788 4159 2993 4228 signum
3014 4173 3032 4212 :
3059 4164 3106 4209 ct
3126 4155 3356 4209 emittam
3369 4167 3434 4208 ea:
3452 4152 3549 4217 eis,

1951 4263 2042 4334 qui
2081 4259 2269 4317 saluati
2294 4257 2487 4331 fuerint
2515 4256 2586 4309 ad
2623 4260 2819 4328 gentes,
2851 4252 2908 4306 in
2933 4247 3153 4305 Tltarsis
3197 4256 3246 4302 et
3293 4243 3476 4310 Phud,
3503 4253 3550 4299 et

1952 4353 2071 4410 Lud
2109 4362 2155 4409 et
2195 4348 2410 4408 Mosoch
2436 4359 2482 4404 et
2507 4345 2720 4413 Thobel,
2745 4355 2792 4400 et
2815 4345 2867 4399 in
2895 4341 3176 4405 erciam,
3199 4351 3245 4395 et
3273 4338 3331 4394 in
3354 4336 3555 4392 insulas

1953 4451 2124 4521 longe,
2150 4449 2238 4519 qui
2270 4461 2372 4501 non
2397 4444 2677 4499 audierunt
2703 4455 2887 4495 nomen
2918 4453 3108 4505 meum,
3137 4449 3298 4504 neque
3320 4432 3565 4487 uiderunt

1955 4542 2179 4617 gloriam
2214 4554 2399 4594 meam.
2447 4535 2772 4604 Priusquam
2804 4544 3074 4600 capellam
3121 4526 3251 4598 quid
3291 4523 3561 4617 signiﬁcet

257 4640 340 4687 rat
380 4641 568 4689 autem
597 4648 693 4704 per
716 4614 937 4705 Moysen
985 4634 1130 4690 Deus
1172 4633 1368 4707 (Nam.
1408 4614 1544 4706 six),
1579 4643 1638 4691 ut
1664 4635 1710 4692 si
1733 4635 1854 4708 quis
1888 4614 2302 4693 "enumeratio
2326 4628 2572 4700 gentium
2603 4626 2985 4694 plurimarum,
3016 4617 3261 4675 breviter
3289 4616 3358 4674 de
3387 4614 3558 4671 inter-

257 4736 566 4793 prteventus
605 4724 800 4783 fuisset
828 4725 883 4781 in
908 4736 1159 4798 peccatu,
1190 4742 1370 4783 vacca:
1417 4726 1554 4784 rufae
1593 4743 1848 4799 aspersus

255 4817 464 4885 cinere,
502 4827 558 4875 et
587 4819 713 4877 aliis
758 4819 1088 4890 expiationis
1129 4819 1327 4890 modis,
1360 4836 1459 4893 per
1496 4821 1765 4878 sacriﬁcia
1797 4831 1853 4879 et

328 5015 354 5044 δι
383 5006 729 5063 Martianteus
761 5004 853 5076 qui
880 5001 949 5076 ad
980 5001 1255 5076 Canentem
1285 5001 1570 5076 Hebraicte
1597 5000 1858 5076 Veritatis

256 5077 702 5144 annotaverat,in
735 5071 1037 5132 emendatis
1064 5073 1320 5144 omnibus
1346 5073 1503 5128 libris
1530 5088 1662 5128 mss.
1693 5071 1855 5144 Cum-

258 5149 650 5204 mentariorum
679 5148 737 5205 S.
764 5143 1259 5218 Hieronymiunam
1288 5158 1387 5215 pro
1399 5147 1623 5218 janguam
1646 5143 1856 5218 haberi,

257 5220 476 5286 ianuam
514 5228 694 5274 tamen
738 5220 824 5275 hic
871 5215 1009 5272 satis
1061 5218 1357 5271 oscitanter
1400 5215 1649 5286 retinnit.
1685 5215 1798 5271 Nos
1828 5230 1860 5271 e

257 5285 538 5346 contrario
567 5292 785 5346 tametsi
817 5289 973 5345 nullo
1002 5287 1175 5358 adjuti
1199 5300 1333 5343 mss.
1368 5285 1658 5358 suffragio,
1703 5302 1859 5358 unum

258 5363 607 5434 reposuimus
623 5362 697 5434 (ad
718 5356 1166 5434 Vllieronymiana:
1197 5359 1464 5434 versionis
1510 5356 1693 5434 tidem.
1727 5356 1859 5412 Nam

259 5429 590 5490 et'snbnexa
613 5431 672 5489 S.
710 5432 884 5488 Patris
904 5429 1176 5502 expositio
1214 5432 1295 5486 sic
1323 5429 1493 5502 abeo_
1510 5429 1732 5502 lectum,
1761 5442 1857 5502 seu

260 5504 454 5561 Latine
480 5503 753 5559 redditum
781 5500 1083 5569 docet,‘ubi
1134 5502 1316 5557 statim
1347 5500 1414 5556 ad
1463 5500 1774 5571 Symmachi
1802 5510 1859 5555 et

262 5575 665 5632 Tlteodotionis
688 5589 908 5631 sensum
936 5574 1168 5643 exponit
1202 5574 1272 5629 de
1302 5571 1391 5628 his
1417 5572 1508 5643 qui
1526 5571 1861 5641 sanctiﬁcan-

262 5656 349 5702 tur
368 5648 423 5702 in
449 5645 615 5702 hortis
640 5647 771 5701 alter
794 5653 907 5714 post
934 5644 1177 5701 alterum.
1207 5644 1275 5700 Et
1303 5644 1642 5714 manifestius
1673 5643 1724 5696 in
1751 5644 1859 5714 line

263 5717 511 5788 capituli,
543 5715 633 5772 tibi
662 5726 779 5788 post
797 5713 963 5788 unam
990 5715 1300 5788 intrinsecus
1337 5715 1404 5770 de
1432 5713 1650 5770 Christo
1676 5713 1857 5788 expli-

256 5783 354 5859 ’ςεξί
393 5783 501 5855 Qui
520 5803 624 5842 non
649 5783 800 5857 foris,
814 5784 904 5841 sed
926 5786 981 5839 in
1003 5786 1155 5841 domo
1182 5803 1286 5844 una
1308 5795 1355 5843 et
1380 5799 1535 5842 imus
1551 5783 1856 5843 comeditur.

264 5828 539 5917 Casiorum
564 5866 620 5916 et
646 5859 698 5915 in
737 5855 965 5917 llebrzro
989 5860 1290 5917 archetypo
1318 5859 1524 5917 scimus
1553 5852 1715 5910 scribi
1747 5859 1856 5913 Tltt

446 5866 539 5917 um
564 5866 620 5916 et
646 5852 698 5915 in
737 5852 965 5919 llebrzro
989 5860 1290 5931 archetypo
1318 5859 1524 5917 scinms
1553 5852 1715 5910 scribi
1747 5859 1861 5913 Tltt

1960 4724 2287 4799 pretationis
2312 4721 2582 4778 varietate
2603 4716 2894 4774 dicendum
2934 4722 3041 4769 est.
3067 4711 3293 4767 Tharsis
3322 4718 3346 4748 ε
3380 4709 3565 4779 lingua

1963 4820 2213 4888 llehrma,
2244 4831 2393 4872 mare
2414 4813 2752 4886 appellatur;
2781 4817 2836 4865 et
2861 4808 2945 4882 (ut
2963 4806 3137 4878 aiunt)
3162 4805 3332 4862 India:
3362 4804 3515 4872 regio
3547 4817 3562 4854 :

1963 5007 2103 5073 finit,
2156 5007 2283 5073 post
2322 5011 2513 5073 unum,
2532 5008 2858 5063 quamquam
2886 4995 2980 5073 ηρ
3019 4981 3563 5073 MassorrtljticilnzlJatl

1964 5052 2417 5140 libri'mrarginein
2584 5052 2761 5140 note't,
2787 5062 2936 5140 quod
2943 5052 2953 5073 '
2980 5061 3158 5116 minus
3187 5054 3409 5125 quidem
3444 5052 3564 5140 idus

1965 5157 2069 5197 neo
2101 5134 2266 5196 sensu
2293 5155 2322 5195 a
2350 5137 2552 5194 ludatis
2585 5136 2782 5206 legitur
2806 5157 2818 5189 :
2845 5134 2939 5189 sed
2965 5142 3147 5187 tamen
3178 5141 3337 5180 unam
3363 5138 3562 5195 genere

1964 5213 2232 5269 feminino
2258 5209 2550 5282 signiﬁcat.
3090 5272 3100 5282 ,
3177 5278 3186 5282 _
3336 5280 3347 5282 Α
3405 5266 3415 5277 ,

2037 5282 2066 5322 ³³
2093 5266 2386 5340 Οιιιίιιιξιῖἒιῑ
2403 5289 2563 5336 antea
2591 5288 2823 5334 tenentes
2858 5290 2959 5347 pro
2979 5266 3564 5347 tendentesnmanilesto

1967 5337 2588 5412 velerunilibrariorum
2619 5352 2797 5420 lapsn,
2828 5337 2990 5420 q'nem
3031 5352 3185 5396 cavet
3239 5337 3562 5420 llcbraimrm

1967 5406 2806 5497 ammplam—etrilieronymiana
2821 5406 3042 5497 versin,
3069 5426 3179 5497 nec
3204 5406 3409 5497 patitur
3433 5407 3566 5497 sub.

1962 5480 2290 5568 netia—Vimine
2330 5497 2440 5568 loci
2448 5480 2736 5568 expositio
2768 5489 2925 5568 :_Lud
2954 5493 3127 5568 amem
3151 5480 3562 5568 ζιῃάοδλιιςιςιιηι,

1959 5549 2382 5643 coloni
2394 5549 2678 5643 —H_etr'usci,
2704 5563 2800 5643 qui
2818 5574 2956 5613 nunc

1960 5628 2223 5712 quondam
2257 5638 2626 5712 mittendorum
2648 5628 2955 5701 sagittarum
2980 5628 3300 5698 peritissimi,
3344 5628 3393 5675 et
3422 5637 3564 5677 nunc

1961 5705 2203 5767 dicuntur
2223 5711 2486 5764 tendentes
2512 5705 2773 5777 sagittam.
3204 5764 3217 5776 .

2039 5763 2651 5847 cWCnnl‘erEpistoliim
2693 5775 2765 5847 in_
2783 5780 2965 5827 nostra
3006 5764 3331 5847 recensione
3360 5763 3463 5847 δῖ..
3494 5763 3565 5847 ad

1967 5829 2306 5909 Heracliam}
2327 5829 2537 5918 hosque
2557 5844 2706 5915 ipsos
2725 5834 3191 5904 Commentarios,
3206 5849 3390 5906 supra,
3408 5829 3502 5893 lib.
3521 5835 3564 5903 l,

4072 3850 4075 4029 Ψ

4072 3850 4075 4029 Ψ

4064 5014 4067 5186 T
