4084 6324
544 303 649 362 ων

1810 304 1870 364 Β.
1915 298 2193 365 suam
2228 299 2611 364 HMYM

3736 308 3837 369 063

540 419 1174 493 licctiesepitusdittera
1196 429 1550 488 commutata,
1570 420 1799 477 Tarsum
1822 429 1977 493 putet
1998 434 2137 477 ιιιιιι-
2163 420 2217 488 Α
2240 421 2387 478 enim
2414 421 2520 479 scit
2544 434 2669 493 quae
2694 420 2813 478 sint
2836 421 2895 477 in
2924 419 3171 489 huicine,
3204 420 3309 478 nisi
3346 421 3579 494 spiritus
3602 421 3838 482 hominis

539 515 726 585 cupari
772 526 875 584 pro
903 514 1149 583 Titarsis,
1178 515 1371 572 urbem
1414 515 1646 585 Ciliciae,
1678 517 1747 572 ad
1778 522 1941 589 quam
1968 514 2135 576 tonas

541 600 612 664 de
631 604 807 679 ἔσυρε
826 606 1061 676 fugiens,
1086 610 1167 666 ire
1194 609 1454 682 cupiebat
1465 608 1639 683 (10m:
1660 610 1897 684 t).Piind
1927 621 2127 682 autem,

538 699 657 756 sive
689 700 849 769 Plini,
884 702 1117 776 Libyes,
1147 705 1437 777 omnisque
1475 705 1654 762 Alt-ica
1694 718 1868 778 usque
1888 705 1954 763 ad
1981 720 2134 763 mare

537 789 898 865 Mauritania,
919 796 973 852 in
1004 810 1105 867 qua
1126 792 1291 871 817
1322 798 1517 854 ﬂuvius
1547 798 1711 857 ltodie
1737 800 1831 872 qui
1873 799 2025 856 Phud
2050 800 2135 857 di-

536 885 716 955 citur,
747 895 803 945 et
830 898 1025 946 cuncta
1055 893 1200 947 circa
1229 904 1353 948 eum
1381 886 1532 966 regio
1575 891 1865 950 Phutensis
1893 894 2133 965 appella-

536 987 646 1038 tur.
690 980 807 1039 ι.υά
839 995 1021 1040 autem
1051 980 1233 1059 Lydos
1280 996 1499 1055 Vocant,
1532 998 1762 1058 quorum
1813 987 1992 1044 coloni
2029 987 2135 1045 lie-

537 1078 729 1142 trusci,
765 1079 858 1149 qui
880 1094 1023 1135 nunc
1044 1078 1246 1137 'l‘ltusci
1295 1080 1656 1153 appellantur,
1701 1081 1972 1154 quondam
2000 1082 2133 1136 mito

538 1170 825 1225 tendarum
869 1175 1190 1243 sagittarum
1242 1173 1581 1245 peritissimi,
1604 1182 1663 1231 et
1696 1186 1840 1230 nunc
1876 1172 2135 1230 dicuntur

536 1263 802 1321 tendentes
823 1268 1089 1341 sagittam.
1123 1267 1230 1324 Pro
1253 1280 1363 1342 quo
1387 1268 1442 1326 in
1476 1269 1740 1327 Hebraico
1770 1269 1968 1342 tegitur
2004 1282 2135 1326 los-

537 1371 642 1414 cns
663 1360 1276 1445 ocsura(n‘ltptzm)
1311 1362 1456 1434 quod
1494 1364 1701 1434 absque
1747 1363 2130 1435 Septuaginta,

539 1462 735 1508 omnes
774 1448 1031 1509 similiter
1059 1455 1468 1523 transtulerunt,
1509 1456 1771 1513 tendentes
1810 1470 1989 1512 arcum
2018 1471 2038 1513 :
2068 1458 2136 1515 Et

540 1543 894 1618 Septuaginta
918 1560 1215 1617 posuerunt
1244 1553 1421 1625 μοσὸχ
1453 1593 1470 1620 ,
1494 1560 1697 1607 nomen
1726 1566 1827 1623 pro
1856 1551 2028 1608 verbo
2052 1551 2135 1607 in-

537 1642 928 1710 terpretantes.
953 1642 1109 1711 Quod
1140 1645 1187 1700 si
1214 1644 1534 1717 accipiatur,
1553 1646 1904 1718 Cappadocas
1920 1652 1947 1685 ἰ
1967 1646 2136 1720 signi-

540 1730 667 1789 ficat
712 1753 727 1791 :
785 1748 1016 1805 quorum
1069 1741 1387 1810 metropolis
1423 1739 1655 1811 Mazaca,
1710 1759 1829 1814 qua:
1871 1750 2057 1816 postea
2102 1759 2133 1800 a

2237 516 2325 588 qui
2353 524 2437 573 est
2466 516 2522 573 in
2548 528 2615 572 ee
2638 515 2685 588 (l
2709 513 2831 572 Ger.
2856 513 2941 588 ιι).
2973 513 3132 571 Unde
3150 524 3206 571 et
3228 528 3325 586 per
3342 514 3649 573 terentina:
3670 516 3838 589 loqui-

2237 618 2325 665 tur
2353 610 2529 666 Deus:
2566 608 2679 682 Ego
2708 606 2851 664 Deus
2874 608 3328 682 appropinquans.
3358 619 3407 664 et
3444 612 3551 664 itan
3576 609 3640 664 de
3665 611 3835 682 longe,

2237 700 2364 756 dicit
2392 700 2646 758 Dominus
2663 715 2684 757 :
2726 701 3004 774 Numquid
3025 700 3309 757 abscondet
3346 717 3404 756 se
3425 703 3486 757 in
3522 701 3840 759 absconditis

2235 792 2409 854 homo.
2438 802 2487 847 et
2516 810 2610 868 ego
2634 793 2886 867 ignorabo
2915 786 3221 867 (unum
3244 836 3259 862 ,
3306 792 3443 865 25)?
3495 793 3745 863 Denique
3772 796 3839 852 ad

2235 884 2739 943 Scribasdicituret
2751 887 2819 943 ad
2833 884 3142 943 Phariaene
3161 885 3297 942 :Vos
3312 887 3435 942 estis
3444 888 3841 962 quijasttﬁcetis

2235 980 2567 1054 vosmetipsos
2609 994 2785 1036 rerum
2812 981 3110 1038 nominibus
3130 998 3150 1037 :
3194 979 3340 1038 Betis
3378 988 3555 1038 autem
3585 987 3841 1057 cognoscit

2234 1075 2397 1128 cerata
2424 1084 2592 1129 suae
2620 1073 2775 1149 (an.
2808 1086 2922 1144 avt,
2972 1072 3085 1146 i5).
3119 1072 3179 1130 in
3208 1088 3321 1146 quo
3348 1074 3837 1145 considerandum,

2234 1168 2381 1239 quod
2398 1181 2510 1224 non
2536 1168 2767 1237 dixerit,
2792 1168 2973 1239 Pater,
2995 1168 3155 1240 juxta
3176 1166 3563 1227 hmreti'eorunt
3586 1170 3839 1241 blasphe‘

2237 1262 2398 1330 mias,
2422 1276 2490 1319 ne
2511 1261 2709 1319 Filium
2734 1261 3017 1319 videretur
3035 1262 3350 1332 excindere,
3374 1263 3475 1321 sed
3500 1262 3675 1320 Deus:
3698 1264 3839 1336 quod

2234 1353 2382 1411 Patri
2423 1354 2671 1428 Filioque
2697 1369 2990 1413 commune
3015 1362 3123 1413 est.
3158 1353 3226 1411 In
3263 1356 3525 1429 principio
3554 1356 3705 1413 enim
3732 1366 3838 1413 erat

2249 1449 2490 1518 Verbum,
2533 1460 2584 1506 et
2614 1450 2838 1507 Verbum
2880 1462 2993 1507 erat
3037 1451 3177 1526 apud
3204 1446 3393 1518 Deum,
3449 1460 3500 1507 et
3546 1449 3695 1507 Deus
3732 1460 3840 1508 erat

2244 1544 2468 1601 Verbum
2489 1562 2510 1601 :
2537 1545 2639 1601 hoc
2665 1555 2775 1602 erat
2821 1546 2877 1601 in
2924 1545 3184 1619 principia
3211 1546 3355 1614 apud
3399 1546 3568 1603 Detutt
3590 1542 3773 1619 (latin.
3798 1558 3841 1615 η

2240 1639 2294 1707 i,
2320 1638 2404 1709 2).
2431 1639 2505 1694 De
2530 1654 2639 1711 quo
2666 1639 2807 1695 idem
2832 1639 3074 1697 Joannes
3099 1640 3325 1697 scribit:
3355 1639 3480 1713 Ipse
3498 1650 3675 1697 autem
3693 1639 3842 1698 Iesse

2238 1748 2341 1789 non
2366 1733 2606 1790 credebat
2632 1748 2689 1789 se
2712 1734 2808 1803 eis,
2831 1735 2956 1805 quia
2980 1732 3174 1790 sciebat
3195 1748 3391 1803 omnes,
3421 1740 3471 1791 et
3494 1750 3603 1791 non
3628 1735 3841 1792 habebat

538 1823 752 1882 Cmsare
780 1825 1319 1900 Augttsto,C:esaren
1352 1848 1552 1889 nomen
1576 1835 1806 1906 accepit.
1829 1834 1930 1904 Qui
1954 1836 2141 1893 nescio
2173 1833 2216 1895 Β
2244 1843 2462 1894 necem.
2505 1838 2565 1884 ut
2594 1830 2783 1902 aliquit
2829 1830 3177 1885 testimonium
3215 1831 3361 1885 dare!
3398 1831 3448 1886 ei
3477 1830 3544 1885 de
3594 1828 3841 1887 hamum:

537 1922 667 1991 quid
697 1923 959 1991 volentes,
989 1928 1157 1984 etiam
1193 1930 1247 1985 ιιι
1277 1928 1477 1987 Genesi
1500 1929 1651 2005 (Cap.
1692 1930 1752 2003 ιι)
1778 1930 2029 1988 ultimum
2072 1932 2135 1988 il-

537 2010 668 2069 lium
693 2016 882 2084 Aram,
903 2017 955 2073 id
989 2028 1095 2088 est,
1136 2021 1398 2094 Syrorum
1428 2023 1808 2097 Damasci,qtti
1831 2025 2134 2096 appellatur

542 2106 676 2178 Mes;
716 2111 1063 2184 interpretati
1106 2122 1235 2172 sunt
1262 2119 1439 2192 μοσόχ
1470 2134 1484 2172 :
1523 2132 1620 2190 pro
1658 2132 1769 2190 quo
1803 2132 1903 2176 nos
1931 2120 2135 2176 rectius

539 2200 1423 2268 Maenastransiet-intus.'l'hnbal
1449 2221 1632 2268 autem
1660 2212 1775 2269 sive
1790 2212 2017 2283 Tltobei,
2041 2218 2137 2270 aut

537 2289 692 2350 Italia
719 2297 1129 2369 interpretatur,
1157 2312 1251 2357 aut
1274 2300 1472 2374 Iberia,
1496 2303 1601 2361 hoc
1630 2314 1734 2372 est,
1760 2305 2039 2377 Hispania,
2066 2305 2136 2362 ab

539 2383 698 2444 ibero
723 2388 971 2463 ﬂumine,
1001 2393 1146 2451 unde
1170 2402 1223 2452 et
1245 2394 1409 2453 hodie
1439 2396 1818 2468 Hispaniarum
1865 2401 2018 2471 regio
2041 2408 2136 2472 ap-

539 2480 776 2631 peliazpbr
801 2483 1120 2651 Ce;tiberia.
1156 2487 1233 2545 De
1261 2488 1457 2561 quibus
1487 2492 1712 2561 pulchre
1740 2488 2136 2565 Lucanus“:-

539 2587 654 2629 can.
765 2616 779 2630 .
822 2591 875 2632 tv
933 2594 949 2634 :

539 2587 654 2629 can.
689 2587 779 2631 ιω.
822 2587 899 2634 ιν)
933 2594 949 2634 ε

723 2688 974 2742 Gallorum
995 2690 1150 2745 Celtae
1173 2694 1446 2747 miscentes
1469 2705 1652 2749 nomen
1675 2696 1836 2751 Iberis
1862 2710 1875 2748 :

533 2854 671 2912 quos
700 2855 803 2899 nos
828 2856 1120 2914 possumus
1141 2844 1565 2918 Gallohispanos
1592 2847 1802 2906 dicere.
1832 2848 2011 2907 Grani
2039 2864 2137 2908 au-

538 2941 673 3002 tem,
703 2937 794 3007 qui
812 2951 1074 2995 sermone
1094 2939 1364 2997 Hebraieo
1384 2942 1733 3014 appellantur
1751 2942 1947 3012 lavan,
1966 2943 2137 3002 Jonas

536 3028 880 3100 signiﬁcant:
913 3033 1059 3089 unde
1085 3041 1142 3089 et
1168 3033 1348 3091 Graeci
1393 3034 1584 3105 Jones,
1614 3046 1669 3094 et
1694 3053 1848 3096 mare
1890 3039 2132 3099 Ionium.

535 3120 605 3176 Et
633 3122 738 3177 iter:
765 3126 1246 3197 censidcrandum,
1278 3128 1423 3200 quod
1465 3132 1702 3189 maxime
1731 3132 2044 3191 Orientales
2067 3135 2137 3193 de

2237 1923 2352 1994 ipse
2374 1923 2513 1978 enim
2544 1932 2755 1978 noverat
2784 1921 2913 1994 quid
2939 1931 3071 1979 esset
3115 1928 3169 1978 in
3196 1922 3403 1978 homine
3430 1920 3619 1996 (lauti.
3654 1934 3720 1988 tt,
3748 1921 3839 1991 ει.

2236 2015 2357 2089 25).
2385 2017 2485 2074 Cui
2511 2025 2569 2075 et
2600 2016 2733 2074 illud
2759 2018 3053 2089 congruit:
3103 2008 3286 2075 Sciens
3311 2027 3485 2074 autent
3513 2016 3675 2076 Iesus
3702 2020 3841 2091 sagi-3

2238 2111 2459 2166 tationes
2492 2124 2674 2167 eorum
2704 2110 2857 2186 (Luc.
2889 2126 2979 2183 v1,
3010 2106 3091 2184 8).
3124 2112 3195 2168 Et
3224 2113 3281 2169 in
3306 2112 3419 2168 alio
3450 2112 3574 2168 loco
3614 2128 3629 2166 :
3664 2111 3843 2169 Sciens

2237 2210 2406 2258 autem
2427 2202 2582 2259 Iesus
2612 2204 2866 2259 malitiam
2888 2214 3068 2259 eorum
3099 2202 3318 2276 (Matth.
3354 2210 3487 2275 sttit,
3525 2202 3641 2277 18).
3672 2205 3751 2260 Ac
3776 2212 3841 2261 Ite

2239 2294 2417 2363 aliqua
2447 2296 2517 2352 sit
2540 2295 2828 2364 dubitatio,
2858 2295 3133 2353 hmticis
3156 2297 3491 2355 calumniam
3518 2297 3839 2356 incientibus

2238 2395 2308 2452 de
2331 2392 2510 2452 Verbo
2536 2396 2655 2464 Dei,
2681 2396 2826 2467 quod
2860 2396 3074 2453 noverit
3108 2396 3314 2459 omnia,
3359 2396 3412 2451 in
3440 2395 3696 2468 Epistula
3723 2410 3838 2466 qtne

2238 2486 2306 2544 ad
2339 2487 2597 2544 Hebraeos
2625 2488 2909 2554 scribitur,
2961 2488 3228 2560 prolixius
3269 2486 3507 2545 dicitur:
3550 2486 3737 2545 Vivens
3769 2497 3841 2546 est

2238 2581 2373 2636 enim
2393 2594 2558 2636 sermo
2589 2579 2703 2649 Dei,
2731 2592 2776 2636 et
2806 2581 3014 2637 evidens
3040 2590 3089 2636 et
3116 2590 3299 2635 acutus
3318 2594 3474 2654 super
3499 2594 3706 2638 omnem
3730 2582 3840 2653 gitt—

2240 2672 2387 2728 dittm
2411 2673 2691 2742 bicipitem,
2711 2682 2757 2728 rt
2779 2673 3017 2729 dividens
3044 2686 3205 2748 usque
3219 2675 3288 2730 ad
3305 2676 3641 2748 partitionem
3655 2676 3838 2732 anim

2239 2776 2288 2823 et
2322 2766 2557 2835 spiritus,
2605 2776 2817 2822 artuum
2860 2780 3062 2840 quoque
3087 2776 3137 2822 et
3173 2766 3543 2835 medullarum,
3578 2774 3630 2824 et
3671 2768 3837 2841 judes

2239 2860 2609 2933 cogitationum
2625 2868 2675 2917 et
2703 2874 2953 2916 sensuum
2975 2861 3169 2916 cat-dis.
3200 2859 3471 2931 Nullaque
3493 2871 3569 2916 est
3601 2866 3837 2918 «eam

2240 2954 2510 3011 invisibilis
2528 2955 2583 3010 in
2594 2962 2870 3027 conspectu
2884 2958 3019 3028 ejus.
3039 2955 3228 3011 Otttnio
3244 2962 3419 3012 autem
3436 2956 3580 3012 nuda
3591 2962 3640 3012 et
3660 2964 3837 3029 aperta

2238 3054 2357 3106 sunt
2371 3048 2535 3106 oculis
2556 3050 2722 3115 illius,
2748 3049 2929 3121 dequo
2945 3050 3091 3106 nobis
3113 3064 3279 3105 sermo
3304 3056 3380 3105 est
3403 3048 3598 3119 (Hebr;
3626 3062 3701 3120 tv,
3723 3049 3830 3122 12).

2242 3144 2532 3215 Postquam
2551 3152 2730 3201 autem
2748 3156 2944 3200 omnes
2964 3143 3332 3215 cogitationes
3354 3144 3411 3199 in
3442 3156 3613 3199 unum
3637 3144 3835 3203 fuerint

535 3211 735 3284 Japhet
766 3219 1014 3285 posuerit
1043 3221 1315 3289 nationes,
1346 3234 1458 3279 uno
1482 3220 1719 3279 illion
1738 3225 1855 3284 Noe
1878 3244 1894 3281 :
1920 3226 2052 3283 licet
2077 3227 2134 3284 in
2162 3235 2208 3300 Ο
2239 3211 2604 3309 congregatae,
2649 3244 2971 3293 accusantes
3001 3211 3100 3292 nos
3129 3236 3213 3293 vel
3258 3235 3633 3293 detondentes
3660 3254 3675 3293 :
3708 3248 3831 3293 tunc

537 3308 765 3367 'l‘tiarsis
795 3322 854 3369 et
877 3313 1056 3384 Pitud,
1086 3315 1212 3373 Sem
1234 3328 1450 3390 quoque
1479 3327 1536 3377 et
1562 3318 1732 3377 Citam
1754 3322 1809 3378 td
1832 3333 1937 3393 est,
1970 3324 2136 3382 india:

536 3414 590 3460 et
606 3405 802 3463 Africa:
825 3412 1105 3466 nominum
1128 3409 1296 3469 fuerit
1315 3414 1655 3483 recordatus,
1676 3428 1735 3472 ιιι
1750 3426 1923 3475 totum
1943 3420 2136 3476 urbem

535 3499 868 3557 ostenderet.
909 3501 1069 3559 Venit
1092 3516 1223 3577 ergo
1256 3506 1540 3576 Dominus,
1572 3518 1627 3567 ιιι
1653 3520 1823 3583 opera
1846 3518 1905 3569 et
1930 3513 2137 3585 cogita-

535 3592 713 3648 tiones
743 3607 1041 3669 congreget
1075 3599 1444 3671 singulorum.
1481 3604 1556 3659 Ex
1583 3619 1693 3677 quo
1722 3607 1984 3664 discintus
2023 3618 2135 3666 non

535 3686 715 3742 solum
744 3702 933 3760 opera,
964 3690 1060 3747 sed
1104 3698 1160 3750 et
1202 3696 1559 3766 cogitationes
1589 3715 1713 3758 esse
1744 3702 1798 3756 in
1827 3701 1919 3758 die
1940 3701 2134 3775 judicli

528 3776 878 3849 iudicandas.
911 3782 1015 3852 Qui
1042 3787 1189 3841 enim
1218 3787 1417 3846 viderit
1448 3791 1736 3850 mulierem
1775 3795 1845 3851 ad
1873 3796 2135 3867 concupi-

535 3875 820 3941 scendum,
838 3877 951 3948 jam
970 3880 1271 3938 moechatus
1287 3894 1370 3940 est
1388 3900 1509 3941 eam
1526 3886 1583 3942 in
1600 3888 1767 3946 corde
1786 3902 1888 3946 suo
1910 3888 2130 3964 (Matth.

534 3967 616 4038 ν).
638 3967 713 4024 De
738 3970 935 4042 quibus
955 3974 1160 4032 dicitur
1183 3994 1198 4033 :
1232 3976 1390 4034 Nunc
1408 3980 1855 4039 circumdederunt
1882 3998 1970 4041 eos
1992 3985 2135 4060 cogi-

537 4062 758 4116 tationes
779 4074 922 4121 stus:
964 4068 1183 4139 quando
1207 4068 1476 4141 judicabit
1505 4074 1769 4133 Dominus
1813 4076 2132 4136 abscondita

536 4150 816 4213 hominum
863 4162 1163 4217 secundum
1214 4163 1567 4237 Evangellum
1604 4167 1735 4226 Iesu
1782 4170 2027 4241 Christi;
2074 4182 2134 4232 ut

535 4245 667 4339 illud
690 4250 834 4319 quod
863 4255 1157 4323 Apostolus
1176 4258 1386 4325 scribit,
1416 4260 1647 4319 veritate
1660 4262 1853 4333 judicii
1876 4280 2133 4339 compro~

536 4338 715 4407 betur,
748 4342 962 4399 invicem
991 4348 1386 4420 cogitationibus
1422 4356 1788 4413 accusantibus
1825 4364 1872 4415 et
1911 4363 2129 4434 satisfa-

538 4433 807 4502 cientibtts,
839 4438 894 4493 in
921 4443 1004 4496 die
1027 4458 1129 4514 qua
1147 4444 1411 4517 judicabit
1451 4447 1594 4504 Deus
1628 4448 1934 4510 abscondita
1963 4454 2133 4511 Itami—

536 4538 664 4584 num
687 4526 869 4602 (Rom.
889 4546 947 4599 tt,
976 4534 1101 4608 15):
1131 4546 1187 4593 ttt
1207 4540 1567 4610 cogitationes
1589 4544 1790 4601 nostra:
1811 4556 2004 4603 omnes
2021 4556 2130 4605 uno

2237 3346 2431 3389 omnes
2450 3342 2644 3403 gentes
2672 3341 2728 3387 et
2758 3331 2960 3403 lingua:
2988 3344 3112 3386 cunt
3143 3330 3575 3401 cogitationibus
3604 3331 3718 3387 suis
3740 3342 3834 3403 ps-

2236 3426 2373 3482 riter
2402 3423 2746 3481 adducentur
2787 3423 2842 3479 in
2874 3423 3135 3479 medium.
3169 3423 3403 3495 Linguae
3451 3431 3637 3480 autem
3679 3422 3831 3495 juxta

2234 3516 2547 3591 apostolum
2577 3519 2828 3585 Paulum,
2859 3510 3028 3593 819
3055 3530 3162 3572 non
3185 3517 3363 3573 solum
3392 3514 3679 3574 hominum
3705 3514 3836 3590 legis

2236 3620 2378 3679 mna,
2405 3610 2499 3668 sed
2527 3618 2583 3668 et
2608 3610 2944 3683 Angelorum
2988 3610 3042 3682 (l
3077 3608 3198 3667 Cor.
3232 3608 3387 3683 xm).
3419 3608 3499 3665 Ex
3529 3622 3640 3682 quo
3678 3606 3832 3667 intele

2235 3704 2327 3775 iigi
2358 3704 2537 3770 datur,
2588 3714 2781 3759 omnes
2819 3711 3100 3759 creaturas
3144 3718 3173 3756 a
3222 3698 3458 3759 Domino
3486 3701 3829 3774 iudicandas,

2235 3812 2345 3855 non
2376 3798 2553 3855 solum
2594 3802 2761 3870 super
2787 3806 3014 3862 terram,
3045 3796 3142 3852 sed
3187 3795 3240 3852 in
3269 3806 3399 3852 aere
3429 3805 3484 3853 et
3514 3796 3570 3852 in
3598 3794 3834 3853 caelesti-ﬁ

2236 3893 2360 3960 bus,
2398 3894 2552 3965 juxta
2580 3893 2722 3964 quod
2760 3892 2877 3964 ipse
2908 3890 2962 3947 in
2992 3888 3367 3963 superioribus
3409 3884 3661 3949 diserat:
3708 3889 3828 3947 Ine;

2235 3988 2430 4044 briutus
2460 3996 2533 4044 est
2560 3985 2771 4063 gladius
2798 4000 2938 4041 meus
2959 3987 3015 4041 in
3041 3982 3190 4053 cmlo,
3213 3980 3285 4039 ad
3314 3992 3609 4053 terramque
3629 3986 3831 4042 descen-

2234 4084 2320 4138 det
2351 4079 2504 4155 (Isai.
2536 4096 2721 4150 xxxiv,
2772 4079 2855 4153 5).
2891 4078 3129 4136 Vettient
3160 4091 3341 4136 autem
3382 4088 3599 4149 omnes,
3646 4089 3706 4135 ut
3749 4076 3830 4135 vi;

2231 4176 2400 4232 deant
2426 4172 2656 4246 gloriam
2691 4172 2787 4229 Dei
2815 4190 2828 4227 :
2862 4182 2916 4229 et
2945 4181 3113 4243 ponet
3140 4169 3193 4226 in
3220 4170 3305 4229 eis
3331 4174 3573 4244 Signum,
3605 4170 3750 4243 quod
3774 4168 3827 4227 in

2233 4266 2541 4325 Ezechielis
2559 4264 2827 4338 principio
2848 4265 2951 4320 sub
2967 4280 3112 4322 TﬂAU
3132 4263 3332 4321 litterze
3351 4262 3637 4322 Hebraicae
3662 4265 3823 4323 inter-

2232 4360 2542 4435 pretatione
2598 4368 2935 4417 monstratur
2965 4358 3180 4433 (Ezech.
3227 4358 3328 4432 ts).
3382 4354 3507 4428 Quo
3550 4360 3707 4431 signo
3736 4359 3824 4431 qui

2232 4454 2397 4512 fuerit
2441 4454 2763 4526 impressus,
2799 4454 2998 4510 manus
3031 4451 3389 4524 percutientis
3430 4440 3677 4525 elingict.
3721 4450 3827 4510 [ioc

2233 4560 2288 4609 et
2320 4561 2505 4622 postes
2533 4546 2820 4607 domorum
2850 4550 2902 4606 in
2935 4536 3175 4621 Egypto
3198 4546 3581 4617 signabantur,
3615 4544 3826 4619 quando

536 4635 786 4699 tempore
815 4636 1160 4705 oongregatae
1196 4635 1347 4708 justo
1376 4636 1406 4677 δ
1427 4638 1614 4711 judice
1646 4640 1965 4713 probentur,
1999 4640 2127 4702 dum
2152 4637 2207 4697 D
2234 4652 2496 4716 pereunte
2517 4642 2774 4717 Egypto,
2810 4641 2959 4698 solus
2978 4638 3147 4697 israei
3175 4638 3376 4697 mansit
3398 4637 3605 4696 iliasus
3633 4634 3823 4713 (Exod.

537 4730 631 4777 aut
661 4733 880 4779 accusat
905 4720 1074 4801 818
1100 4744 1200 4785 nos
1228 4742 1416 4788 nostra
1455 4734 1812 4804 conscientia,
1843 4743 1941 4795 aut
1969 4740 2131 4796 satis;

536 4812 661 4870 facit
690 4828 791 4888 pro
813 4816 1035 4889 delicto,
1073 4831 1251 4880 utrum
1285 4826 1439 4896 plura
1471 4829 1582 4884 sint
1608 4839 1854 4902 peccata,
1889 4844 1958 4888 an
1985 4830 2129 4891 liena

536 4922 738 4981 opera:
768 4920 821 4967 ct
855 4922 1033 4969 utrum
1065 4926 1269 4985 vetera,
1300 4934 1368 4975 an
1395 4936 1569 4977 nova:
1604 4932 1784 4980 utrum
1806 4925 1987 4983 deleta
2016 4941 2130 4999 pm-

535 5003 790 5075 nitcntia,
818 5021 886 5063 an
913 5008 1068 5065 novis
1085 5010 1384 5070 sceleribus
1410 5015 1734 5087 instaurata,
1761 5019 1978 5090 quando
2000 5018 2133 5078 dicit

534 5099 834 5158 Dominus:
875 5100 997 5157 Via:
1016 5119 1194 5159 eorum
1224 5104 1345 5161 dedi
1377 5109 1431 5163 in
1457 5112 1630 5184 capita
1658 5128 1872 5170 eorum:
1900 5122 1949 5169 et
1974 5116 2123 5190 cogi-

533 5193 751 5284 tationes
770 5209 947 5249 eorum
968 5196 1183 5251 reddam
1204 5197 1275 5251 cis
1298 5198 1450 5271 (Osee
1473 5217 1548 5268 tv,
1576 5200 1655 5274 9).
1683 5204 1784 5272 Qui
1802 5207 1959 5277 ﬁnxit
1976 5204 2127 5284 sigill-

534 5279 680 5337 latt'm
702 5287 859 5341 corda
879 5302 1073 5355 eorum,
1102 5298 1149 5342 et
1170 5284 1414 5363 intelligit
1435 5295 1609 5350 omnia
1628 5312 1783 5369 opera
1800 5310 1976 5354 eorum
1999 5279 2119 5373 (Ds.

529 5391 680 5433 xxxii
703 5420 719 5447 ,
752 5379 867 5452 15.)
899 5381 973 5438 De
1002 5381 1201 5453 quibus
1232 5393 1289 5440 et
1317 5385 1372 5439 in
1403 5385 1514 5440 alio
1560 5386 1682 5445 loco
1727 5389 1996 5462 legimus:
2044 5388 2122 5449 Tu

526 5472 798 5541 cegnoscis
818 5475 977 5529 corda
996 5475 1268 5532 hominum
1289 5476 1437 5533 solus
1457 5477 1527 5551 (li
1547 5477 1679 5534 Par.
1708 5492 1781 5552 vt,
1805 5481 1922 5554 30).
1950 5483 2120 5544 Nemo

527 5620 735 5715 capte,
771 5639 826 5715 et
854 5650 975 5715 quae
1024 5635 1096 5693 ibi
1126 5647 1473 5715 annotamns.
1506 5638 1667 5715 Adde
1690 5642 1734 5696 si
1765 5642 1933 5707 iubet,
1961 5643 2125 5701 Com-

530 5708 767 5786 ιλιιειιῑιιε.
792 5708 845 5758 in
870 5708 1062 5786 Jona_m
1111 5725 1232 5786 cap.
1266 5729 1302 5779 ι,
1335 5722 1391 5769 et
1427 5712 1495 5769 de
1524 5712 1765 5786 gentium
1814 5716 2127 5775 noininibt'ts

531 5765 878 5859 Quat'st‘iopes
907 5778 961 5859 in
981 5765 1246 5859 .Genesi'tn
1266 5765 1393 5859 cap.
1428 5765 1485 5840 il

604 5848 633 5895 θ
656 5838 1049 5926 Conlerasltz'ec
1071 5838 1410 5933 vetustaru‘m
1428 5838 1681 5938 gentium
1703 5859 1944 5941 ιιοιηηιθ,
1971 5871 2132 5947 atque

2231 4738 2352 4812 xu).
2385 4734 2466 4796 De
2497 4739 2601 4797 hoc
2626 4738 2784 4812 signo
2803 4737 2947 4811 quod
2976 4735 3165 4793 Acbaz
3193 4746 3290 4792 rex
3321 4734 3460 4792 .iuda
3490 4734 3718 4791 nolebat
3737 4744 3825 4790 aes

2231 4834 2437 4905 cipere,
2471 4830 2641 4889 lsaias
2665 4828 2929 4902 propheta
2958 4837 3219 4887 testatur:
3244 4826 3531 4903 Propterea
3557 4828 3701 4884 dabit
3721 4824 3826 4882 Do-

2230 4927 2402 4982 minus
2433 4927 2570 4980 vobis
2599 4925 2843 4998 signum:
2887 4923 3016 4978 Ecce
3044 4923 3190 4995 virgo
3226 4923 3281 4976 in
3324 4934 3473 4978 utero
3502 4921 3754 4992 concipiet
3780 4928 3823 4974 et

2231 5018 2398 5092 pariet
2430 5016 2587 5091 (luti.
2616 5032 2712 5085 vn,
2740 5012 2852 5089 ιι).
2876 5012 3028 5072 Unde
3051 5024 3107 5071 et
3130 5010 3400 5086 Propheta
3425 5012 3573 5084 quod
3598 5012 3825 5084 promis-

2230 5126 2350 5168 sum
2383 5112 2581 5181 l'tterat,
2620 5108 2978 5181 deprecatur:
3012 5106 3128 5164 Fac
3157 5125 3351 5164 mecum
3402 5109 3616 5182 signum
3642 5108 3698 5163 in
3733 5107 3822 5162 bo-

2226 5220 2351 5260 num
2377 5204 2549 5279 (Paul.
2581 5220 2777 5273 nxxxv,
2812 5205 2922 5275 l7).
2954 5202 3020 5258 Et
3054 5203 3109 5257 in
3138 5201 3248 5256 alio
3292 5200 3454 5255 loco:
3486 5198 3698 5255 Dedisti
3723 5214 3823 5253 tne-

2225 5299 2485 5354 tuetttt'bus
2513 5308 2560 5354 te
2590 5298 3047 5375 signiﬁcationem,
3090 5306 3147 5350 ιιι
3175 5298 3410 5369 fugerent
3440 5311 3473 5347 α
3507 5294 3647 5366 facie
3676 5300 3822 5347 arcas

2224 5392 2401 5464 (Psal.
2433 5410 2546 5464 ιιι,
2568 5393 2652 5466 4).
2686 5393 2798 5450 lloc
2836 5392 2994 5448 nobis
3025 5386 3091 5448 ad
3123 5386 3341 5448 Patrem
3372 5388 3681 5446 ascendens
3720 5384 3820 5443 Do-

2222 5487 2406 5543 minus
2431 5488 2744 5559 dereliquit,
2773 5485 2891 5542 sire
2916 5485 2972 5542 in
3002 5485 3207 5541 nostris
3233 5483 3513 5540 frontibus
3538 5483 3742 5555 posuit,
3766 5484 3819 5536 ut

2232 5647 2471 5719 origines
2498 5662 2622 5704 cum
2653 5648 2738 5706 itis
2766 5662 2900 5714 quas
2928 5652 3151 5703 enarrat
3186 5653 3335 5719 tanta
3362 5644 3531 5699 tertio
3556 5643 3615 5698 in
3639 5641 3821 5712 ρυωιο

2236 5716 2475 5793 tionibus
2502 5719 2667 5777 ilebr.
2708 5722 2761 5776 in
2790 5719 2994 5793 Getieis.
3026 5730 3148 5790 cap.
3182 5726 3238 5793 ξ,
3270 5716 3308 5771 2
3334 5722 3390 5772 et
3412 5724 3572 5793 seqq.
3649 5786 3657 5793 Α
3763 5789 3769 5793 _

2304 5790 2334 5867 Ρ
2370 5790 2602 5867 Victor“
2623 5795 2830 5867 justum
2857 5786 3425 5867 iudicemprobent,_e_x
3454 5786 3665 5867 aliquot
3688 5789 3814 5843 mss.

2237 5864 2325 5923 cui
2352 5872 2417 5924 et
2437 5858 2598 5922 Pauli
2614 5858 2983 5923 t'estimoniutn
3010 5858 3255 5937 concinit
3279 5858 3349 5919 ad
3375 5859 3610 5942 Roman.
3642 5870 3699 5939 ιι.
