4084 6324
246 308 367 374 669

754 309 1404 373 COMMENTARIORUM
1445 307 1513 365 1N
1550 302 1787 366 lSAlAM
1825 286 1866 361 ι»

1969 292 2251 363 ΡΗΕΤΑΜ
2290 288 2420 360 ΙΛΒ.
2465 302 2655 360 XVIII.
2697 301 2853 360 CAP.
2896 300 3088 359 LXVI.

3465 292 3571 357 670

244 439 442 496 libere
474 430 787 496 diceremus
812 454 825 492 :
862 434 1145 510 Signatum
1175 438 1248 488 est
1270 442 1422 504 super
1447 445 1538 484 nos
1561 429 1733 484 lunien
1754 418 1864 484 vul-
1896 412 1950 489 Α
1973 421 2074 479 bus
2105 428 2272 493 supra
2307 418 2579 492 legimus:
2611 416 2809 510 Quibus
2837 426 2941 475 non
2972 424 3044 475 est
3074 416 3372 510 nuntiatum
3395 412 3461 472 ile
3487 414 3573 510 ei),

244 541 338 587 tus
363 528 466 599 tui,
499 524 724 609 Domine
755 524 930 603 (Psal.
963 545 1037 595 tv,
1063 522 1142 599 7).
1173 520 1326 595 Quod
1371 530 1550 579 autem
1582 521 1864 591 sequitur:

247 618 328 680 Et
356 624 564 680 mittam
587 641 652 679 ex
680 624 754 679 eis
779 623 867 697 qui
895 618 1080 677 saluati
1119 618 1313 692 fuerint
1338 616 1408 671 ad
1437 624 1607 690 gentes
1626 630 1645 669 :
1671 622 1727 669 et
1754 608 1868 669 sin—

246 720 419 791 gulas
440 727 755 784 enumerat,
781 716 995 772 videtur
1015 710 1349 780 expositioni
1373 717 1575 765 nostra:
1591 718 1715 764 esse
1737 716 1871 761 con-t

247 816 523 871 trarium.
554 810 614 870 Si
662 806 809 868 enim
842 810 910 867 de
937 804 1027 866 die
1070 804 1264 880 iudicii
1306 802 1549 861 dicitur:
1596 799 1868 871 quomodo

243 912 488 967 rursum
534 898 607 962 ad
636 906 875 977 primum
927 901 1165 959 recurrit
1192 898 1495 958 Salvatoris
1546 895 1863 962 adventum,

246 990 489 1068 quando
520 998 771 1071 Apostoli
805 994 1119 1069 diriguntur
1148 990 1215 1049 ad
1245 1003 1462 1063 gentes,
1491 999 1545 1046 et
1583 988 1807 1043 audiunt
1835 998 1866 1041 a

246 1093 537 1151 Domino:
568 1076 599 1146 l
608 1102 679 1159 te,
708 1089 886 1144 docete
911 1104 1087 1143 omnes
1110 1095 1305 1159 gentes,
1350 1082 1670 1153 baptizantes
1700 1096 1785 1134 eas
1811 1079 1867 1133 in

246 1186 473 1242 nomine
498 1170 678 1238 Patris
699 1192 747 1237 et
770 1172 903 1236 Filii
922 1191 969 1236 et
990 1176 1221 1247 Spiritus
1240 1176 1407 1232 sancti
1426 1172 1644 1249 (blattlt.
1671 1188 1865 1241 xxvut,

249 1274 381 1347 19.)
398 1274 560 1346 Quod
579 1272 652 1330 ita
675 1273 933 1330 solvitur:
956 1264 1153 1328 Judicii
1179 1268 1512 1342 praedicatur
1532 1266 1673 1332 dies,
1698 1264 1868 1322 immo

248 1366 663 1436 comminatur,
693 1375 751 1422 ut
772 1374 920 1423 metu
942 1364 1142 1420 futura:
1170 1377 1364 1435 paenae,
1390 1360 1659 1431 recipiant
1681 1358 1869 1416 Salva-s

250 1460 400 1515 toris
417 1444 720 1515 adventum
743 1462 799 1514 et
819 1446 1208 1529 Apostolorum
1230 1452 1605 1526 Evangelium,
1628 1452 1716 1524 qui
1740 1464 1867 1510 ante

250 1546 521 1607 mittendi
562 1557 712 1605 sunt.
742 1544 979 1605 Pulchre
1007 1558 1192 1605 autem
1229 1545 1414 1603 dixit:
1463 1540 1532 1599 Et
1580 1544 1779 1599 mittam
1804 1560 1867 1600 ea:

251 1646 331 1700 eis
351 1644 443 1718 qui
469 1642 663 1700 saluati
686 1644 884 1712 fuerint
933 1640 1091 1718 (Isai.
1116 1658 1263 1710 vat,
1304 1636 1417 1714 l8).
1443 1630 1558 1696 Nisi
1584 1640 1726 1709 enim
1760 1638 1866 1695 Do-

249 1739 443 1793 minus
475 1736 641 1792 nobis
678 1736 989 1805 reliquisset
1016 1750 1227 1803 semen,
1269 1730 1423 1807 quasi
1453 1728 1688 1789 Sodoma
1715 1746 1867 1788 esse-

1970 514 2243 571 m'debunt:
2265 523 2311 570 et
2331 514 2421 587 qui
2439 526 2545 569 non
2562 508 2858 583 audierunt,
2884 510 3177 583 intelligent
3192 502 3350 582 (tsai:
3371 514 3466 576 ιν,
3487 502 3571 582 5)ι

1971 596 2040 665 Et
2069 606 2266 664 iterum
2294 624 2310 663 :
2341 606 2575 679 Apporui
2600 602 2682 661 his
2700 604 2791 678 qui
2814 616 2899 660 me
2916 620 3021 660 non
3045 598 3472 676 interrogabant:
3490 602 3575 658 in-

1969 708 2149 759 ventus
2166 712 2279 755 sum
2304 698 2366 754 ab
2389 694 2468 754 bis
2495 700 2581 770 qui
2609 704 2691 753 me
2709 706 2813 754 non
2836 695 3131 770 qurerebant
3156 695 3311 770 (Iani.
3338 692 3462 758 Lx'v,
3489 688 3570 766 1).

1971 794 2135 851 Dixi:
2169 790 2312 850 Ecce
2355 790 2566 862 adeum,
2600 790 2687 848 his
2728 792 2821 863 qui
2854 800 2964 847 non
3009 788 3336 846 invocabant
3364 788 3570 846 mmet!

1970 896 2174 944 meum.
2222 880 2429 942 insulas
2472 892 2653 941 autem
2702 878 3023 955 signiﬁcari,
3076 881 3167 938 vel
3218 882 3390 938 latins
3417 878 3573 937 orbis

1968 991 2183 1055 gentes,
2225 974 2311 1037 Vel
2342 976 2622 1037 Ecclesiae
2652 981 2706 1036 in
2754 986 2872 1036 toto
2905 974 3045 1035 orbe
3070 972 3347 1048 dispersas
3370 972 3571 1032 crebro

1968 1072 2228 1244 dilati:
2254 1160 2374 1239 ΞΟ.)
2424 1164 2495 1221 Et
2542 1158 2931 1221 annuntiabunt
2976 1156 3202 1236 gloriam
3241 1168 3411 1216 meant
3442 1168 3469 1198 ο
3513 1159 3571 1215 iu

1968 1260 2131 1340 821
2146 1262 2399 1337 gentibus,
2452 1271 2499 1315 et
2530 1260 2791 1315 adducent
2839 1268 3013 1313 omnes
3043 1256 3234 1329 fratres
3281 1260 3476 1311 vestros
3505 1246 3571 1308 de

1968 1362 2168 1416 cunctis
2194 1352 2430 1431 gentibus
2461 1350 2655 1411 donum
2676 1350 2925 1413 Domino,
2942 1350 2997 1406 in
3016 1350 3184 1419 equis,
3209 1357 3258 1405 et
3283 1348 3340 1404 in
3352 1344 3571 1418 quadri-

1967 1454 2070 1526 gis,
2103 1455 2225 1506 etin
2255 1449 2474 1516 lecticis,
2497 1454 2547 1504 et
2568 1447 2621 1502 in
2642 1444 2820 1511 titulis,
2852 1453 2899 1500 et
2929 1443 2985 1499 tn
3023 1440 3272 1501 carrucis,
3299 1439 3368 1495 ad
3416 1452 3567 1496 mon-

1968 1556 2070 1602 tem
2094 1554 2333 1602 sanctum
2360 1554 2532 1598 meum
2554 1536 2867 1607 Ierusalem,
2892 1536 3019 1593 dicit
3073 1534 3349 1592 Dominus.
3391 1530 3570 1593 ιχιιε

1968 1632 2039 1695 Et
2068 1637 2449 1695 annuntiabunt
2472 1634 2699 1708 gloriam
2741 1644 2907 1688 meam
2936 1632 2992 1687 in
3024 1624 3298 1704 gentibus:
3328 1630 3377 1683 et
3401 1627 3571 1683 addu-

1969 1745 2083 1791 cent
2115 1736 2305 1808 fratres
2330 1738 2526 1789 vestros
2546 1728 2611 1785 de
2641 1728 2840 1785 cunctis
2866 1724 3159 1782 nationibus
3211 1716 3407 1779 donum
3465 1716 3573 1777 Do-

250 1845 409 1901 mus,
442 1838 500 1885 et
524 1824 737 1884 similes
759 1826 1085 1885 Gomorrlue
1107 1822 1420 1883 fuissemus.
1448 1824 1514 1882 Et
1533 1824 1862 1897 Apostolus:
1897 1830 1944 1897 Β
1970 1830 2131 1896 mino,
2164 1844 2282 1883 cum
2308 1828 2450 1900 equis
2477 1830 2526 1881 et
2556 1822 2752 1889 rhedis,
2777 1822 2832 1879 in
2858 1822 3113 1894 lampenis
3138 1818 3420 1885 mutarunt,
3454 1824 3571 1901 cum

248 1918 538 1996 Reliquitc,
564 1921 763 1994 inquit,
786 1919 945 1977 saltue
969 1916 1121 1994 facile
1147 1930 1266 1975 sunt
1300 1916 1477 1993 (Rom.
1509 1936 1585 1985 Ix,
1619 1914 1739 1989 27).
1767 1914 1863 1974 Isti

251 2017 558 2072 mittuntur
583 2012 651 2071 ad
678 2024 873 2086 gentes
903 2012 963 2071 in
993 2010 1245 2083 Tharsis,
1278 2024 1329 2070 et
1354 2006 1534 2080 Phud,
1563 2025 1618 2069 et
1638 2008 1780 2079 Lud,
1810 2022 1863 2070 et

252 2102 508 2175 llosoch,
540 2117 599 2163 et
627 2098 864 2176 Thobel,
888 2116 947 2164 et
973 2106 1263 2177 Graeciam,
1290 2116 1345 2162 et
1366 2102 1575 2161 insulas
1601 2105 1865 2178 plurimas

252 2217 387 2272 qua:
411 2202 576 2273 longe
602 2208 750 2269 sunt,
787 2209 843 2255 et
864 2215 984 2271 qua:
1020 2215 1135 2256 non
1161 2199 1454 2255 audierunt
1475 2199 1644 2272 820
1666 2213 1864 2256 nomen

253 2297 501 2368 Domini,
553 2310 732 2367 neque
782 2294 1042 2351 viderunt
1094 2294 1327 2366 gloriam
1366 2292 1506 2364 ejus.
1537 2293 1616 2349 De
1666 2290 1865 2365 quibus

250 2388 413 2460 juxta
456 2389 744 2443 historiam
782 2401 950 2458 supra
974 2384 1214 2442 diximus
1239 2388 1257 2459 (
1278 2384 1357 2440 Ad
1381 2402 1498 2459 cap.
1534 2401 1607 2441 xu
1636 2384 1678 2458 ).
1709 2384 1866 2442 Nunc

257 2481 587 2555 stringentia
616 2491 702 2538 est
729 2498 991 2563 anagogc.
1014 2472 1241 2565 'Tharsis
1282 2482 1693 2552 interpretatur,
1723 2488 1751 2518 ι
1776 2497 1866 2536 ex-

259 2576 491 2647 ploratio
517 2566 727 2647 gaudii:
754 2586 814 2630 ut
837 2568 1254 2631 consideremus
1276 2588 1386 2630 non
1413 2588 1474 2630 ea
1501 2589 1621 2646 quae
1644 2572 1699 2630 in
1728 2588 1864 2644 prte-

260 2662 405 2724 senti
432 2677 582 2738 sunt,
617 2662 717 2723 sed
746 2670 870 2739 qua!
898 2664 952 2722 in
977 2664 1197 2733 futuro;
1229 2664 1495 2722 etaudire
1523 2678 1861 2721 mereamur:

265 2759 403 2825 Quia
428 2758 484 2813 in
511 2756 690 2829 paucis
720 2758 890 2829 fuistis
920 2754 1122 2829 ﬁdeles,
1146 2756 1506 2830 ingredientini
1534 2756 1589 2811 in
1618 2755 1865 2828 gaudium“

265 2850 484 2908 Domini
513 2854 667 2909 vestri
711 2852 731 2925 (
760 2850 952 2909 Matth.
987 2869 1114 2923 xxv,
1137 2850 1203 2908 21
1232 2851 1273 2925 ).
1327 2850 1404 2908 De
1432 2868 1540 2921 quo
1568 2860 1623 2908 et
1669 2850 1864 2908 Petrus

264 2940 547 3017 apostolus
563 2945 753 3001 scribit
775 2964 788 3001 :
815 2940 1068 3002 Exultate
1079 2944 1274 3019 gaudio
1296 2942 1549 3012 itte/Tabill
1572 2956 1619 2999 et
1635 2945 1863 3017 glorioso

266 3030 313 3111 (Ι
342 3032 488 3094 Petr.
523 3055 578 3104 ι,
608 3034 700 3110 8);
743 3047 802 3094 ιιι
832 3034 1118 3095 laudemus
1150 3034 1317 3094 Deum
1355 3036 1633 3095 dicentes:
1666 3036 1865 3112 Imple-

265 3136 375 3184 tum
395 3139 470 3185 est
495 3128 691 3205 gaudio
711 3147 768 3185 os
790 3141 1042 3200 nostrum,
1069 3140 1117 3186 et
1140 3131 1322 3204 lingua
1347 3138 1527 3186 nostra
1547 3131 1865 3187 exultatione

1967 1920 2288 1981 umbraculis
2318 1898 2371 1978 in
2401 1932 2638 1977 sanctam
2664 1918 2925 1974 civitatem
2953 1912 3268 1982 Jerusalem,
3295 1906 3428 1968 dicit
3457 1898 3569 1966 Do-

1968 2016 2162 2073 minus.
2194 2010 2261 2072 Hi
2291 2015 2536 2087 quisalvi
2562 2012 2788 2081 fuerint,
2821 2014 2877 2069 et
2904 2008 3057 2066 missi
3090 2008 3158 2065 ad
3191 2009 3369 2063 varias
3397 2004 3575 2062 natio-

1968 2127 2092 2181 nes,
2116 2120 2171 2167 et
2198 2104 2265 2167 ad
2292 2123 2391 2167 eos
2411 2109 2502 2180 qui
2533 2122 2641 2163 non
2672 2100 2963 2162 audierant
2992 2105 3250 2175 primum,
3280 2112 3457 2173 neque
3484 2098 3571 2156 vi-

1967 2205 2163 2262 derant
2182 2200 2416 2275 gloriam
2451 2198 2689 2269 Domini,
2724 2196 3130 2255 annuntiabunt
3183 2211 3303 2252 eam
3356 2193 3571 2250 cunctis

1967 2296 2244 2371 gentibus,
2273 2300 2329 2352 et
2355 2290 2620 2350 adducent
2646 2284 2849 2350 fratres
2876 2290 3060 2364 populi
3085 2282 3320 2359 .ludaici,
3338 2298 3570 2359 quorum

1968 2389 2215 2460 reliquiae
2236 2388 2405 2443 salva:
2433 2386 2591 2443 facta:
2620 2395 2766 2456 sunt,
2792 2398 2990 2440 munus
3014 2382 3242 2438 Domino
3268 2378 3335 2436 de
3359 2380 3574 2435 univer-

1966 2484 2044 2540 sis
2071 2480 2356 2554 gentibus:
2404 2480 2489 2535 vel
2521 2480 2670 2550 ipsos
2702 2478 2797 2550 qul
2842 2470 3165 2532 idololatriae
3211 2484 3401 2530 errore
3442 2486 3574 2529 con-

1967 2580 2199 2646 tempto,
2238 2571 2354 2629 veri
2386 2570 2485 2628 Dei
2526 2568 2776 2626 notitiam
2826 2577 2956 2624 sunt
3003 2567 3200 2633 secuti,
3259 2564 3345 2621 vel
3372 2564 3463 2633 qui
3503 2560 3574 2622 de

1967 2677 2082 2725 toto
2102 2666 2235 2723 orbe
2257 2681 2323 2721 ex
2349 2662 2510 2720 Israel
2544 2658 2742 2735 populo
2761 2660 3133 2717 crediderunt.
3156 2654 3240 2715 Ad
3267 2670 3404 2729 quos
3425 2652 3567 2712 scri-

1966 2758 2049 2818 bit
2073 2766 2130 2816 et
2154 2755 2433 2830 apostolus
2465 2756 2657 2812 Petrus
2690 2753 2732 2828 (l
2762 2746 2910 2810 Petr.
2936 2752 2999 2826 ι).
3053 2748 3344 2809 Adducent
3389 2750 3571 2808 autem

1968 2850 2022 2909 in
2051 2853 2227 2927 equis,
2261 2858 2314 2908 ct
2343 2852 2397 2907 in
2425 2846 2736 2923 quadrigis,
2764 2856 2822 2906 et
2853 2850 2905 2904 in
2936 2847 3168 2917 lecticis,
3193 2854 3249 2902 et
3280 2845 3336 2901 in
3385 2846 3573 2913 mulis,

1967 2946 2099 3002 etin
2140 2942 2405 3001 carrucis.
2438 2942 2544 3000 Pro
2574 2942 2983 3013 carrucis,quas
3014 2941 3162 2996 solus
3183 2939 3573 3009 interpretatus

1963 3053 2051 3100 est
2073 3040 2451 3115 Symmachus,
2484 3053 2643 3110 quem
2695 3050 2796 3093 nos
2826 3036 2880 3092 in
2919 3030 3024 3092 huc
3086 3032 3208 3091 loco
3261 3032 3434 3090 secuti
3488 3042 3574 3087 su-

1968 3146 2110 3204 mus,
2170 3133 2396 3204 Aquila,
2449 3128 2803 3202 Septuaginta
2881 3134 2938 3185 et
2989 3122 3320 3197 Theodotin,
3377 3117 3569 3196 mulos,

269 3218 440 3287 (Psal.
476 3237 639 3287 cxxv,
663 3221 743 3294 2).
775 3210 1039 3295 Quodque
1065 3223 1336 3296 sequitur,
1362 3222 1518 3279 Pltud
1544 3218 1569 3263 ι)
1598 3224 1870 3297 interpre-
1897 3228 1942 3295 ζ]
1978 3224 2387 3281 transtulerunt.
2410 3222 2478 3279 Et
2496 3222 2584 3279 ubi
2604 3236 2835 3293 posuere
2849 3220 3351 3293 Septuaginta,cum
3366 3218 3574 3274 umbra-

267 3324 434 3379 tatur,
468 3317 576 3370 oris
604 3316 874 3370 exclusio:
907 3327 963 3371 ut
984 3326 1200 3373 omnem
1225 3308 1581 3375 excludentes
1606 3319 1863 3390 blastthe-

264 3408 453 3475 miam,
488 3423 553 3463 ea
586 3408 873 3480 loquamur
889 3425 1010 3481 quae
1040 3406 1179 3466 bona
1210 3420 1363 3479 sunt,
1392 3423 1556 3485 atque
1584 3414 1863 3471 dicamus:

271 3498 345 3555 0s
371 3517 535 3555 nteant
555 3501 885 3556 annunttabtt
899 3502 1163 3577 justitiam
1186 3510 1351 3571 tuam,
1374 3501 1623 3560 Domine:
1652 3516 1759 3561 tota
1783 3502 1868 3561 dic

269 3592 498 3647 salutare
525 3596 671 3647 luunt
704 3582 880 3666 (Psal.
909 3610 1043 3661 Lxx,
1079 3592 1196 3667 l5).
1223 3588 1292 3651 Et
1318 3613 1533 3653 rursum
1557 3616 1570 3651 :
1599 3596 1721 3652 Non
1749 3598 1867 3654 abs-

271 3687 422 3740 condi
465 3684 517 3739 in
559 3684 713 3740 corde
749 3703 858 3741 meo
894 3688 1157 3742 veritatem
1185 3694 1349 3755 tuam,
1388 3697 1435 3744 et
1464 3691 1690 3744 salutare
1719 3699 1865 3745 tamn

271 3780 379 3833 dixi
406 3772 580 3850 (Psal.
613 3794 799 3846 xxxtx,
830 3776 941 3851 il).
975 3776 1095 3834 Lud
1120 3796 1340 3853 quoque
1366 3780 1419 3836 in
1445 3778 1625 3853 lingua
1653 3795 1864 3853 nostra,

272 3873 471 3928 utilitas
516 3872 769 3942 vertitur,
800 3874 854 3930 et
902 3868 1141 3946 Mosoclt,
1178 3886 1199 3915 ο
1232 3876 1486 3944 extensio,
1538 3887 1593 3933 et
1642 3868 1863 3945 Thubal,

272 3965 390 4022 sive
416 3962 633 4033 Tltobel,
675 3966 863 4022 ductus
893 3966 961 4022 ad
1007 3966 1224 4036 lactant,
1261 3968 1347 4025 vel
1392 3985 1688 4039 conversus,
1717 3966 1744 4007 ά
1775 3978 1870 4027 aut

275 4060 547 4116 universa:
583 4077 708 4130 quae
733 4060 917 4116 omnia
948 4063 1223 4118 vocationi
1252 4063 1496 4135 gentium
1532 4074 1863 4134 congruunt,

276 4162 326 4207 ut
345 4149 635 4209 utilitatem
652 4165 955 4224 sequantur
972 4168 1072 4225 per
1090 4150 1491 4210 confessionem
1511 4157 1708 4211 animae
1728 4173 1862 4226 sum,

274 4256 327 4301 et
355 4241 758 4317 praeteritorum
807 4246 988 4316 obliti,
1022 4248 1090 4304 ad
1123 4248 1302 4305 futura
1332 4250 1722 4307 extendantur.
1754 4250 1867 4308 Lu-

272 4350 539 4411 geautque
568 4340 788 4411 antiqua
838 4351 1084 4412 peccata,
1133 4350 1191 4398 et
1223 4342 1509 4400 trahantur
1536 4344 1605 4400 ad
1660 4344 1867 4403 luctum

271 4444 433 4507 atque
461 4432 764 4503 tristitiam,
813 4452 935 4509 quae
964 4430 1115 4493 ducit
1140 4430 1209 4494 ad
1251 4436 1443 4495 vitam.
1476 4436 1629 4497 Beati
1667 4442 1869 4515 quippe

269 4528 541 4602 lugentes,
571 4526 831 4602 quoniam
861 4531 967 4604 ipsi
997 4530 1256 4590 ridebunt
1286 4526 1504 4607 (Matth.
1532 4535 1609 4608 v).
1639 4536 1711 4594 Et
1739 4552 1869 4595 con-

1970 3318 2125 3390 culis,
2157 3335 2279 3392 qua:
2314 3334 2414 3375 nos
2434 3318 2743 3374 dormitorio
2768 3316 3119 3386 interpretari
3145 3326 3458 3385 possumus,
3486 3300 3570 3371 vel

1970 3406 2257 3477 baslernas,
2274 3408 2365 3466 alii
2382 3424 2514 3467 voce
2535 3422 2776 3465 consona
2792 3407 3185 3464 transtulerunt
3212 3403 3230 3444 9
3253 3412 3434 3485 φορεῖα
3449 3418 3571 3476 quae

1970 3522 2069 3562 nos
2100 3505 2234 3561 varii
2260 3503 2477 3576 generis
2506 3500 2932 3575 interpretamur
2963 3500 3244 3558 vehicula:
3272 3499 3365 3554 ubi
3386 3508 3569 3556 autem

1968 3596 2323 3670 Septuaginta
2352 3604 2410 3653 et
2455 3586 2764 3653 Tlteodmio
2817 3594 3101 3663 dixerunt,
3148 3588 3438 3663 lampenas,
3470 3604 3570 3663 pro

1969 3693 2162 3761 quibus
2176 3690 2558 3764 Symmachus,
2584 3688 2795 3744 lecticas
2812 3690 3202 3758 interpretatus
3219 3694 3325 3755 est,
3352 3684 3564 3756 Aquila,

1971 3787 2249 3841 σκεπαστά
2273 3782 2472 3853 posuit,
2506 3778 2651 3852 quod
2675 3786 2730 3836 et
2760 3780 2936 3851 ipsum
2965 3776 3183 3835 lecticas
3210 3788 3429 3848 opertas
3462 3778 3571 3849 pel-

1967 3874 2111 3933 libus
2136 3868 2427 3946 signilicat.
2452 3868 2567 3930 [loc
2604 3870 2673 3929 de
2700 3873 2967 3929 varietate
2999 3866 3419 3927 translationum
3450 3871 3570 3926 dic-

1971 3980 2083 4027 tum
2106 3969 2196 4025 sit.
2231 3966 2412 4042 Equ’os
2436 3975 2638 4037 autem,
2670 3980 2726 4025 et
2756 3968 3070 4041 quadrigas,
3117 3981 3173 4024 et
3220 3968 3465 4036 leCticas,
3512 3974 3572 4026 et

1971 4065 2150 4122 mulos
2175 4072 2338 4137 atque
2360 4078 2639 4134 carrucas,
2673 4073 2726 4120 et
2780 4062 2985 4120 diversi
3028 4060 3250 4135 generis
3296 4060 3567 4130 vehicula,

1970 4158 2231 4231 Angelica
2261 4173 2549 4231 possumus
2581 4158 2889 4231 intelligere
2917 4156 3244 4227 ministeria,
3275 4154 3346 4234 de
3373 4154 3570 4230 quibus

1971 4250 2100 4310 alibi
2128 4251 2194 4309 ad
2221 4250 2393 4309 Deum
2419 4246 2620 4309 dicitur
2649 4270 2660 4308 :
2694 4248 2929 4308 Ascende
2960 4262 3118 4323 super
3145 4268 3300 4324 equos
3331 4250 3468 4317 luas,
3514 4244 3563 4307 el

1970 4348 2217 4422 equitatio
2239 4357 2328 4402 tua
2349 4340 2491 4403 salus
2519 4334 2703 4422 (Abas.
2733 4362 2813 4417 ιιι,
2843 4346 2922 4420 8).
2954 4342 3050 4404 His
3089 4346 3269 4420 equis,
3312 4342 3568 4403 curribus

1972 4450 2026 4499 et
2049 4438 2329 4514 quadrigis
2358 4432 2501 4497 Elius
2530 4452 2737 4513 raptus
2782 4439 2849 4495 ad
2874 4436 3073 4497 coelum
3112 4447 3219 4509 est,
3248 4447 3305 4496 et
3357 4432 3571 4497 Eliseus

1971 4533 2298 4593 circumdari
2325 4549 2385 4592 se
2411 4538 2572 4607 atque
2597 4532 2827 4602 servari,
2853 4528 3121 4590 nescienti
3137 4548 3306 4606 puero
3318 4531 3573 4590 demons-

272 4629 552 4678 vertantur
577 4636 773 4679 omnes
806 4618 875 4679 ad
904 4620 1215 4697 Dominum,
1260 4635 1321 4682 ut
1350 4638 1538 4700 postea
1589 4624 1871 4688 transeant
1897 4632 1946 4692 D
1975 4630 2140 4688 travit
2164 4628 2263 4704 (IV
2295 4612 2426 4703 Reg.
2458 4625 2549 4701 ιι).
2574 4614 2641 4683 Et
2666 4622 2958 4684 Zacharias
2978 4626 3116 4683 vidit
3142 4620 3196 4683 in
3214 4637 3377 4684 nocte
3400 4645 3413 4682 :
3440 4620 3574 4684 Ecce

271 4714 339 4772 sd
376 4718 634 4788 gratiam,
673 4727 728 4772 et
755 4717 934 4773 sciant
971 4717 1178 4774 dictum
1208 4718 1278 4775 ab
1304 4718 1611 4791 Apostolo:
1656 4720 1863 4793 Gloria,

268 4817 319 4866 et
344 4806 534 4875 nonor,
565 4822 631 4862 ea:
649 4820 755 4881 pate
774 4806 918 4864 omni
945 4812 1182 4881 aperanti
1197 4810 1405 4877 bonum,
1426 4810 1615 4869 ludam
1641 4814 1867 4887 primum

272 4907 319 4955 et
342 4898 520 4955 Greece
555 4896 734 4973 (Rom.
761 4914 824 4968 ιι,
858 4896 948 4972 10)
977 4918 989 4955 :
1024 4900 1278 4972 quoniam
1313 4910 1421 4959 non
1443 4904 1620 4959 solum
1646 4900 1867 4961 ludmo.

269 5008 391 5050 rum
420 4994 592 5062 Deus,
624 4990 721 5050 sed
743 5003 802 5051 et
820 4996 1082 5068 gentium.
1112 4992 1283 5051 Porro
1302 4992 1439 5053 illud
1465 4994 1611 5069 quod
1642 4994 1871 5056 dicitur:

272 5084 342 5141 Et
368 5088 557 5143 insulis
586 5087 791 5158 procul,
831 5103 948 5162 qua:
976 5104 1080 5144 non
1115 5088 1397 5145 audierunt
1448 5106 1634 5148 nomen
1678 5109 1871 5165 meum,

273 5192 434 5253 mque
457 5178 695 5236 viderunt
720 5180 945 5256 gloriam
984 5194 1167 5252 nteant,
1202 5180 1319 5240 illis
1345 5188 1628 5257 convenit,
1659 5185 1729 5244 de
1755 5188 1879 5259 qui-

346 5342 372 5425 ξ
394 5337 551 5424 Unus
568 5334 944 5425 Ambrosiam,
960 5340 1214 5425 plantatio
1236 5340 1435 5425 gaudii.
1453 5342 1509 5425 in
1530 5341 1626 5425 lib.
1648 5342 1864 5425 Nomio.

274 5406 764 5486 ﬂebraicorutnex
792 5404 1021 5480 Getici,
1065 5404 1301 5483 Titanis,
1344 5414 1699 5486 exploratores
1730 5410 1869 5470 (teti-

274 5472 382 5556 liag,
406 5483 516 5556 sive
541 5482 813 5556 gaudium.

276 5542 682 5681 defulgztgdem
710 5550 1003 5613 Nominum
1048 5555 1213 5625 libro,
1241 5542 1383 5625 Fud,
1416 5548 1605 5630 Libya,
1637 5559 1741 5614 sive
1769 5560 1876 5618 oris

351 5666 805 5784 {inlerpr'ettttu‘r
842 5698 898 5758 in
940 5700 1037 5784 lib.
1070 5686 1383 5772 Nominum,
1416 5686 1621 5759 Μειρεῆ
1662 5698 1876 5773 prolon-

280 5771 441 5843 gatio,
469 5768 572 5827 sive
598 5768 842 5842 defectio,
867 5781 959 5828 aut
979 5784 1114 5830 certe
1135 5768 1478 5844 compressus.
1662 5768 1674 5773 ⁷

352 5838 378 5880 ά
416 5840 623 5907 Vitiosa
677 5853 840 5904 antea
887 5845 1170 5919 legebatur
1224 5847 1327 5907 sub
1385 5862 1495 5907 una
1543 5845 1878 5919 etymologia

1977 4726 2055 4781 vir
2074 4722 2357 4780 ascendens
2381 4738 2536 4793 super
2555 4737 2743 4795 equum
2769 4720 2946 4793 rufum
2963 4737 2982 4777 :
3002 4731 3052 4777 et
3078 4722 3173 4777 istc
3195 4723 3366 4778 stabat
3388 4723 3443 4777 in
3468 4736 3576 4776 nte-

1970 4818 2057 4872 dio
2087 4812 2310 4872 duorum
2336 4815 2586 4869 montium
2610 4811 2779 4887 εει
2821 4814 3218 4870 umbrosomn:
3247 4824 3296 4870 et
3322 4823 3438 4885 post
3458 4826 3574 4868 eum

1972 4909 2086 4980 equi
2103 4904 2225 4978 ruli,
2246 4914 2293 4962 et
2313 4906 2555 4975 sturnini,
2572 4916 2615 4961 et
2637 4906 2786 4974 varii,
2801 4914 2846 4962 et
2867 4906 2992 4977 albi,
3013 4910 3059 4963 et
3076 4904 3205 4975 dixi,
3226 4906 3418 4977 inquit,
3436 4900 3575 4973 Quid

1972 5008 2095 5056 sunt
2114 4999 2224 5067 isti,
2247 4994 2514 5054 Domine?
2543 4992 2611 5054 Et
2637 4998 2711 5054 ait
2735 4997 2806 5053 ad
2842 5016 2921 5054 me
2950 4996 3178 5072 Angelus
3205 5001 3295 5071 qui
3330 4995 3576 5070 loqueba-

1976 5096 2127 5151 batur
2150 5094 2207 5148 in
2250 5110 2331 5148 me
2365 5108 2385 5148 :
2413 5091 2527 5166 Ego
2554 5095 2824 5149 ostendam
2843 5093 2933 5149 tibi
2957 5094 3081 5163 quid
3101 5094 3200 5149 sint
3230 5092 3333 5147 isti.
3369 5089 3433 5144 Et
3484 5102 3574 5147 re-

1979 5188 2190 5265 spondit
2209 5191 2285 5245 vii-
2304 5188 2391 5264 qui
2421 5189 2590 5246 stabat
2620 5188 2671 5246 in
2708 5190 2877 5246 medio
2908 5189 3183 5255 montium,
3213 5195 3259 5240 et
3273 5184 3349 5239 ait
3369 5184 3439 5239 ad
3452 5196 3534 5241 me
3554 5200 3576 5241 :

1974 5366 2246 5421 conversus
2274 5350 2351 5405 'ad
2396 5350 2654 5406 universa.
2685 5344 2893 5421 Eadem
2920 5359 3045 5421 qua:
3088 5356 3218 5421 nos_
3235 5343 3576 5421 reSll‘luLmllB

1977 5420 2486 5496 Hieronymjverba
2510 5428 2637 5496 sunt
2655 5422 2752 5475 lib.
2771 5412 3062 5496 Nom-iitqu
3088 5416 3155 5496 de
3179 5412 3403 5471 Genesi.
3429 5412 3578 5496 Τιιστ

1977 5494 2088 5578 bel,
2117 5484 2234 5550 sitio
2261 5490 2478 5551 Thubal
2510 5495 2696 5549 ductus
2715 5492 2784 5547 ad
2816 5488 3031 5557 luctum,
3053 5484 3136 5541 vel
3160 5496 3454 5558 conversus,
3481 5490 3578 5547 aut

1979 5583 2278 5713 αηξυδῗὲ..
2294 5636 2515 5713 gloriam
2531 5651 2694 5713 meam
2711 5628 2969 5713 gentibus,
2986 5629 3191 5713 absque
3211 5628 3265 5685 in
3290 5632 3576 5713 particula.

2056 5707 2095 5785 ίᾼ
2118 5688 2738 5785 ᾉῙιῗιᾶιῧὲῖἐιιιίφᾷρὶουςῖ
2752 5688 2843 5761 alii
2857 5688 2990 5761 mss.
3008 5688 3325 5759 Maitianae'o
3346 5688 3581 5777 inspecti

1985 5783 2196 5861 φθίσις.
2250 5850 2256 5855 η
