4084 6324
560 264 658 323 671
1815 270 1876 327 S.
1917 267 2191 327 EUSEBII
2230 269 2616 330 lllEBONYMI
3748 278 3853 337 672

558 382 660 443 Isti
684 395 805 443 sunt
829 403 956 460 quos
982 388 1123 445 misit
1166 385 1424 446 Dominus
1458 398 1517 445 ut
1560 387 1919 463 perambulent
1957 398 2142 444 terram

2251 390 2684 463 etIcontinentia,
2715 394 2967 466 qualibus
2987 394 3131 453 sedit
3151 395 3322 454 David
3349 408 3398 455 et
3430 398 3854 472 Salomon,quo—

555 481 746 557 (Zach.
776 499 818 552 ι,
845 483 1022 555 8-10).
1048 484 1292 541 Joannes
1328 500 1544 557 quoque
1568 483 1627 541 in
1676 482 2004 558 Apocalypsi
2032 482 2150 540 haec

550 591 612 635 se
641 575 840 633 vidisse
861 585 1119 634 testatur:
1153 575 1279 633 Vidi
1297 578 1482 635 calum
1500 586 1759 649 apertum,
1783 587 1831 634 et
1854 594 1969 635 ecce
1992 593 2151 646 equm

548 667 696 724 albus
716 684 737 723 :
763 678 813 724 et
832 668 923 741 qui
944 669 1153 726 sedebat
1181 685 1342 740 super
1397 686 1517 727 eum
1557 670 1833 727 vocabatur
1882 669 2055 743 ﬁdelis
2101 680 2153 725 et

552 776 725 829 uerus,
749 771 800 819 et
810 764 1311 839 justitiajudicans,
1335 776 1384 821 et
1400 763 1639 820 bellator.
1666 763 1819 820 Oculi
1844 773 2018 820 autem
2038 766 2151 838 ejus

547 855 697 927 quasi
719 855 934 927 [lamina
962 855 1097 929 ignis
1122 872 1142 912 :
1161 866 1212 911 et
1230 872 1390 928 super
1413 859 1701 931 caputejus
1721 847 2147 928 diademata'plu-

545 947 715 1002 rima:
742 947 934 1004 habens
963 963 1149 1004 nomen
1169 949 1441 1023 scriptum,
1488 949 1626 1021 quod
1672 965 1825 1005 nemo
1865 949 2006 1004 novit
2049 948 2152 1003 nisi

545 1037 701 1108 ipse;
728 1049 779 1095 et
807 1041 1030 1097 amictus
1054 1053 1164 1097 erat
1189 1054 1329 1099 reste
1345 1059 1557 1116 aspersa
1586 1043 1839 1114 sanguine
1865 1058 1885 1098 :
1903 1049 1951 1097 et
1998 1057 2151 1097 voca-

546 1127 698 1184 batur
728 1145 917 1185 nomen
936 1134 1051 1206 ejus
1089 1129 1316 1189 Verbum
1332 1131 1435 1190 Dei
1455 1150 1475 1190 :
1494 1143 1541 1190 et
1561 1134 1815 1190 exercitus
1834 1133 1889 1188 in
1918 1132 2045 1189 calo
2069 1149 2151 1188 se-

543 1221 797 1292 quebatur
820 1238 937 1278 eum
956 1224 1011 1279 in
1039 1225 1182 1296 equis
1206 1225 1361 1296 albis,
1388 1225 1621 1297 uestitus]
1644 1226 1796 1298 bysso
1834 1225 1955 1282 albo
1997 1237 2151 1299 atque

544 1312 913 1385 mundissimo,
941 1325 991 1371 et
1016 1314 1084 1372 de
1109 1332 1197 1373 ore
1215 1320 1332 1392 ejus
1358 1319 1715 1389 egrediebatur
1761 1318 1970 1392 gladius
2014 1335 2148 1375 acu-

545 1417 650 1478 tus,
690 1417 748 1464 ut
770 1409 825 1464 in
850 1410 966 1481 ipso
995 1419 1282 1484 percuteret
1302 1423 1476 1484 gentes
1504 1412 1691 1486 (Apoc.
1720 1428 1830 1478 XIX,
1858 1412 1923 1468 11
1953 1411 2142 1485 seqq.).

548 1498 704 1570 Equo
734 1500 857 1556 rulo
888 1500 1118 1558 sedebat
1146 1503 1404 1561 Dominus
1445 1514 1611 1577 atque
1630 1505 1903 1575 Salvator,
1954 1506 2149 1562 huma-

545 1606 677 1647 num
709 1606 909 1664 corpus
933 1607 1239 1661 assumens.
1268 1596 1355 1652 cui
1382 1595 1612 1653 dicitur:
1646 1596 1821 1667 Quare
1844 1598 2001 1654 rubra
2026 1610 2148 1655 sunt

540 1687 847 1743 uestimenta
872 1696 963 1743 tua
980 1689 1115 1747 ?Et:
1150 1690 1280 1758 Quis
1297 1700 1371 1747 est
1397 1693 1495 1747 iste
1512 1692 1603 1763 qui
1613 1692 1848 1749 ascendit
1863 1692 1929 1748 de
1949 1691 2143 1762 Edam,

2253 499 2372 541 rum
2405 485 2549 541 alter
2571 487 2985 560 interpretatur,
3013 490 3168 562 fortis
3207 509 3404 549 manu:
3460 493 3624 563 alter,
3678 494 3857 564 paciﬁ-

2252 581 2569 648 cus;velin
2598 581 2744 638 mala
2796 592 2976 656 parte,
3031 583 3103 642 de
3153 585 3351 656 quibus
3377 585 3615 644 dicitur:
3680 584 3855 643 Nolite

2251 673 2367 745 ﬁeri
2385 675 2517 730 sicut
2560 692 2717 748 equus
2742 685 2789 732 et
2835 680 3028 748 mulus,
3070 681 3261 753 quibus
3300 698 3403 737 non
3449 689 3526 737 est
3575 680 3859 741 intellectus

2254 763 2428 838 (Psal.
2452 783 2599 835 xxxr,
2629 768 2720 840 9);
2763 770 2960 842 quibus
2987 773 3314 845 praepositus
3334 771 3462 830 erat
3491 773 3639 831 Doec
3661 772 3707 847 (i
3731 773 3857 848 Reg.

2253 860 2390 931 xxx).
2425 860 2678 919 Carruca:
2705 873 2913 932 autem,
2944 881 3046 936 pro
3071 866 3272 940 quibus
3302 868 3384 940 (ut
3414 883 3583 938 supra
3604 867 3858 941 diximus)

2252 947 2629 1022 Septuaginta,
2655 961 2789 1008 tecta
2816 954 3076 1023 uehicula,
3106 957 3299 1014 caeteri
3326 957 3562 1013 vehicula
3588 958 3857 1030 simplici-

2253 1050 2335 1098 ter
2356 1043 2773 1113 transtulerunt,
2800 1046 2874 1105 illi
2898 1047 3261 1121 intelligendi,
3299 1050 3368 1108 de
3396 1051 3600 1122 quibus
3628 1054 3859 1124 Aposto-

2251 1133 2337 1190 lus
2367 1133 2647 1206 loquitur:
2679 1134 2907 1192 Invicem
2921 1154 3079 1193 onera
3108 1150 3275 1195 vestra
3310 1150 3516 1214 portate
3548 1141 3754 1216 (Galat.
3784 1159 3856 1212 vt,

2251 1229 2335 1301 2).
2368 1230 2542 1288 Porro
2566 1230 2856 1305 lampcnte,
2898 1235 3240 1307 splendentia
3291 1247 3608 1294 sanctorum
3663 1238 3862 1295 intelli-

2250 1323 2425 1396 genda
2447 1334 2573 1380 sunt
2605 1338 2859 1396 corpora,
2890 1335 2947 1382 et
2975 1327 3175 1384 anima.-
3202 1328 3308 1385 lide
3340 1329 3559 1385 Domini
3586 1328 3860 1386 illumina—

2253 1422 2343 1485 ιω,
2366 1415 2562 1486 quibus
2591 1413 2697 1471 dici
2730 1425 2944 1488 potest:
2987 1416 3092 1474 Vos
3117 1419 3239 1474 estis
3271 1417 3367 1474 lua:
3405 1420 3593 1474 mundi
3640 1418 3855 1495 (llattlt.

2251 1522 2304 1573 v,
2350 1505 2464 1580 M).
2494 1506 2590 1563 llic
2621 1517 2802 1565 autem
2831 1511 3014 1566 omnis
3033 1521 3332 1583 apparatus
3370 1511 3468 1568 illo
3520 1512 3759 1584 prolicit,
3803 1523 3859 1571 ut

2251 1599 2618 1671 ingrediamur
2643 1610 2886 1658 sanctam
2939 1602 3212 1660 civitatem
3264 1602 3382 1673 Dei,
3435 1604 3555 1659 sive
3612 1615 3857 1663 sanctum

2252 1703 2492 1749 montem
2518 1694 2728 1750 Domini
2753 1694 3093 1753 Jerusalem:
3150 1713 3258 1753 non
3316 1682 3465 1753 illam
3491 1714 3612 1769 qua:
3669 1699 3861 1757 occidit

541 1778 691 1852 [ulva
719 1782 1021 1837 uestimenta
1055 1784 1170 1850 eius
1191 1784 1255 1840 de
1293 1783 1460 1842 Bosra
1485 1783 1642 1856 (lsai.
1675 1801 1826 1855 unt,
1851 1787 1931 1860 ἓ).
1960 1787 2030 1843 Et
2050 1801 2140 1844 se-
2173 1796 2221 1857 Β
2248 1784 2570 1858 PrOphetas,
2604 1795 2659 1844 et
2678 1803 2798 1859 quae
2825 1786 3029 1860 lapidat
3058 1789 3257 1845 missos
3282 1789 3349 1845 ad
3378 1804 3482 1857 se;
3521 1788 3621 1846 sed
3643 1790 3861 1847 Jerusa-

543 1871 852 1945 quebautur
873 1888 997 1929 eum
1014 1875 1292 1932 variorum
1312 1876 1559 1933 colorum
1581 1877 1731 1950 equi,
1753 1877 1840 1933 vel
1857 1878 1909 1934 in
1933 1888 2141 1952 marty-

540 1965 626 2022 rio
654 1966 826 2035 rubri,
857 1967 942 2023 vel
970 1968 1208 2024 sturnini
1239 1968 1296 2026 in
1327 1970 1531 2038 volatu,
1562 1969 1650 2026 vel
1678 1970 1813 2026 varii
1845 1968 1903 2027 in
1930 1970 2147 2026 virtuti-

541 2057 666 2126 bus,
699 2058 789 2115 vel
826 2058 1045 2115 caudidi
1068 2060 1121 2116 in
1142 2060 1478 2133 virginitate.
1504 2061 1660 2134 Equo
1688 2077 1875 2118 autem
1919 2061 2145 2119 sedebat

540 2151 689 2221 albo,
722 2152 943 2224 quando
980 2163 1107 2225 post
1132 2156 1591 2213 resurrectionem
1622 2157 1932 2213 immortale
1976 2168 2035 2213 et
2056 2157 2143 2214 iu-

541 2257 861 2320 corruptum
890 2263 1087 2323 corpus
1107 2251 1424 2323 assumpsit.
1453 2253 1521 2309 Et
1547 2253 1879 2326 quicumque
1907 2268 2032 2310 eum
2061 2267 2150 2309 se-

538 2342 870 2414 quebantur,
884 2343 1134 2401 candidis
1151 2345 1443 2402 utebantur
1453 2345 1629 2420 equis,
1650 2347 1976 2418 incorruptis
1996 2347 2140 2404 video

542 2433 673 2493 licet
694 2435 1204 2511 imtnortalibusque
1250 2440 1593 2512 corporibus.
1660 2440 1901 2514 Longum
1951 2452 2059 2510 est,
2099 2442 2144 2498 si

539 2527 797 2594 velimus,
820 2537 1111 2603 utrumque
1131 2530 1428 2603 explanare
1476 2532 1846 2590 testimoniqu
1874 2553 1888 2590 :
1922 2535 2026 2590 hoc
2057 2549 2148 2590 so-

538 2618 651 2675 lum
675 2619 874 2691 dicam,
902 2622 1044 2694 quod
1084 2622 1302 2679 diversa
1322 2623 1594 2695 vehicula,
1635 2625 1835 2698 quibus
1892 2627 2145 2684 homines

539 2711 887 2769 adducuntur
911 2713 979 2770 ad
1005 2714 1194 2780 lldem.
1224 2716 1420 2789 Angeli
1450 2717 1582 2783 sint,
1611 2718 1698 2775 vel
1727 2718 1904 2774 sancti
1928 2720 2028 2775 viri
2051 2722 2146 2793 qui

542 2804 612 2862 de
640 2805 952 2863 hominibus
979 2807 1034 2862 in
1067 2815 1095 2846 ι
1116 2807 1358 2880 Angelos
1391 2809 1755 2880 proiecerunt.
1783 2811 1939 2880 Quod
1966 2821 2145 2869 autem

542 2902 919 2974 unusquisque
941 2912 1189 2958 nostrum
1222 2903 1423 2959 habeat
1456 2903 1717 2975 Angelos,
1748 2905 1935 2960 multa:
1961 2905 2148 2977 Scrip-

543 3001 679 3049 tura:
710 2994 931 3066 docent,
960 3011 993 3053 e
1021 2996 1217 3067 quibus
1244 2996 1382 3053 illud
1411 3006 1534 3055 est:
1592 2996 1772 3054 Nolite
1824 3008 2148 3054 contemnere

541 3102 703 3140 unum
732 3088 797 3142 de
821 3088 1047 3143 minimis
1076 3090 1188 3145 istis
1212 3105 1233 3146 :
1259 3092 1384 3161 quia
1402 3091 1586 3164 Angeli
1613 3108 1790 3146 eorum
1818 3093 1989 3147 uident
2018 3109 2147 3164 quo-

2248 1879 2354 1937 lem
2382 1880 2688 1947 ctelestem,
2714 1880 2784 1938 de
2813 1897 2918 1953 qua
2948 1882 3141 1939 crebro
3196 1881 3466 1939 diximus:
3523 1882 3657 1949 Qua:
3694 1894 3858 1941 autent

2246 1989 2455 2028 sursum
2481 1983 2558 2030 est
2576 1971 2896 2041 Jerusalem,
2928 1973 3092 2030 libera
3118 1985 3216 2045 est,
3238 1992 3356 2048 qua:
3378 1983 3454 2030 est
3481 1983 3653 2031 mater
3682 1986 3859 2033 nostra

2247 2065 2452 2141 (Galat.
2477 2082 2553 2133 tv,
2582 2065 2698 2140 26).
2736 2067 2810 2123 Et
2853 2067 3086 2123 iterum:
3148 2066 3255 2124 Sed
3292 2068 3583 2123 accessistis
3607 2069 3681 2123 ad
3734 2067 3857 2125 Sion

2247 2170 2469 2217 montem
2494 2171 2543 2216 et
2580 2163 2836 2216 civitatem
2872 2159 2967 2215 Dei
2991 2162 3206 2216 viventis
3250 2158 3549 2215 Jerusalem
3603 2163 3856 2216 calestetn

2248 2251 2436 2328 (Hebr.
2465 2269 2559 2323 xtt,
2589 2251 2707 2326 22).
2732 2251 2886 2322 Quod
2907 2252 2995 2308 vel
3014 2251 3083 2308 de
3105 2252 3361 2324 praesenti
3384 2251 3637 2309 Ecclesia
3670 2266 3859 2323 possu-

2248 2362 2367 2403 mus
2397 2346 2721 2419 intelligere,
2745 2362 2865 2419 qua:
2895 2355 3011 2402 toto
3035 2345 3169 2402 orbe
3190 2362 3288 2417 per
3307 2345 3604 2417 Apostolus
3628 2360 3829 2417 congre

2246 2452 2371 2516 gata
2394 2450 2500 2511 est,
2527 2442 2611 2498 vel
2635 2441 2705 2497 de
2727 2441 2934 2497 futura:
2967 2450 3025 2497 ut
3056 2438 3350 2511 impleatur
3380 2438 3517 2495 illud
3540 2440 3689 2512 quod
3715 2442 3856 2512 Apo—

2249 2537 2425 2593 stolus
2443 2546 2636 2591 sancto
2651 2533 2857 2606 Spiritu
2880 2532 3223 2607 prophetavit
3238 2551 3253 2590 :
3270 2531 3560 2607 Rapiemur
3571 2534 3625 2587 in
3641 2533 3855 2589 nubibus

2248 2630 2453 2687 obviam
2481 2629 2707 2686 Domino
2728 2630 2783 2685 in
2811 2646 2948 2695 aere,
2972 2638 3019 2683 et
3037 2630 3113 2683 sic
3136 2645 3337 2702 semper
3365 2644 3481 2682 cum
3510 2624 3741 2683 Domino
3760 2630 3855 2683 eri-

2248 2739 2364 2778 mus
2379 2724 2424 2797 (ι
2440 2720 2621 2779 Thess.
2643 2737 2719 2791 tv,
2746 2722 2860 2795 16).
2879 2721 3053 2779 Judaei
3072 2730 3126 2777 et
3147 2719 3358 2778 Iudaici
3384 2720 3590 2776 erroris
3612 2719 3853 2778 harredes

2250 2817 2538 2887 Ebionitze,
2568 2816 2659 2888 qui
2683 2833 2780 2886 pro
2808 2815 3110 2872 humilitate
3141 2828 3335 2870 sensus
3354 2810 3385 2851 1³
3412 2825 3618 2869 nomen
3656 2827 3855 2884 paupe-

2247 2925 2368 2966 rum
2400 2916 2779 2981 susceperunt,
2813 2921 3115 2976 omnesque
3137 2904 3287 2962 mille
3310 2918 3581 2960 annorum
3635 2903 3851 2959 delicias

2251 3000 2650 3074 praestolantes,
2676 3014 2850 3073 equos
2869 3009 2923 3056 et
2950 2999 3263 3072 quadrigas,
3291 3006 3349 3054 et
3375 2996 3601 3065 rhedas,
3617 3007 3675 3054 et
3701 2997 3850 3054 lecti-

2257 3108 2372 3160 cas,
2405 3094 2519 3150 sive
2543 3094 2851 3161 basternas,
2884 3103 2940 3151 et
2992 3093 3327 3162 dormitoria,
3363 3091 3650 3163 mulosque
3691 3090 3851 3166 826.

542 3179 671 3233 tidie
688 3178 876 3250 [aciem
899 3179 1097 3252 Patris,
1124 3183 1212 3254 qui
1236 3192 1310 3238 est
1330 3184 1386 3238 in
1414 3185 1552 3240 caelis
1572 3182 1791 3257 (Matth.
1848 3200 1995 3253 xvut,
2025 3185 2139 3259 10).
2169 3179 2217 3245 C
2245 3196 2301 3243 et
2322 3186 2518 3255 mulas,
2551 3196 2607 3242 et
2633 3201 2914 3255 carrucas,
2934 3194 2991 3243 et
3018 3186 3217 3243 diversi
3244 3187 3465 3257 generis
3493 3186 3749 3242 vehicula
3776 3187 3849 3243 sic

546 3271 612 3327 Et
641 3272 820 3341 puella
850 3273 1001 3331 Rode
1048 3275 1266 3332 Petrum
1320 3279 1628 3349 apostolum
1686 3280 1991 3351 nuntiante,
2050 3283 2141 3338 alii

542 3367 812 3437 Angelum
842 3367 1015 3439 ipsius
1037 3384 1161 3427 esse
1189 3371 1488 3429 credebant
1517 3373 1656 3444 (Act.
1680 3374 1799 3448 xu).
1831 3374 1928 3433 Sin
1958 3384 2139 3434 autem

544 3459 649 3516 hoc
676 3460 746 3518 de
771 3462 1013 3520 minimis
1041 3464 1263 3533 dicitur,
1297 3466 1441 3524 etde
1498 3484 1607 3524 uno
1653 3468 1898 3537 homine,
1939 3480 2143 3541 quanto

545 3554 717 3625 magis
740 3553 809 3612 de
827 3557 1084 3614 omnibus
1112 3557 1339 3629 sanctis,
1361 3570 1418 3616 et
1446 3560 1718 3633 praecipue
1742 3562 1812 3620 de
1864 3564 2142 3636 Apostnlis

540 3646 884 3705 sentiendum
908 3648 1031 3705 est?
1052 3650 1218 3725 823
1239 3667 1469 3722 quorum
1490 3653 1942 3727 Angeliquotidie
1958 3656 2142 3713 vident

541 3738 733 3797 faciem
759 3742 951 3812 Patris,
970 3742 1126 3815 juxta
1158 3744 1292 3801 illud
1321 3745 1469 3818 quod
1491 3748 1751 3818 scriptum
1774 3749 2143 3807 est?Circum-

539 3833 630 3887 dat
651 3834 878 3908 Angelus
902 3833 1117 3893 Domini
1143 3839 1431 3895 incircuitu
1475 3840 1763 3896 timentium
1809 3860 1927 3899 eum
1961 3842 2137 3917 (Psal.

542 3942 730 3996 χχχιιι,
754 3928 834 4001 8).
854 3927 924 3985 Et
950 3931 1120 3987 Jacob
1147 3931 1218 3988 de
1246 3948 1307 3989 se
1334 3932 1604 4005 loquitur:
1636 3935 1867 4008 Angelus
1890 3938 1980 4008 qui
2009 3935 2138 3992 libe-

538 4020 671 4075 ravit
698 4037 796 4077 me.
815 4019 907 4078 Isti
940 4034 1066 4079 sunt
1092 4024 1185 4096 qui
1204 4025 1509 4083 ascendunt
1537 4035 1593 4083 et
1611 4026 1956 4086 descendunt
1976 4046 2143 4103 super

539 4111 713 4169 lilium
744 4112 1005 4172 hominis.
1037 4115 1139 4186 Qui
1182 4118 1405 4176 veloces
1434 4128 1563 4176 sunt
1592 4121 1645 4177 in
1676 4121 1805 4189 fide,
1849 4125 2004 4193 equis
2051 4140 2143 4181 ve-

539 4203 894 4279 huntur:qui
935 4208 1265 4282 multiplices
1316 4213 1370 4268 in
1415 4214 1612 4286 gratia,
1662 4216 1988 4287 quadrigis:
2043 4218 2138 4289 qui

536 4299 913 4357 consolatione
940 4301 1206 4373 indigent,
1233 4303 1391 4361 tectis
1445 4304 1656 4362 lecticis
1674 4317 1731 4364 et
1787 4309 2137 4376 umbraculis,

539 4401 597 4444 ut
623 4390 815 4447 audire
844 4402 1185 4449 mereantur:
1219 4394 1324 4450 Per
1343 4396 1481 4452 diem
1500 4396 1580 4453 sol
1607 4414 1713 4453 non
1741 4409 1854 4454 uret
1879 4408 1946 4469 te,
1977 4417 2141 4473 neque

537 4482 662 4538 luna
687 4501 779 4556 per
808 4494 1004 4540 noctem
1027 4484 1199 4560 (Psal.
1232 4503 1360 4557 cxx,
1379 4488 1458 4561 6).
1495 4489 1670 4547 biuios
1691 4501 1870 4548 autem
1887 4492 1940 4547 in
1952 4492 2139 4563 Scrip-

2247 3279 2653 3352 intelligunt,ut
2674 3280 2871 3353 scripta
2890 3287 3036 3337 sunt.
3051 3278 3205 3351 Quod
3228 3279 3486 3336 videlicet
3515 3281 3569 3336 in
3601 3295 3849 3337 consum-

2244 3372 2486 3430 matione
2523 3372 2730 3442 mundi,
2771 3372 2991 3444 quando
3030 3371 3282 3428 Christus
3323 3373 3631 3429 Jerusalem
3661 3389 3848 3447 regna-

2246 3473 2399 3520 turus
2428 3464 2731 3534 advenerit,
2757 3476 2813 3523 et
2839 3465 3128 3537 Templum
3166 3463 3331 3520 fuerit
3368 3466 3733 3523 instauratum
3758 3513 3771 3537 ,
3797 3476 3848 3523 et

2245 3560 2539 3618 immolatae
2560 3561 2802 3618 Judaica:
2830 3562 3084 3629 victimae,
3117 3560 3187 3618 de
3214 3573 3329 3619 toto
3354 3562 3490 3618 orbe
3520 3561 3848 3620 reducantur

2246 3653 2340 3708 lilii
2356 3653 2544 3722 Israel,
2571 3663 2594 3693 ε
2620 3668 2961 3725 nequaquam
2979 3669 3145 3725 super
3157 3669 3348 3727 equos,
3368 3653 3466 3711 sed
3490 3669 3659 3726 super
3678 3656 3847 3711 mulos

2244 3744 2530 3801 Numidia}.
2561 3745 2663 3814 Qui
2689 3755 2870 3802 autem
2895 3748 3183 3802 senatoria:
3210 3746 3416 3803 fuerint
3445 3746 3756 3818 dignitatis,
3788 3758 3839 3803 et

2245 3837 2423 3905 locum
2448 3837 2752 3910 principum
2776 3838 3134 3907 obtinuerint,
3156 3838 3226 3896 de
3249 3838 3545 3906 Britannis,
3575 3837 3839 3910 Hispanis,

2243 3931 2525 4003 Gallisque
2568 3931 2826 3987 extremis
2882 3931 3162 3988 hominum
3214 3931 3435 3988 Morinis
3482 3928 3718 4004 (Virgil.
3758 3945 3842 3986 ιίιι

2244 4024 2462 4082 .Eneid.
2499 4026 2575 4080 sic
2607 4034 2751 4078 vocat
2786 4022 3099 4096 Morinos),
3138 4036 3193 4080 et
3233 4025 3325 4080 ubi
3360 4023 3600 4080 bicornis
3629 4022 3844 4078 ﬁnditur

2244 4119 2491 4187 Rhenus,
2523 4120 2575 4174 in
2602 4118 2848 4174 carrucis
2874 4117 3119 4188 veniant,
3148 4116 3568 4173 occurrentibus
3589 4115 3693 4172 sibi
3718 4130 3839 4170 cun-

2241 4213 2344 4269 ctis
2362 4213 2636 4285 gentibus,
2659 4228 2781 4283 quae
2803 4226 2992 4267 eorum
3013 4211 3261 4269 servituti
3283 4208 3484 4267 fuerint
3505 4218 3835 4282 praeparatae.

2315 4304 2502 4377 (Vers.
2529 4304 2650 4375 2i.)
2674 4303 2947 4370 Quomodo
2982 4304 3029 4360 si
3057 4305 3288 4375 inferant
3328 4302 3429 4374 ﬁlii
3458 4301 3632 4357 Israel
3658 4318 3838 4357 munus

2239 4398 2296 4454 in
2316 4413 2436 4453 vase
2452 4397 2646 4453 mundo
2672 4398 2727 4451 in
2754 4399 2967 4452 domum
2990 4394 3220 4451 Domini.
3270 4393 3340 4450 Et
3383 4410 3648 4449 assumant
3672 4410 3737 4448 ea:
3770 4393 3839 4448 eis

2239 4491 2294 4545 in
2322 4490 2616 4545 sacerdotes
2643 4499 2691 4544 et
2721 4486 2947 4557 Leuitas,
2969 4488 3092 4542 dicit
3134 4485 3415 4543 Dominus.
3460 4483 3645 4543 LXX:
3696 4485 3836 4553 Quo~

540 4574 676 4629 turis
699 4576 900 4633 sanctis
915 4575 1205 4650 dupliciter
1232 4581 1530 4654 accipimus
1564 4599 1578 4638 :
1629 4583 1717 4640 vel
1744 4583 1797 4640 in
1854 4583 2136 4641 sterilitate
2164 4571 2396 4638 Dmodo
2415 4582 2462 4637 si
2488 4580 2709 4649 offerant
2749 4579 2850 4652 filii
2894 4580 3063 4636 Israel
3102 4580 3337 4635 uictima
3388 4594 3513 4635 suas
3550 4576 3682 4634 mihi
3724 4593 3838 4634 cum

609 4731 737 4789 “Ne
781 4734 1107 4806 Origeniauo
1144 4755 1316 4797 sensu
1366 4739 1473 4797 dici
1503 4748 1687 4811 putes,
1745 4750 1802 4797 ut
1854 4741 2131 4797 hominum

537 4814 700 4863 exuta
727 4816 944 4884 natura,
971 4811 1286 4884 Angelicatn
1319 4812 1572 4879 induant,
1598 4827 1763 4884 quam
1802 4827 1951 4884 saepe
1980 4813 2131 4872 Hier.

536 4883 867 4956 sententiam
901 4883 1175 4956 reprobat,
1204 4900 1268 4956 ac.
1305 4884 1465 4941 sibilo
1507 4884 1750 4956 explodit
1788 4903 1799 4938 :
1828 4885 2136 4956 luculentis-

534 4949 871 5025 sitneautem
886 4949 1029 5021 epist
1047 4952 1138 5022 75,
1155 4949 1220 5011 ad
1242 4949 1618 5022 Theodoram,
1636 4972 1785 5011 num.
1802 4956 1857 5011 Ξῖ
1884 4955 2130 5025 Quando,

536 5025 631 5092 ait,
656 5021 849 5077 dicitur
873 5032 1023 5078 erunt
1044 5021 1173 5080 sicut
1195 5026 1379 5095 Augeli
1402 5029 1459 5082 in
1478 5021 1641 5095 oculis,
1692 5045 1795 5082 non
1841 5021 2032 5083 natura
2083 5021 2135 5084 et

532 5095 827 5149 substantia
898 5111 1185 5172 corporum.
1217 5095 1436 5172 tollitur,
1478 5099 1570 5153 sed
1608 5099 1793 5170 gloria:
1832 5100 2135 5172 magnitudo

2310 4743 2335 4774 ο
2376 4738 2721 4810 Nequaquam
2747 4755 2905 4813 super
2925 4754 3104 4810 equos,
3147 4745 3257 4813 etc.
3296 4737 3520 4813 Addunt
3548 4735 3680 4813 editi
3714 4746 3838 4794 ante

2238 4827 2339 4869 nos
2379 4808 2524 4882 libri,
2580 4808 2905 4882 nequaqu'gnt
2946 4808 3231 4881 assumptis
3274 4809 3376 4882 alis
3403 4826 3422 4864 :
3470 4810 3565 4865 sed
3611 4808 3836 4866 Sarraco

2238 4882 2462 4949 Gallico,
2489 4878 2785 4953 covinisque
2805 4880 3031 4954 Belgicis
3056 4893 3106 4938 et
3128 4878 3286 4952 'equis
3313 4878 3665 4953 Cappadocia:
3689 4891 3838 4954 atque

2239 4954 2537 5026 Hispaniae,
2567 4970 2630 5009 ac
2652 4952 2828 5026 rhedis
2869 4952 3142 5026 ltaliw,_et
3166 4952 3629 5026 matronte'eorum
3650 4952 3835 5026 lecticis

2236 5023 2532 5098 referantur
2558 5036 2715 5099 atque
2749 5025 3022 5099 basternis.
3049 5024 3182 5094 Quae
3208 5023 3470 5099 pericOpe
3497 5023 3733 5099 in_nnllo
3758 5024 3835 5099 le-

2237 5093 2382 5171 gitur
2407 5093 2708 5171 exemplari
2745 5093 3145 5171 manuscripto,
3178 5093 3322 5171 unde
3345 5094 3665 5171 adulterina
3679 5093 3834 5171 uoltis

533 5178 875 5242 monstratur.
902 5165 1083 5242 Neque
1100 5168 1237 5242 enim
1256 5171 1505 5242 scriptum
1525 5165 1787 5237 est,erunt
1808 5165 2125 5242 Angéliued
2228 5165 2465 5227 videtur.
2494 5165 2708 5242 Putavit
2728 5181 2910 5224 autem
2937 5165 3212 5223 Mai-ianus
3228 5165 3500 5222 Victorius
3522 5165 3834 5242 in‘Scholiis

532 5239 665 5293 sicut
685 5238 905 5313 Angeli:
937 5238 1026 5294 ubi
1060 5238 1708 5313 similitudo'promittitur,
1740 5238 1923 5297 veritas
1975 5242 2128 5296 dene-

566 5317 707 5365 atur.
739 5296 929 5385 Erunt,
951 5311 1146 5385 inquit,
1179 5312 1311 5367 sicut
1330 5296 1538 5385 A'ngeli,
1571 5310 1627 5365 id
1647 5296 1734 5385 es't_
1746 5296 1939 5370 similes
1961 5315 2129 5383 Ange-

553 5384 703 5457 orum
722 5398 742 5438 :
759 5398 880 5457 ergo
907 5383 1141 5457 homines
1158 5397 1266 5457 esse
1292 5399 1395 5457 non
1416 5382 1678 5457 desinent.
1703 5382 1897 5455 Inclyti
1923 5382 2129 5457 quidem

530 5463 581 5509 et
609 5454 854 5525 Angelico
873 5455 1151 5527 splendore
1170 5455 1398 5512 decorati
1410 5471 1447 5527 _;_
1461 5454 1551 5527 sed
1576 5461 1745 5527 tamen
1788 5454 2040 5519 homines,
2074 5468 2131 5510 ut

528 5534 577 5578 et
598 5521 876 5593 Apostolus
901 5521 1179 5598 Apostolus
1203 5528 1291 5596 sit,
1318 5536 1367 5582 et
1395 5524 1571 5580 Maria
1598 5521 1769 5579 Maria
1791 5543 1810 5581 :
1830 5536 1886 5580 ut
1908 5530 2128 5595 confun-

530 5597 687 5652 datur
705 5597 1081 5672 Itteresis.’qute
1098 5600 1215 5656 ideo
1242 5602 1439 5655 incerta
1463 5606 1513 5653 et
1538 5611 1724 5669 magna
1757 5600 2045 5671 promittit,
2070 5608 2128 5655 ut

527 5680 645 5741 quia
657 5680 796 5741 certa
821 5679 868 5723 et
890 5672 1157 5729 moderata
1172 5683 1311 5740 sunt,
1333 5673 1558 5741 auferat.

2231 5242 2523 5297 Sarracum
2548 5252 2604 5297 et
2645 5239 2938 5302 Covinum,
2970 5255 3094 5295 esse
3137 5253 3399 5308 equorum
3440 5239 3680 5308 species,
3712 5250 3831 5308 cum

2232 5312 2520 5369 Sarracum
2538 5314 2611 5369 sit
2637 5311 2850 5380 Species
2874 5310 3136 5377 vehiculi,
3160 5307 3369 5381 Gallice
3393 5325 3466 5363 un
3487 5308 3718 5381 linquet,
3730 5307 3833 5381 βυ.

2233 5386 2393 5441 vinus
2413 5397 2594 5441 autem
2622 5379 2691 5439 sit
2723 5383 2885 5455 etiam
2914 5398 3086 5455 genus
3111 5379 3346 5437 vehiculi
3364 5392 3568 5455 putum
3589 5379 3831 5455 'non_Bri-

2236 5457 2412 5513 tannis
2437 5456 2642 5524 soluat,
2670 5456 2768 5511 sed
2799 5450 2982 5526 Belg'is
3016 5467 3234 5525 quoque
3270 5450 3665 5526 et‘Gerrnanis.
3704 5452 3830 5526 Erat

2308 5544 2399 5583 rro
2434 5521 2673 5584 Covinus
2730 5521 2927 5582 currus
2988 5521 3242 5579 falcatus.
3286 5521 3422 5578 Vide
3468 5522 3826 5593 Pomponium

2283 5602 2423 5656 elam
2463 5610 2519 5656 et
2569 5600 2773 5655 Lucan.
2827 5598 2928 5654 lib.
2962 5613 3002 5653 ι.
3044 5596 3173 5652 Haec.
3225 5609 3425 5665 genera
3456 5595 3825 5651 vehiculorum

2228 5673 2453 5728 minime
2482 5672 2670 5727 sensui
2699 5670 3066 5734 conveniunt,
3101 5666 3271 5737 probe
3302 5667 3703 5737 demonstrant
3733 5665 3826 5721 adt

600 5735 629 5775 ιι
659 5738 790 5795 Vide
813 5754 937 5815 qua;
961 5744 1225 5815 superius
1251 5734 1308 5798 in
1351 5734 1509 5811 caput
1542 5750 1562 5795 ι
1590 5740 1741 5799 Isaia:
1766 5754 1910 5796 vers.
1962 5741 1999 5796 5
2026 5740 2123 5798 ob-
2226 5742 2451 5798 vemitia
2476 5757 2601 5801 esse
2622 5757 2686 5799 ac
2707 5741 3059 5815 supposititia
3086 5734 3274 5796 verba.
3300 5734 3570 5794 Manum.

526 5819 803 5866 Iet‘vantus
823 5813 896 5867 de
918 5811 1285 5869 Ebimtitartttn
1315 5815 1555 5870 nomine.
