4084 6324
212 353 315 412 G73

703 356 1358 420 COMMENTARIORUM
1399 361 1463 418 IN
1504 356 1735 420 ISAIAM
1775 354 2199 418 PIlOPHE'I‘AM
2239 359 2368 418 LIB.
2405 363 2589 424 XVIII.
2631 365 2786 426 CAP.
2829 368 3013 428 LXVI.

3418 373 3524 433 674

209 469 451 528 Psalmis
484 457 538 530 in
567 477 720 531 domo
744 476 957 531 Domini
979 493 999 532 :
1022 484 1069 531 et
1093 493 1159 534 ea:
1180 479 1254 533 eis
1293 494 1495 533 sumam
1542 478 1830 534 sacerdotes
1857 479 1907 538 Α
1938 484 2062 532 neat
2091 517 2107 543 ,
2162 477 2360 546 quibus
2414 496 2750 553 nequaquam
2801 486 2958 554 juxta
3011 491 3330 562 sanguinem
3358 536 3372 560 ,
3426 495 3524 552 sed

207 578 253 622 et
267 565 508 634 Lcuitas,
537 571 666 625 dicit
700 570 970 627 Dominus.
1003 571 1106 641 Qui
1137 571 1203 628 ad
1233 580 1450 644 gentes,
1475 572 1572 639 ait,
1629 571 1825 628 directi

207 660 448 731 fuerint,
478 674 535 720 et
563 665 1023 722 annuntiaverint
1084 667 1164 723 eis
1213 668 1440 738 gloriam
1497 683 1696 734 meam,
1749 667 1828 723 sic

205 747 490 812 adducent
513 755 708 812 fratres
737 757 1043 814 vestros'de
1072 757 1349 815 universis
1373 757 1686 814 nationibus
1705 772 1828 813 mu-

205 865 311 905 nus
339 849 606 919 Domino,
634 867 756 908 cum
778 853 957 923 equis,
995 861 1049 909 et
1076 852 1382 924 quadrigis,
1415 863 1471 908 et
1491 853 1720 921 lecticis,
1771 860 1826 909 et

205 943 399 1010 mulis,
433 955 492 1001 et
523 945 790 1012 carrucis,
826 955 882 1000 et
903 944 1140 1001 diversis
1161 945 1434 1001 vehiculis
1476 945 1530 1000 in
1583 955 1824 1000 montem

209 1045 472 1092 sanctum
504 1038 836 1103 Jerusalem,
883 1038 1161 1108 quomodo
1203 1037 1455 1094 solebant
1504 1037 1599 1093 lilii
1635 1037 1823 1102 Israel.

206 1129 339 1184 dum
364 1145 566 1186 eorum
597 1139 770 1186 staret
798 1130 1012 1202 religio,
1039 1138 1094 1186 et
1117 1130 1328 1201 Templi
1353 1131 1697 1186 cteremoniae
1710 1145 1828 1187 ser-

205 1231 500 1289 varentur,
534 1221 738 1277 offerre
776 1221 1034 1277 victimas
1089 1236 1212 1278 cum
1267 1221 1499 1277 Psalmis
1559 1221 1614 1277 in
1659 1222 1824 1278 domo

209 1316 462 1372 Domini.
495 1315 623 1373 Sive
652 1329 714 1372 ut
736 1315 967 1372 habetur
995 1315 1048 1370 in
1081 1314 1332 1380 Hebraeo,
1366 1325 1421 1370 et
1449 1329 1641 1371 omnes
1690 1329 1825 1370 voce

206 1423 457 1464 consona
488 1408 908 1474 transtulerunt,
939 1409 993 1462 in
1025 1423 1142 1464 uase
1169 1409 1398 1462 mundo:
1427 1407 1568 1478 quod
1623 1414 1679 1462 et
1729 1422 1819 1463 us-

207 1516 314 1572 que
350 1500 520 1556 hodie
541 1501 778 1556 offerunt
808 1501 862 1556 in
905 1500 1078 1556 Domo
1129 1501 1248 1568 Dei,
1282 1515 1404 1570 quae
1438 1509 1521 1555 est
1554 1499 1821 1567 Ecclesia,

209 1593 305 1649 lilii
359 1592 536 1650 Israel
587 1595 680 1664 qui
717 1593 916 1650 'mente
969 1593 1320 1664 conspiciunt
1370 1593 1566 1661 Deum,
1617 1593 1824 1650 hostias

207 1686 534 1758 spirituales
557 1701 680 1742 cum
710 1685 977 1742 fructibus
1002 1693 1165 1756 atque
1178 1685 1466 1741 virtutibus
1489 1686 1687 1742 animae
1707 1701 1822 1742 suae

207 1780 262 1836 in
292 1780 449 1836 vasis
477 1779 721 1848 mundis,
751 1780 854 1836 hoc
877 1787 982 1847 est,
1007 1780 1059 1834 in
1103 1780 1306 1836 Sanctis
1347 1779 1694 1849 corporibus.
1746 1781 1822 1835 De

1924 567 2079 636 juxta
2129 571 2322 626 merita
2363 579 2526 644 atque
2572 574 2808 633 virtutes
2853 580 3222 640 sacerdotium
3253 587 3520 653 defertur,

1927 659 2020 730 qui
2050 661 2274 717 venient
2297 663 2365 719 de
2405 665 2601 721 insulis
2629 671 2894 740 gentium,
2944 681 3000 729 et
3025 671 3267 746 _'g|oriam
3299 678 3522 735 Domini

1927 751 2276 809 nuntiabunt.
2303 754 2374 809 Et
2409 756 2734 815 adducentur
2760 761 2814 816 in
2848 765 3011 835 equis,
3054 775 3102 821 et
3146 767 3198 822 in
3233 769 3520 842 quadrigis,

1926 857 1974 902 et
2017 848 2072 902 in
2117 847 2331 914 lecticis,
2370 859 2420 905 et
2462 852 2519 907 in
2557 852 2733 922 mulis,
2773 867 2821 912 et
2847 858 2902 911 in
2941 861 3190 918 carrucis.
3231 862 3522 932 Quomodo

1927 949 2108 996 autem
2150 943 2349 998 caalum
2397 958 2621 1014 novum,
2666 955 2720 1004 et
2769 959 2914 1006 terra
2960 967 3096 1008 nova
3133 956 3262 1020 erit,
3288 965 3346 1014 et
3377 973 3519 1016 nova

1925 1031 2255 1102 Jerusalem,
2283 1047 2708 1109 utnequaquam
2749 1041 2964 1100 dicatur
3006 1064 3020 1100 :
3057 1046 3253 1103 (Icelum
3293 1059 3343 1105 et
3380 1059 3522 1108 terra

1924 1128 2316 1196 pertransibunt
2341 1128 2560 1201 (Matth.
2594 1149 2740 1200 ntv,
2767 1135 2885 1206 35).
2911 1138 2978 1194 Et
3007 1137 3204 1198 iterum
3238 1160 3252 1198 :
3278 1143 3520 1200 Involve-

1928 1225 2013 1271 tur
2056 1217 2240 1273 caelum
2287 1223 2439 1292 quasi
2479 1221 2612 1278 liber
2646 1240 2666 1278 :
2711 1235 2758 1280 et
2805 1233 3132 1299 corruptione
3182 1233 3523 1308 dissipabitur

1928 1318 2065 1364 terra
2111 1311 2295 1383 (Apoc.
2326 1328 2401 1381 vt,
2436 1313 2529 1386 14)
2561 1334 2577 1371 :
2625 1319 2706 1374 sic
2752 1318 2804 1374 iu
2841 1321 3009 1394 826
3052 1325 3306 1382 omnibus
3341 1331 3518 1396 novis,

1927 1417 2101 1458 novus
2144 1403 2238 1459 liet
2265 1413 2322 1460 et
2350 1407 2580 1477 populus
2614 1409 2734 1476 Dei,
2779 1411 2996 1469 dicente
3039 1414 3319 1486 Scriptura
3350 1437 3364 1474 :
3424 1421 3522 1476 Ve-

1926 1505 2035 1552 tera
2083 1503 2444 1556 transierunt:
2473 1518 2589 1556 ecce
2618 1505 2760 1576 facta
2789 1516 2908 1562 sunt
2961 1511 3134 1566 omnia
3178 1527 3312 1568 nova
3356 1513 3518 1588 (Isai.

1924 1607 2076 1656 XLIII,
2110 1591 2222 1665 19).
2256 1594 2322 1649 Ει
2353 1594 2406 1651 in
2434 1595 2547 1652 alio
2588 1597 2748 1654 loco:
2791 1599 2853 1657 Si
2897 1620 3002 1674 qua
3041 1605 3095 1658 in
3143 1605 3348 1664 Christo
3391 1626 3524 1666 noua

1924 1693 2165 1740 creatura
2192 1686 2260 1758 (ll
2282 1687 2406 1744 Cor.
2447 1705 2500 1760 v,
2536 1689 2647 1762 17).
2680 1691 2910 1765 Eritque
2950 1705 3007 1752 et
3046 1701 3279 1770 populus
3309 1717 3520 1770 novus;

1927 1779 2182 1848 primitiae
2209 1780 2354 1838 enim
2385 1783 2658 1846 Christus.
2699 1787 2900 1846 deinde
2927 1792 3020 1862 qui
3044 1805 3173 1850 sunt
3203 1794 3438 1866 Christi,
3467 1803 3524 1856 In

207 1871 412 1943 quibus
446 1873 750 1944 Apostolus
777 1873 1002 1928 scribit:
1035 1872 1116 1928 An
1145 1874 1399 1946 ignoratis
1423 1875 1546 1944 quia
1573 1873 1821 1944 templum
1853 1883 1900 1944 Β
1926 1873 2164 1930 adventu
2193 1875 2311 1944 ejus
2345 1894 2358 1932 :
2387 1877 2701 1951 coelumque
2745 1891 2801 1938 et
2838 1892 2984 1940 terra
3009 1901 3172 1955 nova,
3206 1888 3277 1946 de
3323 1892 3524 1962 quibus

199 1963 309 2020 ‘Dei
331 1965 482 2032 estis,
519 1975 570 2021 et
597 1964 826 2037 Spiritus
853 1974 1064 2020 sanctus
1105 1964 1305 2020 habitat
1332 1965 1385 2019 in
1437 1966 1579 2021 vobis
1605 1966 1650 2037 (Ι
1699 1964 1820 2021 Cor.

207 2073 288 2125 ιιι,
322 2056 460 2129 i6)?
495 2055 564 2112 Et
579 2073 862 2124 assumam,
889 2057 1084 2128 inquit,
1116 2073 1180 2112 ea:
1201 2057 1274 2112 eis
1294 2058 1583 2113 sacerdotes
1635 2069 1682 2112 et
1724 2057 1826 2112 Le-

206 2149 362 2216 vitas,
393 2149 528 2204 dicit
561 2147 848 2204 Dominus:
879 2157 937 2204 ut
974 2149 1066 2219 qui
1092 2148 1285 2204 salvati
1304 2147 1536 2217 fuerint,
1568 2147 1824 2220 gentibus

223 2242 618 2313 praedicarent.
653 2242 729 2298 De
753 2241 949 2312 quibus
1007 2257 1145 2298 unus
1196 2241 1560 2313 loquebatur:
1613 2241 1702 2299 Sic
1729 2259 1824 2298 nos

217 2343 426 2404 reputet
452 2332 608 2388 homo
629 2335 778 2404 quasi
802 2333 1067 2388 ministros
1089 2332 1302 2399 Christi,
1332 2342 1380 2387 et
1438 2333 1824 2403 dispensatores

208 2427 580 2498 mysteriorum
610 2424 708 2478 Dei
739 2424 778 2497 (Ι
809 2422 930 2480 Cor.
958 2440 1028 2490 tv,
1063 2425 1139 2495 1).
1177 2426 1241 2480 Ει
1267 2424 1442 2480 Lucas
1455 2426 1818 2496 evangelista:

218 2518 366 2575 Sicut
393 2518 753 2580 tradiderunt,
780 2518 977 2588 inquit,
1012 2517 1177 2582 nobis,
1206 2518 1296 2588 qui
1321 2535 1353 2571 a
1378 2519 1543 2592 825
1567 2517 1822 2590 principio

212 2612 456 2666 uiderunt
479 2619 529 2664 et
554 2610 780 2664 ministri
809 2610 1306 2680 fueruntsermonis.
1341 2610 1415 2665 De
1436 2611 1631 2678 quibus
1655 2619 1712 2666 et
1732 2625 1825 2666 su-

211 2717 304 2775 pra
337 2704 612 2776 legimus:
648 2702 748 2758 Vos
772 2705 914 2759 eritis
941 2703 1066 2758 mihi
1095 2705 1383 2759 sacerdotes
1423 2703 1842 2776 Domini(Isai.'

197 2815 320 2867 ut,
347 2798 435 2871 6).
468 2798 760 2869 Quomodo
790 2799 935 2854 enim
984 2797 1040 2853 in
1070 2797 1391 2854 abscondito
1438 2798 1663 2855 Iudaeus
1709 2806 1817 2865 est,

212 2895 301 2964 qui
334 2892 538 2963 spiritu
569 2891 982 2948 circumciditur
1010 2890 1191 2964 (Rom.
1225 2891 1310 2962 ιι),
1343 2892 1532 2964 dequo
1559 2893 1820 2962 scriptum

215 2997 298 3044 est
322 3006 333 3042 :
371 2986 490 3042 Nos
518 3003 697 3042 sumus
721 2985 1082 3053 Circumcisio,
1112 2987 1202 3058 qui
1225 2987 1416 3058 spiritu
1445 2985 1556 3041 Deo
1575 2988 1822 3042 servimus

215 3078 488 3150 (Philipp.
523 3095 604 3144 ιιι,
650 3077 730 3150 3),
781 3087 838 3135 et
887 3077 1167 3134 oﬂ'erimus
1209 3077 1520 3148 spirituales
1571 3078 1822 3136 victimas

217 3173 504 3245 placentes
529 3171 662 3239 Deo,
700 3169 1095 3240 psallimusque
1119 3168 1314 3240 spiritu
1341 3177 1398 3224 et
1424 3183 1624 3224 sensu:
1665 3169 1746 3225 sic
1766 3179 1821 3225 et

1925 1965 2071 2021 inter
2101 1974 2230 2022 octo
2260 1967 2632 2028 beatitudines
2664 1971 2866 2030 dicitur
2895 1991 2908 2030 :
2939 1975 3090 2032 Beati
3131 1996 3384 2054 pauperes
3412 1985 3523 2055 spi-

1921 2061 2047 2128 ritu,
2090 2063 2337 2130 quoniam
2379 2063 2620 2133 ipsorum
2669 2076 2743 2123 est
2791 2085 3009 2142 regnum
3058 2073 3328 2130 caelorum.
3373 2075 3524 2132 Beati

1922 2150 2092 2220 mites,
2117 2153 2368 2222 quoniam
2393 2154 2495 2227 ipsi
2523 2156 2861 2229 possidebunt
2902 2169 3090 2216 terram
3121 2163 3336 2236 (Matth.
3379 2182 3436 2234 v,
3465 2169 3520 2235 5,

1923 2242 2004 2312 Δ).
2037 2242 2320 2315 Siquidem
2365 2248 2546 2304 omnis
2574 2259 2827 2306 creatura
2871 2267 3015 2309 nunc
3045 2255 3291 2328 subjecta
3317 2267 3403 2315 est
3425 2274 3524 2314 va-

1923 2335 2080 2391 nitati
2118 2335 2173 2392 in
2203 2351 2326 2408 spe,
2361 2351 2588 2409 propter
2615 2357 2740 2398 eum
2769 2345 2861 2415 qui
2893 2347 3133 2417 subjecit
3173 2365 3292 2406 eam
3337 2351 3518 2424 (Rom.

1923 2428 2062 2498 vni).
2108 2429 2516 2489 Liberabuntur
2559 2444 2742 2492 autem
2789 2454 2819 2492 a
2851 2441 3118 2498 servitute
3154 2447 3523 2516 corruptionis

1923 2521 1978 2576 in
2009 2521 2184 2592 gloria
2215 2523 2450 2583 filiorum
2486 2527 2610 2595 Dei,
2659 2531 2750 2600 qui
2799 2529 2932 2588 ﬁent
2971 2533 3041 2590 de
3083 2535 3397 2594 hominibus
3429 2539 3526 2599 ﬁlii

1924 2615 2064 2685 ejus,
2109 2626 2166 2673 et
2201 2619 2424 2677 stabunt
2460 2621 2516 2677 in
2563 2635 2860 2696 conspectu
2891 2627 3040 2683 illius
3068 2644 3310 2701 semper,
3339 2643 3394 2688 et
3425 2647 3526 2690 no-

1923 2725 2046 2766 men
2073 2725 2263 2769 eorum
2285 2714 2490 2788 jugiter
2517 2720 2880 2788 permanebit,
2915 2731 2972 2778 ut
3012 2738 3356 2796 nequaquam
3403 2727 3518 2784 illis

1922 2815 2057 2872 gens
2087 2805 2348 2861 succedat
2377 2807 2506 2875 alia,
2538 2809 2682 2879 quod
2708 2809 2911 2868 factum
2941 2822 3028 2869 est
3057 2815 3110 2870 in
3139 2815 3381 2884 ludasis;
3421 2818 3520 2876 sed

1923 2907 2178 2951 maneant
2229 2898 2283 2953 in
2338 2909 2625 2958 aeternum.
2681 2901 2750 2958 Et
2797 2906 2916 2974 erit,
2969 2906 3166 2979 inquit,
3223 2913 3410 2968 mensis
3457 2928 3524 2968 ea:

1924 3003 2114 3056 mense,
2145 3000 2197 3044 et
2221 2991 2488 3048 sabbatum
2512 3009 2577 3049 ea:
2605 2996 2818 3052 sabbato
2847 3014 2866 3052 :
2894 3007 2954 3053 ut
2982 2999 3050 3056 de
3065 3002 3375 3060 carnalibus
3399 3005 3525 3062 sab-

1924 3079 2086 3149 batis,
2137 3087 2526 3158 mensibusque
2568 3089 2702 3145 fiant
2751 3091 3053 3161 spiritualia
3099 3096 3324 3154 sabbata
3383 3099 3523 3156 deli-

1923 3183 2068 3243 cato,
2119 3178 2209 3248 qui
2258 3180 2627 3239 sabbatismus
2676 3184 2774 3241 Dei
2821 3188 3026 3258 popqu
3073 3201 3405 3250 reservatur.
3457 3196 3527 3253 Et

216 3262 539 3321 sacerdotes
565 3261 854 3359 el‘LeVilte
895 3259 948 3314 in
1000 3259 1334 3359 abscondito
1364 3260 1654 3359 δυτψ-(μιῇ
1848 3261 1894 3325 C
1928 3268 2132 3322 mensis
2159 3269 2480 3341 spiritualis,
2513 3276 2732 3347 quando
2771 3292 2800 3332 a
2832 3291 3035 3350 puncto
3075 3298 3247 3355 usque
3274 3285 3342 3340 ad
3382 3302 3522 3359 pun-

217 3359 418 3415 seriem
446 3355 666 3428 generis
715 3363 1046 3426 sequuntur,
1075 3354 1172 3408 sed
1219 3352 1464 3409 ordinem
1519 3353 1669 3410 lidei.
1723 3354 1823 3410 Vel
1927 3368 2076 3415 ctum
2131 3361 2256 3418 luna
2305 3365 2696 3437 complebitur,
2731 3379 2788 3425 et
2825 3385 2927 3426 suo
2966 3352 3170 3431 curret
3201 3352 3409 3445 ordine,
3464 3388 3524 3436 ut

221 3463 375 3511 certe
417 3467 525 3508 non
557 3451 693 3508 dicit
710 3451 778 3507 de
809 3451 1086 3521 Apostolis
1115 3459 1167 3506 et
1199 3450 1519 3522 apostoiicis
1549 3452 1702 3521 viris,
1730 3454 1821 3523 qui
1926 3450 2129 3508 efficiat
2168 3470 2436 3526 mensem,
2473 3458 2526 3515 id
2559 3470 2666 3530 est,
2712 3461 2996 3532 kalendas,
3035 3482 3158 3538 quae
3201 3467 3390 3526 Grazce
3427 3486 3525 3542 ap-

221 3547 499 3617 principes
522 3545 740 3601 fuerunt
763 3543 1025 3600 Ecclesia:
1051 3559 1116 3598 ex
1143 3545 1342 3616 populo
1362 3545 1694 3612 Judreorum,
1725 3547 1823 3603 sed
1923 3546 2203 3617 pellantur
2217 3555 2499 3626 νεομηνίαι.
2531 3553 2635 3610 hoc
2667 3566 2772 3622 est,
2806 3559 3015 3615 mensis
3037 3561 3166 3616 novi
3191 3562 3476 3619 exordium
3504 3605 3518 3620 .

219 3639 288 3695 de
309 3637 650 3696 enumeratis
670 3651 830 3707 supra
854 3637 1130 3709 gentibus,
1161 3636 1231 3692 de
1253 3637 1411 3704 mari,
1433 3637 1503 3693 de
1523 3636 1731 3704 Africa,
1755 3637 1824 3694 de

225 3732 421 3806 Libya,
451 3731 521 3788 de
549 3728 916 3802 Cappadocia,
938 3728 1010 3786 de
1035 3728 1208 3797 Italia,
1247 3729 1317 3785 de
1341 3728 1576 3796 Graecia,
1609 3729 1678 3785 de
1693 3745 1823 3785 cun-

219 3824 322 3882 etis
343 3823 566 3890 insulis,
589 3836 818 3892 quarum
851 3820 1189 3877 habitatores
1219 3820 1454 3890 primum
1485 3837 1591 3876 non
1631 3821 1820 3878 audie-

220 3926 346 3974 rant
369 3917 684 3984 Dominum,
711 3929 814 3970 nec
842 3913 1092 3970 viderant
1118 3913 1345 3985 gloriam
1377 3912 1517 3984 ejus,
1551 3923 1605 3968 et
1633 3922 1822 3985 postea

221 4019 506 4067 vertentur
529 4009 586 4064 in
605 4007 920 4064 sacerdotes
943 4053 956 4076 ,
1005 4017 1065 4063 ut
1097 4006 1191 4079 qui
1242 4006 1458 4064 fuerant
1488 4005 1681 4072 cauda,
1714 4006 1826 4062 sint

218 4113 404 4176 caput,
433 4113 490 4159 et
514 4101 606 4172 qui
635 4109 818 4171 caput,
849 4107 1134 4155 vertantur
1163 4099 1216 4154 in
1250 4097 1501 4155 caudam.

289 4197 480 4268 (Vers.
509 4194 606 4260 22,
645 4193 766 4266 25.)
809 4194 945 4262 Quia
982 4194 1115 4248 sicut
1145 4191 1261 4249 cteli
1289 4193 1404 4248 novi
1424 4201 1474 4248 et
1497 4201 1637 4247 terra
1666 4207 1821 4258 nova,

220 4307 336 4361 qua:
359 4307 457 4362 ego
487 4289 625 4361 facio
645 4297 785 4344 stare
811 4305 986 4344 coram
1012 4303 1112 4354 me,
1139 4287 1267 4342 dicit
1299 4286 1595 4342 Dominus:
1623 4287 1700 4342 sic
1718 4295 1826 4342 sta-

223 4383 296 4438 bit
322 4399 499 4440 semen
526 4389 774 4445 vestrum,
805 4391 854 4435 et
893 4397 1078 4436 nomen
1105 4389 1350 4434 vestrum.
1391 4377 1462 4434 Et
1489 4379 1588 4434 erit
1634 4379 1825 4435 mensis

223 4497 288 4536 ea:
314 4495 507 4544 mense,
539 4486 590 4532 et
611 4475 881 4531 sabbatum
910 4492 972 4531 ea:
1001 4475 1216 4531 sabbato
1242 4491 1260 4530 :
1291 4475 1456 4530 veniet
1490 4474 1656 4530 omnis
1676 4489 1821 4536 caro,

224 4583 279 4628 ut
306 4572 490 4628 adoret
537 4578 754 4624 corama
801 4570 934 4641 facie
974 4586 1110 4635 mea,
1142 4569 1269 4623 dicit
1308 4565 1587 4624 Dominus.
1637 4565 1821 4623 LXX:

1925 3640 2068 3708 apud
2101 3657 2236 3712 quos
2267 3645 2482 3712 initium
2509 3646 2887 3714 kalendarum,
2915 3667 3022 3707 non
3048 3651 3208 3723 juxta
3239 3654 3372 3711 solis
3401 3671 3525 3712 cur-

1927 3746 2070 3796 sum,
2115 3743 2169 3789 et
2211 3735 2428 3792 diversa
2477 3740 2746 3796 mensium
2786 3744 2984 3814 spatia,
3037 3744 3134 3800 sed
3169 3745 3333 3816 juxta
3379 3748 3523 3804 luna:

1927 3824 2214 3881 circuitum
2252 3829 2440 3899 incipit
2466 3841 2522 3886 et
2549 3829 2750 3887 finitur.
2786 3833 2915 3890 Haec
2939 3845 3022 3891 est
3049 3837 3197 3906 luna,
3230 3839 3301 3896 de
3329 3855 3434 3911 qua
3465 3841 3521 3898 in

1927 3914 2090 3971 laude
2127 3918 2243 3973 veri
2283 3919 2594 3978 Salomonis
2635 3922 2836 3980 dicitur
2869 3943 2883 3980 :
2934 3927 3004 3982 Et
3049 3931 3365 3997 permanebit
3404 3949 3523 3992 cum

1926 4007 2038 4063 sole
2056 4021 2106 4066 et
2127 4021 2248 4067 ante
2273 4012 2453 4070 lunam
2473 4017 2528 4071 in
2552 4020 2906 4090 generationes
2931 4026 3320 4096 generationum
3345 4027 3520 4100 (Psal.

1929 4120 2074 4172 cui,
2119 4105 2200 4178 5).
2247 4107 2384 4177 Quae
2433 4111 2486 4166 in
2535 4111 2760 4170 Cantica
2814 4116 3166 4175 Canticorum
3217 4123 3526 4194 appellatur

1927 4197 2100 4255 electo
2135 4216 2150 4254 :
2183 4199 2316 4266 Qua:
2343 4213 2416 4259 est
2447 4206 2556 4261 hate
2585 4223 2704 4278 quin
2746 4212 2997 4281 processit
3026 4215 3177 4283 quasi
3207 4215 3519 4288 diluculum,

1929 4289 2150 4358 pulchra
2179 4303 2234 4347 ut
2265 4295 2412 4364 luna,
2447 4309 2497 4352 et
2525 4298 2684 4354 electa
2711 4311 2766 4356 ut
2795 4303 2874 4358 sol
2899 4305 3221 4364 admirabilis
3245 4309 3423 4382 (Cant.
3446 4327 3522 4380 Vl,

1927 4382 2027 4454 9)?
2056 4387 2227 4442 Aiunt
2249 4387 2494 4462 Physici,
2527 4401 2583 4448 et
2612 4409 2843 4463 quorum
2875 4411 3020 4455 cura:
3051 4410 3137 4457 est
3175 4402 3248 4459 de
3283 4404 3528 4462 cmlesti-

1927 4475 2030 4532 bus
2071 4477 2377 4551 disputare,
2409 4482 2594 4540 lunam
2629 4501 2738 4542 non
2774 4487 2974 4546 habere
3003 4494 3281 4566 proprium
3315 4496 3527 4563 lumen,

1928 4571 2024 4627 sed
2058 4574 2192 4630 solis
2218 4576 2393 4634 radiis
2424 4577 2710 4637 illustrari.
2746 4583 2831 4638 Ab
2857 4598 2918 4639 ea
2951 4586 3100 4642 enim
3132 4602 3354 4660 semper
3379 4593 3529 4649 orbis

226 4665 375 4722 Sicut
401 4663 542 4718 enim
569 4661 754 4717 caelum
782 4677 969 4717 novum
995 4669 1043 4716 et
1071 4670 1209 4717 terra
1234 4677 1389 4730 nova,
1427 4676 1544 4732 qua:
1572 4677 1666 4734 ego
1689 4661 1826 4733 facio
1851 4657 1908 4719 D
1935 4678 2088 4734 parte
2135 4670 2443 4740 completur
2470 4682 2526 4728 et
2565 4674 2754 4746 fulget,
2804 4691 2834 4732 a
2861 4693 2967 4748 qua
3012 4680 3116 4736 soli
3160 4657 3392 4742 vicinior
3419 4696 3526 4751 est,

223 4769 526 4829 permanere
549 4753 605 4807 in
631 4761 904 4826 conspectu
943 4769 1076 4819 meo,
1109 4751 1236 4807 dicit
1266 4751 1524 4808 Dominus
1556 4769 1574 4807 :
1604 4752 1679 4806 sic
1716 4762 1824 4808 sta-

224 4852 296 4907 bit
323 4866 500 4907 semen
519 4857 742 4903 uestrum
762 4858 814 4904 et
837 4865 1022 4903 nomen
1055 4857 1296 4903 vestrum.
1324 4847 1392 4902 Et
1414 4849 1508 4903 erit
1539 4849 1731 4902 mensis
1761 4864 1824 4902 ex

227 4959 418 5012 mense,
466 4949 515 4997 et
546 4941 814 4996 sabbatum
841 4957 908 4996 ea:
935 4939 1149 4996 sabbato
1173 4955 1191 4994 :
1221 4940 1388 4994 veniet
1416 4940 1584 4994 omnis
1614 4955 1738 4994 caro
1768 4949 1826 4993 ut

224 5039 408 5092 adoret
455 5034 514 5089 in
573 5043 852 5104 conspectu
915 5048 1028 5088 meo
1077 5032 1132 5086 in
1176 5029 1468 5086 Jerusalem
1522 5029 1820 5086 Dominum.

225 5131 456 5201 Quando
483 5130 664 5188 dicit:
699 5131 1057 5184 Assumamea:
1095 5123 1165 5178 eis
1200 5123 1255 5178 in
1283 5124 1572 5179 sacerdotes
1614 5133 1662 5177 et
1699 5121 1826 5177 levi-

229 5240 353 5298 tas,
408 5227 657 5286 ostendit
705 5236 860 5282 vetus
925 5221 1296 5280 sacerdotium
1363 5218 1822 5290 praetermissum,

229 5321 374 5392 quod
406 5320 574 5380 tribui
593 5319 858 5376 Leviticze
877 5315 1204 5384 debebatur,
1229 5313 1320 5369 ubi
1354 5327 1462 5370 non
1495 5320 1583 5368 est
1607 5312 1824 5377 electio,

229 5417 324 5472 sed
355 5415 496 5472 ordo
526 5424 755 5480 naturae,
791 5420 847 5469 et
875 5411 1048 5468 series
1076 5418 1161 5466 est
1184 5408 1406 5465 familia:
1449 5424 1548 5478 per
1576 5415 1825 5478 posteros

231 5507 594 5566 descendens.
629 5505 918 5562 Translato
945 5504 1091 5561 enim
1119 5501 1429 5559 sacerdotio
1459 5515 1690 5558 necesse
1717 5510 1822 5566 est,

233 5607 372 5656 utet
416 5599 578 5669 Legis
609 5598 899 5654 translatio
927 5595 1042 5664 ﬁat,
1092 5603 1148 5652 et
1185 5593 1383 5652 electio
1419 5593 1486 5649 ad
1521 5606 1622 5649 eos
1653 5592 1826 5663 perti-

308 5805 566 5863 aVocem
612 5821 749 5880 mea,
798 5818 922 5880 ςιιιω
949 5813 1026 5880 _et
1073 5805 1126 5880 i_n
1173 5803 1410 5880 Hebraeo
1439 5808 1664 5880 resonat
1703 5774 1842 5880 v.55,-

232 5877 426 5936 deerat
475 5894 608 5933 vero
680 5878 732 5931 iu
806 5876 1106 5930 Martianaci
1165 5875 1436 5941 editione,
1491 5872 1845 5930 Ambrosiani

1926 4775 2031 4816 nec
2064 4762 2256 4818 umbra
2296 4770 2462 4820 terra:
2494 4767 2825 4825 obscuratur
2861 4788 2876 4828 :
2923 4773 3068 4844 quod
3100 4783 3156 4832 et
3207 4788 3365 4849 poeta
3414 4795 3522 4834 uno

1928 4854 2202 4912 versiculo
2226 4855 2631 4916 demonstravit
2659 4861 2881 4936 (Virgil.
2909 4880 2927 4920 ι
2950 4863 3170 4943 Georg.)
3201 4887 3215 4925 :

2143 4991 2250 5044 Nec
2271 4992 2439 5046 fratris
2457 4997 2610 5050 radiis
2632 4999 2846 5052 obnoxia
2871 5014 3087 5068 surgere
3105 5003 3243 5056 luna.

2005 5120 2060 5176 Si
2091 5118 2200 5177 hoc
2230 5136 2418 5179 verum
2469 5133 2578 5194 est,
2629 5134 2685 5182 et
2724 5142 2825 5183 nos
2856 5130 3196 5202 tropologice
3236 5143 3530 5200 possumus

1929 5214 2136 5285 dicere,
2171 5217 2474 5275 Ecclesium
2506 5235 2630 5290 quae
2654 5234 2789 5292 pace
2814 5229 2871 5278 et
2899 5221 3380 5292 persecutionibus
3407 5238 3529 5281 ere-

1927 5307 2032 5365 scit
2059 5318 2225 5381 atque
2252 5311 2545 5378 decrescit,
2589 5322 2645 5367 et
2684 5326 2949 5384 oppressa
2979 5312 3341 5368 tentatiouum
3375 5321 3530 5371 tene-

1927 5402 2044 5460 bris
2068 5416 2286 5458 rursum
2315 5402 2608 5476 pristinum
2638 5404 2823 5462 lumen
2844 5405 3009 5478 827
3043 5405 3296 5470 assumit,
3327 5404 3532 5464 habere

1928 5496 2276 5568 Splendorem
2315 5514 2346 5552 a
2389 5498 2509 5554 sole
2534 5497 2783 5568 iustitiae,
2818 5509 2874 5552 et
2906 5499 3012 5552 hoc
3055 5511 3176 5552 esse
3215 5498 3362 5566 quod
3394 5499 3530 5556 dici-

1931 5598 2020 5645 tur
2051 5608 2065 5644 :
2097 5589 2398 5659 Splendebit
2428 5589 2554 5644 (una
2579 5590 2731 5660 quasi
2755 5587 2836 5643 sol
2863 5586 3020 5660 (Isai.
3046 5604 3178 5657 xxx,
3205 5587 3334 5661 26);
3369 5589 3524 5648 habi-

1951 5796 2109 5854 codd.
2131 5813 2257 5854 cum
2291 5795 2534 5853 Victorio
2559 5795 2828 5866 supplent.
