1930 3634
246 183 300 213 675

872 181 901 209 S.
922 182 1056 210 EUSEBII
1079 182 1267 212 lllERONYMl

1817 182 1857 216 676

246 248 404 278 tutoresque
419 242 481 278 ejus
495 241 585 275 iustos
601 240 705 275 fulgere
719 240 795 276 quasi
816 239 902 268 solem
919 240 945 268 in
963 248 1046 275 regno
1061 243 1085 272 Α
1100 249 1193 269 nomen
1212 246 1297 276 tuum,
1314 240 1426 271 Domine
1448 240 1535 277 (Psal.
1551 248 1648 272 Lxxxv,
1664 240 1700 277 9).
1717 241 1819 270 llensem
1831 253 1857 272 rx

247 288 333 323 patris
346 289 400 316 sui.
418 289 450 316 Et
472 295 521 324 per
534 288 585 315 hos
599 295 706 316 menses
722 294 814 314 semen
831 287 952 318 Domini,
976 286 1047 322 quod

247 335 428 364 instauratum
443 340 485 363 est
500 334 528 362 in
543 339 688 367 aeternum,
703 334 795 361 venire
810 333 843 360 ad
861 333 1048 361 solemnitates

247 390 321 414 suas.
338 390 407 418 quas
422 387 534 411 sanctus
558 380 676 416 mystico
692 388 740 408 ore
754 380 912 412 resonabat,
929 380 1024 408 dicens
1040 390 1045 407 :

248 429 337 457 Annos
360 434 470 457 cateruas
499 430 526 455 in
551 433 632 455 mente
652 427 749 460 habui,
778 432 801 454 et
827 427 965 457 nwditatus
991 435 1046 454 sum

246 476 336 512 (Psal.
350 483 442 508 Lxxvr,
457 475 496 512 6).
513 476 551 503 De
568 475 682 504 sabbato
698 479 799 507 autem,
823 474 895 509 quod
912 473 1048 508 significat

248 523 384 557 requiem,
402 522 484 558 pleno
498 529 625 550 sermone
647 522 824 549 tractavimus
839 521 891 555 (Ad
906 529 963 556 top.
981 520 1046 555 ιιι),

248 570 275 601 in
288 570 476 598 cunuchorum
497 569 663 598 advenarum
679 568 833 603 prophetia.
849 568 883 596 Et
897 575 967 596 nunc
987 567 1048 595 b;'e-

247 615 318 644 vilet‘
330 620 373 644 est
393 616 552 648 dicendutn,
575 623 624 642 eos
640 615 733 642 venire
757 615 784 642 in
799 615 950 642 neomeniis
972 619 999 641 et
1020 615 1046 641 in

248 663 382 697 sabbatis,
397 663 442 698 qui
458 670 506 691 sex
521 662 619 693 diebus
634 662 660 689 in
676 662 774 696 quibus
794 662 882 691 factus
905 666 947 689 est
968 670 1046 689 mun—

247 709 309 740 dus,
324 709 491 737 transcensis
506 714 588 745 atque
601 709 756 744 praeteritis.
770 708 903 737 festinant
916 707 949 735 ad
962 708 1048 743 septi-

250 763 326 785 mum
341 756 424 789 diem,
451 756 477 784 id
494 761 547 789 est,
573 755 727 789 sabbatum,
752 756 778 783 in
794 763 848 791 quo
862 763 924 783 vera
942 759 984 783 est
1006 762 1048 782 re-

245 805 336 841 quies.
347 804 384 833 De
394 804 435 834 his
445 804 667 833 solemnitatibus
676 804 821 834 credentes
829 804 927 832 Paulus
938 810 1047 838 προδιο-

247 850 289 878 lus
312 851 476 883 instruebat,
502 851 620 879 dicens:
649 851 775 879 Umbram
797 852 864 877 enim
887 850 983 877 habeas
1005 850 1048 877 lex

247 898 397 933 futurorum
418 898 542 926 bonorum
570 897 664 933 (Ilcbr.
683 906 709 932 Χ,
732 897 770 933 1).
794 898 827 925 Et
854 898 951 926 iterum
975 906 982 923 ί
1007 896 1048 923 Ne

1101 295 1206 320 mense,
1225 293 1251 315 et
1277 288 1419 317 sabbatum
1438 295 1473 315 ex
1494 287 1621 318 sabbato,
1639 288 1663 315 in
1679 289 1768 323 quibus
1789 292 1858 318 veniet

1100 335 1190 362 omnis
1203 342 1280 367 caro,
1298 339 1327 362 ut
1340 334 1437 363 adoret
1455 334 1551 366 Deum,
1579 332 1689 362 ridicule
1709 334 1860 367 interpretan-

1101 384 1144 408 tur
1161 381 1308 416 χιλιασταὶ,
1322 387 1390 416 quos
1404 387 1454 408 nos
1467 379 1561 407 dicere
1573 387 1714 414 possumus
1726 380 1857 409 Milliarios:

1100 431 1131 454 ut
1146 428 1192 462 qui
1210 428 1237 455 in
1252 427 1341 454 vicino
1357 430 1430 460 sunt,
1448 426 1522 454 omni
1546 425 1659 456 sabbato
1681 427 1781 454 veniant
1794 427 1814 454 in
1827 427 1859 455 Je-

1100 474 1219 501 rusalem
1233 482 1239 505 ;
1256 474 1301 509 qui
1317 473 1438 510 longius,
1456 481 1506 508 per
1521 480 1641 502 nienses.
1659 472 1683 499 id
1696 477 1744 504 est,
1757 472 1859 503 kalenda-

1099 526 1159 547 rum
1177 520 1244 547 orbe
1269 519 1420 554 completo,
1445 519 1491 555 qui
1515 518 1595 548 valde
1613 518 1716 553 procul,
1733 526 1774 552 per
1795 526 1860 547 annos

1099 567 1235 601 singulos,
1261 565 1313 594 hoc
1332 570 1384 598 est,
1408 564 1505 592 diebus
1522 564 1634 591 Pascha:
1650 564 1703 592 sive
1719 564 1860 593 Taberttacu-

1098 615 1201 647 lorum,
1216 614 1296 650 juxta
1313 614 1378 644 illud
1395 614 1466 649 quod
1482 614 1507 640 in
1521 613 1655 640 Zacharia
1667 612 1775 641 dicitur:
1789 612 1861 639 Asmi-

1097 662 1162 689 dens
1177 662 1208 689 ab
1226 669 1296 688 anno
1312 662 1339 688 in
1354 669 1464 693 annum,
1481 665 1508 687 ut
1523 660 1631 689 adorent
1655 659 1784 690 Dominum
1797 668 1859 691 regem

1099 710 1271 741 oxet‘cituum,
1297 715 1320 735 et
1335 708 1461 738 celebrent
1483 708 1648 743 festivitatem
1660 707 1860 739 Tabernaculonun

1101 755 1191 791 (Zach.
1215 763 1273 789 xiv,
1301 755 1356 791 16).
1382 756 1415 783 Ει
1437 760 1467 782 ιιι
1492 755 1624 790 majorem
1647 755 1728 783 risum
1748 756 1860 789 praebeant

1098 804 1285 837 audientibus,
1308 803 1380 838 quod
1395 804 1421 831 in
1434 804 1532 831 ultimo
1546 803 1670 838 ejusdem
1694 803 1816 840 propheta:
1827 811 1862 831 vo-

1100 850 1202 878 lumine
1225 850 1356 878 scribilur
1381 859 1388 877 :
1419 849 1453 877 Et
1472 858 1524 877 non
1550 850 1598 877 erit
1624 855 1746 878 mercator
1769 849 1823 876 ultra
1842 850 1860 877 in

1099 897 1176 924 domo
1200 897 1307 924 Domini
1331 897 1491 924 exercituum
1516 897 1543 924 in
1566 896 1609 924 die
1633 896 1690 930 illo,
1707 896 1744 923 sic
1758 896 1862 931 interpre-

249 945 308 979 quis
322 953 381 980 ergo
396 953 440 972 vos
451 944 553 981 judicet
569 945 595 972 in
617 945 686 978 cibo,
711 949 755 972 aut
777 949 851 979 potu,
874 948 919 971 aut
934 944 961 971 in
975 948 1047 979 parte
1063 945 1086 981 β
1101 947 1201 973 tantur,
1213 948 1241 971 ut
1256 944 1443 978 negotiatores
1457 942 1484 970 in
1498 942 1574 970 mille
1586 942 1666 970 annis
1679 950 1737 970 esse
1748 942 1861 973 desismnt,

250 991 303 1018 diei
320 992 390 1027 festi,
404 997 450 1020 aut
474 992 625 1023 twonteniat,
649 997 694 1020 aut
714 992 892 1025 sabbatorum,
914 999 972 1027 quia
988 995 1049 1018 sunt

249 1038 345 1066 umbra:
366 1039 514 1073 futurarum
536 1038 651 1074 (Colore.
668 1047 698 1070 ιι,
720 1039 776 1074 16).
793 1039 823 1067 Si
838 1043 928 1066 autem
947 1039 1006 1066 lucc
1021 1039 1049 1066 in

256 1084 351 1118 umbra
367 1084 519 1114 futurorum
539 1085 685 1117 bonorum,
700 1090 726 1112 et
748 1085 774 1115 in
799 1085 916 1120 imagine
931 1092 1049 1120 pruices~

250 1135 358 1162 serunt,
382 1131 473 1159 omnis
489 1131 531 1158 lex
549 1130 727 1165 spiritualiter
741 1131 915 1165 intelligenda
939 1135 990 1163 est,
1015 1131 1049 1159 de

250 1182 302 1210 qua
319 1175 390 1203 idem
407 1176 515 1204 dicebat
529 1176 679 1211 Apostolus
694 1185 701 1203 :
719 1176 822 1205 Scimus
837 1177 899 1212 quia
919 1177 960 1204 [ex
973 1177 1050 1212 spiri-

249 1223 328 1253 tualis
349 1229 385 1250 est
402 1224 492 1258 (Rom.
518 1232 565 1257 vn,
587 1224 643 1259 M),
669 1224 747 1258 cujus
772 1223 900 1259 mysteria
920 1228 947 1252 et
964 1224 1049 1252 David

248 1278 330 1298 nosse
345 1270 492 1305 cupiebat:
516 1270 612 1298 Revela
634 1270 816 1303 ooulosmeos,
832 1276 857 1298 et
880 1271 1050 1299 considerabo

251 1316 383 1349 mirabilia
397 1318 427 1343 de
446 1317 500 1351 lege
522 1321 566 1344 tua
591 1316 678 1351 (Paul.
702 1325 795 1349 cxvin,
814 1316 869 1352 l8).
893 1317 959 1351 Quae
977 1318 1048 1346 enim

249 1363 385 1398 videntur,
407 1364 568 1397 temporalia
588 1370 652 1392 sunt
667 1373 673 1391 :
688 1372 749 1400 qum
773 1369 864 1394 autem
882 1372 935 1395 n0u
956 1365 1051 1393 viden-

249 1415 303 1444 tur,
330 1416 433 1439 interna
459 1411 495 1445 (ll
516 1412 576 1438 Cor.
600 1411 649 1447 iv).
674 1412 711 1439 De
734 1412 832 1447 quibus
852 1413 942 1440 omnis
967 1412 1049 1440 celeri

248 1458 433 1493 disputatione
458 1466 639 1494 percurrere,
663 1466 717 1487 non
739 1464 780 1487 est
804 1459 886 1493 hujus
908 1459 1049 1494 temporis.

251 1504 279 1532 Si
295 1504 367 1532 enim
381 1512 433 1532 nec
446 1504 541 1532 oculus
558 1504 633 1537 vidit,
658 1512 709 1532 nec
724 1505 798 1534 auris
814 1505 930 1539 audivit,
952 1513 1001 1532 nec
1022 1505 1048 1532 in

249 1557 297 1577 cor
311 1550 428 1577 hominis
442 1550 637 1584 ascenderunt,
654 1559 714 1586 qure
730 1551 893 1586 prmparavit
917 1551 989 1579 Deus
1009 1551 1048 1579 di-

248 1595 398 1631 ligentibus
414 1605 444 1625 se
460 1597 483 1629 (1
498 1599 558 1624 Cor.
581 1598 624 1633 ιι),
642 1599 778 1633 quomodo
793 1605 843 1627 nos
864 1598 947 1626 totius
968 1598 1049 1633 Legis

1101 990 1164 1024 quia
1179 990 1269 1017 omnia
1287 997 1434 1018 nascantur
1450 990 1478 1018 in
1495 990 1626 1020 omnibus
1650 990 1726 1024 loris,
1746 998 1793 1026 quo
1809 990 1863 1017 scili-

1100 1041 1145 1064 cet
1166 1044 1216 1064 nec
1237 1045 1286 1065 nos
1312 1037 1485 1071 indigeamus
1508 1037 1574 1065 folio
1599 1044 1718 1070 amomo,
1737 1041 1761 1066 et
1781 1037 1860 1073 pipere,

1102 1092 1151 1112 nec
1164 1084 1220 1111 ludi
1235 1092 1249 1111 a
1264 1084 1344 1112 nobis
1359 1085 1500 1119 pulegium
1516 1084 1687 1114 desiderent.

1138 1131 1229 1166 (Vers.
1253 1131 1312 1166 24.)
1330 1131 1363 1158 Et
1378 1132 1557 1168 egrediantur,
1586 1136 1609 1159 et
1625 1131 1743 1160 videbunt
1766 1130 1862 1157 caderem

1102 1178 1216 1205 virorum
1231 1178 1276 1213 qui
1297 1179 1462 1213 prwraricati
1483 1183 1542 1206 sunt
1566 1179 1592 1205 in
1616 1187 1667 1207 nte.
1688 1177 1780 1205 Ventris
1797 1184 1862 1204 totum

1102 1233 1153 1252 non
1177 1225 1314 1257 morietur,
1343 1230 1366 1251 et
1386 1225 1454 1260 ignis
1470 1233 1559 1253 eorum
1576 1233 1628 1252 non
1651 1225 1819 1261 ezstinguotur.
1838 1222 1862 1249 Et

1102 1277 1177 1298 erunt
1194 1280 1274 1306 usque
1288 1272 1322 1298 ad
1337 1272 1481 1299 satietatem
1494 1272 1606 1300 visionis
1621 1272 1692 1299 omni
1706 1272 1778 1299 conti.
1791 1275 1801 1289 ι
1812 1268 1863 1297 ι,ῐί

1102 1318 1242 1345 similiter.
1258 1317 1353 1345 Omnis
1375 1326 1438 1345 caro
1462 1326 1523 1353 quae
1547 1318 1695 1345 adoratura
1720 1323 1757 1345 est
1779 1318 1799 1344 in
1815 1323 1862 1343 con~

1101 1370 1195 1399 spcctu
1222 1365 1341 1398 Domini,
1366 1365 1408 1392 vel
1432 1366 1459 1392 in
1485 1365 1641 1394 Jerusalem
1667 1365 1775 1398 cielcsti,
1796 1363 1827 1391 vel
1844 1363 1862 1389 in

1102 1412 1178 1440 omni
1196 1413 1255 1440 loco
1271 1413 1298 1440 in
1313 1420 1369 1448 quo
1382 1413 1510 1440 levantur
1525 1413 1636 1440 mundm
1651 1420 1753 1448 manus,
1771 1409 1864 1446 egredie-

1102 1464 1156 1493 tur,
1171 1464 1201 1486 ut
1222 1459 1312 1487 videat
1335 1460 1467 1487 cadavera
1487 1459 1633 1488 hominum
1651 1466 1816 1489 mortuorum,
1831 1455 1862 1491 qui

1103 1507 1270 1541 praivaricati
1288 1507 1388 1535 fuerint
1411 1507 1439 1534 in
1465 1508 1561 1535 Deum.
1586 1508 1669 1541 Quod
1683 1508 1724 1535 vel
1737 1507 1768 1534 de
1787 1504 1862 1532 ludatis

1103 1554 1219 1588 intelligi
1239 1558 1339 1588 potest,
1356 1553 1389 1581 de
1406 1554 1507 1589 quibus
1519 1554 1625 1581 dictum
1641 1560 1683 1582 est
1701 1564 1707 1581 :
1724 1553 1797 1581 Filias
1808 1549 1862 1588 genui

1103 1606 1126 1627 et
1151 1600 1264 1627 exaltari
1285 1609 1295 1627 .·
1320 1601 1371 1635 ipsi
1399 1606 1485 1628 autem
1514 1609 1553 1628 me
1581 1605 1735 1634 sprercrttnt
1757 1609 1765 1627 :
1787 1599 1819 1626 vel
1839 1597 1863 1624 de

249 1642 327 1676 quasi
353 1642 474 1671 universi
489 1642 562 1670 orbis
577 1643 789 1678 descriptiunem
807 1644 832 1671 in
853 1644 926 1672 brevi
948 1644 1044 1671 tabella
1060 1645 1082 1677 C
1096 1647 1181 1682 829
1201 1646 1327 1674 omnibus
1348 1647 1392 1681 qui
1415 1647 1545 1674 habentes
1563 1648 1688 1674 notitiam
1705 1648 1748 1675 Dei
1762 1647 1784 1673 in
1797 1643 1862 1673 cordi—

248 1696 382 1716 cnnamur
414 1689 577 1717 ostendere?
610 1689 742 1724 Quodque
768 1690 891 1724 sequitur
917 1700 922 1716 :
955 1690 1046 1718 Veniet

250 1735 332 1762 omnis
345 1743 416 1768 caro,
438 1741 465 1762 ut
486 1737 576 1763 adoret
590 1737 616 1763 in
632 1742 768 1771 conspectu
784 1745 837 1763 meo
848 1738 875 1764 in
885 1736 1044 1770 Jerusalem,

248 1782 388 1810 Sciendum
405 1783 477 1817 quod
495 1784 520 1810 in
545 1783 676 1811 llebraico
691 1792 744 1811 non
757 1784 792 1812 sit
811 1785 953 1819 scriptum,
969 1784 1046 1812 Jeru-

248 1829 327 1855 salem
342 1836 351 1855 :
366 1833 394 1855 ut
416 1828 583 1856 deculiamus
605 1830 781 1864 supercilium
805 1830 979 1863 intimorum;
996 1831 1043 1858 sed

248 1878 363 1905 tantum.
389 1875 415 1902 in
432 1881 568 1910 conspectu
588 1884 652 1909 meo,
675 1880 704 1903 ut
726 1883 817 1904 sermo
839 1877 943 1906 Domini
968 1884 1043 1904 com-

244 1921 361 1957 pleatur,
377 1922 495 1950 dicentis
510 1923 535 1949 in
550 1923 699 1956 Evangelii)
714 1932 719 1949 :
740 1923 818 1950 Amen
833 1932 907 1950 αηιιιη
928 1924 985 1950 dico
1002 1932 1045 1950 vo-

245 1967 284 1995 bis
303 1976 312 1995 :
328 1969 450 2004 quoniam
472 1972 554 1997 venirt
577 1969 653 2000 liora.
679 1970 784 2004 quando
808 1978 888 2005 neque
911 1971 938 1997 in
961 1976 1044 1997 monte

243 2015 304 2047 ista,
326 2024 407 2052 nsque
421 2017 449 2044 in
470 2015 641 2052 Jcroaolymis
664 2017 808 2046 odorabitis
830 2017 934 2045 Patrem
951 2018 1041 2054 (Ioan.

241 2068 279 2094 tv,
295 2061 352 2097 ‘21).
370 2062 402 2089 Et
425 2063 523 2090 iterum
542 2071 547 2088 :
566 2062 681 2098 Spiritus
705 2069 741 2090 est
768 2063 851 2092 Deus.
875 2064 908 2090 Et
933 2073 976 2091 eos
999 2065 1043 2099 qui

243 2107 356 2134 adorant
371 2116 439 2140 eum,
456 2109 481 2135 in
496 2109 581 2144 828
595 2109 689 2140 spiritu
712 2114 735 2136 et
759 2111 863 2137 veritate
879 2115 977 2144 oportet
995 2110 1043 2138 ad-

243 2163 317 2181 orare
332 2154 431 2189 (Ib:d.,
443 2154 501 2190 24).
519 2155 551 2182 Et
568 2156 631 2182 illud
646 2156 770 2191 Aptisloli
785 2166 789 2183 :
805 2157 927 2184 Levantrs
941 2163 1042 2185 sanctas

246 2209 338 2228 manus
352 2202 377 2228 in
394 2202 464 2228 omni
480 2201 535 2228 loco
549 2201 571 2236 (l
585 2201 653 2229 Tim.
671 2210 699 2235 ιι,
715 2203 754 2238 8).
772 2203 866 2231 Omnis
877 2210 967 2231 autem
979 2212 1042 2231 caro

244 2255 299 2275 non
317 2248 444 2282 populum
464 2248 631 2282 Iudaeorum,
648 2249 696 2277 sed
713 2258 794 2279 omne
808 2250 945 2279 hominum
959 2251 1043 2286 signi-

243 2293 306 2321 ficat
321 2302 417 2329 genus,
431 2295 510 2330 juxta
529 2295 593 2324 illud
608 2297 679 2331 quod
695 2305 775 2332 supra
795 2298 896 2325 dictum
913 2303 955 2326 est
970 2309 976 2326 :
999 2299 1041 2326 Vi-

1098 1693 1147 1720 bus
1161 1694 1227 1726 suis,
1246 1694 1334 1721 aversi
1351 1698 1415 1720 sunt
1431 1694 1456 1720 in
1474 1694 1637 1727 vanitatem,
1654 1700 1681 1721 ut
1697 1694 1861 1721 adorantem-

1098 1745 1185 1768 turam
1207 1741 1296 1776 potius
1314 1749 1395 1776 quain
1416 1740 1589 1768 Creatorem.
1612 1742 1783 1776 Egeedientar
1795 1744 1861 1766 autent

1096 1795 1150 1814 non
1172 1788 1248 1819 loco,
1273 1788 1320 1815 sed
1344 1788 1535 1823 intelligentia.
1558 1788 1654 1824 Neque
1675 1789 1742 1816 enim
1761 1786 1860 1815 cadaveri

1097 1839 1267 1862 mortuorum
1289 1840 1402 1870 possunt
1422 1835 1495 1862 iuttts
1515 1842 1577 1863 esse
1597 1843 1661 1863 cum
1680 1835 1792 1863 Domilo-
1806 1829 1861 1866 Quod

1097 1882 1118 1907 si
1138 1882 1227 1908 omnis
1247 1889 1313 1909 caro
1327 1881 1474 1909 adoratura
1491 1886 1533 1909 est
1547 1882 1705 1914 Dominum,
1721 1887 1746 1909 et
1757 1888 1771 1908 θ
1783 1882 1861 1909 eontra-

1096 1928 1137 1955 rio
1158 1927 1291 1955 cadavera
1310 1929 1444 1961 virorum,
1465 1929 1509 1962 qui
1529 1930 1701 1964 prmvaricati
1720 1932 1776 1956 sunt
1788 1927 1809 1954 io
1825 1925 1861 1952 Βο-

1095 1975 1209 2006 minum,
1231 1975 1341 2002 azternis
1363 1974 1508 2002 tradentur
1527 1975 1688 2007 ardoribus,
1710 1975 1734 2002 in
1750 1977 1860 2004 utramque

1096 2026 1201 2056 partem
1222 2029 1294 2048 verre
1314 2022 1403 2048 carnis
1425 2022 1478 2049 erit
1493 2023 1672 2050 resurrectio.
1689 2021 1784 2049 Vcrmis
1794 2023 1859 2046 autem

1095 2068 1140 2102 qui
1161 2076 1213 2094 non
1233 2069 1376 2101 morietur,
1399 2073 1427 2096 et
1444 2069 1518 2103 ignis
1531 2070 1577 2104 qui
1594 2078 1649 2097 non
1665 2070 1837 2104 exstinguetar.
1848 2071 1858 2089 l

1095 2114 1235 2150 plerisque
1243 2116 1413 2144 conscientia
1420 2117 1553 2152 accipitur
1567 2122 1750 2152 peccatorum,
1762 2122 1810 2149 qua
1821 2118 1858 2140 tor-

1094 2166 1175 2196 queat
1198 2162 1224 2189 in
1245 2162 1386 2197 suppliciis
1401 2163 1566 2191 constitutos
1584 2173 1591 2191 :
1608 2171 1693 2198 quare
1707 2163 1767 2190 vitio
1778 2168 1818 2189 suo
1830 2163 1859 2185 at-

1092 2215 1145 2243 que
1167 2213 1279 2243 peccato
1298 2210 1438 2236 caruerint
1456 2210 1609 2238 electorum
1631 2210 1713 2243 bono,
1732 2209 1796 2244 juxta
1812 2202 1858 2233 illud

1093 2255 1165 2289 quod
1181 2256 1280 2282 dicitur
1296 2265 1302 2282 :
1324 2255 1446 2283 Versatus
1459 2265 1517 2284 sunt
1531 2258 1556 2284 in
1571 2258 1691 2290 miseria,
1705 2257 1761 2283 dum
1772 2253 1858 2288 inﬁgit"

1093 2300 1156 2327 milii
1174 2302 1250 2337 spina
1263 2302 1351 2337 (Paul.
1374 2310 1448 2337 xxxi,
1465 2302 1505 2338 4).
1523 2303 1556 2330 Et
1571 2303 1599 2331 in
1615 2302 1769 2331 Proverbiis
1782 2309 1788 2327 :
1802 2298 1857 2325 Tum

242 2341 310 2368 debit
324 2342 406 2370 omnis
426 2351 487 2371 caro
503 2344 618 2375 salutare
639 2350 713 2372 tuum
738 2344 815 2379 (lsai.
832 2354 877 2376 XL,
891 2345 931 2381 5).
956 2346 990 2373 Et
1013 2346 1038 2373 in
1054 2346 1079 2376 Ῐ)
1093 2348 1191 2374 ossium
1210 2355 1254 2373 cor
1276 2347 1422 2383 intelligens
1448 2348 1539 2383 (Prov.
1562 2357 1632 2383 xxv,
1654 2349 1711 2384 30).
1732 2347 1762 2375 Bt
1786 2347 1856 2372 iterum

241 2386 318 2415 Jocle
337 2396 343 2415 :
360 2388 502 2422 Effundam
516 2390 549 2417 de
563 2390 657 2425 spiritu
682 2399 736 2418 meo
761 2400 837 2428 super
862 2400 961 2419 attinent
983 2401 1041 2419 car—

242 2442 312 2466 nem,
337 2440 359 2461 et
381 2435 572 2472 prop/telabunt
586 2437 635 2471 ﬁlii
651 2438 726 2465 vestri
740 2443 763 2465 et
776 2438 839 2473 lilia:
853 2444 942 2467 uestra:
957 2439 1037 2475 (Jocl.

241 2488 270 2510 ιι.
286 2480 344 2516 28).
361 2481 393 2508 Et
416 2481 442 2508 in
459 2482 591 2510 Zacharia
607 2492 615 2511 ξ
635 2483 736 2511 Timent
752 2486 833 2512 onmis
852 2494 912 2513 caro
937 2495 952 2513 a
974 2488 1040 2522 [acie

241 2525 349 2554 Domini
366 2527 458 2564 (Zaclt.
476 2536 506 2561 ιι,
525 2529 579 2564 1⁵5).
605 2530 639 2557 Et
656 2531 682 2557 in
698 2530 817 2559 Psalmis
836 2541 842 2559 :
858 2533 898 2559 Ad
913 2538 937 2559 te
954 2534 1039 2561 omnis

239 2582 302 2602 caro
325 2576 407 2602 ueniet
431 2575 520 2611 (Psal.
543 2584 618 2610 inv,
634 2578 675 2612 2).
702 2578 779 2611 Quod
805 2579 866 2606 aliis
891 2580 984 2608 verbis
1011 2580 1037 2608 in

240 2621 295 2648 alio
319 2623 424 2657 psalmo
439 2623 542 2651 dicitur
559 2633 565 2650 :
584 2624 678 2653 Omnes
691 2631 780 2662 gentes
799 2635 864 2662 quas
877 2628 972 2663 fecisti,
995 2637 1038 2656 ve-

239 2668 311 2697 nient
333 2674 358 2697 et
372 2670 518 2698 adorabunt
538 2671 566 2698 in
582 2677 721 2708 conspectu
740 2678 798 2707 tuo,
815 2679 839 2700 et
854 2674 1037 2710 gloriﬁcubunt

276 2727 365 2755 lHtec
380 2728 462 2756 verba
479 2728 550 2756 LXX
574 2730 703 2763 similiter,
730 2730 886 2759 sufl‘ecimus
912 2741 945 2760 ex
972 2734 1037 2761 Am-

239 2761 370 2791 brosiano
396 2772 447 2792 ms.
475 2764 507 2791 Et
529 2773 593 2793 vero
619 2766 670 2794 hoc
693 2761 746 2794 uno
762 2768 892 2795 abludnnt
908 2769 981 2797 LXX
1002 2770 1035 2797 ab

240 2797 356 2839 Περιηηο
373 2800 442 2839 quod
459 2801 588 2829 omittunt
602 2811 682 2838 usque
698 2804 731 2830 ad
745 2805 899 2836 satietatem,
914 2806 937 2833 si
954 2806 1035 2834 modo

240 2836 351 2861 unicum
373 2836 483 2863 verbum
498 2840 583 2880 Fuﬁ,
598 2836 669 2873 quod
685 2840 792 2874 proprie
806 2848 928 2868 nauseant
943 2846 1031 2875 sonat,

239 2884 312 2923 tanta
329 2881 391 2923 licet
407 2883 561 2923 periphrasi
574 2884 811 2920 circumscribere,
827 2895 909 2923 usque
932 2888 966 2914 ad
989 2896 1034 2915 sa-

240 2920 350 2944 tietatem
365 2920 480 2946 visionis.

273 2951 286 2970 ι’
304 2952 402 2981 Confer
423 2954 489 2982 hanc
509 2957 705 2990 expositionem
722 2966 782 2987 cum
802 2958 927 2995 proxime
941 2960 1036 2989 subse-

1093 2396 1143 2422 sub
1161 2395 1241 2423 obolo
1263 2404 1268 2421 :
1294 2396 1367 2422 Sicut
1387 2397 1456 2422 tinea
1476 2397 1641 2431 vestimento,
1657 2402 1681 2424 et
1696 2396 1779 2424 vermis
1790 2393 1857 2429 ligno:

1092 2443 1129 2469 Slt'
1151 2451 1244 2470 maeror
1259 2444 1390 2470 excruciat
1403 2452 1447 2470 cor
1461 2444 1508 2471 viri
1523 2443 1631 2480 (Ibid)
1648 2446 1685 2473 Ita
1700 2445 1827 2472 dumtaxat,
1838 2441 1856 2465 σί

1092 2497 1146 2517 ιιοη
1165 2495 1264 2525 negent
1287 2490 1301 2509 b
1323 2491 1572 2525 prmvan‘catorum,
1588 2497 1617 2520 et
1634 2492 1769 2519 Dominum
1784 2494 1856 2523 negan-

1092 2537 1158 2563 tium
1181 2542 1280 2563 aeterna
1301 2537 1444 2572 supplicia,
1466 2538 1576 2566 dicente
1596 2538 1752 2566 Dominoin
1763 2537 1857 2568 EHW'

1090 2584 1126 2611 lio
1143 2592 1150 2610 :
1166 2583 1208 2610 Ite
1222 2584 1248 2610 in
1263 2584 1347 2620 ignem
1361 2589 1494 2618 retentum,
1510 2585 1554 2620 qui
1565 2591 1729 2621 purpuratus
1741 2579 1856 2612 ωιδὶάοισ

1091 2635 1113 2658 et
1129 2632 1227 2667 angelis
1243 2631 1299 2666 ejus
1315 2631 1422 2667 (Matth.
1439 2641 1501 2667 xxv,
1518 2632 1577 2669 41).
1595 2634 1631 2661 Et
1646 2634 1673 2661 in
1687 2634 1739 2661 alio
1753 2633 1802 2660 loco
1813 2627 1856 2655 ειε-

1090 2682 1147 2714 gate
1165 2686 1256 2705 manus
1276 2680 1332 2714 (jus
1352 2683 1375 2705 et
1394 2679 1481 2714 pedes,
1502 2685 1526 2707 et
1545 2680 1641 2708 mittite
1661 2689 1719 2708 erm
1729 2680 1756 2707 in
1769 2676 1856 2705 tamin"

1089 2736 1203 2770 quenti,
1228 2743 1306 2770 quam
1332 2736 1499 2764 calumniose
1522 2737 1668 2766 traducunt
1693 2738 1780 2773 vulgo.
1801 2738 1854 2773 ίιψξι
1902 2768 1903 2773 η

1091 2769 1326 2806 praevaricator-nm
1361 2773 1558 2808 impiorumque
1588 2769 1854 2807 hominum'snpplirit
1901 2792 1902 2808 ἦ

1089 2808 1220 2836 sensisset
1232 2809 1261 2835 S.
1277 2808 1376 2836 Doctor
1392 2811 1472 2837 tinent
1489 2809 1637 2842 aliquando
1651 2811 1782 2842 habitura;
1793 2811 1816 2833 ω
1827 2811 1854 2830 ¹¹¹¹
1899 2808 1902 2842 1

1089 2843 1127 2870 hil
1147 2844 1255 2871 interim
1276 2844 1363 2871 dicam
1384 2845 1417 2872 de
1432 2845 1492 2872 aliis
1509 2841 1608 2879 passim
1624 2854 1656 2874 ac
1670 2846 1750 2873 ferme
1762 2841 1853 2871 luculen-
1899 2843 1901 2879 ἓ

1089 2880 1202 2916 tioribus
1219 2880 1393 2913 testimoniis,
1407 2881 1559 2915 cuiusmodi
1576 2886 1619 2908 est
1633 2881 1698 2909 illud
1712 2880 1782 2916 paulo
1794 2883 1853 2910 ςυρψ

1087 2914 1146 2944 rius
1162 2924 1168 2942 :
1186 2914 1218 2942 In
1231 2924 1261 2943 eo
1279 2920 1398 2951 peccator
1413 2914 1566 2944 maledicta:
1579 2917 1640 2952 erit,
1656 2914 1723 2953 quod
1735 2915 1852 2945 incoth‘"

1088 2959 1196 2987 corpore
1210 2959 1299 2987 partas
1311 2953 1424 2987 patietur
1436 2958 1557 2981 πίει-ηαδ.

551 3013 1912 3634 —
