1930 3636
258 185 311 213 679

885 188 914 217 S.
935 188 1073 219 EUSEBII
1088 189 1278 220 HlERONYllll
1812 200 1850 229 680

475 252 1843 274 M

556 331 628 388 ε.
668 332 1027 390 EUSEBII
1064 336 1600 395 EIEBONYMI

800 444 1086 477 STRIDONENSIS
1107 447 1354 479 PRESBYTER]

643 538 1518 608 COMMENTARIORUM

258 666 378 744 IN
445 665 1072 746 JEBEMIAM
1138 666 1857 753 PROPHETAM

894 797 1052 839 LIBRI

1089 797 1204 839 SEX
1226 800 1256 838 ³.

905 875 1246 897 =

860 940 1277 1030 Ξιβτοιοᾳιιβ.

279 1167 534 1206 833-834Ροει
547 1167 753 1203 explanationes
764 1166 907 1195 duodecim
926 1165 1048 1201 Prophe-
1062 1158 1086 1189 Α
1102 1174 1156 1194 ιιοιι
1176 1166 1263 1194 solum
1281 1174 1330 1194 nos
1346 1167 1451 1199 audire,
1467 1167 1514 1195 sed
1531 1172 1559 1195 et
1579 1167 1650 1196 alios
1673 1167 1765 1195 docere
1785 1167 1860 1202 possis.

243 1221 344 1249 tarum,
359 1216 448 1248 Isaiae,
464 1214 598 1247 Danielis,
614 1219 642 1242 et
661 1214 822 1246 Ezechielis,
846 1214 879 1241 ad
894 1219 1045 1241 extremum

241 1262 268 1290 in
284 1262 430 1290 Jereniiam
450 1269 560 1289 manum
574 1261 718 1294 mittimus,
742 1260 801 1292 tibi,
817 1259 922 1287 l'raterb
936 1259 1044 1293 Eusebi,

241 1308 364 1343 ejusdem
386 1307 441 1343 [AL
458 1306 581 1343 eosdem]
602 1306 846 1335 Commentariolos
872 1306 1043 1336 dedicantes.

242 1360 272 1382 ut
282 1360 292 1374 ε
303 1354 495 1389 Evangelicum
509 1355 598 1381 virum
606 1353 731 1380 Matthaeo
740 1352 913 1387 evangelista
920 1352 1043 1386 copulcs,

240 1410 322 1438 quem
335 1406 400 1429 ante
417 1408 505 1429 annos
521 1401 656 1436 plurimos
670 1400 775 1428 strictis
787 1400 926 1432 sensibus,
941 1404 967 1427 te
980 1399 1045 1426 hor—

240 1454 327 1482 tante,
344 1448 471 1476 disserui.
496 1448 530 1475 Et
550 1448 613 1482 quia
630 1446 762 1474 volumen
779 1445 970 1480 longissimum
989 1450 1041 1478 est,

240 1500 268 1523 et
283 1495 310 1522 in
328 1495 464 1530 plerisque
477 1493 621 1521 manifesta
638 1493 752 1520 historia
770 1493 882 1525 texitur,
896 1492 963 1519 illud
976 1499 1042 1527 pru-

239 1541 361 1569 dentiam
378 1545 452 1568 tuam
468 1541 616 1573 admoneo,
643 1547 678 1567 ne
695 1547 803 1574 quaeras
828 1539 856 1566 in
882 1538 934 1566 hoc
959 1538 1040 1565 latatn

236 1587 479 1622 explanationem;
496 1594 578 1621 super
594 1586 636 1614 his
660 1587 790 1618 maxime,
806 1593 866 1620 quae
886 1585 943 1620 jam
965 1590 993 1612 et
1008 1585 1036 1612 in

238 1635 382 1670 I’rophetis
396 1634 457 1661 aliis
479 1633 550 1661 dicta
564 1636 638 1666 sunt,
663 1638 690 1660 et
711 1639 760 1668 per
776 1639 805 1659 se
821 1636 915 1667 patent
938 1631 1039 1659 intelli-

235 1681 347 1717 gentiae.
362 1680 463 1715 Sicque
477 1679 602 1707 Conabor
619 1678 787 1706 notariorum
804 1686 885 1705 manu
902 1678 1035 1711 scribere,

236 1732 267 1755 ut
281 1727 348 1754 nihil
367 1726 438 1755 desit
454 1726 480 1753 in
509 1725 647 1758 sensibus,
674 1732 735 1752 cum
764 1724 878 1752 mnltnni
909 1724 982 1752 desit
1010 1724 1035 1751 in

236 1773 342 1802 verbis.
356 1773 480 1801 Stamina
498 1771 547 1799 tibi
560 1778 643 1807 atque
655 1771 825 1807 subtegmina
848 1776 873 1798 et
891 1771 951 1798 licia
967 1779 1036 1805 prac-

235 1820 349 1856 parabo,
366 1824 393 1848 tu
407 1819 619 1855 pulcherrimam
633 1823 739 1847 vestem
759 1819 819 1854 ipse
839 1819 988 1852 conﬁcito;
1007 1823 1036 1846 ut

1100 1213 1233 1241 Libellum
1250 1219 1340 1240 autem
1353 1213 1470 1246 Baruch,
1486 1214 1531 1249 qui
1552 1213 1635 1249 vulgo
1652 1214 1760 1241 editioni
1773 1211 1862 1248 Septua-

1097 1261 1172 1296 ginta
1188 1261 1349 1296 copulatur,
1371 1268 1422 1288 nec
1442 1261 1560 1288 habetur
1576 1260 1649 1295 apud
1674 1260 1808 1292 Hebraeos,
1821 1257 1830 1276 ἀ
1843 1263 1863 1286 et

1098 1306 1305 1343 ψευδεπίγραφον
1317 1306 1600 1341 EpistolamJeremiae
1616 1314 1779 1342 nequaquam
1792 1304 1864 1333 censui

1097 1353 1298 1386 disserendum,
1313 1353 1361 1381 sed
1377 1353 1461 1389 magis
1475 1353 1603 1381 Jeremia:
1617 1354 1752 1386 ordinem,
1767 1352 1864 1379 libratio-

1097 1408 1155 1427 rum
1172 1407 1267 1428 errore
1281 1399 1435 1432 confusum,
1447 1399 1587 1434 multaque
1598 1407 1661 1435 quae
1672 1399 1776 1433 desunt,
1788 1406 1815 1426 ex
1826 1397 1865 1424 He-

1095 1447 1177 1475 braeis
1193 1447 1313 1474 fontibus
1325 1446 1461 1482 digerere,
1477 1454 1508 1474 ac
1522 1448 1680 1482 complere:
1696 1452 1724 1474 ut
1738 1452 1823 1473 novum
1840 1451 1864 1471 ex

1095 1494 1192 1526 veteri,
1208 1501 1361 1528 verumque
1382 1500 1432 1528 pro
1448 1498 1581 1528 corrupto
1606 1499 1689 1529 atque
1712 1493 1799 1520 lalsato
1818 1491 1866 1518 Pro-

1095 1540 1204 1575 phetam
1235 1545 1328 1568 teneas
1350 1548 1357 1566 ε
1386 1541 1586 1575 parvipendens
1613 1541 1817 1569 obtrectatorum
1834 1544 1865 1565 ra-

1093 1588 1176 1620 biem,
1192 1587 1237 1622 qui
1249 1595 1302 1614 non
1318 1587 1406 1615 solum
1419 1587 1514 1621 verba,
1526 1588 1573 1616 sed
1591 1589 1714 1624 syllabas
1725 1594 1820 1623 quoque
1830 1592 1867 1612 no-

1093 1639 1212 1660 suorum
1230 1633 1376 1661 verborum
1399 1634 1604 1662 calumniantur
1622 1643 1629 1663 :
1659 1636 1686 1663 in
1709 1636 1747 1663 ‘eo
1768 1642 1795 1662 se
1813 1633 1866 1661 scire

1092 1679 1193 1714 aliquid
1208 1680 1383 1713 arbitrantes,
1399 1681 1421 1707 si
1437 1680 1471 1708 de
1480 1681 1577 1709 alienis
1588 1680 1865 1717 operibusdelrahant:

1094 1730 1104 1743 ο
1121 1731 1150 1752 ut
1167 1733 1253 1759 nupcr
1269 1725 1393 1753 inductus
1409 1727 1590 1754 calumniator
1613 1727 1719 1763 erupit,
1742 1727 1784 1762 qui
1803 1725 1866 1753 Com-

1089 1771 1172 1807 835
1183 1771 1286 1807 -836
1300 1773 1447 1799 mentarios
1462 1780 1538 1800 meos
1553 1773 1581 1800 in
1597 1774 1752 1809 Epistolam
1768 1771 1833 1800 Pauli
1842 1770 1867 1797 ad

1090 1819 1225 1854 EphesiOs
1242 1819 1486 1854 reprehendendos
1506 1825 1592 1855 putat.
1621 1821 1678 1849 Nec
1695 1819 1826 1856 intelligit,
1838 1818 1867 1845 ni-

271 1918 283 1932 ι
305 1913 451 1949 Exegimus
474 1913 557 1941 hosce
581 1913 814 1949 Explanationum
832 1912 857 1939 in
879 1913 1029 1949 Jereiuiaiii
1045 1915 1069 1945 Β
1083 1917 1126 1940 tur
1137 1913 1192 1948 jam
1207 1912 1356 1948 prudentes
1369 1917 1396 1941 et
1408 1914 1478 1948 :cqni
1496 1914 1619 1942 lectores
1631 1914 1777 1949 judicium,
1793 1912 1868 1942 ﬁdem,

234 1949 319 1977 libros
333 1948 371 1977 ad
381 1949 497 1977 duorum
512 1949 647 1984 praecipue
668 1956 734 1976 mss.
749 1948 843 1981 ﬁdem,
859 1948 942 1975 unius
955 1948 1030 1976 Vati-

233 1986 293 2012 cani
317 1993 391 2012 nnm.
408 1984 462 2012 250
486 1985 645 2018 prtenotnri,
668 1989 750 2019 atque
765 1984 882 2012 alterius
898 1984 1030 2019 emenda-

233 2021 330 2049 tissimi
349 2020 550 2051 Cisterciensis.
567 2020 624 2047 sive
641 2018 814 2047 bibliotheca
836 2020 864 2048 S.
892 2018 988 2046 Crueis
1002 2020 1027 2046 in

232 2057 384 2084 Jerusalem
399 2056 433 2083 de
447 2055 531 2084 Urbe.
547 2056 690 2083 Rabannm
704 2063 824 2090 quoque.
848 2055 894 2089 qui
917 2055 1028 2082 totidcln

230 2092 321 2120 verbis
336 2100 370 2120 ex
385 2092 618 2127 praestantissimis
628 2092 669 2118 sui
683 2091 815 2126 temporis
824 2091 1029 2125 exemplaribus

233 2127 263 2156 S.
278 2126 401 2155 doctoris
420 2127 640 2155 Commentarios
655 2126 819 2162 descripsit,
834 2134 938 2161 suoque
953 2127 1028 2161 operi

231 2164 404 2191 continenter
419 2163 544 2196 inseruit,
557 2163 755 2196 consuluimus,
767 2168 795 2190 et
807 2163 934 2198 pleraque
948 2170 981 2189 ex
996 2170 1029 2189 eo

232 2198 290 2226 loca
305 2199 507 2234 castigavimus.

268 2234 282 2253 ι)
310 2233 526 2262 Cremonensem
553 2233 720 2268 intelligito,
748 2233 791 2260 cui
819 2233 844 2260 in
871 2233 1027 2261 Matthmum

230 2269 448 2297 Commentarios
464 2273 526 2298 ante
545 2277 632 2297 annos
647 2269 741 2297 decem
758 2274 784 2296 et
799 2274 862 2296 0(‘l0
879 2269 1028 2304 inscripse-

229 2311 283 2333 rat.
300 2305 492 2341 Evangelienm
509 2313 590 2340 porro
612 2305 701 2341 virum
725 2305 970 2341 Jeremiamn'Ocat
993 2305 1027 2341 ob

228 2340 430 2375 virginitatem,
459 2341 531 2376 quod
558 2345 586 2368 et
612 2340 785 2368 Martianteus
806 2348 839 2368 ex
867 2340 1026 2376 Hieronymi

229 2376 393 2405 Praefatione
410 2377 437 2405 in
450 2376 573 2412 ejusdem
590 2376 729 2411 prophetae
752 2376 958 2403 translationem
975 2376 1025 2404 ob-

229 2417 330 2441 servat.

266 2455 278 2468 ε
302 2448 335 2476 Ut
351 2448 546 2484 Evangelicum,
567 2453 621 2475 etc.
638 2447 808 2484 Prtefatione
818 2447 845 2474 in
870 2448 1026 2484 translatio-

226 2491 290 2513 nem
303 2483 442 2518 Jeremiai,
464 2491 575 2511 causam
595 2484 714 2511 nominis
733 2483 782 2511 viri
804 2483 961 2518 Evangelici
983 2483 1025 2511 bis

226 2521 319 2548 verbis
334 2527 383 2547 nos
398 2520 497 2547 docet:
514 2519 547 2548 Et
561 2527 610 2546 sua
627 2519 774 2555 virginitate
788 2519 972 2555 Evangelicum
988 2520 1025 2546 vi-

225 2563 284 2583 rum
297 2555 422 2591 Ecclesire
441 2555 574 2591 dedicans.
590 2555 741 2591 Scripserat
757 2563 839 2589 porro
855 2558 1024 2591 commenta-

225 2591 283 2626 rios
295 2592 323 2618 in
338 2590 493 2618 Mattbaaum
513 2589 712 2626 Evangelistam
734 2598 806 2617 anno
826 2591 931 2618 Domini
956 2589 1020 2623 598,

224 2625 277 2653 hoc
292 2631 344 2658 est,
356 2626 449 2653 decem
462 2630 489 2653 et
503 2633 565 2653 octo
580 2625 657 2653 annis
672 2631 819 2661 antequam
832 2626 857 2653 in
872 2626 1020 2654 Jeremiam

224 2669 336 2689 manum
351 2663 481 2688 mitteret.
511 2661 645 2689 Man-rum.

261 2697 274 2716 ἀ
294 2696 328 2736 Et
346 2696 551 2736 ψξγδιπίγραφον
565 2697 709 2736 Epistolam
721 2718 728 2731 ,
751 2703 807 2736 etc.
819 2697 890 2736 Editi
904 2697 971 2724 falso
983 2697 1021 2724 le-

224 2738 291 2771 gunt
309 2732 487 2771 ψεύδόγραφὸέι
505 2732 565 2771 cum
590 2733 682 2771 pan_cis
705 2734 907 2771 recentioribus
927 2741 1022 2771 exem-

221 2768 343 2804 plaribus
356 2768 421 2796 mss.
438 2768 498 2803 qua:
514 2768 613 2805 habent
625 2768 824 2805 Pseudografun
840 2777 872 2796 ex
886 2768 1020 2803 imperitia

223 2805 391 2832 notariorum
407 2809 540 2831 veterum.
557 2804 656 2832 Caneri
669 2804 765 2832 omnes
782 2805 958 2838 manuscripti
974 2812 1020 2832 c0-

223 2839 300 2868 dices
312 2840 457 2880 genuinam
467 2847 563 2880 vocem
574 2840 949 2880 ψευδετινί-γροιφυν(ξοπιειειιιιεειε¹
958 2841 1020 2867 reti-

225 2881 301 2904 nent.
316 2875 345 2903 In
368 2883 422 2902 uno
442 2875 628 2910 pulcherrimo
643 2882 669 2904 et
684 2875 789 2911 o'pti'mo
802 2876 949 2909 exemplari
966 2882 1018 2903 ms.

223 2911 349 2938 Abbatize
362 2911 568 2944 Cluniacensis,
592 2915 619 2938 et
634 2912 718 2939 altero
734 2912 763 2939 S.
780 2911 880 2938 Albinii
895 2911 1020 2946 Andega-

224 2946 317 2975 vensis
349 2947 480 2982 scriptum
516 2948 604 2982 reperi
632 2951 893 2976 ΨΕΥΔΟΕΠιΓΡΔΦΟΝ
923 2947 1021 2975 Miren-

1085 1949 1311 1986 eteruditionem
1325 1949 1411 1986 critici
1424 1949 1652 1984 cnlnmnialoris,
1669 1951 1716 1986 qui
1731 1957 1789 1978 cum
1801 1955 1869 1986 nunc!

1083 1984 1197 2011 vidisset
1209 1984 1333 2011 codicem
1349 1983 1462 2019 Regium
1477 1983 1706 2020 manuscriptnin
1721 1993 1791 2013 num.
1803 1983 1867 2014 5990,-

1083 2020 1151 2047 alias
1162 2019 1226 2050 569.
1238 2020 1469 2054 complectentem
1484 2019 1714 2050 Commentarios
1736 2019 1871 2055 Hieronymi

1083 2056 1108 2083 in
1121 2055 1267 2083 Jeremiam
1284 2055 1356 2082 etab
1377 2056 1477 2083 abbate
1492 2057 1574 2084 Petro
1592 2059 1744 2091 relectum,
1769 2057 1869 2091 clamare

1082 2092 1167 2126 cmpit
1182 2092 1207 2118 in
1221 2091 1335 2118 famosis
1348 2092 1405 2118 suis
1421 2091 1538 2119 libellis:
1558 2102 1567 2118 ι
1580 2093 1604 2120 0
1618 2094 1712 2121 fraus!
1726 2089 1743 2120 ό
1756 2089 1870 2119 temerarii

1082 2127 1391 2161 monachiﬂenedictini
1404 2128 1410 2154 !
1425 2135 1442 2154 o
1452 2134 1636 2164 corruptores
1653 2127 1871 2164 prmstantissimo:

1082 2171 1140 2190 rum
1156 2163 1285 2200 librorum
1310 2164 1448 2200 veteruml
1469 2173 1478 2189 ›
1495 2163 1528 2200 Si
1541 2169 1638 2192 autem
1654 2161 1803 2200 'quazsieris
1819 2161 1869 2197 quid

1082 2203 1157 2226 tanto
1174 2198 1249 2225 hiatu
1264 2199 1375 2233 dignum
1391 2198 1511 2226 clamet?
1523 2198 1689 2234 Respondet
1698 2208 1760 2227 cum
1773 2204 1870 2226 nuerure

1079 2235 1171 2262 cordis
1194 2240 1221 2262 et
1243 2234 1340 2262 dolore
1359 2235 1504 2267 stomachi,
1526 2244 1535 2260 ‹
1556 2235 1661 2263 Pctrus
1678 2236 1764 2263 abbas
1782 2240 1871 2262 monas—

1080 2270 1139 2297 terii
1166 2269 1336 2298 Miciacensis
1360 2270 1474 2297 sustulit
1499 2278 1595 2298 vocem
1625 2271 1755 2299 Graecam
1773 2268 1871 2297 Pseudo-

1079 2305 1196 2341 graphon
1210 2313 1225 2333 e
1241 2313 1290 2333 suo
1306 2306 1467 2341 exemplari.
1486 2306 1556 2333 Proh
1578 2306 1679 2335 nefas!
1706 2306 1810 2338 Venite,
1823 2312 1871 2332 cra-

1079 2340 1175 2368 damus
1199 2348 1296 2369 omnes
1319 2340 1468 2368 monachos
1485 2341 1516 2369 S.
1539 2342 1692 2371 Benedicti
1705 2343 1742 2370 de
1762 2347 1828 2370 terra
1842 2340 1871 2365 vi-

1078 2377 1208 2410 ventium,
1227 2377 1289 2411 quia
1314 2382 1341 2404 et
1364 2377 1416 2411 ipsi
1441 2376 1473 2414 in
1492 2377 1571 2404 libris
1592 2380 1725 2414 antiquis
1748 2379 1871 2414 eraserunl

1078 2420 1158 2440 unam
1175 2419 1270 2440 vocem
1294 2419 1411 2448 graecam
1427 2420 1443 2440 e
1459 2412 1598 2441 Prommio
1626 2412 1837 2448 S.'l|ieronymi
1853 2412 1872 2438 in

1076 2448 1296 2485 Commentarios
1308 2448 1447 2476 Jeremite.
1470 2458 1479 2475 ι
1503 2449 1556 2476 Sed
1572 2457 1654 2477 nunc
1672 2458 1759 2485 parce
1780 2450 1871 2483 lingua.

1077 2491 1159 2517 parce
1174 2484 1246 2519 ston
1260 2492 1373 2518 serpens
1396 2484 1532 2512 contritus
1554 2490 1581 2513 et
1598 2490 1786 2517 excantatus;
1798 2485 1871 2517 relege

1076 2518 1272 2547 Prmlatio'nem
1288 2520 1317 2547 S.
1337 2519 1473 2552 Doctoris,
1498 2528 1527 2548 ut
1551 2526 1578 2548 te
1595 2527 1802 2555 compunctum
1824 2526 1874 2555 san;

1076 2555 1127 2582 tias
1146 2555 1237 2582 verbis
1264 2555 1423 2591 Hieronymi
1447 2556 1523 2584 velut
1540 2558 1617 2584 notis
1637 2553 1799 2585 Threiciis:
1820 2553 1871 2582 etsi

1076 2591 1166 2626 rabies
1182 2591 1351 2618 obtrectandi
1368 2592 1518 2626 permittat,
1535 2593 1661 2621 consule
1686 2601 1754 2621 mss.
1768 2591 1872 2622 codices.

1076 2625 1166 2653 l'rnere
1178 2626 1352 2654 bibliothecis
1369 2625 1497 2654 omnium
1514 2630 1761 2657 monasteriorum
1780 2627 1871 2656 Galliae.

1074 2661 1168 2691 Italiae.
1195 2661 1349 2690 Germania:
1377 2668 1405 2690 et
1430 2663 1583 2698 Hispaniae,
1619 2671 1653 2692 ιιι
1685 2666 1787 2693 invitus
1810 2661 1873 2689 testis

1073 2698 1188 2734 accedas
1204 2698 1267 2725 ﬁdei
1282 2703 1309 2726 et
1324 2699 1469 2734 religionis
1481 2697 1609 2727 omnium
1622 2701 1828 2729 monachorum
1837 2697 1874 2733 qui

1072 2733 1099 2771 in
1126 2733 1232 2771 duobus
1259 2733 1387 2771 millibus
1400 2735 1601 2770 exemplarium
1628 2737 1873 2771 manuscriptorum

1071 2769 1199 2809 distincte
1214 2770 1384 2809 scripserunt
1399 2769 1494 2809 vocem
1511 2771 1655 2809 Graecam,
1679 2781 1734 2809 pro
1746 2769 1798 2807 qua
1820 2769 1873 2809 sub-

1072 2805 1124 2832 lata
1142 2812 1182 2841 rex
1210 2806 1290 2833 nnico
1322 2807 1492 2841 exemplari,
1521 2807 1548 2835 in
1575 2805 1691 2837 tantam
1721 2805 1874 2837 calumniam

1071 2840 1195 2875 ernpisti.
1213 2841 1349 2869 ΜΑιιτιΑΝ.

1111 2882 1122 2894 υ
1142 2876 1281 2916 Pelagium
1298 2882 1384 2916 notat,
1400 2878 1479 2913 cujus
1495 2879 1579 2916 paulo
1604 2886 1675 2915 post
1697 2884 1874 2916 praecursorem

1074 2912 1238 2945 Grunnium,
1253 2912 1381 2941 Ruﬁnum
1397 2912 1513 2950 scilicet,
1530 2912 1608 2943 dicit.
