4084 6324
231 284 329 344 681

161 524 166 529 -
234 490 434 562 quibus
464 491 651 546 multae
703 489 1044 548 diversorum
1076 501 1355 562 ponuntur
1403 491 1709 561 opiniones,
1741 487 1827 544 vel

229 584 428 652 tacitis,
462 585 550 642 vel
575 586 856 655 expressis
884 587 1180 641 Auctorum
1211 585 1546 661 nominibus,
1581 592 1637 640 ut
1659 584 1826 640 lecto-

230 678 310 735 ris
328 679 618 734 arbitrium
634 680 730 745 sit,
747 662 874 751 quid
907 680 1250 751 potissimum
1265 680 1470 751 eligere
1492 680 1710 744 debeat,
1741 679 1836 736 de-

232 789 463 831 cernere
491 792 504 828 :
530 789 863 846 quamquam
896 785 952 831 et
981 774 1035 830 in
1069 775 1248 844 primo
1277 775 1524 845 ejusdem
1556 775 1742 846 operis
1766 773 1835 829 li-

233 866 332 923 bro
361 866 619 936 praefatus
647 866 777 928 sim.
808 882 895 922 me
925 865 1012 922 vel
1054 865 1302 938 propria,
1341 867 1426 922 vel
1459 866 1634 922 aliena
1663 866 1839 923 dictu-

235 976 353 1016 rum
391 977 403 1013 :
430 969 488 1016 et
516 961 666 1030 ipsos
695 959 1160 1026 Commentarios,
1190 969 1298 1014 tam
1322 968 1568 1016 veterum
1591 959 1834 1032 Scripto-

237 1068 356 1109 rum
381 1067 531 1117 esse,
563 1067 728 1123 quam
761 1061 1004 1108 nostros.
1040 1049 1196 1119 Quod
1227 1065 1333 1104 non
1361 1050 1556 1107 videns
1604 1066 1843 1120 praecur—

236 1161 326 1202 sor
355 1152 380 1182 ⁸
421 1145 542 1216 ejus
572 1143 879 1210 Grunnius,
929 1144 1062 1200 olim
1117 1143 1268 1198 nisus
1308 1151 1396 1199 est
1443 1158 1691 1214 carpere.
1741 1141 1843 1200 Cui

237 1237 448 1294 duobus
481 1237 743 1308 respondi
777 1237 932 1292 libris
956 1278 970 1302 ,
1000 1235 1093 1291 ubi
1125 1251 1247 1306 qute
1271 1235 1377 1291 iste
1404 1235 1563 1307 quasi
1587 1250 1682 1291 sua
1715 1251 1841 1307 pro~

239 1333 367 1399 fert,
423 1340 482 1387 et
509 1330 621 1388 alio
664 1332 778 1403 jam
829 1330 1221 1394 calumniante,
1278 1340 1505 1402 purgata
1558 1341 1732 1386 sunt:
1787 1339 1845 1386 ut

237 1433 561 1498 praeteream
593 1434 784 1480 contra
835 1422 1180 1479 Jovinianum
1217 1423 1514 1488 volumina,
1565 1424 1619 1479 in
1648 1423 1844 1495 quibus

239 1520 387 1582 dolet
420 1518 783 1598 virginitatem
815 1517 1038 1588 nuptiis,
1090 1522 1146 1572 et
1191 1517 1408 1587 nuptias
1455 1517 1731 1588 digamiae,
1762 1516 1844 1572 di-

241 1612 480 1685 gamiam
520 1609 848 1682 polygamia:
877 1623 1003 1666 esse
1034 1608 1344 1680 praelatam.

810 285 1462 344 COMMENTARIORUM
1501 284 1565 341 IN
1607 277 1958 340 JEIlEMIAM
2001 276 2428 340 PROPllETAM
2469 283 2597 339 LIB.
2641 284 2681 339 l.
2724 285 2878 341 CAP.
2919 287 2961 342 Ι.

227 397 332 453 mia
383 404 629 453 stertens
657 397 937 465 vecordia,
969 400 1120 470 leges
1157 399 1718 464 Commentariorum,
1771 396 1826 452 in
1854 415 1910 477 Α

3430 285 3534 340 6δῖ

2002 395 2112 452 Nec
2174 397 2496 452 recordatur
2563 397 2986 466 stolidissimus,
3036 410 3090 456 et
3158 400 3184 438 δ
3238 401 3530 459 Scotorum

1935 491 2177 562 pultibus
2221 501 2616 564 praegravatus,
2669 509 2769 548 nos
2817 494 2871 549 in
2921 494 3042 566 ipso
3071 493 3278 550 dixisse
3328 509 3536 565 opere:

1941 602 1960 634 ι
1989 583 2108 639 Non
2127 583 2329 639 damno
2353 585 2625 655 digamns,
2653 587 2822 641 immo
2837 603 2938 644 nec
2961 585 3221 660 trigamos
3239 629 3252 652 ,
3273 597 3331 644 et
3348 589 3391 642 si
3416 587 3534 642 ﬁeri

1937 686 2117 748 potest
2140 688 2493 749 octogamos:
2525 681 2643 749 plus
2679 680 2886 750 aliquid
2913 681 3165 745 inferam,
3193 683 3357 738 etiam
3387 695 3541 737 scor-

1939 779 2174 826 tatorem
2222 771 2434 842 recipio
2484 773 2890 843 poenitentem:
2948 773 3210 845 quidquid
3261 773 3543 846 aequaliter

1938 863 2088 927 licet.
2123 864 2319 934 aequali
2350 864 2505 921 lance
2530 867 2870 935 pensandum
2910 876 3013 923 est.
3049 887 3067 920 ι
3101 868 3267 939 Legat
3292 867 3537 938 ejusdem

1941 958 2128 1027 Operis
2151 957 2504 1029 Apologiam,
2534 975 2700 1026 quam
2729 970 2857 1016 ante
2885 976 3060 1017 annos
3091 962 3356 1033 plurimos
3394 973 3415 1000 ο
3448 959 3544 1016 ad-

1943 1065 2140 1107 versus
2178 1051 2502 1123 magistrum
2543 1051 2660 1123 ejus
2680 1055 2928 1124 gaudens
2959 1055 3126 1111 Roma
3163 1057 3406 1126 suscepit
3437 1075 3447 1110 :
3491 1064 3548 1111 et

1945 1152 2073 1200 tunc
2096 1144 2521 1213 animadvertet,
2557 1147 2756 1202 alienis
2784 1163 2843 1204 se
2875 1150 3102 1206 vocibus
3125 1151 3504 1221 blasphemare
3529 1167 3544 1214 ;

1948 1247 2005 1293 et
2034 1238 2087 1292 in
2123 1246 2334 1293 tantum
2357 1253 2481 1295 esse
2507 1239 2845 1310 ituperitum,
2889 1251 2946 1296 ut
2989 1257 3059 1297 ne
3099 1243 3387 1298 maledicta
3427 1243 3548 1313 qui-

1951 1331 2075 1387 dem
2105 1331 2303 1388 habeat
2335 1333 2561 1403 propria
2593 1349 2606 1385 :
2642 1332 2738 1388 sed
2796 1333 3143 1388 inimicorum
3193 1336 3359 1390 etiam
3415 1335 3549 1389 olim

1951 1427 2294 1496 sepultorum
2323 1436 2513 1483 contra
2543 1441 2642 1483 nos
2666 1437 2850 1483 utatur
2879 1427 3053 1485 rabie.
3085 1428 3192 1485 Sed
3217 1429 3328 1499 jam
3354 1443 3553 1499 propo-

1951 1520 2117 1576 situm
2149 1535 2291 1592 opus
2318 1519 2744 1592 aggrediendum
2777 1529 2882 1576 est.

317 1769 343 1796 ἰ
386 1757 522 1834 Ejus
551 1755 844 1834 Grunnius.
896 1756 1012 1834 Hoc
1038 1757 1261 1834 nomine
1295 1755 1547 1811 Rufinum
1591 1765 1767 1834 notat,
1792 1766 1851 1812 ut
1883 1761 1925 1820 Β
1955 1765 2046 1834 t_ea_
2070 1757 2252 1814 Scotia
2279 1756 2642 1834 appellatum
2679 1765 2798 1834 _e_st.
2835 1757 2946 1834 Hoc
2979 1758 3148 1834 igitur
3199 1772 3360 1834 sensu
3378 1766 3564 1834 __gen_te

246 1827 577 1913 etiaminl'ra
608 1830 952 1913 _Pr:efati_o.n‘e
985 1829 1038 1883 in
1068 1827 1292 1913 Librum
1325 1840 1581 1913 quati-tum
1616 1829 1844 1884 istorum
1955 1827 2240 1913 Britannus
2261 1827 2902 1913 dicittirnblariobiercat.
2934 1831 2984 1883 in
3004 1827 3343 1913 'Ctlmmonit.
3369 1827 3564 1913 Q‘rosio

247 1903 801 1960 Commentariorum.
829 1900 964 1956 Vide
995 1899 1284 1969 epistolam
1315 1899 1380 1954 ad
1415 1898 1697 1956 Rusticum
1731 1914 1849 1954 mo-

251 1979 505 2040 naehum,
531 1973 624 2029 ubi
652 1972 955 2029 Grunnium
980 1971 1244 2042 graphice
1271 1971 1539 2036 depinxit.
1574 1972 1847 2026 Maurum.

321 2047 346 2087 δ
388 2047 470 2102 Ex
503 2049 604 2100 hoc
637 2046 756 2101 loco
785 2045 1028 2114 itemque
1061 2044 1180 2097 alio
1209 2043 1452 2114 ejusdem
1487 2043 1712 2098 llieron.
1749 2043 1847 2097 inf.

256 2119 346 2175 lib.
375 2134 458 2183 ιιι,
491 2128 675 2172 natum
709 2116 908 2172 Scotia:
933 2113 1209 2185 Pelagium
1235 2113 1403 2185 fuisse
1428 2116 1720 2185 evincitur.
1751 2113 1851 2182 Qui

253 2191 300 2246 si
321 2191 462 2260 apud
497 2189 614 2260 ejus
639 2189 738 2242 ξιξνί
760 2184 1257 2260 Scriptoresvulgo
1287 2184 1454 2260 Brit‘o,
1488 2198 1542 2240 et
1565 2184 1854 2260 Britannus

256 2257 427 2323 audit,
457 2257 588 2316 inde
617 2267 703 2315 est
729 2257 872 2330 quod
920 2257 1110 2312 Latine
1162 2257 1444 2330 Britannia
1493 2259 1661 2311 totius
1710 2265 1858 2312 esset

255 2333 450 2390 insula:
490 2347 690 2387 nomen
713 2327 886 2400 {non
917 2338 1148 2400 excepto
1177 2329 1325 2384 Nord
1368 2327 1512 2400 ipso,
1545 2331 1690 2400 quod
1731 2343 1859 2398 pos-

1959 1902 2010 1954 in
2047 1901 2387 1971 Apologetic.
2449 1893 2754 1971 Britannias
2802 1908 3020 1956 noster:
3061 1901 3336 1971 Prospero
3381 1903 3564 1956 Carm.

1959 1971 2028 2027 de
2060 1973 2258 2045 ingrat.
2293 1970 2514 2045 coluber
2543 1970 2829 2045 Britannus
2864 1988 2886 2045 :7
2919 1980 2973 2026 et
3006 1983 3132 2028 ante
3163 1970 3354 2028 omnes
3384 1972 3568 2044 Augu-

1958 2045 2089 2098 stin.
2116 2041 2277 2114 épist.
2317 2043 2442 2108 186,
2475 2041 2623 2096 Brito
2651 2044 3070 2113 cognominatus.

2036 2126 2057 2154 ο
2101 2115 2362 2190 Adversus
2383 2116 2690 2187 magistrum
2721 2117 2854 2190 ejus.
2881 2114 2938 2168 In
2966 2115 3164 2190 plurali
3187 2117 3474 2190 magistros
3496 2117 3569 2190 lee

1960 2186 2138 2255 gimns
2165 2187 2217 2240 in
2246 2186 2484 2256 antiquo
2503 2200 2608 2240 ms.
2639 2186 2832 2241 codice
2862 2198 3053 2242 n05tro
3091 2186 3571 2244 Sancti'Germani

1961 2273 1989 2311 a
2019 2258 2220 2314 Pratis.
2248 2258 2523 2313 Murrum.

260 2468 3552 2497 ...Μ

1308 2622 1784 2733 LIBER
1855 2618 2508 2730 PRIMUS.

339 2971 498 3042 (Cap.
551 2967 591 3022 I.
623 2995 694 3008 --
723 2964 883 3019 Vers.
935 2963 961 3015 ί
1017 2956 1198 3029 seqq.)
1263 2953 1436 3008 Verba
1478 2949 1745 3042 Jereinite
1768 2948 1866 3042 ﬁlii
1897 2955 1943 3020 ί]
1974 2946 2292 3042 Αἱεγριιιιιι.
2319 2945 2874 3042 lbiqueprnphelavit
2899 2949 2949 3002 in
2981 2947 3247 3042 Taphnis,
3282 2963 3340 3006 ut
3365 2955 3466 3011 hoc
3499 2957 3578 3027 ip-

272 3040 468 3119 Helvio:
495 3060 559 3114 de
607 3053 965 3114 sacerdotibus
1009 3050 1099 3118 qui
1142 3053 1351 3121 fuerunt
1409 3047 1466 3099 in
1495 3040 1760 3098 Anathoth
1816 3041 1872 3094 in

273 3168 406 3214 terra
446 3155 756 3231 Benjantin:
797 3148 936 3224 quod
969 3148 1168 3218 [actum
1193 3152 1266 3199 est
1307 3141 1516 3196 verbum
1557 3136 1766 3192 Domini
1804 3133 1870 3189 ad

274 3269 384 3307 eum
413 3253 466 3306 in
493 3229 675 3304 diebus
709 3245 873 3301 Josiat
919 3242 1018 3313 ﬁlii
1049 3241 1214 3293 Anton
1265 3235 1399 3307 regis
1424 3231 1587 3297 Iuda,
1623 3231 1678 3284 in
1723 3229 1874 3283 tertio

275 3346 466 3399 decimo
492 3358 631 3397 anno
659 3340 803 3414 regni
829 3341 960 3411 ejus.
999 3332 1068 3388 Et
1107 3332 1306 3402 factum
1326 3337 1398 3381 est
1429 3327 1485 3380 in
1529 3323 1711 3378 diebus
1745 3319 1876 3376 Joa»

275 3443 371 3494 cim
402 3439 499 3510 ﬁlii
528 3435 692 3492 Josite
720 3433 855 3505 regis
885 3429 1052 3495 Iuda,
1085 3441 1246 3496 usque
1275 3422 1344 3476 ad
1375 3417 1874 3475 consummationem.

280 3533 538 3589 undecimi
589 3529 716 3584 anui
772 3525 1000 3584 Sedecia:
1037 3522 1133 3592 ﬁlii
1166 3517 1328 3573 Josia:
1356 3515 1489 3588 regis
1519 3511 1682 3580 ludo,
1719 3527 1878 3580 usque

279 3628 348 3682 ad
379 3622 889 3696 lransmigrationem
917 3615 1231 3679 Jerusalem,
1254 3613 1310 3666 in
1341 3625 1508 3664 mense
1535 3607 1732 3678 quinto.
1761 3601 1880 3657 Cac-

283 3724 378 3778 teri
423 3719 735 3794 prophetae,
769 3724 832 3770 ut
875 3713 1066 3778 Isaias,
1101 3707 1264 3772 Osee,
1307 3704 1449 3769 Joel,
1503 3700 1726 3794 fuerunt
1753 3703 1882 3751 ante

285 3793 665 3888 captivitatem
719 3811 911 3868 decem
961 3806 1202 3862 tribuutn
1249 3799 1443 3868 lsrael,
1479 3795 1598 3852 sive
1647 3793 1880 3848 duarum

284 3913 543 3976 tribuum,
573 3907 732 3965 Judte
760 3915 815 3961 et
842 3900 1148 3974 Benjamin.
1183 3896 1286 3953 Alii
1314 3903 1440 3965 post
1471 3889 1879 3963 captivitatem:

286 4016 343 4060 ut
371 4003 581 4067 Daniel,
612 4001 844 4072 Aggteus
873 4005 929 4052 et
959 3991 1274 4050 Zacharias.
1313 3985 1584 4044 Jeremias
1629 3991 1808 4037 autem
1833 3986 1889 4034 et

286 4097 534 4154 Ezechiel
587 4093 912 4150 imminente
957 4087 1280 4159 captivitate
1326 4081 1649 4138 vaticinium
1698 4084 1889 4130 texue-

287 4202 412 4249 runt
444 4211 455 4246 :
487 4190 581 4248 sed
609 4191 750 4245 alter
780 4200 971 4242 eorum
1005 4185 1058 4237 in
1093 4192 1239 4237 terra
1267 4177 1443 4235 Juda:
1477 4175 1612 4229 alter
1637 4170 1690 4226 in
1721 4167 1891 4240 Baby-

291 4287 432 4342 lone.
469 4281 739 4340 Jeremias
785 4294 908 4334 cum
956 4283 1107 4332 esset
1151 4271 1330 4328 adhuc
1368 4283 1526 4340 puer,
1561 4261 1890 4336 prophetare

1975 3054 2036 3094 so
2063 3038 2336 3094 volumine
2381 3039 2711 3095 continetur.
2745 3041 2853 3096 Pro
2904 3041 3087 3097 verbis
3115 3044 3394 3113 Jeremitc,
3441 3049 3576 3119 Sep-

1979 3134 2224 3205 tuaginta
2259 3143 2584 3204 posuerunt,
2633 3132 2855 3190 Verbum
2889 3133 2988 3188 Dei
3015 3137 3156 3206 quod
3177 3138 3376 3207 factum
3408 3151 3479 3194 est
3509 3142 3578 3195 ad

1975 3227 2260 3283 Jeremiam
2281 3225 2495 3299 (larem.
2514 3243 2666 3294 mu,
2696 3227 2754 3296 8)
2783 3246 2792 3281 :
2825 3228 2928 3283 hoc
2956 3228 3216 3285 videlicet
3233 3234 3575 3303 sensu,quod

1977 3323 2144 3379 verba
2173 3323 2430 3378 Jeremia:
2465 3323 2691 3378 verbum
2734 3323 2804 3376 sit
2853 3322 3094 3378 Domini.
3126 3324 3248 3380 Fuit
3281 3336 3462 3382 autem
3513 3329 3580 3383 tle

1977 3431 2178 3488 genere
2209 3415 2557 3470 sacerdotum
2587 3461 2601 3483 ,
2637 3415 2728 3485 qui
2779 3414 3095 3470 habitabant
3141 3426 3332 3471 contra
3364 3429 3584 3488 septen-

1981 3512 2212 3566 trionem
2237 3509 2540 3565 Jerusalem
2569 3506 2818 3579 inZtertio
2849 3507 3132 3576 milliario,
3164 3517 3219 3563 et
3245 3518 3270 3546 α
3301 3510 3484 3566 viculo
3514 3513 3586 3566 A-

1982 3602 2232 3658 nathoth.
2265 3600 2544 3671 Simulque
2594 3599 2932 3655 admirabilis
2989 3600 3281 3655 clementia
3332 3601 3584 3668 Domini,

1983 3695 2128 3767 quod
2163 3695 2275 3765 jam
2321 3693 2641 3763 captivitate
2674 3692 2878 3757 vicina,
2923 3699 2978 3746 et
3010 3691 3311 3762 Babylonio
3337 3693 3586 3749 exercitu

1985 3789 2217 3844 Vallante
2246 3785 2571 3852 Jerusalem,
2611 3783 2972 3839 nihilominus
3021 3784 3286 3855 populum
3316 3785 3381 3841 ad
3415 3787 3591 3857 paeni-

1989 3887 2216 3942 tentiam
2246 3891 2532 3956 provocat,
2569 3881 2778 3936 malens
2818 3881 3034 3940 salvare
3069 3894 3382 3946 conversos,
3425 3899 3586 3954 quam

1991 3977 2223 4051 perdere
2274 3975 2680 4045 delinquentes.
2728 3973 2831 4028 Pro
2891 3974 3399 4044 transmigratione,
3448 3977 3592 4046 quod

1990 4086 2186 4129 omnes
2231 4069 2322 4125 alii
2350 4083 2485 4124 voce
2511 4081 2752 4122 consona
2783 4067 3204 4134 transtulerunt,
3235 4068 3594 4141 Septuaginta

1992 4179 2225 4239 posuere
2251 4163 2624 4232 captivitatem.
2649 4159 2780 4216 Post
2811 4159 3099 4215 exordium
3127 4169 3305 4217 autem
3331 4165 3593 4220 vaticina-

1995 4259 2164 4314 tionis
2183 4255 2458 4319 Jeremiae,
2489 4253 2771 4308 tricesimo
2793 4251 2987 4324 quinto
3020 4253 3318 4323 prophetia:
3347 4255 3466 4326 ejus
3495 4272 3594 4312 an-

293 4381 437 4452 cepit
463 4395 610 4434 anno
652 4377 815 4433 tertio
843 4372 1058 4429 decimo
1100 4366 1266 4425 Josiae
1295 4365 1393 4420 lilii
1419 4362 1594 4418 Amon
1623 4356 1768 4429 regis
1797 4357 1894 4412 Ju-
1919 4371 1975 4432 Ῑ)
2001 4365 2091 4418 ιιο,
2128 4347 2464 4433 Ezechielin
2498 4344 2786 4452 Dabylope‘
2805 4344 2890 4400 his
2912 4343 3004 4416 qui
3035 4360 3158 4401 cum
3188 4361 3256 4402 eo
3283 4349 3428 4420 capti
3469 4348 3592 4405 fuco

295 4475 395 4531 die.
429 4470 900 4542 Prophetavitque
934 4467 986 4521 in
1019 4461 1254 4532 imperio
1285 4458 1405 4530 ejus
1432 4453 1594 4511 annis
1622 4453 1811 4508 decem
1842 4457 1898 4505 et

299 4584 492 4625 novem
527 4586 537 4621 :
573 4573 629 4622 et
658 4573 845 4636 postea
885 4561 989 4616 sub
1017 4557 1226 4616 Joacim
1261 4553 1374 4608 (ilio
1395 4551 1516 4624 ejus
1535 4548 1694 4605 annis
1726 4543 1898 4600 unde-

299 4665 402 4718 cim
434 4681 447 4717 :
478 4671 531 4716 et
567 4661 667 4714 sub
707 4655 957 4721 Setlecia,
986 4653 1076 4722 qui
1120 4650 1345 4705 ultimus
1376 4646 1475 4701 fuit
1515 4657 1706 4715 regum
1735 4638 1896 4703 Juda,

199 4800 211 4814 .
301 4757 457 4812 annis
490 4753 770 4817 undecim,
799 4762 972 4819 usque
1001 4745 1068 4800 ad
1099 4743 1348 4814 quintum
1381 4752 1652 4802 mensem,
1681 4729 1903 4805 quando

303 4866 331 4904 a
364 4845 676 4917 Babyloniis
714 4851 870 4914 capta
903 4848 987 4896 est
1033 4835 1363 4893 Jerusalem.
1405 4829 1646 4887 Joachaz
1689 4840 1818 4881 vero
1847 4831 1905 4878 et

305 4939 582 4998 Jechonite
607 4938 746 4992 terni
773 4947 992 4990 menses
1019 4933 1272 5002 (quorum
1303 4924 1443 4979 alter
1474 4923 1525 4977 in
1553 4919 1850 4990 Egyptum
1878 4957 1893 4982 ,

308 5035 444 5090 alter
467 5032 630 5106 837
655 5046 778 5086 cum
811 5039 983 5083 matre
1009 5025 1205 5079 ductus
1233 5030 1319 5076 est
1367 5018 1422 5074 in
1454 5012 1812 5087 Babylonem)
1830 5012 1903 5106 in

311 5103 640 5200 supradictis
670 5125 828 5181 annis
854 5123 1238 5190 computantur
1264 5130 1278 5171 :
1320 5127 1421 5184 per
1460 5110 1566 5166 hoc
1585 5108 1654 5163 ab
1677 5103 1907 5162 exordio

316 5221 616 5296 prophetia:
643 5235 757 5276 sua:
780 5231 953 5288 usque
972 5214 1039 5270 ad
1071 5209 1440 5282 captivitatem
1482 5199 1908 5296 Jerusalem,_in

315 5291 432 5388 qua
447 5324 501 5372 et
523 5316 639 5384 ipse
659 5321 854 5382 captus
875 5318 986 5374 est,
1017 5301 1367 5378 prophetavit
1397 5295 1559 5352 annis
1581 5291 1910 5388 quadragin-

320 5385 370 5467 ta
394 5420 449 5467 et
474 5423 582 5465 uno
613 5425 627 5463 :
657 5416 857 5478 praeter
887 5401 1024 5459 illud
1047 5408 1266 5470 tempus
1293 5391 1510 5466 quando
1530 5388 1732 5444 ductus
1753 5392 1837 5442 est
1859 5385 1914 5440 in

397 5621 422 5650 ιι
455 5607 664 5665 Vitiose
688 5606 896 5677 pridem
929 5611 1049 5677 erat
1071 5599 1298 5677 uinculo.

396 5682 424 5721 ι’
458 5661 703 5735 Ἳξιῖἰὲξιιιῖ
728 5661 833 5734 5Ξο
863 5676 1154 5745 pericopen
1186 5672 1354 5745 hanc,
1385 5662 1701 5736 Prophetam
1722 5661 1777 5716 in
1800 5677 1923 5732 gen-

333 5755 464 5809 tibus
491 5753 608 5806 dedi
637 5760 712 5815 te,
749 5749 836 5803 hic
866 5743 972 5803 non
996 5743 1259 5816 agnoscit.

408 5803 770 5881 literesis
811 5803 1122 5891 suspicatur.
1158 5811 1411 5885 Origenis
1432 5806 1726 5878 discipulos
1767 5803 1928 5860 intel-

573 5918 854 5980 ΡΑΤιιοι..
902 5910 1136 5973 XXIV.

1998 4452 2142 4510 rant,
2173 4455 2408 4498 exorsus
2444 4447 2530 4496 est
2560 4437 2907 4510 prophetare.

2075 4537 2255 4610 (Vers.
2280 4535 2336 4602 4,
2361 4532 2439 4606 5.)
2472 4532 2538 4588 Et
2571 4535 2766 4604 factum
2799 4541 2872 4587 est
2905 4531 3115 4587 verbum
3147 4531 3362 4589 Domini
3383 4536 3452 4590 ad
3482 4554 3562 4592 me
3583 4583 3598 4603 ,

2002 4633 2176 4686 dicens
2207 4646 2226 4684 :
2263 4628 2577 4699 Priusquam
2611 4635 2660 4679 te
2690 4629 2971 4696 formarem
3000 4626 3054 4679 in
3083 4636 3256 4695 utero,
3294 4630 3410 4683 novi
3439 4641 3526 4695 te;
3555 4642 3602 4686 et

2003 4732 2279 4790 antequam
2293 4721 2461 4776 exires
2477 4718 2542 4773 de
2557 4719 2713 4773 vulva
2729 4758 2741 4781 ,
2773 4717 3094 4788 sanctiﬁcavi
3121 4727 3167 4772 te
3189 4738 3208 4774 ε
3235 4717 3262 4757 δ
3290 4719 3603 4793 Prop/letam

2005 4821 2058 4874 in
2098 4817 2333 4890 gentibus
2373 4815 2494 4869 dedi
2543 4822 2610 4868 te.
2645 4812 2761 4868 Non
2806 4828 2915 4882 quo
2967 4821 3093 4868 ante
3142 4817 3562 4885 conceptionem
3587 4858 3602 4882 ,

2009 4926 2030 4953 ο
2061 4924 2116 4968 ιιι
2141 4911 2368 4966 literesis
2397 4906 2739 4978 suspicatur,
2774 4905 2940 4961 fuerit
2973 4905 3240 4962 Jeremias
3271 4925 3284 4961 :
3315 4905 3343 4944 ἀ
3377 4908 3472 4963 sed
3500 4924 3610 4980 quo

2008 5004 2289 5079 praesciret
2315 5018 2436 5058 eum
2472 5000 2712 5055 futurum
2749 5001 3010 5056 Dominus
3034 5041 3050 5068 ,
3081 5001 3167 5055 cui
3215 5000 3443 5055 necdum
3471 5001 3613 5057 facta

2005 5103 2116 5173 jam
2150 5099 2290 5154 facta
2319 5105 2480 5161 sunt,
2523 5095 2821 5153 secundum
2855 5095 2984 5151 illud
3016 5094 3160 5166 quod
3201 5096 3498 5165 Apostolus
3531 5097 3609 5152 lo-

2010 5194 2195 5266 quitur
2231 5211 2243 5250 :
2281 5191 2380 5260 Qui
2407 5192 2604 5246 vocavit
2641 5207 2704 5246 ea
2737 5206 2854 5262 quae
2888 5206 2990 5244 non
3024 5198 3172 5242 erant
3193 5228 3208 5254 ,
3231 5190 3380 5258 quasi
3411 5205 3472 5243 ea
3497 5208 3614 5261 qua:

2015 5294 2178 5344 essent
2230 5283 2406 5357 (Rom.
2448 5299 2524 5352 tv,
2569 5283 2681 5354 17).
2725 5281 2883 5352 Quod
2921 5287 3102 5335 autem
3142 5279 3514 5335 sanctiﬁcatur
3559 5283 3613 5338 in

2021 5392 2177 5438 utero
2196 5421 2212 5448 ,
2237 5379 2394 5450 juxta
2417 5377 2554 5434 illud
2579 5377 2830 5449 Apostoli
2851 5375 3114 5432 debemus
3137 5374 3391 5444 accipere
3417 5393 3430 5430 :
3465 5376 3624 5434 Post-

2034 5585 2148 5657 ligit
2169 5627 2184 5650 ,
2217 5592 2279 5640 ut
2306 5583 2432 5640 alibi
2461 5597 2607 5653 saepe
2632 5580 2889 5636 diximus.
2924 5578 3197 5636 Maurum.

2103 5654 2131 5694 d
2158 5658 2274 5712 Duo
2297 5656 2472 5712 Vatic.
2494 5654 2647 5712 fuerit
2668 5651 2921 5706 Jeremias
2944 5652 3227 5712 notandus.
3252 5655 3340 5708 sed

2103 5658 2131 5694 ἀ
2158 5658 2274 5713 Duo
2297 5658 2472 5712 Vatic.
2493 5658 2647 5726 fuerit
2668 5658 2921 5706 Jeremias
2944 5658 3227 5719 notandus,
3252 5658 3340 5708 sed
3376 5673 3478 5725 quo
3499 5679 3632 5731 pm-

2033 5730 2204 5784 scierit
2251 5745 2398 5808 enni,
2440 5725 2769 5808 ett-.Qnam
2799 5734 2968 5805 porro
3015 5721 3242 5780 llieron.
3285 5730 3632 5808 perstringit.

2037 5781 2242 5872 nupera
2256 5781 2474 5870 Pelagii
2502 5806 2582 5851 est
2609 5781 2864 5850 haeresis.
3287 5781 3300 5796 '
3336 5781 3405 5784 ”‘
3420 5781 3450 5784 "
3619 5781 3635 5808 ν

3113 5892 3193 5954 2'2

4047 1099 4050 1208 t
