1930 3632
190 182 242 210 687

816 174 846 202 S.
869 171 1004 202 I'ZUSEBII
1026 170 1214 200 lIIERONYMI
1767 167 1807 197 688

189 239 293 272 tuleris,
311 238 382 274 quod
397 237 491 269 habes,
505 240 534 262 ιιι
551 235 648 262 limere
661 232 782 264 desinas,
797 231 988 267 derelinquam
1004 231 1028 262 Λ
1042 230 1168 258 miserans
1182 229 1383 257 adolescentiam
1404 232 1475 255 tuam
1489 231 1513 254 et
1532 226 1678 254 charitatem
1694 227 1810 262 desponsa-

191 291 226 318 te,
236 291 263 313 ot
279 285 382 312 tradant
398 282 500 313 timori,
517 286 544 309 et
559 278 990 316 quodammodovidebortimere

190 338 216 359 tc
232 332 332 363 facere,
348 331 411 357 dum
425 328 553 363 relinquo
567 325 719 354 formidini.
735 324 791 351 Iloc
802 329 894 351 autem
909 323 993 358 signi-

193 381 265 411 ticat,
280 377 351 414 quod
368 384 477 411 semper
491 374 608 402 amanda
624 374 660 401 sit
673 374 794 400 veritas:
809 378 858 399 nec
874 370 992 398 timenda

193 426 334 453 hominum
360 422 525 454 multitudo,
551 421 597 456 qui
621 420 749 454 increpiti
779 417 833 454 [Αι.
852 415 993 452 intrepidi]

192 471 398 506 correptionem
417 478 470 496 non
487 468 643 499 sustinent;
669 466 716 494 sed
739 464 852 492 insidias
876 463 995 491 tendunt

194 520 231 550 ci,
243 527 257 545 ιι
272 525 326 553 (ιιιο
342 516 539 551 corripiuntur.
566 513 704 548 Quodque
723 512 798 547 juxta
815 510 885 538 LXX
904 510 996 545 sequi-

195 570 252 592 tur:
267 564 329 600 quia
344 568 426 589 tecum
446 569 505 588 sum
518 565 544 587 at
560 560 662 587 liberem
677 564 711 592 te,
739 558 802 584 dicit
816 557 952 589 Dominus,
969 556 997 582 in

194 610 332 639 llebraico
357 616 412 635 non
432 607 559 634 habetur.
584 605 618 632 Et.
638 609 680 632 est
695 611 809 632 sensus:
841 602 941 629 Eruam
959 605 995 635 te,

197 666 250 685 non
263 658 289 684 in
305 663 338 684 eo
359 660 389 683 ιιι
404 654 450 682 tibi
463 653 555 681 nullus
565 652 730 684 insidietur;
747 650 794 678 sed
808 650 834 677 in
846 657 891 683 eo,
908 653 938 676 ut
951 656 999 684 pa-

195 705 269 732 tiens
284 703 416 735 insidias,
433 709 487 728 non
502 700 659 734 delinquas.

234 750 327 787 (Vers.
345 749 389 782 18,
404 747 461 782 19.)
476 746 531 784 Εῃο
540 747 636 781 quippe
651 745 711 772 dedi
724 750 747 771 te
759 744 835 771 hodie
847 743 917 779 (sive
932 742 1001 770 Ecce

198 799 274 835 posui
288 802 311 824 te
322 797 350 823 in
363 796 412 822 hac
426 794 479 830 die)
492 795 518 820 in
530 793 658 820 civitatem
672 791 809 823 munitam,
823 796 845 817 et
860 799 886 817 ιη
900 789 1001 817 colunt-

199 855 260 873 nam
273 848 383 881 ferream
393 865 400 877 ,
428 847 450 869 ct
472 843 498 868 in
514 849 617 868 murum
631 847 730 867 alueum
743 847 820 875 super
835 846 935 865 onmem
947 841 999 863 ler-

199 900 275 921 ram:
290 890 392 928 regibus
403 888 490 920 Iuda,
512 886 673 923 principibus
688 886 754 921 ejus,
770 889 792 911 et
812 882 1000 915 sacerdotibus,

1043 277 1120 303 tionis
1144 281 1196 304 tace
1207 285 1216 303 :
1231 275 1335 310 quando
1350 279 1437 301 secuta
1453 282 1491 300 me
1507 281 1532 300 es
1543 273 1570 299 in
1585 273 1678 300 deserto
1691 294 1697 305 ,
1719 274 1741 301 in
1754 278 1809 300 terra

1043 332 1100 360 qtae
1115 333 1166 351 non
1178 324 1331 351 seminatur.
1348 321 1420 349 LXX
1434 330 1440 347 :
1464 320 1528 347 "(cc
1543 319 1607 346 dicit
1618 318 1750 347 Dominus:
1770 319 1811 346 Re-

1044 371 1165 398 cordatus
1179 378 1235 397 sum
1250 368 1435 396 misericordia
1458 366 1637 394 adolescentia:
1649 371 1703 399 tute,
1719 370 1738 393 et
1749 366 1812 393 dilec-

1045 419 1125 446 tionis
1141 417 1307 453 perfectionis
1323 421 1384 443 ture.
1401 415 1513 443 Plenius
1526 414 1578 441 ltoc
1592 413 1618 440 in
1633 412 1746 441 Ezechiel
1759 413 1812 440 dici-

1047 470 1091 493 tur
1106 465 1212 500 (Ezech.
1230 464 1250 498 ι)
1263 484 1271 497 ,
1296 462 1406 498 quando
1423 462 1476 489 sibi
1490 460 1641 488 Jerusalem
1659 460 1683 487 in
1698 460 1813 488 matrimo-

1047 512 1093 538 nio
1107 511 1237 538 Dominus
1256 510 1381 545 copulat,
1411 515 1438 536 et
1456 508 1509 535 sub
1529 514 1643 542 persona
1657 507 1749 539 uxoris,
1770 508 1815 535 suis

1046 558 1134 594 jungit
1145 557 1331 592 amplexibus:
1345 557 1403 584 sive
1417 560 1449 583 ιιι
1462 555 1644 582 ardentiorem
1658 559 1775 582 monstret
1783 554 1815 581 ai-

1049 606 1161 638 fectum,
1175 605 1291 640 puellam
1303 612 1363 632 eam
1376 608 1403 631 et
1418 601 1649 630 adolescentulam
1660 605 1687 628 et
1695 600 1817 636 desponsa-

1050 658 1103 680 tam
1117 657 1206 680 vocat.
1218 652 1278 686 Quo
1291 651 1365 679 enim
1379 649 1495 678 necdum
1510 648 1589 684 potiti
1601 655 1699 680 sumus,
1712 647 1783 682 magis
1795 652 1817 674 ut

1050 700 1187 735 potiamur
1201 698 1367 733 appetimus.
1391 696 1518 731 Quando,
1537 695 1637 730 inquit,
1651 698 1734 722 secuta
1746 702 1772 722 es
1784 701 1818 722 me

1050 746 1078 773 in
1095 745 1245 773 solitudine
1257 753 1265 777 ;
1277 750 1305 772 et
1321 744 1406 772 instar
1418 743 1620 778 sponsaliorum
1634 741 1745 775 etd0tis,
1756 741 1818 776 ἱερεῖς

1051 793 1100 821 tibi
1112 796 1274 821 ornamenta
1289 796 1316 820 et
1329 792 1474 819 verborum
1490 790 1617 818 distribui
1641 788 1752 816 monilia.
1773 787 1817 815 To-

1053 846 1163 876 tumque
1182 840 1233 867 hoc
1260 847 1315 867 non
1338 838 1371 865 ad
1394 838 1520 866 meritum
1551 836 1611 872 ejus
1626 835 1715 868 reteri,
1736 834 1776 862 sed
1794 833 1820 861 ad

1053 895 1129 915 suam
1145 885 1374 917 ntisericordiam,
1388 892 1438 920 per
1448 892 1529 919 quant
1543 887 1570 911 et
1583 882 1734 911 charitatem
1745 888 1821 909 conse-

199 944 222 966 ιιι
234 938 331 975 populo
344 942 429 964 terrm.
441 934 474 962 Et
486 933 617 961 bellabunt
631 933 768 960 adversum
779 936 813 964 te,
827 935 850 958 et
865 939 916 957 non
930 937 997 964 prw-
1013 930 1036 961 Β
1049 939 1110 962 cuia
1120 938 1172 961 est,
1183 933 1361 968 Hoc'quoque
1372 931 1443 966 quod
1452 930 1606 966 posuimus,
1618 927 1820 964 insudescrto,

201 985 337 1013 valebunt:
362 983 423 1018 quia
439 986 524 1008 tecum
536 988 583 1017 ego
596 988 663 1013 sum,
689 979 725 1005 ait
740 978 877 1010 Dominus,
892 980 919 1003 ut
937 975 999 1002 libe-

201 1041 256 1059 rem
280 1036 316 1058 te.
344 1028 480 1058 Describit
494 1034 586 1055 sernto
600 1026 709 1053 divinus
720 1046 726 1057 ,
751 1032 800 1052 cur
815 1023 951 1058 Propheta
966 1023 999 1049 ti-

200 1087 275 1106 ntere
290 1085 342 1105 non
357 1076 467 1103 debeat.
494 1074 561 1109 Ego,
578 1072 675 1108 inquit,
699 1072 793 1107 posui,
821 1072 878 1098 sive
893 1069 955 1097 dedi
972 1073 999 1096 te

199 1125 292 1158 hodie,
309 1124 361 1151 hoc
377 1127 429 1154 est,
447 1123 474 1148 in
489 1120 616 1156 praesenti
631 1120 698 1151 vita,
716 1118 805 1146 donec
821 1122 933 1145 vocatur
948 1115 999 1142 ho-

198 1173 255 1206 die,
277 1171 352 1207 quasi
381 1168 523 1197 civitatem
552 1166 755 1194 ﬁrmissimam:
781 1172 836 1191 non
862 1168 891 1191 ut
918 1168 1000 1189 unam

198 1220 322 1250 domum,
346 1224 395 1244 nec
408 1215 517 1247 turrim,
545 1218 591 1240 aut
604 1212 693 1247 aliqua
710 1211 809 1239 mmnia
825 1210 932 1245 (Matth.
949 1210 976 1244 v)
991 1218 1000 1245 ;

198 1266 246 1294 sed
262 1272 371 1292 omnem
389 1263 531 1290 civitatem
544 1281 550 1293 ,
579 1267 641 1295 qua:
656 1260 808 1293 sita'super
823 1263 945 1285 montem
962 1257 1002 1285 la-

201 1318 260 1341 tere
274 1319 327 1339 non
343 1314 444 1346 potest.
463 1309 501 1336 De
513 1315 565 1342 qua
579 1306 709 1341 Scriptum
726 1310 782 1333 cst:
796 1304 917 1332 Gloriosa
931 1305 1001 1332 dicta

197 1364 257 1388 sunt
272 1359 303 1387 de
318 1363 352 1390 te,
369 1357 458 1384 civitas
470 1354 518 1381 Dei
535 1352 623 1390 (Psal.
639 1360 753 1385 Lxxxw,
769 1352 810 1386 ‘2).
826 1352 876 1378 Et:
896 1351 952 1387 Ego
965 1352 1002 1378 ci-

198 1408 263 1434 vitas
276 1405 353 1440 ﬁrma
364 1424 371 1436 ,
389 1403 480 1429 civitas
501 1408 559 1436 qua:
581 1403 748 1435 oppugnatur
764 1397 839 1433 (Ira.
855 1405 942 1429 xxvu,
957 1396 1002 1433 5).

202 1453 247 1484 Et,
270 1452 296 1477 in
320 1450 486 1479 columnam,
519 1445 617 1479 inquit,
646 1444 769 1478 ferream,
794 1443 829 1471 de
843 1451 894 1477 qua
908 1443 1005 1470 scribit

199 1497 361 1534 Apostolus:
375 1494 503 1522 Columna
518 1496 542 1519 et
555 1492 750 1527 ﬁrmamentum
766 1491 881 1517 veritatis
894 1490 914 1526 (I
930 1489 1002 1516 Tim.

198 1554 244 1579 III,
262 1543 317 1579 l5).
329 1541 412 1578 843
434 1540 511 1569 Unde
538 1539 635 1566 Petrus
648 1541 677 1565 et
691 1537 832 1571 Joannes,
860 1536 907 1572 qui
925 1541 1005 1572 puta-

201 1592 301 1619 bantur
316 1589 455 1616 columna
471 1585 610 1617 Ecclesitn,
628 1584 738 1611 dextras
763 1583 898 1611 dederunt
919 1583 1005 1610 Paulo

199 1645 227 1667 et
240 1636 374 1666 Barnaba:
390 1632 603 1662 communionis.
632 1631 688 1658 Nec
704 1631 754 1657 hoc
776 1629 890 1662 sufﬁcit,
907 1630 954 1657 sed
974 1631 1000 1657 iu
1014 1626 1038 1658 C

199 1692 313 1716 murum,
327 1683 377 1714 ait,
393 1688 504 1712 laneum,
520 1678 567 1714 qui
582 1677 656 1704 nulla
669 1677 787 1703 violatur
799 1676 936 1711 rubigine,
953 1683 1003 1704 nec

198 1739 287 1760 (ausus
303 1729 435 1758 imbribus
457 1726 581 1762 deperit;
609 1725 656 1752 sed
682 1727 818 1751 vetustate
835 1723 864 1750 lit
884 1722 939 1759 [ΑΙ.
956 1722 1003 1758 sit]

199 1778 305 1806 fortior.
323 1775 383 1804 Eris
397 1777 490 1801 autent
507 1772 570 1800 talis
580 1776 676 1798 contra
689 1777 768 1805 reges
783 1774 810 1797 et
823 1769 960 1804 principes
975 1773 1005 1796 et

199 1826 342 1862 populum,
371 1830 424 1850 non
446 1820 592 1856 cujuslibet
610 1818 673 1850 looi,
700 1817 748 1845 sed
763 1821 859 1849 terrm;
876 1821 888 1834 τι
901 1816 937 1843 iis
957 1816 1004 1851 qui

200 1878 309 1900 terrena
321 1870 450 1905 sapiunt,
472 1871 500 1895 et
513 1865 636 1894 coelestia
654 1872 707 1891 non
730 1867 877 1896 noverunt,
894 1862 941 1897 qui
956 1862 1005 1890 ha-

201 1921 266 1949 bent
281 1918 427 1954 imaginem
448 1918 540 1952 χοϊκοῦ
555 1919 579 1942 et
602 1921 655 1940 nou
681 1911 815 1940 ccclesiis.
833 1910 877 1943 Hi,
904 1909 1003 1945 inquit,

201 1967 332 1994 bellabunt
347 1964 482 1992 adversum
493 1966 528 1994 te,
539 1966 562 1988 et
572 1969 622 1988 non
630 1959 816 1995 praevalebunt.
828 1958 882 1986 Cur
894 1956 1005 1992 quaeso?

202 2015 268 2048 Quae
282 2017 325 2040 est
339 2015 422 2039 tanta:
443 2007 612 2036 fortitudinis
625 2013 720 2038 causa,
735 2009 765 2032 ut
781 2012 831 2032 nec
851 2011 942 2039 reges,
955 2010 1006 2030 nec

202 2060 351 2095 principes,
365 2065 414 2084 nec
427 2054 593 2086 sacerdotes,
607 2060 659 2080 nec
672 2051 764 2088 populi
776 2051 908 2078 adversus
921 2056 1005 2077 unum

203 2094 390 2141 przuvaleant?
403 2101 550 2136 Sequitur:
563 2099 631 2132 Quia
644 2104 725 2125 tecum
734 2106 780 2133 ego
794 2105 861 2129 sum,
871 2097 907 2123 ait
916 2094 1006 2123 Domi-

201 2162 259 2185 nus,
269 2156 295 2179 ut
309 2151 413 2177 liberem
426 2153 459 2175 te.
468 2148 496 2175 Si
506 2146 614 2182 quando
626 2153 704 2181 reges
713 2145 796 2177 Juda,
809 2144 854 2179 qui
870 2144 1006 2178 interpre-

201 2205 274 2227 tatur
285 2197 411 2231 confcssio
421 2216 428 2228 ,
446 2199 474 2222 et
488 2193 628 2229 principes
639 2192 699 2227 ejus
711 2197 737 2219 et
749 2191 908 2218 sacerdotes
918 2195 947 2218 et.
958 2197 1007 2225 po-

199 2243 393 2281 puli,episcopi
401 2241 528 2269 videlicet
539 2238 727 2273 etpresbyteri
740 2241 768 2265 et
778 2236 898 2270 diaconi,
908 2241 934 2264 et
946 2236 1005 2263 vul-

200 2301 251 2328 gus
259 2291 312 2319 vile
322 2294 403 2324 atque
414 2286 543 2323 ignobile,
551 2289 644 2313 contra
658 2289 782 2312 sanctum
793 2283 882 2310 virum
891 2291 1006 2310 consur-

1050 983 1077 1008 in
1097 986 1164 1008 terra
1174 989 1232 1016 quu-
1243 988 1294 1007 non
1309 979 1462 1010 seminatur,
1474 977 1500 1004 in
1519 976 1590 1004 LXX
1607 983 1658 1003 n0n
1672 975 1782 1002 habetur.

1088 1028 1178 1063 (Vers.
1254 1026 1367 1055 Sanctus
1383 1024 1469 1052 Israel
1484 1024 1596 1051 Domino
1610 1022 1726 1059 primitiw
1738 1024 1822 1057 frugum

1052 1075 1125 1110 ejus:
1136 1081 1223 1100 omnes
1231 1073 1276 1108 qui
1287 1072 1412 1098 devorant
1421 1078 1490 1102 eum,
1503 1069 1651 1103 delinquent
1660 1075 1669 1095 :
1678 1067 1738 1094 mala
1745 1066 1822 1092 venient

1051 1127 1133 1155 super
1146 1127 1200 1152 eos,
1217 1118 1280 1145 dicit
1296 1117 1434 1145 Dominus.
1448 1114 1562 1149 Quando
1577 1113 1660 1142 Israel
1675 1112 1734 1140 dicit
1746 1111 1822 1147 primi-

1053 1168 1105 1195 tias
1120 1166 1226 1201 I‘rugum
1243 1164 1362 1198 Domini,
1380 1162 1503 1191 ostendit
1524 1162 1653 1197 populum
1676 1161 1707 1188 de
1720 1158 1823 1195 gentibus

1053 1218 1248 1249 congregatum
1268 1219 1329 1240 esse
1354 1216 1415 1246 post
1437 1209 1592 1245 primitias;
1611 1208 1684 1243 juxta
1696 1206 1754 1234 illud
1768 1203 1822 1240 quod

1052 1261 1080 1289 in
1095 1261 1151 1288 alio
1163 1261 1223 1288 loco
1236 1259 1367 1294 scriptum
1388 1262 1447 1285 est:
1461 1255 1561 1283 Memor
1583 1259 1636 1282 esto
1649 1249 1824 1289 congregationis

1054 1311 1105 1334 ture
1115 1327 1123 1340 ,
1137 1314 1214 1341 quam
1237 1304 1374 1340 possedisti
1388 1303 1420 1330 ab
1434 1303 1510 1330 initio
1525 1301 1615 1336 (Psat.
1628 1307 1719 1332 Lxxm,
1730 1298 1765 1333 2).
1779 1297 1823 1324 Pri-

1054 1353 1137 1381 mitia:
1150 1357 1242 1379 autem
1256 1358 1367 1385 semper
1381 1349 1519 1377 debentur
1532 1347 1729 1379 sacerdotibus,
1749 1349 1824 1372 etnon

1056 1399 1189 1428 hostibus.
1206 1397 1284 1433 Quod
1299 1397 1441 1432 sequitur:
1469 1395 1566 1422 Omnes
1586 1394 1631 1430 qui
1646 1394 1823 1423 devorantem,

1056 1446 1222 1481 delinquent:
1249 1445 1320 1471 mala
1335 1443 1437 1470 venient
1452 1450 1528 1477 super
1547 1449 1603 1473 eos,
1630 1440 1692 1467 dicit
1713 1437 1825 1468 Dominus,

1057 1494 1128 1520 hunc
1144 1492 1227 1520 habet.
1248 1498 1378 1519 sensum:
1392 1488 1537 1524 Quomodo
1553 1487 1601 1523 qui
1617 1486 1742 1522 primitias
1760 1484 1826 1510 devo-

1058 1545 1119 1568 rant
1134 1539 1228 1575 (Nunt.
1244 1537 1283 1574 v),
1310 1544 1480 1573 nequaquam
1503 1535 1538 1562 de
1553 1541 1657 1570 genere
1678 1528 1826 1560 sacerdotali,

1057 1586 1171 1615 sceleris
1183 1585 1222 1613 rei
1234 1589 1312 1613 sunt:
1331 1584 1371 1611 sic
1387 1583 1432 1618 qui
1447 1581 1640 1610 contaminant
1655 1578 1744 1610 Israel,
1764 1574 1827 1604 malit

1054 1633 1251 1669 subjicicnlur:
1273 1632 1350 1666 juxta
1379 1629 1447 1657 illud
1467 1628 1541 1664 quod
1570 1628 1598 1655 in
1617 1626 1745 1654 vicesimo
1767 1626 1828 1650 sexto

1054 1680 1160 1716 psalmo
1174 1683 1285 1707 sanctus
1300 1677 1383 1705 David
1400 1676 1540 1712 loquitur:
1556 1674 1629 1702 Dum
1643 1672 1828 1710 appropinquant

1053 1734 1132 1760 super
1144 1734 1183 1753 me
1196 1728 1327 1756 nocentes,
1338 1727 1365 1750 ut
1373 1722 1452 1750 edant
1466 1729 1557 1749 carnes
1569 1728 1660 1748 nicas:
1674 1718 1715 1755 qui
1728 1716 1829 1745 tribulam

1053 1782 1094 1800 me
1104 1773 1203 1800 inimici
1217 1772 1278 1805 mei,
1290 1771 1340 1807 ipsi
1353 1770 1480 1805 inﬁrmati
1495 1774 1555 1797 sunt
1569 1773 1595 1796 et
1606 1767 1747 1795 ceciderunt
1758 1762 1827 1800 (Psal.

1055 1828 1129 1851 xxvr,
1145 1820 1172 1853 5,
1188 1819 1229 1855 4).
1245 1819 1338 1853 Neque
1352 1817 1425 1845 enim
1442 1825 1475 1845 ex
1487 1824 1520 1844 eo
1536 1816 1610 1852 quod
1622 1815 1671 1843 Dei
1685 1815 1829 1847 exequuntur

1055 1866 1233 1897 sententiam,
1244 1864 1379 1892 immunes
1394 1868 1474 1891 erunt
1484 1870 1500 1890 a
1514 1862 1664 1897 supplicio,
1676 1860 1829 1894 malaqueve-

1056 1913 1136 1940 niunt
1149 1919 1232 1947 super
1247 1919 1311 1939 eos:
1327 1914 1438 1946 oportet
1451 1910 1524 1937 enim
1536 1909 1632 1936 venire
1645 1905 1780 1937 scandala;
1794 1909 1831 1929 te:

1056 1967 1116 1987 rum
1126 1979 1133 1992 ,
1151 1966 1191 1986 va:
1207 1959 1231 1986 ei
1248 1966 1297 1993 per
1310 1966 1390 1993 quem
1406 1957 1521 1986 veniunt.
1535 1954 1746 1990 scandala(Mat.
1760 1948 1829 1984 xvm).

1093 2005 1185 2041 (Vere.
1201 2006 1228 2037 4,
1244 2004 1286 2040 5.)
1302 2004 1398 2031 Audite
1425 2003 1530 2030 verbum
1544 2001 1675 2034 Domini,
1698 2000 1780 2027 domui
1795 1996 1832 2023 Ju-

1056 2053 1112 2085 cob,
1127 2057 1151 2079 et
1167 2059 1254 2078 omnes
1267 2051 1434 2086 cognationes
1443 2049 1536 2076 domus
1551 2046 1721 2075 Israel.ch
1731 2045 1784 2072 dicit
1791 2042 1833 2069 Do.

1056 2100 1140 2127 minus
1149 2107 1158 2126 :
1168 2098 1237 2132 Quid
1251 2098 1402 2125 invenerunt
1414 2100 1499 2131 patres
1513 2095 1592 2122 vestri
1605 2096 1632 2121 in
1647 2102 1686 2121 me
1701 2089 1832 2127 iniquitalil,

1056 2148 1118 2183 quia
1132 2146 1315 2182 elongaveruut
1331 2153 1347 2171 α
1360 2152 1420 2171 me:
1434 2148 1458 2171 et
1471 2142 1673 2170 ambulauerunt
1687 2144 1741 2177 post
1752 2138 1834 2166 uanita-

1057 2198 1125 2220 tem:
1140 2197 1163 2220 et
1177 2192 1238 2219 cani
1252 2191 1314 2227 facti
1337 2190 1417 2218 sunt?
1445 2189 1523 2217 Hunc
1537 2196 1651 2217 sensum
1669 2192 1696 2216 et
1711 2186 1774 2214 alius
1786 2189 1834 2218 pro-

1057 2240 1139 2276 pheta
1153 2226 1288 2267 testatur:
1308 2237 1427 2271 Populus
1443 2244 1514 2263 meus
1527 2235 1590 2271 quid
1604 2235 1656 2271 feci
1669 2234 1728 2269 tibi_,
1753 2236 1772 2258 rt
1785 2226 1834 2265 quid

1059 2287 1179 2314 molestus
1187 2286 1226 2321 fni
1241 2285 1287 2312 tibi
1293 2285 1304 2311 ?
1312 2283 1449 2320 Responde
1465 2282 1528 2310 mihi
1537 2283 1616 2318 :quia
1626 2281 1706 2309 eduxi
1718 2284 1739 2307 ιε
1747 2278 1834 2305 deterit!

199 2322 264 2374 gere
274 2322 1047 2368 volueriutpbabeattideilirmitatenuietlimeredesi-D
1060 2332 1182 2368 Ᾱςμριὶ,
1210 2337 1234 2358 (τι
1255 2331 1286 2358 de
1312 2330 1389 2358 domo
1411 2330 1577 2357 ιρι-υῑεηιίιιηι
1600 2328 1707 2356 liberaui
1721 2322 1833 2361 te(MicII.

202 2390 271 2413 stat:
288 2384 362 2420 quia,
373 2382 488 2410 Domino
501 2380 662 2412 auxiliante,
673 2377 825 2413 superabit.

237 2433 316 2469 (Cap.
330 2431 362 2459 Il.
375 2429 497 2456 —Vers.
511 2428 550 2462 Ι.)
566 2426 600 2454 Et
615 2429 714 2462 [artant
730 2430 766 2453 est
780 2425 884 2452 uerbum
899 2424 1006 2452 Domini

202 2480 235 2506 ad
252 2488 290 2506 me
305 2478 410 2505 dicens:
430 2475 513 2509 Vade,
527 2478 550 2501 et
567 2474 651 2501 clama
671 2474 698 2500 in
721 2473 831 2500 auribus
858 2472 1006 2499 Jerusalem

201 2527 300 2554 dicens.
329 2525 385 2552 llou
413 2523 441 2550 in
457 2520 633 2557 Septuaginta
653 2527 706 2546 uolt
730 2519 864 2546 habetur:
881 2518 929 2546 sed
955 2519 1006 2546 sub

202 2571 343 2600 asteriscis
359 2570 393 2597 de
405 2566 604 2596 Theodotionis
617 2566 738 2594 editione
753 2565 873 2593 additum
890 2569 943 2597 est,
958 2565 1004 2600 qui

202 2620 315 2648 verbum
333 2617 496 2645 liebraicum
518 2621 626 2642 CARA'I'II
642 2614 753 2657 (amp),
769 2621 817 2647 pro
832 2621 885 2648 quo
898 2620 947 2640 uos
962 2613 1004 2640 di-

203 2666 292 2693 ximus
303 2664 400 2696 clama;
425 2663 483 2690 sive
499 2661 625 2696 prwdica,
651 2660 849 2694 interpretatus
867 2665 919 2693 est,
936 2659 1001 2695 lege.

202 2713 236 2739 Et
250 2712 395 2740 lectionem
415 2709 488 2738 enim
513 2712 541 2735 et
555 2707 703 2735 clamorem
729 2710 754 2733 et
780 2705 1003 2741 praedicationem

203 2767 253 2794 pro
269 2758 311 2785 sui
326 2755 507 2792 ambiguitate
521 2753 667 2789 signiﬁcat.
691 2752 780 2779 Aures
793 2756 883 2779 autem
895 2752 1006 2780 Jerusa-

211 2812 267 2836 ent,
276 2811 324 2839 pro
337 2802 449 2829 auribus
461 2800 644 2828 habitatorum
658 2798 716 2834 ejus
727 2797 858 2825 debemus
869 2800 1003 2834 accipere.

238 2848 451 2885 (Vers.2.)H¢ec
466 2847 529 2875 dicit
541 2846 669 2874 Dominus
682 2853 691 2872 :
705 2844 868 2872 Recordutus
881 2853 940 2873 sum
955 2847 1004 2880 tui,

236 2951 249 2966 ιι
266 2945 382 2978 Victor.,
401 2946 427 2972 id
438 2950 473 2972 est
488 2951 575 2971 eorum
586 2944 628 2979 qui
640 2947 750 2978 terrena,
763 2947 815 2971 etc.

1057 2378 1160 2414 ",54).
1178 2378 1326 2413 Utrumque
1340 2382 1432 2404 autem
1444 2384 1555 2410 nomen,
1566 2375 1654 2404 Jacob
1672 2377 1700 2402 et
1713 2369 1787 2401 Israel
1798 2375 1836 2402 po-

1058 2426 1146 2453 nitur:
1160 2433 1214 2452 non
1226 2424 1376 2452 secundum
1388 2424 1457 2451 duas
1466 2423 1598 2451 etdecem
1614 2422 1714 2454 tribus,
1723 2418 1767 2447 sed
1775 2418 1835 2452 juxta

1058 2480 1169 2500 omnem
1188 2471 1334 2506 populum:
1361 2478 1422 2498 cum
1440 2475 1467 2497 et
1484 2472 1541 2504 ipse
1555 2469 1644 2497 Jacob
1656 2473 1747 2504 postea
1762 2462 1835 2500 appel-

1058 2519 1129 2546 latus
1153 2518 1189 2544 sit
1204 2517 1286 2545 Israel
1302 2516 1383 2553 (Gen.
1395 2515 1494 2552 χχχιι).
1519 2514 1660 2543 Oﬂ'ensam
1676 2518 1762 2542 autem
1776 2509 1836 2538 ducit

1057 2573 1071 2592 a
1088 2564 1227 2600 patribus,
1248 2570 1302 2591 non
1316 2571 1371 2598 quo
1389 2566 1499 2597 peccata
1516 2565 1627 2597 patrum
1643 2560 1706 2588 tiliis
1722 2560 1836 2594 imputan-

1058 2616 1115 2639 tur:
1131 2611 1178 2639 sed
1190 2618 1244 2645 quo
1260 2615 1287 2638 et
1300 2609 1348 2637 lilii
1360 2609 1495 2638 habentes
1511 2613 1621 2644 patrum
1635 2606 1836 2636 similitudinem.

1057 2663 1085 2686 et
1099 2665 1149 2686 suo
1165 2662 1191 2685 ct
1212 2662 1356 2693 parentum
1381 2656 1487 2684 scelere
1503 2656 1664 2691 puniantur.
1687 2655 1762 2689 Saepe
1784 2648 1838 2685 lt’gi‘

1056 2713 1117 2733 mus
1131 2703 1203 2740 quod
1215 2708 1327 2739 propter
1341 2707 1453 2731 sanctos
1469 2707 1572 2738 patres,
1589 2701 1712 2729 ﬁliorum
1727 2699 1837 2727 miserea-

1057 2756 1102 2780 tur
1116 2752 1200 2779 Deus.
1214 2750 1431 2786 Dereliquerunt
1444 2754 1534 2778 autem
1548 2754 1643 2786 patres
1660 2747 1749 2785 populi
1763 2749 1838 2782 pecca-

1058 2799 1126 2827 toris
1142 2799 1244 2830 Deum;
1271 2802 1300 2825 et
1316 2805 1369 2825 non
1383 2797 1518 2830 breviter,
1533 2797 1583 2824 sed
1606 2797 1692 2832 longo
1716 2797 1836 2828 tempore:

1057 2850 1085 2874 et
1101 2854 1150 2881 pro
1169 2845 1224 2873 Deo
1240 2845 1329 2873 secuti
1359 2849 1423 2873 sunt
1443 2844 1602 2878 vanitatem,
1629 2843 1703 2871 idola
1714 2839 1837 2870 videlicet,
