4084 6324
380 335 488 394 689

947 331 1606 393 COMMENTARIORUM
1637 331 1707 391 IN
1744 330 2098 390 JEREMIAM
2138 330 2565 389 PROPHETAM
2595 331 2727 389 LIB.
2770 330 2814 391 1.
2854 331 3011 390 CAP.
3053 332 3118 390 ll.

3579 332 3687 391 690

379 464 502 524 quae
546 448 685 507 nihil
714 458 952 523 prosunt
973 450 1286 508 cultoribus
1313 450 1470 507 suis:
1520 457 1578 506 et
1600 448 1736 522 ipsis
1766 447 1982 509 similes
2005 457 2056 521 Α
2083 444 2347 503 beneficia
2378 456 2662 505 verterunt
2708 448 2761 504 in
2801 457 3173 521 contemptum
3208 449 3485 523 privilegia
3516 450 3698 524 digni—

382 545 509 603 facti
550 554 681 601 sunt
707 544 1009 602 secundum
1039 544 1174 601 illud
1194 544 1339 617 quod
1363 544 1629 617 scriptum
1659 553 1775 601 est:
1809 543 1978 601 Simi-

382 637 457 694 les
480 635 592 693 illis
617 636 752 709 fiunt
771 637 861 710 qui
883 638 1086 709 faciunt
1106 654 1209 706 eo;
1237 647 1286 694 et
1308 652 1485 694 omnes
1512 636 1603 710 qui
1630 636 1896 708 confidunt
1924 636 1980 692 in

380 730 454 789 eis
479 728 659 803 (Psal.
682 745 840 799 exui,
872 730 983 801 l6).

448 822 638 898 (Vera.
654 823 738 896 6.)
755 823 822 880 Et
852 841 957 881 non
978 825 1248 895 dixerunt,
1278 825 1382 884 Ubi
1408 836 1483 882 est
1511 825 1868 900 Dominusqui
1893 842 1979 881 as-

377 916 600 973 cendere
626 934 722 973 nos
744 918 867 992 fecit
889 918 957 975 de
979 926 1118 975 terra
1139 918 1365 995 .Eggpti
1390 936 1410 975 :
1435 921 1525 992 qui
1556 918 1857 976 transduxit
1884 934 1979 975 nos

377 1027 470 1085 per
495 1013 763 1068 desertum
790 1052 808 1081 ,
871 1028 965 1086 per
991 1023 1185 1069 terram
1210 1012 1609 1068 inhabitabilem
1651 1021 1700 1068 et
1738 1011 1934 1068 inviam
1957 1026 1977 1067 :

374 1119 471 1176 per
496 1113 690 1161 terram
709 1104 822 1161 sitis
848 1114 899 1161 et
922 1103 1090 1179 8&5
1111 1105 1392 1180 imaginem
1408 1104 1593 1160 mortis
1613 1146 1630 1172 ,
1661 1120 1754 1175 per
1782 1111 1978 1158 terram

375 1196 431 1253 in
458 1212 564 1268 qua
591 1213 697 1253 non
724 1196 1009 1253 ambulavit
1036 1199 1139 1265 vir,
1173 1214 1334 1271 neque
1380 1196 1631 1252 habitabit
1654 1194 1827 1252 homo.
1869 1195 1977 1251 Pro

376 1290 628 1358 homine,
668 1288 817 1348 LXX
846 1291 1018 1363 ﬁlium
1049 1291 1279 1348 hominis
1319 1289 1674 1362 interpretati
1702 1297 1869 1356 sunt;
1921 1299 1976 1346 et

375 1397 475 1453 pro
501 1383 740 1455 imagine
780 1384 1010 1450 mortis,
1062 1383 1132 1442 de
1160 1382 1543 1441 Tbeodotione
1582 1382 1824 1440 additum
1852 1390 1973 1451 est,

373 1474 562 1530 umbra
588 1476 795 1533 mortis.
825 1475 984 1544 Quod
1032 1491 1158 1533 cum
1209 1475 1365 1548 juxta
1404 1475 1691 1532 historiam
1718 1473 1976 1531 manifes-

375 1576 485 1624 tum
500 1568 597 1636 sit,
616 1567 751 1625 illud
767 1568 1233 1627 considerandum
1250 1579 1333 1627 est
1349 1568 1650 1626 secundum
1667 1582 1972 1640 anagogeu,

372 1659 520 1731 quod
544 1659 806 1733 quamdiu
834 1661 888 1717 in
918 1664 1025 1717 isto
1050 1661 1257 1719 saeculo
1284 1675 1475 1719 sumus
1497 1702 1513 1729 ,
1552 1671 1608 1718 et
1635 1660 1706 1717 de
1731 1659 1974 1734 Ευριο

373 1751 680 1821 edueimur,
709 1753 975 1826 paulatim
1002 1755 1376 1822 ascendimus,
1409 1763 1466 1812 et
1493 1755 1728 1827 primum
1751 1753 1971 1811 deserta

2082 538 2257 594 tatis:
2307 548 2365 595 ut
2407 540 2720 597 sacerdotes
2750 540 3042 599 Dominum
3094 557 3201 599 non
3242 554 3596 616 quaererent:
3631 556 3694 603 ut

2081 632 2338 690 doctores
2360 633 2521 707 Legis
2551 634 2871 707 ignorarent
2894 654 3056 707 eum,
3087 639 3181 710 qui
3211 638 3349 695 alios
3375 639 3577 697 docere
3598 639 3694 698 de-

2082 726 2320 783 bebant:
2350 737 2406 785 et
2431 736 2679 800 pastores
2704 728 2814 804 [AL
2841 729 3246 804 praedicatores]
3280 746 3377 803 per
3402 732 3688 805 negligen-

2079 820 2209 878 tiam
2239 822 2682 893 prsevaricatores
2711 822 2910 881 ﬁerent
2941 843 2953 879 :
2985 835 3042 882 et
3072 825 3364 896 Propheta
3390 825 3483 897 qui
3508 825 3561 881 in
3593 840 3692 897 po-

2084 915 2230 986 pulis
2273 914 2599 986 disputant,
2623 932 2733 974 non
2762 917 2878 975 Deo
2906 918 3236 991 loquantur,
3286 920 3383 976 sed
3415 920 3594 991 idolo,
3636 930 3695 977 et

2080 1026 2177 1066 sua
2210 1010 2471 1085 ﬁgmenta
2502 1020 2852 1068 venerentur.
2887 1011 2982 1069 His
3003 1022 3184 1070 autem
3214 1013 3396 1070 verbis
3427 1013 3688 1071 utendum

2080 1112 2164 1159 est
2188 1104 2451 1161 adversus
2480 1104 2653 1160 nostri
2691 1105 2897 1160 ordinis
2927 1105 3216 1178 magistros
3243 1149 3259 1175 ,
3302 1107 3395 1178 qui
3421 1105 3691 1164 devorant

2080 1197 2294 1269 plebem
2344 1196 2443 1254 Dei
2471 1196 2626 1254 velut
2668 1197 2849 1254 cibum
2895 1198 3050 1269 panis
3079 1237 3097 1267 ,
3145 1207 3202 1255 et
3226 1214 3322 1269 per
3351 1198 3496 1255 mala
3520 1212 3689 1271 opera

2078 1304 2187 1347 non
2220 1290 2474 1346 invocant
2499 1291 2808 1347 Dominum.

2149 1381 2334 1452 (Vers.
2366 1381 2449 1456 9.)
2499 1382 2784 1455 Propterea
2809 1382 2987 1439 adhuc
3002 1383 3211 1455 judicio
3237 1383 3552 1441 contendam
3593 1398 3686 1439 eo.

2077 1474 2297 1542 biscum,
2325 1475 2399 1529 ait
2430 1473 2683 1531 Dominus
2711 1492 2731 1532 :
2759 1485 2947 1531 etcum
2974 1475 3101 1547 [iliis
3137 1476 3320 1532 vestris
3361 1474 3681 1547 disceptabo.

2078 1567 2158 1624 Ne
2183 1579 2205 1608 ο
2230 1567 2481 1625 videatur
2501 1576 2788 1639 percutere
2808 1584 2905 1640 per
2925 1568 3244 1640 potentiam,
3266 1569 3422 1640 quasi
3448 1584 3569 1624 cum
3590 1584 3687 1640 pa-

2078 1662 2230 1719 ribus
2257 1663 2470 1720 ratione
2490 1662 2801 1729 contendit;
2831 1662 2984 1734 juxta
3007 1662 3140 1718 illud
3171 1660 3317 1734 quod
3350 1660 3515 1717 David
3540 1662 3687 1719 canit

2075 1765 2132 1814 et
2158 1767 2387 1828 usurpat
2433 1757 2774 1828 Apostolus:
2828 1755 2898 1814 Ut
2917 1756 3230 1832 justiﬁceris
3259 1756 3315 1811 in
3362 1754 3686 1811 sermonibus

373 1844 672 1902 transimus
718 1856 775 1904 et
805 1856 1008 1903 terram
1039 1847 1463 1906 inhabitabilem
1487 1888 1505 1916 ,
1553 1862 1716 1920 quam
1746 1856 1972 1904 sanctus
2003 1867 2048 1928 Β
2076 1848 2183 1904 tuis
2204 1889 2219 1915 ,
2247 1858 2297 1905 et
2321 1850 2498 1906 vincas
2540 1866 2659 1905 cum
2673 1850 2940 1923 judicaris
2965 1848 3141 1923 (Psal.
3173 1866 3238 1917 ι,
3281 1848 3353 1915 6;
3387 1845 3544 1903 Rom.
3576 1862 3637 1903 ιιι
3664 1893 3679 1918 ,

373 1935 684 1996 inhabitare
712 1954 822 1997 non
875 1939 1059 2009 debet,
1117 1949 1175 1997 et
1202 1940 1446 2009 inviam,
1504 1952 1562 1996 ut
1589 1939 1967 1997 difficultatem

372 2038 641 2087 monstret
666 2030 904 2089 itineris.
945 2030 1053 2088 Per
1075 2040 1266 2087 terram
1295 2033 1433 2099 sitis,
1466 2030 1560 2087 ubi
1608 2046 1829 2102 semper
1854 2046 1970 2087 ma-

361 2120 484 2194 jora
511 2124 787 2196 cupimus,
812 2139 919 2182 nec
968 2126 1334 2196 praesentibus
1361 2127 1605 2182 contenti
1649 2140 1871 2193 sumus;
1920 2134 1969 2180 et

368 2216 673 2289 imaginem,
704 2219 824 2276 sive
850 2217 1093 2276 umbram
1116 2221 1299 2276 mortis
1321 2236 1341 2276 :
1370 2234 1592 2293 semper
1619 2220 1768 2278 enim
1797 2220 1850 2277 in
1874 2235 1969 2293 pe-

367 2309 542 2366 riculo
585 2311 967 2380 consistimus,
1021 2322 1079 2369 et
1128 2312 1331 2385 ubique
1377 2313 1634 2371 diabolus
1677 2313 1853 2370 tendit
1890 2314 1970 2368 la-

365 2415 534 2472 queos
581 2417 745 2460 suos:
776 2421 869 2477 per
890 2416 1101 2471 terram,
1148 2407 1202 2460 in
1240 2423 1346 2479 qua
1385 2422 1491 2461 non
1532 2406 1819 2462 ambulauit
1864 2408 1964 2476 uir,

366 2496 459 2566 qui
495 2493 751 2568 perfectae
782 2499 961 2555 aetatis
989 2499 1043 2555 in
1081 2499 1304 2556 Christo
1330 2508 1439 2556 est.
1469 2499 1678 2557 Omnes
1706 2499 1853 2556 enim
1882 2515 1969 2556 re-

363 2580 652 2663 surgemus
681 2592 738 2648 in
757 2591 935 2649 virum
965 2592 1273 2667 perfectum
1296 2639 1312 2665 ,
1346 2593 1404 2650 in
1439 2608 1758 2651 mensuram
1784 2592 1968 2651 aetatis

367 2685 722 2755 plenitudinis
767 2687 993 2745 Christi.
1042 2687 1231 2759 Neque
1281 2703 1523 2760 unquam
1556 2688 1612 2744 in
1662 2702 1727 2745 ea
1758 2687 1969 2744 habitat

363 2778 455 2849 qui
483 2779 652 2835 homo
676 2779 775 2837 Dei
802 2791 910 2849 est,
931 2781 1019 2838 vel
1047 2780 1193 2837 filius
1220 2779 1491 2848 hominis;
1522 2779 1618 2837 sed
1652 2795 1871 2851 semper
1897 2779 1964 2837 ad

365 2871 575 2941 majora
595 2870 842 2929 festinat.
881 2873 962 2930 Ex
988 2888 1100 2945 quo
1142 2874 1492 2946 perspicuum
1520 2884 1643 2941 est,
1705 2889 1815 2929 non
1840 2888 1967 2932 esse

369 2964 757 3037 perfectionem
785 2966 843 3023 in
867 2967 985 3023 via:
1008 2967 1106 3025 sed
1131 2968 1186 3023 in
1214 2966 1326 3024 line
1352 2968 1454 3024 viae
1484 2976 1542 3025 et
1571 2968 1624 3024 in
1650 2968 1960 3041 mansione,

363 3075 487 3131 quas
510 3060 715 3117 sanctis
738 3061 794 3118 in
819 3061 1143 3120 caelestibus
1189 3072 1550 3134 praeparatur,
1584 3072 1641 3119 et
1658 3062 1860 3135 quibus
1882 3062 1967 3120 di-

2073 1941 2155 2014 4).
2185 1941 2453 2015 Quodque
2483 1943 2668 2014 posuit
2693 1986 2707 2011 ,
2732 1941 2913 1998 adhuc
2944 1957 3094 2014 saepe
3113 1957 3173 1998 se
3193 1940 3390 1998 fecisse
3414 1948 3645 1997 testatur
3672 1957 3685 1994 :

2073 2045 2128 2092 ct
2149 2037 2294 2106 quod
2326 2037 2547 2104 intulit,
2595 2053 2713 2092 cum
2742 2038 2868 2107 [iliis
2913 2041 3097 2093 vestris
3120 2081 3137 2107 ,
3169 2036 3407 2094 similem
3446 2033 3688 2092 ostendit

2071 2127 2234 2183 etiam
2258 2128 2311 2183 in
2340 2127 2468 2185 filiis
2497 2129 2764 2185 malorum
2810 2129 3182 2200 pertinaciam.
3226 2127 3451 2186 Occulte
3498 2135 3683 2183 autem

2073 2219 2333 2292 figniflcat
2357 2221 2500 2294 quod
2526 2222 2802 2294 antiquam
2832 2221 2884 2277 in
2909 2222 3078 2279 Deum
3105 2220 3448 2294 negationem
3475 2265 3490 2290 ,
3516 2220 3682 2277 etiam

2070 2317 2167 2376 ﬁlii
2195 2335 2384 2377 eorum
2414 2320 2470 2375 in
2493 2319 2731 2377 adventu
2760 2318 2975 2375 Domini
3003 2318 3117 2375 sint
3149 2317 3348 2376 secuti.

2142 2412 2325 2484 (Vers.
2352 2414 2456 2484 10,
2493 2412 2610 2487 ii.)
2660 2413 2899 2469 Transito
2924 2413 2994 2467 ad
3019 2412 3225 2469 insulas
3267 2410 3502 2479 Cethim,
3526 2418 3573 2467 et
3604 2412 3683 2466 ci-

2069 2505 2184 2561 dete
2208 2522 2229 2561 :
2251 2514 2299 2562 et
2320 2507 2375 2561 in
2404 2503 2577 2562 Cedar
2607 2506 2818 2571 mittite,
2841 2515 2893 2562 et
2913 2504 3243 2561 considerate
3268 2501 3613 2569 uehementer,
3636 2511 3685 2559 et

2070 2597 2236 2653 uidete
2261 2598 2308 2652 si
2325 2599 2522 2670 factum
2547 2605 2623 2654 est
2652 2595 3019 2669 hujuscemodi
3049 2612 3069 2652 :
3099 2597 3145 2652 si
3168 2596 3383 2651 mutavit
3406 2611 3532 2667 gens
3556 2594 3681 2649 deos

2071 2688 2212 2764 (sive
2236 2691 2362 2746 deos
2407 2690 2575 2763 suos).
2609 2688 2677 2745 Et
2726 2698 2865 2745 certe
2891 2690 2998 2760 ipsi
3022 2706 3129 2744 non
3150 2697 3270 2744 sunt
3305 2688 3380 2744 dii
3403 2705 3423 2744 :
3455 2688 3684 2762 populus

2068 2797 2187 2837 vero
2215 2798 2360 2836 meus
2382 2781 2599 2837 mutarit
2607 2779 2832 2853 gloriam
2855 2796 3005 2836 suam
3028 2782 3082 2836 in
3107 2779 3311 2835 idolum
3328 2778 3468 2850 (sive
3490 2780 3556 2836 de
3575 2795 3678 2849 quo

2067 2873 2119 2927 ei
2140 2871 2275 2930 nihil
2294 2870 2572 2944 proderit).
2615 2872 3092 2944 Comparationem
3127 2870 3254 2928 facit
3279 2871 3400 2942 ejus
3444 2871 3522 2927 rei
3551 2885 3678 2943 quae

2070 2966 2511 3037 incomparabilis
2533 2976 2659 3036 est,
2709 2976 2766 3023 et
2795 2981 2982 3023 verum
3015 2967 3187 3023 Deum
3209 2966 3427 3022 confert
3451 2964 3682 3022 menda-

2069 3059 2245 3116 cibus.
2281 3059 2359 3117 lte
2384 3099 2402 3128 ,
2429 3059 2624 3131 ,inquit
2653 3058 2720 3116 ad
2769 3059 2976 3116 insulas
3004 3056 3216 3116 Cethim
3250 3076 3261 3112 :
3289 3074 3427 3131 quas
3452 3058 3545 3114 vel
3575 3057 3682 3115 Ita-

364 3153 542 3208 citur:
574 3151 679 3220 Qui
700 3154 855 3210 statis
876 3155 932 3210 in
960 3154 1117 3211 domo
1138 3154 1370 3222 Domini,
1396 3157 1452 3210 in
1484 3156 1634 3212 atriis
1658 3156 1844 3212 domus
1866 3153 1967 3212 Dei
2065 3154 2155 3210 lia
2181 3197 2197 3222 ,
2226 3154 2316 3210 vel
2353 3153 2781 3210 Occidentalium
2823 3153 3059 3225 partium
3087 3152 3354 3210 debemus
3393 3153 3642 3224 accipere
3668 3171 3679 3208 :

364 3245 527 3300 nostri
550 3243 727 3315 (Psal.
745 3261 978 3315 cxxxut,
1009 3248 1090 3317 i).
1113 3246 1345 3304 Frustra
1366 3248 1534 3318 igitur
1558 3262 1700 3304 nova
1723 3256 1751 3286 ι
1770 3263 1841 3304 ex
1872 3260 1962 3305 ve—
1992 3259 2041 3325 c
2070 3248 2141 3304 ab
2166 3263 2235 3306 eo
2254 3246 2398 3320 quod
2419 3257 2580 3304 terra:
2607 3247 2811 3306 Judme
2837 3246 3052 3321 Cyprus
3080 3247 3262 3304 insula
3284 3292 3299 3318 ,
3328 3246 3384 3303 in
3406 3262 3509 3317 qua
3553 3246 3683 3302 urbs

365 3339 465 3395 teri
487 3338 715 3397 baresis
734 3341 1068 3413 suspicatur,
1090 3341 1178 3398 hic
1196 3340 1496 3414 perfectam
1516 3356 1640 3400 esse
1652 3342 1961 3412 victoriam,

365 3430 456 3487 ubi
480 3448 658 3505 pugna
684 3442 769 3490 est
795 3443 962 3506 atque
988 3445 1292 3504 certamen,
1321 3444 1381 3493 et
1403 3435 1646 3493 incertus
1667 3438 1851 3495 exitus
1880 3437 1967 3494 fu-

368 3531 642 3582 turorum.

437 3615 621 3689 (Vers.
650 3615 732 3690 7.)
755 3616 825 3673 Et
863 3618 1051 3675 induxi
1079 3635 1166 3676 vos
1192 3621 1247 3676 in
1276 3630 1467 3676 terram
1486 3618 1731 3691 ,Carmeli
1747 3662 1762 3689 ,
1790 3631 1848 3677 ut
1876 3639 1966 3679 co-

364 3709 631 3767 mederetis
658 3714 884 3784 fructum
914 3716 1027 3786 ejus
1043 3723 1092 3769 et
1106 3713 1240 3769 bona
1262 3712 1405 3769 illius
1428 3729 1448 3769 :
1470 3723 1516 3769 et
1535 3714 1755 3787 ingressi
1782 3726 1965 3772 conta-

362 3807 599 3863 minastis
628 3817 819 3864 terram
840 3826 1006 3865 meam
1026 3827 1051 3876 ;
1073 3818 1120 3864 et
1142 3810 1496 3866 hwreditatem
1521 3826 1687 3865 meam
1714 3812 1965 3883 posuistis

361 3901 415 3956 in
441 3902 898 3959 abominationem.
922 3903 1031 3959 Pro
1058 3903 1248 3961 labore
1277 3903 1551 3961 durissimi
1577 3904 1805 3973 itineris,
1836 3903 1964 3975 dedi

361 3994 515 4050 vobis
559 3996 803 4052 omnium
834 4011 1016 4053 rerum
1043 3996 1457 4053 abundantiam.
1506 3996 1621 4054 Hoc
1657 3996 1860 4068 quippe
1897 3997 1968 4053 si-

361 4084 582 4157 gnificat
605 4085 926 4158 Carmelus,
958 4088 1049 4160 qui
1074 4087 1340 4144 Hebraice
1377 4088 1692 4160 appellatur
1710 4102 1963 4146 casam.

363 4164 606 4255 (5WD),
639 4190 696 4238 et
746 4181 799 4238 in
846 4181 1028 4254 lingua
1066 4190 1253 4237 nostra
1291 4190 1453 4236 sonat
1497 4181 1843 4251 cognitionem
1866 4182 1965 4236 cir-

361 4274 713 4330 cumcisionis.
751 4273 1037 4344 Quomodo
1090 4284 1272 4331 autem
1321 4273 1415 4329 ille
1465 4273 1702 4343 pepulus
1760 4283 1961 4330 terram

360 4375 601 4423 sant-tam
620 4410 635 4436 ,
665 4378 721 4424 et
741 4367 984 4423 omnium
1012 4383 1194 4424 rerum
1221 4364 1456 4423 fertilem
1479 4406 1493 4431 ,
1518 4364 1824 4422 idololatria
1846 4365 1966 4437 pol-

364 4457 458 4515 luit
489 4469 652 4530 atque
699 4459 923 4516 violavit
950 4477 964 4513 :
997 4458 1077 4516 sic
1112 4474 1214 4515 nos
1244 4474 1388 4515 verte
1418 4457 1847 4514 circumcisionis
1876 4472 1966 4513 ac-

360 4552 621 4624 cipientes
648 4554 932 4611 scientiam
954 4597 971 4623 ,
1022 4552 1363 4610 comedimus
1407 4552 1614 4610 fructus
1639 4553 1800 4624 ejus;
1833 4562 1890 4610 et
1916 4553 1964 4609 si

2069 3338 2097 3378 ά
2131 3342 2233 3398 hoc
2262 3341 2532 3398 vocabulo
2574 3350 2922 3414 nuncupatur
2943 3382 2960 3407 ,
2991 3341 3165 3399 vicina
3197 3340 3307 3409 sit.
3341 3340 3421 3397 De
3460 3354 3568 3412 qua
3619 3349 3681 3396 et

2068 3434 2219 3492 Zeno
2246 3436 2497 3509 princeps
2522 3434 2831 3493 Stoicorum
2859 3434 2982 3491 fuit.
3008 3432 3191 3491 Cedar
3216 3442 3397 3489 autem
3423 3433 3574 3504 regio
3593 3441 3681 3489 est

2068 3525 2381 3583 solitudinis
2426 3538 2478 3584 et
2512 3526 2944 3597 lsmaelilarum,
2997 3541 3138 3597 quos
3169 3541 3315 3581 nunc
3341 3525 3680 3581 Sarracenos

2071 3631 2265 3678 vocant
2299 3638 2313 3677 :
2342 3630 2532 3678 contra
2572 3634 2736 3692 quam
2767 3620 2931 3691 hujus
2978 3619 3147 3689 ipsius
3179 3618 3469 3688 Prophetre
3499 3617 3553 3673 in
3580 3633 3678 3674 ex—

2069 3714 2259 3770 tremis
2277 3715 2519 3787 pertibus
2533 3714 2732 3771 texitur
2747 3714 3064 3770 vaticinium
3076 3710 3253 3785 (Infra
3271 3712 3342 3766 ad
3362 3727 3479 3784 cap.
3498 3712 3672 3782 xm),

2067 3816 2125 3863 et
2147 3807 2302 3877 cujus
2334 3807 2584 3863 meminit
2611 3806 2776 3863 David
2799 3851 2815 3876 ,
2846 3806 3035 3861 dicens
3066 3824 3078 3860 :
3115 3803 3363 3860 Habitari
3387 3822 3507 3859 cum
3527 3803 3676 3859 habi—

2070 3898 2297 3954 tantibus
2323 3896 2494 3953 Cedar
2519 3914 2541 3954 :
2584 3898 2807 3954 multum
2850 3897 3183 3969 peregrinata
3221 3907 3295 3953 est
3334 3896 3514 3951 anima
3559 3911 3674 3951 mea

2070 3990 2252 4064 (Psal.
2283 4007 2407 4048 CXI!
2433 4038 2447 4061 ,
2478 3990 2558 4063 5).
2595 3990 2663 4046 Et
2692 3999 2778 4047 est
2823 4004 3020 4047 sensus
3052 4007 3066 4046 :
3097 3989 3195 4047 Vel
3224 3989 3291 4046 ad
3318 3988 3670 4046 Occidentem

2068 4088 2278 4160 pergite
2298 4131 2313 4155 ,
2345 4086 2427 4142 vel
2459 4086 2511 4141 in
2543 4085 2895 4142 solitudinem
2945 4083 3172 4149 mittite,
3205 4093 3261 4141 et
3287 4083 3466 4139 videte
3488 4085 3534 4139 si
3560 4098 3669 4155 qua

2067 4196 2207 4255 gens
2255 4182 2359 4238 hoc
2405 4180 2596 4239 fecerit
2635 4180 2782 4254 quod
2830 4179 3057 4238 fecistis.
3099 4179 3262 4237 Nulla
3302 4179 3448 4235 enim
3480 4194 3669 4235 earum

2069 4275 2273 4348 sprevit
2296 4274 2432 4331 deos
2464 4290 2594 4331 suos
2618 4320 2634 4345 ,
2680 4291 2785 4332 nec
2810 4274 3027 4348 ligneos
3052 4284 3110 4332 et
3150 4274 3426 4344 lapideos,
3473 4288 3669 4330 aureo-

2067 4384 2189 4424 rum
2216 4368 2628 4439 comparatione
2658 4369 2887 4425 mutavit
2918 4387 2931 4423 :
2963 4367 3060 4426 sed
3089 4368 3376 4439 antiquum
3426 4382 3671 4425 errorem

2066 4472 2254 4519 secuta
2284 4506 2299 4531 ,
2322 4462 2498 4519 tenuit
2521 4461 2668 4533 quod
2690 4477 2720 4516 a
2749 4461 3044 4534 majoribus
3067 4459 3234 4535 847
3265 4472 3571 4534 acceperat.
3600 4459 3670 4515 Et

2067 4568 2219 4613 certe
2245 4555 2351 4612 hoc
2370 4600 2384 4623 ,
2412 4569 2538 4611 cum
2561 4555 2743 4611 nullus
2763 4569 2954 4611 eorum
2986 4553 3133 4610 Deus
3164 4556 3237 4610 sit
3269 4572 3282 4609 :
3310 4552 3406 4612 sed
3438 4552 3667 4609 simula-

363 4646 683 4718 negligentin
714 4645 1078 4719 subrepserit,
1124 4645 1561 4703 contaminamus
1589 4655 1789 4702 terram
1822 4645 1957 4716 Dei,
1990 4661 2047 4724 ι)
2069 4663 2160 4705 cra
2193 4647 2475 4703 hominum
2510 4647 2636 4704 ﬁcta
2667 4663 2852 4703 manu.
2886 4646 3129 4718 Populus
3146 4662 3279 4704 vero
3310 4663 3464 4704 meus
3485 4655 3673 4702 muta-

361 4747 417 4794 et
444 4737 813 4796 htereditatcm
836 4739 983 4795 illius
1008 4738 1426 4795 abominabilem
1458 4737 1709 4794 facimus.

431 4831 616 4904 (Vers.
639 4832 726 4905 8.)
760 4832 1074 4890 Sacerdotes
1112 4849 1218 4887 non
1240 4833 1508 4900 dixerunt,
1545 4830 1645 4888 Ubi
1675 4842 1750 4887 est
1780 4829 1969 4888 Domi-

361 4927 498 4981 nus?
515 4935 563 4981 et
585 4934 810 4982 tenentes
831 4926 1018 4998 Legem
1040 4923 1071 4964 ι’
1097 4942 1282 4993 meam,
1311 4926 1610 4981 nescierunt
1634 4942 1713 4981 me
1731 4941 1750 4981 :
1769 4934 1818 4981 et
1844 4943 1961 4999 pas-

361 5024 494 5073 tores
514 5021 843 5089 prtevaricati
871 5027 994 5075 sunt
1013 5018 1066 5073 in
1099 5034 1180 5073 me
1206 5035 1226 5074 :
1250 5027 1300 5073 et
1311 5017 1594 5090 Prophetas
1622 5018 1969 5091 prophetaue-

362 5121 484 5167 runt
522 5114 577 5169 in
622 5112 780 5184 Baal,
811 5126 861 5171 et
900 5114 1044 5170 idola
1072 5115 1240 5169 secuti
1281 5112 1450 5187 85.6
1478 5122 1619 5169 sunt.
1656 5113 1788 5170 Post
1819 5123 1968 5171 tanta

437 5308 465 5372 ἓ
492 5298 913 5372 Pelagianorum
944 5299 1176 5369 scilicet,
1204 5301 1297 5371 qui
1329 5300 1577 5357 ἀπαθεὶαν
1595 5314 1628 5355 a
1656 5299 1881 5372 Stoicis,
1904 5300 1976 5356 ab

365 5369 712 5442 Origene,'et
743 5371 1034 5428 Joviniano
1058 5369 1426 5443 sumpserant,
1451 5372 1777 5438 aiebantque
1792 5371 1969 5428 homi-

365 5458 491 5515 nem
518 5444 570 5497 in
596 5442 698 5515 hac
726 5445 835 5499 vita
864 5442 1218 5515 constitutum
1253 5457 1446 5515 posse,
1489 5452 1546 5498 et
1573 5443 1791 5514 quidem
1842 5446 1965 5501 sine

368 5513 463 5570 Dei
512 5513 722 5586 gratia,
753 5515 980 5584 iustitiae
1020 5513 1421 5586 perfectionem
1440 5513 1700 5586 consequi
1728 5559 1744 5582 ,
1798 5523 1853 5569 et
1897 5515 1968 5571 ab

368 5587 515 5642 omni
560 5587 894 5652 tentatione,
931 5595 986 5642 et
1020 5585 1281 5657 peccandi
1315 5585 1561 5655 periculo
1581 5590 1964 5655 securitatem,

368 5671 529 5731 quam
560 5660 845 5731 perfectam
870 5659 1144 5715 victoriam
1177 5659 1542 5731 Hieronymus
1573 5668 1748 5715 vocat.

440 5726 763 5802 F’Expungit
788 5728 991 5802 {icturi
1019 5747 1204 5794 meum,
1235 5726 1421 5797 utpote
1444 5743 1567 5802 qua:
1582 5741 1637 5785 et
1655 5732 1708 5785 in
1744 5729 1969 5787 Hieron.

366 5797 610 5856 editione
635 5809 690 5854 et
708 5800 761 5855 in
791 5799 1085 5865 llebraico.
1118 5818 1183 5859 ac
1206 5801 1349 5859 LXX
1383 5797 1489 5857 non
1520 5802 1611 5856 sit.

440 5873 463 5907 θ
497 5871 630 5928 Cod.
658 5870 718 5926 S.
746 5869 937 5927 Crucis
966 5871 1023 5927 in
1048 5873 1351 5931 Jerusalem
1370 5873 1442 5931 dc
1463 5872 1638 5941 Urbe,
1672 5872 1883 5929 Nemini
1900 5875 1976 5929 nia

2062 4741 2143 4795 vit
2170 4737 2455 4794 mendacio
2485 4738 2775 4795 veritatem
2810 4755 2824 4793 :
2875 4747 2932 4793 et
2980 4738 3185 4794 idolum
3216 4738 3348 4795 mihi
3398 4736 3669 4809 praetulit,

2065 4833 2212 4905 quod
2241 4835 2322 4889 eis
2352 4833 2695 4890 necessitatis
2725 4842 2972 4905 tempore
2998 4832 3264 4904 prodesse
3311 4847 3421 4889 non
3451 4830 3675 4903 poterit.

2069 4927 2366 4983 Possumus
2396 4926 2501 4982 hoc
2526 4936 2585 4982 et
2629 4934 2819 4982 contra
2843 4941 2939 4982 eos
2961 4914 3178 4993 dicere,
3212 4924 3305 4997 qui
3336 4923 3529 4995 majori
3558 4931 3678 4979 stu-

2072 5020 2164 5078 diu
2180 5028 2491 5092 sequuntur
2508 5020 2641 5076 vitia
2664 5036 2825 5092 quam
2851 5019 3079 5078 virtutes
3099 5036 3118 5084 ;
3140 5033 3279 5090 quos
3300 5027 3486 5074 monet
3504 5018 3679 5087 Apos-

2071 5115 2216 5172 tolus
2245 5112 2440 5172 dicens
2472 5134 2487 5170 :
2518 5113 2827 5170 Humanum
2857 5113 3062 5187 loquor,
3078 5119 3295 5187 propter
3319 5108 3676 5181 inﬁrmitatem

2083 5302 2271 5357 deatur
2301 5312 2565 5373 percutere
2595 5317 2689 5375 per
2735 5300 3019 5375 potentiam
3043 5338 3060 5368 ,
3090 5297 3137 5353 si
3185 5312 3303 5351 cum
3344 5293 3576 5369 patribus
3599 5311 3688 5349 ra—

2081 5384 2403 5501 "om-3:3}:
2422 5443 2715 5513 videlicet,
2748 5444 2834 5500 vel
2866 5441 3116 5513 (Sittium,
3140 5446 3233 5493 aut
3261 5436 3493 5513 Cetium,
3543 5436 3688 5513 unde

2075 5516 2227 5573 Zeno
2253 5534 2282 5572 a
2313 5516 2560 5585 Diogene
2583 5509 2802 5572 Laertia
2843 5511 3051 5585 Ιίῦῖ-νιι
3068 5513 3308 5585 ,λιιςτιιὺς
3334 5509 3420 5565 vel
3446 5512 3686 5585 ῐξιτεζιεὺς·

2074 5600 2337 5655 vocatur,
2363 5605 2390 5642 a
2419 5576 2633 5643 'Latinis
2677 5581 3050 5652 Scriptnribus
3071 5576 3310 5655 Citieus:
3360 5590 3414 5655 et
3444 5576 3681 5655 Cittieus.

2079 5660 2281 5731 Noster
2306 5650 2672 5731 Hieronymus
2704 5659 2754 5711 in
2785 5650 3066 5731 Quest,_in
3097 5652 3234 5709 Gen.
3265 5650 3451 5731 Catina,
3475 5652 3680 5731 inquit,

2079 5740 2200 5788 sunt
2230 5729 2375 5792 Citii.
2402 5747 2435 5783 α
2462 5721 2649 5801 quibus
2686 5721 2848 5801 usque
2878 5724 3030 5801 hodie
3049 5740 3251 5801 quoque
3262 5723 3384 5779 urbs
3409 5721 3566 5801 Cypri
3591 5722 3682 5801 Ci-

2082 5804 2215 5859 tium
2240 5796 2557 5857 nominatnr.
2590 5796 2791 5855 Recole
2812 5811 2932 5869 qute
2962 5796 3015 5849 in
3043 5810 3174 5869 eum
3200 5796 3378 5855 locum
3401 5797 3683 5851 adnotavi~

2086 5882 2207 5930 mus
2241 5892 2254 5929 :
2286 5883 2339 5930 et
2369 5873 2463 5928 lib.
2498 5887 2536 5926 ιι
2561 5871 2615 5926 in
2646 5865 2842 5926 Jovinf
2862 5882 3009 5923 num.
3038 5865 3131 5923 '21.
