4084 6324
469 290 578 346 695

1715 277 1773 334 S.
1819 274 2091 334 EUSEBII
2135 273 2519 332 HIERONYMI

3671 280 3768 338 6’36

466 405 612 460 enim
641 401 781 472 apud
806 400 1064 456 Hebraeos
1090 396 1310 452 nomine
1332 408 1437 450 nus
1470 393 1489 466 (
1519 401 1612 456 n'n
1643 393 1660 463 )
1692 402 1745 448 et
1766 401 1946 446 t'entus
1975 406 2070 462 ap-
2098 394 2150 453 Α
2175 393 2281 463 gia,
2315 393 2400 448 vel
2426 394 2727 462 daemones,
2759 395 2845 451 vel
2886 391 3276 448 haereticorum
3307 393 3604 466 principes,
3632 395 3771 467 quia

466 497 703 567 pellatur
731 504 784 551 et
804 491 1069 565 spiritus),
1097 493 1177 548 sic
1202 501 1258 548 et
1281 489 1474 556 Israel,
1497 489 1614 544 sive
1633 487 1940 543 Jerusalem
1961 495 2075 541 toto

471 591 674 658 impetu
699 587 767 642 ad
806 584 1144 643 desiderium
1187 583 1433 640 libidinis
1488 580 1796 646 ferebatur,
1831 590 1886 634 et
1929 579 2074 635 omni

465 681 736 736 idolorum
787 693 973 734 amore
1016 677 1308 733 fervebat:
1343 675 1637 744 nullusque
1688 682 1771 728 est
1815 671 1907 743 qui
1956 687 2077 725 eam

465 775 580 830 suis
610 771 829 829 monitis
861 771 1033 842 possit
1057 772 1123 826 ab
1156 770 1260 827 hoc
1291 771 1497 840 impetu
1531 778 1813 824 avertere:
1835 781 1944 821 non
1972 779 2080 829 quo

470 865 888 937 impossibilitas
916 864 1023 922 hoc
1053 865 1245 920 fecerit
1273 861 1710 934 PrOpbetarum,
1754 860 1848 916 sed
1877 858 2080 914 malitia

470 975 724 1032 perversa
751 960 1040 1030 cupientis.
1059 959 1404 1031 Quicunque,
1454 958 1552 1026 ait,
1588 974 1706 1013 eam
1735 955 2081 1029 quazsierint,

467 1071 576 1111 non
610 1069 936 1126 magnopere
967 1053 1314 1110 laborabunt.
1359 1054 1414 1108 In
1451 1052 1753 1108 menstruis
1806 1060 1861 1106 ct
1894 1051 1946 1104 in
1981 1050 2084 1104 im-

474 1151 743 1205 munditia
777 1148 894 1218 ejus
925 1148 1209 1204 invenient
1239 1163 1382 1202 eam.
1412 1147 1521 1201 Pro
1543 1160 1651 1216 quo
1677 1143 1873 1215 Aquila
1902 1164 2086 1217 νεομη-

471 1245 597 1308 νίαν,
631 1242 734 1296 hoc
786 1251 892 1308 est,
925 1239 1174 1294 kalendas
1201 1282 1216 1306 ,
1244 1237 1631 1312 Symmachus,
1667 1252 1914 1300 mensem,
1948 1235 2086 1306 Sep-

475 1315 716 1406 tuaginta
737 1333 904 1405 852
933 1340 988 1389 et
1013 1330 1341 1401 TheodOtio,
1367 1331 1709 1386 humilitate»:
1738 1325 2087 1398 interpretati

469 1438 616 1483 sunt.
662 1428 834 1483 Porro
868 1427 1021 1496 juxta
1059 1425 1206 1482 LXX
1247 1425 1337 1481 hic
1375 1440 1574 1482 sensus
1614 1434 1699 1479 est
1747 1441 1759 1475 :
1822 1420 2089 1477 Meretrix

474 1520 802 1588 Jerusalem,
839 1519 996 1590 juxta
1045 1519 1192 1574 illam
1227 1519 1510 1574 mulierem
1546 1532 1669 1588 quae
1696 1519 1747 1570 in
1777 1514 2094 1570 Proverbiis

479 1613 830 1681 describitur,
859 1612 926 1666 ad
965 1625 1250 1683 vesperam
1278 1611 1526 1666 ululabat
1559 1626 1698 1666 voce
1724 1624 1844 1674 sua,
1871 1618 1926 1666 et
1948 1623 2095 1664 ama-

477 1715 628 1761 tores
658 1704 724 1760 ad
767 1705 1045 1760 libidinem
1067 1704 1422 1774 provocabat,
1454 1704 1741 1772 aperiebat
1766 1703 1883 1757 vias
1925 1701 2097 1769 turpi-

2181 486 2292 544 Deo
2331 486 2494 543 alieni
2521 498 2673 544 sunt.

2251 580 2436 653 (Vers.
2457 581 2550 650 26,
2583 581 2700 656 27.)
2745 584 3016 652 Quomodo
3056 585 3398 656 confunditur
3431 585 3540 656 fur,
3573 587 3776 655 quando

2181 670 2604 742 deprehenditur,
2641 676 2718 730 sic
2763 677 2965 748 confusi
2995 685 3118 731 sunt
3145 678 3328 732 domus
3359 674 3574 732 Israel:
3603 678 3703 750 ipsi
3731 687 3779 734 et

2181 781 2324 839 reges
2369 783 2565 835 eorum,
2609 769 2863 842 principes
2909 778 2955 825 et
3002 771 3317 837 sacerdotes,
3385 779 3432 824 et
3509 769 3784 844 PrOphetat

2183 873 2380 912 eorum.
2423 858 2684 928 Quamvis
2724 863 2796 916 sit
2835 863 3126 932 impudens
3154 872 3212 919 et
3241 878 3442 934 procax
3478 863 3668 918 vultus
3704 863 3788 918 fu-

2186 955 2442 1023 rantium,
2477 965 2658 1011 tamen
2689 955 2983 1026 erubescit,
3013 958 3182 1032 853
3209 973 3333 1014 cum
3364 957 3418 1013 in
3447 955 3596 1012 furto
3629 957 3790 1015 fuerit

2186 1046 2586 1117 deprehensus.
2622 1049 2684 1104 Et
2717 1049 2886 1105 Israel
2909 1065 3043 1121 ergo
3069 1051 3260 1106 dicens
3283 1051 3452 1123 ligno,
3471 1049 3635 1105 Pater
3653 1068 3790 1106 meus

2188 1159 2239 1197 es
2263 1153 2352 1196 tu:
2377 1151 2424 1197 et
2452 1141 2638 1215 lapidi,
2675 1143 2756 1198 Tu
2801 1161 2880 1199 me
2907 1145 3169 1219 genuisti;
3212 1153 3270 1200 ut
3307 1159 3408 1201 eos
3440 1155 3663 1200 vocaret
3695 1160 3788 1215 pa-

2189 1245 2396 1304 rentes,
2425 1250 2561 1307 quos
2592 1237 2711 1306 ipse
2741 1235 3039 1291 fabricatus
3071 1246 3178 1302 est,
3208 1235 3569 1292 confunditur
3589 1251 3711 1292 cum
3740 1238 3792 1292 in

2192 1343 2287 1383 sua
2318 1328 2626 1384 idololatria
2672 1327 2833 1384 fuerit
2859 1329 3258 1400 deprehensus.
3286 1328 3313 1368 δ
3343 1329 3410 1385 Et
3441 1345 3510 1384 ne
3541 1336 3794 1399 putemus

2195 1418 2298 1476 hoc
2336 1419 2404 1475 de
2444 1419 2604 1490 plebe
2635 1435 2761 1476 eum
2793 1421 2978 1477 dicere
3005 1439 3018 1474 :
3055 1436 3212 1492 reges
3239 1422 3468 1492 ponitet
3497 1421 3794 1492 principes,

2197 1523 2252 1568 et
2279 1513 2614 1582 sacerdotes,
2649 1523 2703 1570 et
2732 1515 3031 1585 prophetas
3059 1529 3276 1570 eorum.
3310 1513 3547 1570 Utamur
3566 1513 3672 1569 hoc
3697 1527 3799 1570 tes-

2200 1610 2425 1665 timonio
2455 1622 2644 1666 contra
2677 1611 2956 1682 principes
2982 1621 3223 1680 nostros,
3254 1621 3311 1668 et
3348 1621 3544 1667 contra
3579 1611 3680 1666 hos
3709 1613 3798 1682 qui

2199 1709 2252 1762 in
2276 1707 2520 1764 Ecclesia
2549 1717 2808 1779 putantur
2835 1709 3026 1776 duces,
3057 1723 3180 1765 cum
3213 1709 3266 1764 in
3287 1707 3527 1779 peccatis
3557 1707 3801 1779 turpibus

485 1797 693 1854 tudinis
734 1812 868 1865 suae,
911 1806 969 1851 et
1012 1795 1354 1853 divaricabat
1382 1795 1551 1867 pedes
1589 1795 1741 1850 omni
1783 1794 2089 1850 transeunti
2122 1796 2171 1856 B
2198 1799 2398 1857 fuerint
2425 1801 2773 1871 deprehensi,

482 1897 501 1962 (
529 1891 689 1947 Prov.
733 1907 762 1946 v
792 1899 840 1944 et
879 1888 994 1960 v1).
1027 1891 1157 1946 Erat
1193 1901 1374 1947 autem
1404 1891 1560 1947 locus
1591 1890 1966 1947 amoenitatem
1994 1889 2090 1944 ha-

483 1987 621 2042 bens
686 1999 948 2056 aquarum
1013 1983 1321 2052 ﬂuentium,
1382 1986 1474 2056 qui
1548 1984 1930 2040 delectabilior
1989 1984 2088 2051 tit,

486 2077 708 2150 quando
758 2077 811 2132 in
869 2078 1103 2133 circuitu
1161 2077 1401 2133 solitudo
1439 2086 1545 2146 est,
1588 2086 1648 2133 ut
1689 2077 1869 2132 nullus
1908 2076 2090 2131 videat

490 2172 876 2228 foruicantem.
910 2169 980 2226 In
1006 2171 1287 2238 desiderio,
1313 2171 1509 2242 inquit,
1533 2171 1722 2225 anima:
1741 2186 1850 2226 sua:
1865 2191 2092 2242 πνευμαο

488 2276 768 2345 τοφορεῐτο,
812 2268 928 2322 sive
971 2280 1231 2338 perverso
1255 2266 1449 2337 spiritu
1479 2265 1807 2332 ducebatur,
1837 2265 1954 2320 sive
1984 2273 2096 2320 tra-

488 2361 879 2418 hebatamoris
911 2360 1299 2432 refrigerium:
1343 2360 1428 2417 vel
1465 2370 1614 2416 certe
1653 2359 1887 2416 canebat
1924 2359 2095 2427 turpi-

492 2455 696 2511 tudinis
725 2470 838 2511 suae
868 2454 1135 2511 carmina.
1179 2451 1398 2507 Tradita
1436 2463 1530 2523 est,
1572 2453 1768 2524 inquit,
1809 2452 1956 2508 vitiis
1982 2453 2096 2507 suis

491 2557 546 2604 et
573 2547 823 2602 libidini:
865 2546 1053 2602 nullus
1092 2560 1215 2601 eam
1256 2555 1586 2602 convertere
1623 2547 1870 2616 poterit:
1903 2560 2095 2601 omnes

490 2643 582 2712 qui
623 2641 903 2698 voluerint
938 2655 1062 2697 eam
1103 2640 1377 2710 invenire,
1421 2641 1473 2695 in
1508 2641 1878 2719 .turpitudinis
1917 2640 2097 2696 humi-

490 2734 645 2790 litate
701 2735 1035 2805 reperient:
1090 2743 1151 2790 ut
1213 2749 1508 2806 numquam
1568 2733 1746 2807 possit
1801 2735 2097 2807 voluptatis

494 2842 686 2884 amore
715 2828 923 2883 satiari.

568 2921 757 2994 (Vers.
799 2921 938 2993 25.)
981 2920 1211 2976 Prohibe
1247 2923 1428 2992 pedem
1469 2931 1617 2976 tuum
1655 2939 1690 2975 a
1740 2922 2009 2987 nuditate,
2054 2933 2103 2979 et

497 3027 672 3092 guttur
717 3027 860 3072 tuum
891 3034 922 3072 a
952 3017 1039 3072 siti
1067 3034 1086 3072 :
1118 3028 1166 3072 et
1204 3017 1403 3084 dixisti,
1432 3015 1738 3089 Desperavi,
1780 3034 2105 3088 nequaquam

498 3111 693 3178 faciam
715 3124 735 3164 :
761 3109 1000 3163 adamavi
1020 3109 1213 3178 quippe
1237 3109 1460 3175 alienos,
1483 3117 1532 3163 et
1553 3117 1667 3179 post
1687 3125 1776 3164 eos
1804 3109 2098 3164 ambulabo.

2279 1890 2547 1946 Verterunt
2562 1893 2632 1947 ad
2654 1909 2732 1947 me
2762 1903 2960 1967 tergunt
2981 1933 2994 1956 .
3031 1903 3077 1947 et
3122 1909 3223 1948 non
3255 1894 3462 1966 faciem.
3491 1892 3598 1960 Qui
3642 1891 3806 1962 proji-

2195 1988 2344 2043 cinnt
2380 2002 2671 2044 sermones
2703 1988 2804 2044 Dei
2833 1999 3136 2044 retrorsum
3163 2035 3177 2058 ,
3210 1990 3313 2060 ipsi
3349 1999 3574 2046 vertunt
3619 1997 3804 2045 contra

2197 2099 2318 2140 eum
2345 2092 2556 2154 tergum
2587 2093 2645 2139 et
2673 2097 2779 2138 non
2814 2082 3034 2139 faciem.
3075 2083 3306 2151 Quando
3349 2083 3497 2138 enim
3552 2083 3807 2152 magister

2196 2179 2480 2250 praecipit,
2506 2178 2824 2236 obedientis
2848 2178 3112 2234 iudicium
3152 2179 3304 2234 estsi
3348 2178 3594 2235 demisso
3622 2189 3807 2234 contra

2195 2272 2380 2328 audiat
2405 2272 2609 2342 capite.
2640 2271 2735 2328 Sin
2757 2281 2940 2328 autem
2975 2281 3158 2328 vertat
3187 2281 3405 2344 tergum
3433 2313 3450 2340 ,
3487 2273 3702 2344 signum
3727 2282 3808 2329 est

2195 2363 2642 2430 contemnentis;
2672 2372 2732 2420 ut
2755 2365 2810 2420 in
2833 2364 2943 2419 alio
2969 2364 3092 2420 loco
3113 2365 3382 2434 scriptum
3406 2372 3492 2420 est
3525 2383 3538 2417 :
3567 2363 3633 2417 Et
3656 2373 3810 2418 uerte-

2199 2465 2320 2510 runt
2359 2457 2427 2511 ad
2457 2473 2536 2510 me
2558 2456 2826 2528 scapulam
2859 2457 3178 2512 recedentem
3207 2456 3412 2527 (Zach.
3447 2471 3522 2511 vn
3546 2496 3561 2520 ,
3593 2456 3651 2510 li
3678 2456 3720 2526 ).
3747 2456 3802 2510 In

2203 2557 2434 2616 tantum,
2467 2549 2642 2620 inquit
2669 2549 2832 2616 Deus,
2865 2564 2982 2604 mea
3012 2560 3396 2620 contempsere
3419 2560 3724 2619 praecepta,
3753 2555 3808 2602 ut

2203 2658 2271 2699 ne
2291 2643 2482 2698 audire
2522 2641 2742 2713 quidem
2789 2641 3086 2710 voluerint,
3130 2641 3227 2697 sed
3285 2651 3562 2698 tumorem
3611 2640 3798 2708 animi,

2202 2744 2358 2807 gestu
2388 2735 2639 2806 corporis
2666 2733 2984 2791 iudicarint.

2279 2830 2345 2886 Et
2397 2831 2453 2886 in
2497 2841 2722 2904 tempore
2758 2830 3063 2904 afﬂictionis
3100 2844 3208 2886 sua:
3243 2830 3459 2884 dicent:
3493 2829 3704 2902 Surge,
3766 2839 3810 2883 et

2207 2923 2370 2978 libera
2392 2940 2503 2978 nos.
2529 2924 2631 2993 Qui
2653 2939 2755 2996 per
2775 2923 3040 2980 beneficia
3073 2937 3184 2980 non
3213 2932 3546 2990 senserunt,
3572 2937 3669 2992 per
3698 2929 3804 2975 tor-

2209 3024 2390 3070 menta
2414 3014 2656 3070 sentient
2689 3015 2884 3071 Deum.

2281 3107 2466 3176 (Vcrs.
2487 3105 2612 3176 28.)
2646 3105 2748 3162 Ubi
2789 3115 2908 3160 sunt
2936 3107 3011 3160 dii
3038 3107 3137 3173 tui,
3169 3123 3297 3177 quos
3336 3106 3506 3178 fecisti
3557 3106 3686 3161 tibi?
3706 3123 3813 3161 sur-

501 3201 650 3258 LXX
676 3220 688 3256 :
719 3200 968 3257 Converte
1007 3202 1191 3272 pedem
1221 3211 1367 3255 tuum
1404 3218 1437 3256 a
1464 3202 1548 3256 via
1573 3219 1780 3272 aspera,
1832 3214 1881 3257 et
1933 3214 2110 3275 guttur
2138 3195 2184 3259 C
2214 3210 2339 3274 gant
2359 3210 2407 3254 et
2437 3199 2650 3255 liberent
2679 3211 2727 3256 te
2748 3201 2800 3255 in
2825 3211 3049 3272 tempore
3073 3199 3186 3274 [AL
3211 3200 3331 3273 die]
3356 3202 3666 3274 afflictionis
3697 3213 3809 3256 tute.

503 3307 650 3350 tuum
681 3311 713 3347 a
740 3295 866 3348 siti:
893 3309 1010 3366 qua:
1029 3293 1181 3359 dixit,
1218 3292 1453 3348 Viriliter
1481 3311 1660 3366 agant,
1684 3296 1932 3364 quoniam
1951 3295 2117 3351 dilecti

507 3389 730 3453 alienos,
759 3397 806 3440 et
837 3397 953 3458 post
992 3401 1080 3441 eos
1118 3385 1381 3441 ambulavi
1432 3383 1571 3459 [ΑΙ.
1605 3387 1928 3460 ambulabo].
1981 3389 2116 3444 Pas-

505 3485 606 3540 cha
641 3482 860 3549 facturi,
888 3481 1254 3538 calciamenta
1282 3480 1546 3552 jubentur
1569 3481 1772 3537 habere
1801 3483 1856 3536 in
1886 3481 2119 3553 pedibus

501 3581 522 3652 (
549 3575 720 3632 Exod.
769 3575 914 3643 xu).
977 3573 1046 3629 Et
1085 3573 1386 3643 Apostolus
1442 3573 1812 3644 (Ephes.vt),
1856 3575 2119 3631 calciatos

509 3671 772 3740 prtedicat
815 3666 982 3738 pedes
1028 3681 1220 3722 eorum
1277 3666 1369 3736 qui
1429 3666 1727 3738 Evangelio
1802 3682 2120 3738 praeparan-

508 3774 597 3820 tur
645 3782 658 3819 :
711 3778 780 3819 ne
818 3762 948 3818 dum
1007 3777 1106 3833 per
1143 3762 1328 3816 saeculi
1383 3761 1545 3832 hujus
1584 3761 1943 3818 solitudinem
1999 3777 2122 3832 gra-

510 3854 753 3922 diuntur,
783 3854 1073 3911 venenatis
1123 3860 1350 3924 pateant
1397 3853 1799 3924 animantibus,
1855 3871 1980 3927 qua:
2023 3855 2124 3911 de-

512 3949 645 4004 bent
668 3946 1004 4020 Evangelico
1032 3943 1171 4016 pede
1198 3947 1400 4003 calcari
1427 3956 1482 4002 et
1509 3948 1744 4003 conteri.
1775 3947 1975 4004 Guttur
1998 3965 2124 4020 pro-

511 4041 766 4097 hibemus
797 4055 826 4095 a
873 4040 990 4107 siti,
1029 4039 1251 4112 quando
1281 4040 1588 4096 Salvatoris
1642 4051 1914 4112 praecepta
1964 4052 1990 4078 ει
2019 4043 2124 4098 im-

511 4136 723 4206 plemus
762 4133 1000 4191 dicentis
1054 4134 1206 4202 :Qui
1256 4135 1363 4189 sitit
1417 4136 1592 4188 veniat
1629 4136 1699 4189 ad
1727 4153 1826 4204 me,
1883 4147 1929 4192 et
1985 4137 2121 4193 bibat

513 4225 716 4298 (Joan.
751 4241 844 4295 vn,
887 4227 1015 4294 37).
1043 4225 1177 4294 Quae
1206 4225 1598 4296 desperatione
1627 4229 1903 4284 malorum
1956 4245 2120 4301 nega-

513 4321 590 4374 vit
611 4334 674 4374 se
697 4318 962 4374 facturam
984 4318 1130 4388 quod
1157 4318 1424 4374 Dominus
1453 4319 1766 4389 imperavit,
1795 4336 2124 4394 causamque

515 4413 771 4482 exposuit
795 4412 984 4467 dicens
1018 4429 1031 4466 :
1061 4411 1326 4466 Adamavi
1359 4412 1567 4468 alienos
1588 4458 1602 4482 ,
1633 4424 1690 4470 et
1721 4416 1846 4472 illos
1877 4431 2078 4487 sequar
2107 4437 2120 4472 :

520 4501 826 4572 impudenti
854 4500 1206 4558 confessione
1235 4510 1437 4572 putans
1483 4518 1544 4559 se
1580 4504 1811 4560 crimina
1853 4507 2124 4564 devitarc.

521 4596 696 4653 Porro
718 4596 868 4667 juxta
902 4594 1045 4651 LXX
1083 4595 1170 4651 via
1201 4605 1550 4668 peccatorum
1582 4613 1775 4668 aspera
1805 4612 1911 4667 est,
1944 4618 2064 4672 quae
2095 4618 2124 4657 a
2156 4583 2204 4644 D

519 4690 754 4746 Domino
813 4690 1152 4746 convertitur
1205 4691 1258 4746 in
1307 4691 1449 4746 viam
1512 4691 1750 4762 planam.
1803 4693 2124 4766 Quicunque

512 4783 799 4841 haereticos
829 4787 1098 4854 sequitur,
1133 4784 1327 4842 horum
1359 4801 1620 4843 versuum
1652 4797 1873 4844 notetur
1904 4789 2118 4862 elogio;

519 4879 666 4952 quod
693 4879 932 4948 dixerit,
959 4878 1245 4950 Desperavi
1273 4882 1390 4938 sive
1411 4883 1462 4936 in
1487 4883 1634 4936 malo
1653 4884 1938 4955 proposito
1959 4900 2114 4956 agam

515 4972 769 5040 viriliter,
800 4983 855 5026 et
884 4971 939 5026 in
973 4987 1095 5027 meo
1133 4971 1487 5028 confortabor
1513 4988 1727 5030 errore.
1760 4974 2000 5032 Necesse
2026 4993 2121 5032 au-

518 5074 630 5121 tem
662 5072 766 5133 est,
798 5075 858 5120 ut
884 5066 975 5135 qui
1009 5064 1245 5120 alienam
1291 5065 1360 5121 ab
1399 5065 1783 5124 Ecclesiastica
1815 5068 2118 5126 doctrinam

517 5160 786 5232 sequitur,
829 5159 1040 5215 alienos
1065 5157 1292 5230 diligat;
1333 5169 1388 5216 et
1415 5175 1604 5217 eorum
1658 5173 1925 5233 sequatur
1952 5168 2118 5221 vesti-

591 5409 618 5436 ιι
657 5398 795 5455 Tres
835 5412 966 5453 mss.
998 5398 1329 5467 suscipimus.
1359 5411 1460 5467 pro
1497 5393 1772 5467 implemus
1800 5407 1819 5446 :
1849 5402 1906 5449 et
1946 5391 2108 5467 paulo

520 5478 648 5543 post
667 5464 1344 5543 desperationemeliorum,
1364 5464 1473 5543 pro
1510 5464 1808 5543 malorum:
1847 5478 1968 5543 eam
1999 5464 2111 5543 lec-_

523 5533 727 5615 tionem
753 5533 945 5615 probat
965 5540 1250 5615 et_Victor,
1275 5533 1570 5615 laudatque
1591 5536 1828 5615 similem
1855 5533 2114 5615 Qypriaui

526 5612 702 5667 locum
734 5605 896 5682 epist.
922 5611 988 5665 ad
1030 5605 1244 5667 Donat.
1272 5629 1286 5666 :
1322 5611 1412 5666 Sic
1447 5605 1597 5682 vitiis
1619 5605 1996 5682 adhcerentibus
2031 5607 2113 5682 ob-

525 5676 814 5754 secundans
842 5698 1002 5745 erant,
1024 5693 1070 5737 et
1097 5683 1448 5754 desperatione
1477 5679 1770 5754 meliorum,
1804 5676 1956 5730 malis
1987 5677 2112 5730 meis

521 5751 676 5825 ueluti
694 5757 810 5825 jam
829 5755 1050 5824 propriis
1081 5772 1140 5807 ac
1150 5748 1454 5825 g'erttaculis
1489 5748 1818 5822 adfavebam.
1971 5819 1983 5825 Δ
2067 5811 2070 5818 ι

590 5820 618 5859 τ’
644 5815 903 5879 PeriOdus
924 5815 1108 5890 istaec,
1142 5815 1210 5876 Et
1237 5831 1298 5878 ne
1331 5815 1574 5893 paternus
1610 5818 1778 5889 usque
1827 5815 2107 5890 prophetas

2221 3293 2514 3364 [mpudens
2547 3293 2877 3364 postulatio,
2913 3303 3158 3366 tempore
3186 3294 3537 3351 necessitatis
3567 3305 3622 3350 et
3657 3309 3814 3366 angu-

2219 3385 2340 3444 stite
2369 3385 2441 3441 ab
2490 3401 2558 3442 eo
2599 3401 2851 3457 quaerere
2891 3387 3194 3453 auxilium,
3228 3402 3389 3458 quem
3427 3387 3482 3442 in
3525 3402 3664 3457 pace
3690 3401 3814 3442 eon-

2223 3479 2567 3550 tempserint.
2601 3479 3034 3552 Legendumque
3070 3479 3407 3551 increpantis
3433 3480 3632 3536 affectu
3658 3497 3672 3534 :
3701 3480 3816 3534 libe-

2221 3581 2333 3625 rent
2355 3580 2402 3625 te
2433 3570 2510 3625 dii
2537 3571 2644 3638 tui,
2671 3588 2798 3642 quos
2829 3572 2997 3642 fecisti
3024 3572 3156 3626 tibi:
3186 3581 3242 3626 ut
3267 3586 3391 3627 cum
3415 3571 3570 3628 Deus
3592 3571 3817 3627 Creator

2223 3664 2296 3718 sit
2325 3663 2634 3732 hominum,
2667 3665 2832 3720 homo
2862 3665 3052 3720 fecerit
3080 3664 3278 3732 Deum,
3305 3665 3503 3734 probet
3523 3667 3817 3722 necessitas

2223 3757 2352 3831 quid
2377 3759 2610 3830 possint,
2642 3774 2780 3829 quos
2803 3773 3030 3815 securus
3053 3769 3180 3814 ante
3201 3759 3446 3814 coluisti.

2296 3851 2598 3908 Secundum
2621 3868 2890 3906 numerum
2931 3852 3196 3907 civitatum
3226 3863 3432 3907 tuarum
3471 3862 3616 3907 erant
3645 3852 3718 3907 dii
3753 3853 3819 3906 tui

2220 3943 2257 3998 .1
2263 3945 2386 4000 uda.
2409 3943 2742 4000 Veleosdem
2767 3945 2851 4000 vel
2881 3945 3128 4017 singulos
3142 3955 3307 4016 atque
3324 3945 3578 4001 diversos
3599 3945 3820 4017 singula:

2222 4035 2473 4091 civitates
2499 4037 2753 4093 colebant
2772 4036 2906 4093 deos
2931 4056 2944 4094 :
2981 4048 3038 4094 ut
3069 4053 3168 4095 uec
3210 4039 3490 4110 impietate
3518 4038 3822 4096 viderentur

2225 4139 2432 4196 habere
2452 4153 2785 4196 consensum
2814 4160 2825 4195 :
2856 4141 2951 4197 sed
2987 4157 3233 4212 pugnans
3253 4151 3445 4198 contra
3480 4157 3540 4198 se
3566 4143 3820 4214 supersti-

2225 4244 2322 4310 tio,
2339 4242 2619 4300 diversnm
2643 4253 2966 4315 sequeretur
2987 4259 3257 4301 errorem.
3273 4244 3542 4315 Quodque
3562 4245 3816 4316 sequitur,

2224 4356 2272 4401 et
2289 4348 2448 4418 juxta
2472 4362 2743 4400 numerum
2763 4346 2961 4400 viarum
2985 4345 3279 4402 Jerusalem
3300 4347 3646 4402 immolabant
3679 4345 3817 4412 Bard,

2224 4463 2254 4502 a
2276 4446 2418 4502 LXX
2443 4445 2688 4502 additum
2717 4457 2822 4502 est.

2302 4551 2483 4623 (Vers.
2511 4551 2633 4623 29.)
2657 4550 2798 4620 Quid
2826 4552 2982 4607 vultis
3007 4567 3208 4606 mecum
3237 4552 3448 4618 'iudicio
3493 4552 3824 4608 contendere?

2231 4670 2404 4708 omnes
2445 4654 2790 4724 dereliquistis
2832 4671 2930 4721 me,
2963 4655 3089 4709 dicit
3131 4653 3407 4710 Dominus.
3439 4655 3619 4711 Prona
3647 4666 3730 4710 est
3763 4654 3821 4709 ad

2226 4755 2641 4811 excusationem
2679 4755 2762 4810 sui
2792 4754 3030 4810 humana
3065 4757 3398 4826 perversitas
3423 4798 3439 4823 ,
3465 4765 3527 4811 ut
3567 4755 3822 4828 quidquid

2229 4858 2426 4914 merito
2450 4857 2751 4924 sustinent,
2778 4857 2979 4928 injuste
3003 4859 3276 4913 sustinere
3299 4857 3691 4924 videantur;et
3715 4873 3824 4929 [που

2228 4961 2401 5030 priam
2425 4958 2640 5028 culpam
2669 4956 2912 5014 referant
2935 4959 3000 5012 ad
3031 4958 3293 5030 judicium
3329 4959 3446 5015 Dei.
3475 4959 3707 5016 Frustra
3731 4961 3820 5030 igi-

2225 5071 2338 5128 tur,
2362 5060 2462 5124 ait,
2489 5059 2790 5115 obtenditis
2818 5061 3231 5130 querimonias,
3266 5069 3322 5116 et
3346 5060 3588 5132 iniquam
3614 5076 3822 5117 causam

2225 5163 2280 5218 in
2321 5161 2586 5232 judicem,
2614 5177 2737 5217 cum
2783 5161 3082 5234 impietatis
3131 5173 3329 5220 vestrm
3369 5163 3462 5230 sit,
3507 5163 3656 5235 quod
3700 5161 3824 5235 pati-

2213 5405 2414 5454 eorum,
2445 5386 2500 5442 in
2527 5386 2702 5453 nullo,
2734 5402 2766 5441 e
2789 5386 2992 5458 quibus
3014 5385 3383 5458 utimur_mss._
3412 5393 3506 5458 aut
3529 5399 3703 5458 penes
3731 5385 3823 5458 Ra-

2219 5464 2418 5517 banum
2455 5459 2541 5515 hic
2574 5459 2679 5514 loci
2704 5454 2961 5525 habetur,
2992 5458 3086 5512 sed
3116 5456 3274 5526 paulo
3302 5454 3532 5511 inferius
3557 5456 3822 5512 Zachariae

2216 5533 2390 5588 textui
2425 5530 2696 5585 subditur.
2727 5529 2837 5585 Sed
2869 5540 2926 5584 et
2957 5528 3206 5599 proxime
3247 5529 3596 5597 subsequens
3644 5529 3696 5583 in
3735 5526 3816 5584 Ci-

2216 5604 2507 5659 stercieusi
2530 5618 2634 5656 tns.
2649 5604 2824 5656 variat
2842 5619 2856 5658 :
2877 5599 3221 5672 Utamurhoc
3235 5599 3549 5666 testimonio,
3562 5601 3606 5654 si
3624 5601 3820 5672 quando

2219 5676 2478 5747 principes
2503 5673 2665 5727 nostri
2683 5718 2700 5747 ,ν
2729 5683 2776 5727 et
2803 5673 2859 5726 hi
2889 5675 2977 5747 qui
3005 5674 3060 5747 in_
3094 5669 3331 5747 Ecclesia
3373 5669 3817 5739 putantur'duoes,

2214 5741 2268 5800 in
2291 5741 2512 5820 peccatis
2544 5746 2780 5816 turpibus
2811 5741 3001 5816 fuerint
3026 5741 3350 5815 deprehensi.
