4084 6324
255 351 356 407 607

840 355 1492 418 COMMENTARIORUM
1535 361 1599 418 IN
1637 361 1985 422 JEREMIAM
2023 367 2446 430 PROPllETAM
2485 373 2614 430 LIB.
2656 374 2694 432 Ι.
2735 373 2890 434 CAP.
2931 376 3019 451 Il.)

3449 377 3555 434 698

255 465 404 521 mini.
424 467 596 542 8⁵4
611 468 874 543 Quodque
901 472 1173 542 sequitur:
1195 471 1259 528 Et
1282 490 1458 529 omnes
1481 475 1652 546 inique
1673 475 1848 548 egistis

1968 483 2210 553 Domino,
2239 495 2295 542 et
2326 487 2527 544 amittit
2549 487 2964 562 intelligentiam
2991 490 3362 548 doctrinarum
3384 534 3398 555 .
3429 507 3554 565 qua:

257 560 306 614 in
333 575 429 627 me,
456 569 483 597 ιι
509 579 539 615 a
563 561 919 635 Septuaginta
945 564 1187 621 additum
1221 575 1325 623 est.

336 659 518 735 (Vers.
551 658 671 731 50.)
697 659 825 716 Sine
845 677 1000 715 causa
1027 662 1260 734 percussi
1284 662 1424 733 ﬁlios
1451 673 1642 719 vestros
1662 679 1680 718 :
1701 663 1860 719 disci-

257 757 450 831 plinam
479 772 583 810 non
613 764 930 828 receperunt.
957 756 1060 811 Pro
1087 771 1198 826 quo
1218 771 1453 828 posuere
1477 757 1622 814 LXX
1648 775 1751 814 non
1773 775 1855 814 re-

257 849 473 921 cepistis.
499 849 824 920 Sensusque
847 860 930 905 est
959 850 1010 904 in
1034 849 1298 906 Hebraico
1325 869 1337 904 :
1363 851 1468 923 Ipsi
1496 851 1588 922 qui
1617 852 1856 921 percussi

257 953 400 1008 sunt,
427 942 783 1014 disciplinam
815 943 1062 1012 recipere
1087 944 1400 999 noluerunt.
1425 944 1481 1000 In
1506 946 1855 1016 Septuaginta

261 1049 390 1090 vero
419 1050 434 1090 :
470 1033 601 1090 ideo
633 1034 882 1103 percussi
924 1033 1064 1090 ﬁlios
1098 1047 1334 1102 vestros,
1367 1046 1425 1092 ut
1465 1038 1682 1093 illorum
1724 1053 1860 1093 nece

257 1142 348 1182 vos
393 1127 785 1184 erudiremini.
826 1127 893 1182 Et
939 1145 1005 1183 ne
1052 1127 1192 1185 forte
1219 1129 1477 1186 diceretis
1521 1148 1535 1185 :
1571 1140 1858 1200 peccantes

258 1219 538 1291 corripere
565 1221 814 1289 noluisti,
845 1221 1017 1293 plagis
1041 1221 1235 1278 discite
1257 1223 1496 1278 ﬁliormn
1528 1235 1853 1292 vestrorum,

258 1311 398 1384 quod
430 1313 731 1369 austeriori
773 1327 868 1368 vos
917 1314 1188 1382 cupierim
1229 1330 1428 1372 curare
1462 1315 1851 1373 medicamine.

326 1403 605 1460 Devoravi!
619 1405 827 1480 gladius
845 1416 1002 1462 vester
1015 1407 1305 1482 Prophetas
1327 1419 1534 1465 vestros.
1552 1410 1669 1466 Non
1685 1425 1853 1477 meos,

257 1497 346 1553 sed
375 1508 588 1554 vestros
614 1500 914 1570 prophetas
945 1518 955 1553 :
982 1515 1324 1572 nequaquam
1350 1517 1524 1572 meus,
1552 1503 1648 1560 sed
1678 1512 1859 1560 vester

259 1591 469 1661 gladius
515 1591 832 1655 devoravit,
877 1607 1038 1663 quem
1086 1593 1421 1650 sustinuistis
1470 1610 1573 1667 pro
1624 1595 1860 1666 peccatis

260 1687 476 1742 vestris.
511 1687 690 1744 Porro
717 1687 862 1744 LXX
903 1705 1012 1745 non
1051 1690 1258 1746 habent
1293 1701 1450 1746 vester
1478 1711 1498 1746 :
1521 1693 1614 1748 sed
1645 1692 1858 1764 simpli-

259 1781 393 1836 alter
418 1781 764 1853 interpretati
794 1792 922 1838 sunt
943 1785 1205 1840 devoravit
1232 1783 1441 1858 gladius
1466 1785 1753 1858 PrOphetas
1777 1803 1859 1841 ve-

1961 578 2302 650 signiticatur
2331 582 2386 637 in
2413 592 2655 655 pectore.
2685 582 2841 640 Unde
2881 594 2936 640 et
2974 583 3216 642 Joannes
3260 584 3560 657 Evangeli-

1961 681 2043 728 sta
2074 673 2348 730 recumbit
2386 691 2554 746 super
2600 686 2788 748 pectus
2818 678 3034 734 Domini
3065 677 3262 752 (Joan.
3303 694 3398 735 xm
3419 676 3468 750 ),
3503 687 3564 735 et

1961 766 2336 822 sacerdotibus
2360 768 2502 824 inter
2527 778 2726 826 czctera
2749 780 3044 841 separatur
3070 771 3450 842 pectusculum
3481 771 3562 825 vi-

1961 859 2250 915 ctimarum
2303 859 2491 930 (Num.
2524 861 2710 932 xvm).
2751 861 2966 931 Quanto
3015 871 3197 917 autem
3247 862 3422 930 major
3474 871 3564 918 est

1963 967 2225 1008 numerus
2275 963 2605 1023 temporum,
2648 955 2846 1025 quibus
2890 953 3266 1010 obliviscimur
3312 953 3555 1020 Domini,

1964 1056 2114 1102 tanto
2145 1046 2318 1118 major
2351 1061 2507 1118 ptena
2541 1048 2772 1117 peccati,
2799 1047 2944 1119 quod
2967 1062 3069 1104 nec
3092 1047 3434 1119 longitudine
3456 1061 3560 1102 sae-

1961 1140 2213 1195 culorum
2245 1141 2484 1209 potuerit
2512 1138 2780 1194 edomari.

2033 1233 2215 1304 (Vers.
2245 1235 2338 1302 33,
2373 1232 2490 1303 34.)
2527 1233 2664 1300 Quid
2709 1232 2889 1287 niteris
2930 1233 3192 1288 ostendere
3230 1233 3366 1287 viam
3413 1243 3558 1286 tuam

1961 1328 2146 1384 bonam
2168 1329 2236 1384 ad
2260 1327 2592 1400 quaerendam
2613 1327 2937 1382 dilectione»:
2954 1368 2968 1392 ,
2991 1341 3107 1398 qua:
3134 1327 3346 1394 insuper
3373 1331 3421 1379 et
3445 1341 3556 1378 nta-

1960 1421 2101 1477 litias
2149 1431 2264 1477 tuas
2313 1421 2532 1477 docuisti
2559 1422 2668 1475 vias
2699 1428 2815 1474 tuas
2846 1435 2863 1473 :
2903 1429 2950 1473 et
2980 1419 3034 1473 in
3073 1419 3172 1474 alis
3204 1419 3303 1473 tuis
3332 1418 3478 1492 (sive
3504 1418 3561 1472 in

1962 1514 2232 1586 manibus)
2262 1516 2498 1571 inventus
2532 1525 2604 1569 est
2629 1516 2841 1585 sanguis
2877 1513 3173 1568 animarum
3195 1526 3480 1582 pauperum
3512 1519 3560 1564 et

1961 1611 2330 1665 innocentium.
2366 1607 2490 1663 Non
2521 1609 2572 1663 in
2601 1608 2755 1679 fossis
2783 1607 2933 1680 (sive
2970 1604 3175 1677 foveis)
3207 1605 3378 1659 inveni
3425 1618 3508 1658 eos
3543 1617 3564 1658 :

1960 1703 2050 1758 sed
2072 1704 2126 1757 in
2157 1702 2394 1758 omnibus
2425 1702 2536 1755 istis
2569 1711 2589 1739 ε
2616 1700 2754 1772 (sive
2779 1699 2872 1754 sub
2891 1699 3033 1754 omni
3058 1696 3560 1770 quercu).Frustra,

1963 1797 2173 1868 inquit,
2206 1807 2258 1852 te
2287 1795 2443 1863 cupis
2485 1793 2776 1850 verborum
2809 1804 2927 1849 arte
2955 1791 3284 1858 defendere,
3320 1799 3375 1844 et
3406 1789 3564 1859 quasi

259 1883 427 1942 stros;
457 1884 516 1929 ut
539 1877 860 1932 ostendatur
889 1877 976 1933 vel
1007 1877 1219 1933 hostilis
1249 1878 1462 1948 gladius
1481 1921 1496 1945 ,
1522 1881 1606 1935 vel
1649 1879 1858 1949 gladius

1968 1892 2104 1947 bona
2133 1890 2426 1946 ostendere
2456 1904 2625 1960 opera
2659 1899 2744 1943 tua
2773 1897 2834 1942 ut
2867 1887 3131 1942 merearis
3159 1883 3514 1940 dilectionem
3545 1898 3560 1935 :

262 1981 435 2031 meus,
467 1982 564 2038 per
587 1984 752 2040 quem
778 1981 1001 2039 peccata
1023 1981 1201 2026 vestra
1223 1970 1464 2026 confodi.

331 2059 496 2125 Quasi
523 2061 600 2115 leo
623 2071 850 2116 vastator
869 2064 1131 2132 generatio
1159 2073 1346 2120 vestra.
1372 2062 1514 2120 LXX
1548 2083 1559 2118 :
1597 2063 1758 2133 Quasi
1782 2065 1858 2120 leo

261 2163 510 2222 vastator,
533 2165 580 2208 et
602 2172 705 2210 non
727 2157 991 2211 timuistis.
1017 2157 1269 2226 Gladius,
1293 2159 1486 2230 inquit,
1515 2159 1603 2229 qui
1626 2158 1856 2214 devora-

263 2246 335 2300 vit
377 2248 678 2317 prephetas
722 2258 964 2315 vestros;
1001 2249 1142 2305 baud
1189 2249 1410 2306 dubium
1462 2251 1592 2322 quin
1634 2250 1760 2306 Baal
1807 2259 1862 2306 et

264 2339 536 2395 idolorum
563 2341 805 2397 hariolos
845 2345 1148 2414 signiticet,
1181 2344 1352 2398 instar
1381 2343 1556 2400 leonis
1603 2346 1858 2400 universa

267 2435 495 2489 vastavit
523 2453 535 2489 :
567 2445 623 2490 et
655 2447 832 2492 tamen
863 2449 1043 2494 veSIra
1075 2439 1354 2510 generatio
1396 2453 1518 2509 qua:
1561 2453 1858 2509 paucorum

263 2525 649 2584 interiectione
670 2528 937 2585 debuerat
971 2530 1249 2586 emendari
1278 2573 1291 2595 ,
1323 2532 1503 2586 omnis
1537 2547 1858 2604 persevera-

264 2623 343 2678 vit
387 2622 442 2678 in
485 2623 716 2680 scelere.
747 2622 907 2680 Juxta
959 2625 1310 2697 Septuaginta
1359 2640 1490 2681 vero
1533 2625 1620 2680 hic
1669 2637 1860 2681 sensus

263 2726 342 2772 est
367 2733 382 2772 :
412 2717 502 2774 Sic
544 2717 759 2790 gladius
798 2719 1049 2786 Domini,
1081 2721 1172 2791 qui
1203 2719 1231 2758 δ
1271 2719 1717 2775 adversariorum
1748 2721 1862 2790 gla-

263 2811 406 2866 dium
437 2813 867 2880 demonstravit,
890 2813 1194 2879 devoravit,
1217 2826 1381 2885 atque
1413 2814 1674 2870 laceravit
1703 2829 1862 2884 pseu-

264 2904 633 2976 d0prophetas
675 2917 927 2973 vestros,
983 2908 1136 2978 quasi
1195 2907 1312 2973 leo,
1369 2908 1460 2973 qui
1511 2905 1860 2961 avidissimus

264 3006 534 3065 repertam
561 2996 800 3067 praedam
824 2997 1051 3066 lacerat,
1080 3007 1327 3053 ettamen
1345 3013 1444 3052 nec
1465 2999 1857 3068 prophetarum

265 3101 568 3146 vestrorum
615 3091 888 3163 supplicio
929 3092 1185 3163 potuistis
1210 3092 1279 3146 ad
1312 3093 1544 3148 meliora
1587 3093 1856 3150 converti.

339 3184 522 3254 (Vcrs.
553 3183 672 3256 5i.)
709 3184 894 3240 Videte
919 3187 1130 3241 verbum
1151 3186 1362 3242 Domini
1389 3202 1408 3241 :
1432 3185 1704 3256 Numquid
1733 3186 1860 3242 soli-

1962 2002 2085 2058 qnae
2113 1987 2339 2058 insuper
2359 1984 2526 2041 etiam
2549 1984 2688 2039 alios
2716 1982 2952 2038 docuisti
2982 1982 3102 2037 vias
3125 1992 3272 2046 tuas,
3294 1988 3352 2035 et
3377 1991 3564 2034 exem-

1965 2083 2115 2152 plum
2147 2083 2297 2137 fuisti
2329 2081 2588 2137 omnibus
2632 2078 2906 2135 malorum
2957 2090 3186 2148 operum
3214 2118 3228 2142 ,
3263 2083 3320 2129 et
3367 2073 3420 2128 in
3463 2070 3567 2126 alis

1963 2175 2074 2249 [ΑΙ.
2106 2174 2284 2249 malis]
2315 2176 2544 2248 quippe,
2587 2174 2702 2230 sive
2752 2173 2804 2226 in
2836 2171 3088 2227 manibus
3119 2171 3226 2224 tuis
3249 2213 3263 2237 ,
3308 2169 3562 2222 inventus

1964 2277 2049 2326 est
2074 2269 2300 2340 sanguis
2326 2267 2723 2333 innocentium,
2748 2278 2890 2334 quos
2920 2261 3081 2318 idolis
3106 2258 3422 2322 immolasti,
3445 2256 3564 2311 sive

1963 2378 2193 2435 quorum
2222 2363 2432 2418 animas
2457 2360 2739 2431 perdidisti
2763 2357 3160 2414 sacriﬁciorum
3181 2351 3562 2408 similitudine.

1966 2456 2255 2528 Pauperes,
2289 2455 2356 2511 de
2383 2453 2650 2509 llebraico
2681 2453 2980 2524 posuimus,
3007 2450 3098 2520 qui
3125 2449 3176 2503 in
3208 2444 3563 2517 Septuaginta

1965 2566 2072 2605 non
2103 2550 2394 2604 habentur.
2428 2547 2538 2602 Hos
2569 2554 2778 2610 autem,
2805 2544 3004 2613 inquit.
3029 2555 3298 2614 pauperes
3321 2550 3376 2594 et
3406 2539 3564 2592 inno-

1963 2653 2176 2709 centes,
2209 2660 2318 2698 non
2351 2643 2531 2697 inveni
2566 2641 2618 2695 in
2665 2638 2836 2694 foveis
2867 2635 3215 2696 interfectos.
3251 2631 3395 2701 quod
3421 2629 3564 2685 solet

1963 2739 2287 2810 plerumque
2316 2732 2570 2789 accidere
2603 2733 2871 2786 latronum
2897 2727 3150 2783 insidiis:
3176 2723 3269 2780 sed
3300 2725 3352 2778 in
3383 2721 3562 2776 oinni-

1963 2834 2065 2890 bus
2099 2847 2218 2903 quae
2245 2843 2409 2898 supra
2437 2825 2756 2903 memoravi,
2788 2823 2908 2878 sive
2939 2821 3039 2876 sub
3065 2834 3277 2892 quercu,
3305 2829 3428 2888 quae
3456 2814 3564 2869 l-le-

1963 2900 2150 2983 braice
2172 2921 2370 2979 dicitur
2398 2935 2533 2976 ιιιιΑ
2563 2918 2582 2991 (
2613 2900 2724 2976 n58
2757 2918 2813 2984 ):
2847 2928 2966 2985 quae
3004 2911 3222 2982 quidem
3263 2916 3320 2964 et
3361 2909 3458 2962 ista
3487 2907 3564 2961 si-

1963 3019 2217 3092 gniﬁcat;
2248 3025 2306 3072 ut
2335 3015 2408 3071 sit
2438 3027 2632 3070 sensus
2663 3029 2676 3066 :
2704 3011 2758 3066 ln
2791 3007 3046 3064 omnibus
3091 3005 3214 3062 istis
3241 3045 3256 3068 ,
3301 3003 3417 3058 sive
3461 2999 3580 3054 sub~

1963 3127 2194 3184 quercu,
2225 3117 2392 3182 atque
2424 3105 2759 3171 terebintho,
2792 3101 2896 3158 sub
2923 3100 3080 3170 cujus
3109 3097 3300 3154 umbra
3331 3105 3386 3152 et
3413 3095 3567 3149 fron-

1963 3206 2122 3262 dibus
2155 3203 2312 3276 quasi
2343 3203 2395 3258 in
2429 3200 2660 3256 alumnis
2688 3198 2825 3254 locis
2857 3189 3564 3251 idololatrimd'sceleribus

265 3279 384 3332 tudo
417 3282 585 3348 [actus
605 3297 720 3335 sum
745 3279 952 3347 lsraeli,
978 3290 1069 3335 aut
1097 3290 1233 3335 terra
1265 3282 1518 3336 serotina?
1539 3281 1715 3349 Quare
1739 3297 1860 3355 ergo
1889 3285 1934 3350 C
1968 3299 2261 3356 πωπω-ξε,

265 3372 393 3427 dixit
415 3373 634 3445 populus
664 3390 826 3438 meus,
856 3373 1208 3440 Recessimus,
1233 3390 1337 3428 non
1360 3375 1618 3430 veniemus
1637 3378 1772 3430 ultra
1789 3377 1858 3430 ad

265 3465 352 3518 te?
377 3464 520 3520 LXX
545 3484 557 3521 :
589 3466 777 3522 Audite
808 3469 1013 3521 verbum
1040 3466 1278 3523 Domini:
1297 3469 1405 3524 lices
1428 3468 1551 3522 dicit
1572 3467 1861 3524 Dominus:

268 3556 538 3631 Numquid
563 3560 787 3616 solitudo
815 3562 983 3631 [actus
1011 3578 1128 3615 sum
1170 3560 1358 3616 Israeli
1383 3578 1401 3616 :
1427 3572 1516 3616 ant
1540 3576 1677 3618 terra
1710 3562 1862 3632 plena

263 3653 482 3706 sentiunt
516 3668 536 3707 :
559 3655 681 3724 quia
708 3654 838 3708 dicit
855 3657 1080 3726 papulus
1103 3672 1266 3722 meus,
1295 3654 1416 3709 Non
1446 3656 1744 3723 serviemus,
1771 3673 1861 3711 nec

265 3746 516 3801 veniemus
541 3747 609 3801 ad
640 3749 721 3802 te?
739 3748 805 3802 Et
827 3749 1044 3821 Moyses
1069 3750 1295 3805 videbat
1323 3764 1512 3805 vocem
1536 3749 1630 3804 Dei
1659 3748 1858 3818 (Exod.

269 3842 480 3912 xxxm),
505 3852 557 3897 et
583 3841 823 3898 Joannes
854 3843 1139 3913 apostolus
1170 3846 1397 3900 verbum
1429 3843 1524 3899 Dei
1571 3843 1775 3899 vidisse
1807 3851 1865 3898 et

266 3942 586 3990 attrectasse
609 3949 670 3990 se
692 3933 824 3990 dicit
851 3936 868 4006 (
895 3937 912 3991 Ι
938 3935 1099 3992 Ιοαη.
1131 3938 1203 4008 ι).
1234 3937 1464 3992 Miratur
1505 3945 1685 3992 autem
1730 3950 1865 4006 quo-

267 4029 427 4086 modo
457 4031 687 4100 pOpulus
722 4029 888 4086 lsrael
925 4031 1094 4086 Deum
1143 4031 1395 4088 habuerit
1425 4033 1582 4103 quasi
1615 4031 1866 4087 solitudi-

268 4137 416 4188 nem,
441 4138 565 4178 cum
597 4123 746 4179 idola
796 4124 951 4194 quasi
992 4125 1368 4180 celebritatem
1405 4125 1620 4180 urbium
1670 4125 1741 4180 sit
1781 4138 1869 4180 se-

265 4226 442 4274 cutus.
472 4217 641 4274 Terra
671 4220 915 4274 serotina
942 4229 1031 4276 est
1055 4260 1069 4283 ,
1100 4236 1221 4290 qua:
1261 4221 1469 4275 imbres
1519 4235 1624 4275 non
1674 4218 1866 4288 recipit

266 4309 664 4377 doctrinarum,
707 4327 810 4368 nec
853 4312 1131 4383 Evangelii
1175 4313 1555 4384 disciplinam;
1604 4313 1864 4382 plenaque

267 4407 526 4472 sentiam,
560 4407 686 4477 quia
745 4406 961 4462 exculta
1011 4423 1119 4462 non
1174 4407 1369 4462 fuerat.
1413 4407 1652 4476 Populus
1701 4408 1866 4478 igitur

265 4497 539 4566 quondam
571 4499 687 4566 Dei,
724 4499 776 4554 in
810 4516 876 4555 eo
918 4508 1004 4556 est
1029 4501 1371 4564 sceleratior.
1398 4500 1541 4570 quod
1576 4503 1807 4558 recessit
1834 4518 1863 4556 a

269 4589 518 4657 Domino,
545 4600 601 4645 et
622 4606 731 4646 non
755 4591 872 4646 vult
894 4593 1032 4647 ultra
1066 4594 1268 4647 reverti
1290 4592 1456 4666 855
1469 4591 1545 4648 ad
1573 4593 1862 4648 Dominum

2035 3392 2219 3468 (Vers.
2252 3391 2345 3457 35,
2379 3388 2497 3460 36.)
2529 3386 2596 3443 Et
2615 3387 2798 3443 dixisti
2835 3403 2847 3440 :
2877 3383 3082 3456 Absque
3106 3388 3320 3450 peccato
3347 3388 3394 3432 et
3415 3378 3570 3432 inno-

1964 3502 2083 3540 cens
2105 3501 2196 3556 ego
2228 3499 2342 3538 sum
2374 3500 2388 3540 :
2419 3491 2466 3536 et
2499 3489 2771 3551 prapterea
2797 3487 3058 3532 avertatur
3081 3479 3225 3548 furor
3253 3481 3373 3527 tuus
3403 3488 3434 3523 a
3459 3486 3562 3524 me.

1966 3579 2101 3635 Ecce
2118 3597 2210 3651 ego
2213 3576 2422 3650 judicio
2434 3576 2740 3633 contendam
2759 3585 2946 3640 tecum,
2965 3589 3023 3625 eo
3043 3569 3181 3642 quod
3204 3568 3421 3632 dixeris,
3441 3564 3493 3618 Ν
3498 3579 3564 3618 an

1965 3676 2164 3747 peccavi
2197 3689 2396 3744 :quam
2442 3673 2555 3726 vilis
2601 3688 2653 3724 es
2710 3673 2848 3742 facta
2891 3667 3043 3720 nimis
3079 3663 3234 3734 (sive
3262 3671 3285 3698 ε
3311 3658 3567 3730 quomodo

1965 3767 2335 3840 comtempsisti
2361 3763 2537 3836 nimis)
2563 3761 2732 3835 856
2752 3765 2946 3816 iterans
2984 3757 3095 3811 vias
3118 3765 3255 3808 tuas.
3283 3752 3379 3807 llis
3412 3758 3568 3805 uten-

1967 3863 2095 3917 dum
2123 3870 2210 3916 est
2237 3860 2503 3914 adversus
2534 3871 2630 3911 eos
2652 3858 2743 3926 qui
2777 3852 2967 3907 nolunt
2991 3855 3087 3904 su‘a
3121 3855 3341 3917 peccata
3364 3857 3569 3913 cogno-

1967 3970 2121 4011 scere
2147 3971 2162 4009 :
2186 3952 2280 4008 sed
2309 3953 2361 4006 in
2391 3961 2637 4020 tempore
2661 3943 2979 4002 afﬂictionis
3007 3953 3062 3998 et
3082 3939 3346 4011 angustia:
3375 3936 3570 3992 dicunt

1967 4065 2028 4105 se
2059 4050 2260 4119 injuste
2303 4046 2576 4101 sustinere
2612 4059 2732 4114 qua:
2764 4040 3039 4095 sustinent
3076 4053 3090 4090 :
3125 4035 3407 4106 magisque
3439 4047 3568 4102 pro-

1967 4150 2166 4200 vocant
2192 4139 2327 4194 iram
2359 4138 2480 4202 Dei,
2509 4137 2633 4191 dum
2663 4134 2930 4198 alterum,
2968 4127 3252 4199 majusque
3284 4134 3566 4196 peccatum

1968 4237 2062 4298 sit,
2097 4249 2205 4290 non
2233 4232 2422 4302 lugere
2452 4228 2598 4301 quod
2631 4224 2855 4282 fecerint
2877 4265 2893 4290 ,
2927 4222 3022 4276 scd
3052 4235 3220 4275 vanas
3257 4217 3575 4274 excusatio-

1971 4344 2068 4385 nes
2095 4324 2396 4382 obtendere
2425 4332 2796 4394 peccatorum.
2828 4317 3043 4373 .ludicio
3063 4357 3077 4381 ,
3111 4313 3285 4384 inquit
3311 4354 3324 4377 ,
3355 4320 3566 4366 conten-

1969 4423 2092 4477 dam
2125 4430 2291 4475 tecum
2320 4435 2415 4490 pro
2459 4433 2519 4471 eo
2555 4415 2694 4486 quod
2723 4413 2952 4480 dixeris,
2981 4408 3104 4464 Non
3134 4407 3338 4481 peccavi
3370 4422 3388 4460 :
3415 4402 3570 4476 quasi

1972 4517 2146 4586 majus
2185 4513 2462 4586 quippiam
2492 4511 2562 4565 sit
2591 4509 2694 4562 hoc
2724 4515 3004 4578 peccatum
3027 4546 3040 4569 ,
3082 4501 3230 4557 aliud
3283 4499 3484 4554 habere
3514 4498 3568 4552 in

1972 4607 2338 4672 conscientia,
2371 4603 2518 4659 aliud
2549 4602 2603 4656 in
2629 4613 2886 4654 sermone
2919 4592 3410 4665 proferre.Audiat
3435 4603 3570 4644 nova

267 4697 441 4738 suum.
465 4683 702 4740 Grandis
728 4684 938 4740 offensa
965 4686 1108 4741 nolle
1133 4687 1348 4756 placare
1361 4703 1519 4757 quem
1545 4687 1859 4744 olfenderis.

1968 4720 2036 4760 ex
2064 4702 2239 4758 veteri
2273 4700 2522 4762 lizeresis,
2542 4698 2677 4750 iram
2707 4693 2804 4748 Dei
2828 4707 2951 4747 esse
2973 4689 3058 4744 vel
3089 4689 3404 4752 tnaximam,
3427 4684 3573 4738 nolle

338 4777 525 4847 (Vers.
556 4777 675 4849 32.)
709 4778 982 4850 Numquid
1011 4779 1333 4834 obliviscetur
1386 4780 1530 4854 virgo
1579 4781 1867 4834 ornamenti

1973 4805 2252 4870 peccatum
2269 4791 2521 4850 conﬁteri
2546 4788 2856 4852 humiliter;
2878 4783 2973 4841 sed
2999 4782 3346 4854 impudenter
3363 4779 3572 4850 jactare

268 4872 381 4939 sui,
412 4883 460 4927 et
489 4889 678 4946 sponsa
721 4873 900 4941 {ascite
942 4873 1218 4945 pectoralis
1259 4874 1412 4928 sum?
1444 4871 1684 4941 Populus
1725 4889 1868 4926 meus
1960 4889 2269 4962 justitiam:

270 4964 454 5020 oblitus
471 4974 543 5018 est
559 4966 657 5018 mei
674 4964 852 5019 diebus
866 4965 1173 5019 innumeris.
1191 4964 1292 5019 Per
1305 4963 1424 5020 haec
1436 4965 1700 5019 discimus
1710 4964 1871 5018 Chri-

271 5066 411 5111 stum
441 5072 562 5112 esse
589 5071 851 5127 sponsmn
888 5057 1118 5128 virginis
1152 5057 1411 5113 Ecclesim
1434 5099 1448 5122 ,
1476 5074 1594 5127 qua:
1627 5073 1734 5112 non
1777 5057 1873 5111 ha-

272 5151 363 5205 bet
387 5150 676 5218 maculam,
716 5165 892 5222 ncque
913 5165 1124 5221 rugam.
1153 5151 1208 5206 Si
1238 5161 1418 5206 autem
1446 5151 1565 5221 ipse
1593 5159 1678 5207 est
1705 5165 1868 5221 spon-

269 5256 400 5310 sus,
445 5243 615 5311 ipsius
664 5242 832 5298 verba
880 5251 1030 5308 sunt,
1063 5243 1132 5297 de
1185 5257 1293 5312 quo
1347 5243 1587 5313 loquitur
1635 5243 1874 5299 Joannes

272 5335 520 5406 Baptista
554 5336 696 5405 τρυε
718 5336 867 5391 habet
889 5352 1162 5406 sponsam,
1193 5352 1414 5406 sponsus
1456 5346 1531 5392 est
1571 5337 1754 5409 (Joan.
1792 5353 1871 5402 ιιι,

271 5427 401 5502 29).
435 5429 830 5486 Ornamentum
863 5445 997 5502 ergo
1042 5444 1200 5484 suum
1236 5428 1436 5499 perdit,
1467 5429 1559 5500 qui
1598 5429 1809 5484 recedit
1845 5445 1876 5482 a

308 5695 318 5704 .
351 5630 375 5657 ³·
410 5619 623 5674 Addunt
662 5617 770 5674 duo
809 5632 939 5673 mss.
981 5615 1342 5674 Cistereiens.
1385 5625 1439 5672 et
1476 5613 1677 5683 Vatic.,
1727 5611 1876 5668 simi-

375 5709 424 5746 r.

279 5692 375 5802 mg
403 5763 570 5818 Iidem
604 5762 837 5830 reetius,
873 5769 934 5816 ut
965 5761 1212 5827 videtur,
1245 5761 1333 5832 qui
1363 5760 1418 5814 in
1456 5758 1875 5814 adversariorum

275 5833 452 5964 yaaddio
469 5835 845 5889 demonstratus
865 5842 960 5901 est,
974 5832 1058 5888 Vel
1076 5840 1133 5887 ut
1146 5833 1262 5901 alii,
1279 5833 1661 5888 demonstratae
1674 5833 1878 5901 absque

278 5913 306 5962 a
391 5909 466 5961 ito
488 5915 579 5960 est.

2043 4984 2227 5055 (Vers.
2253 4981 2372 5052 57.)
2393 4979 2462 5034 Et
2480 4978 2542 5033 ab
2572 4975 2808 5048 gypto
2823 4970 3179 5045 confunderis,
3208 4968 3337 5025 sicut
3361 4965 3578 5034 confuso

1971 5094 2022 5132 es
2052 5077 2115 5130 ab
2137 5077 2298 5130 Assur
2321 5091 2340 5129 :
2360 5090 2483 5127 nam
2515 5081 2560 5126 et
2604 5069 2668 5124 ab
2704 5069 2805 5123 ista
2828 5065 3138 5139 egredieris,
3169 5071 3215 5116 et
3255 5074 3434 5113 manus
3476 5065 3579 5108 tua:

1973 5180 2123 5224 erunt
2163 5184 2318 5240 super
2345 5176 2500 5235 caput
2539 5174 2729 5218 tuum:
2759 5161 3009 5233 quoniam
3055 5153 3292 5211 contrivit
3329 5147 3579 5240 Dominus

1974 5239 2345 5332 conﬁdentiam
2367 5263 2508 5333 (sive
2530 5257 2696 5331 spem)
2728 5267 2901 5320 tuam,
2932 5262 2978 5306 et
3010 5249 3144 5305 nihil
3184 5248 3236 5300 in
3278 5260 3338 5298 ea
3377 5239 3581 5294 habebis

1978 5372 2306 5430 prosperum.
2357 5353 2427 5411 Ut
2476 5351 2864 5424 Egyptiorum
2915 5347 3180 5414 impetum
3212 5334 3578 5396 declinarent,

1978 5451 2370 5523 confugiebant
2397 5448 2464 5503 ad
2499 5446 2775 5518 Assyrios,
2796 5453 3028 5512 quorum
3059 5447 3277 5490 cassum
3306 5430 3404 5483 fuit
3438 5439 3578 5496 prae-

2057 5628 2080 5656 ε
2125 5617 2316 5672 Denuo
2346 5613 2557 5668 addunt
2587 5609 2750 5665 iidem
2782 5606 2892 5660 duo
2920 5615 3080 5667 mss.,
3113 5613 3228 5671 quia
3253 5609 3410 5667 supra
3438 5604 3578 5644 com.

1984 5689 2285 5742 memorari.
2927 5720 2932 5722 -

2054 5759 2078 5796 (⁸
2117 5759 2314 5825 Vatic.,
2349 5753 2664 5812 Idololatria
2695 5759 2744 5804 et
2769 5745 3061 5828 sceleribus.
3104 5815 3116 5828 .

2059 5841 2082 5867 ε
2124 5830 2259 5888 Tres
2289 5820 2446 5894 mss,
2470 5830 2575 5882 sire
2603 5820 2813 5896 quando
2835 5820 3205 5888 contempsisti.
