4084 6324
186 369 280 430 τιιι

775 371 1426 429 COMMENTARIORUM
1465 369 1528 426 IN
1573 367 1814 428 JEREM.
1862 365 2284 429 PROPHETAM
2326 373 2452 428 LIB.
2497 375 2538 430 Ι.
2578 373 2732 430 CAP.
2776 373 2865 430 111.

3375 372 3484 430 702

182 495 354 566 regis:
386 491 665 565 Numquid
681 493 878 559 uidisti,
911 509 1024 563 quae
1056 493 1229 562 fecerit
1259 492 1544 546 aversatriu
1577 489 1788 545 Israel?
1814 487 1864 558 Α
1891 491 2118 545 animum
2157 499 2310 546 suum
2357 495 2646 549 twersatriac
2673 493 2841 549 Israel
2869 494 3252 567 (surpta-utinm:
3292 507 3490 566 prtem-

186 590 246 645 A'
261 591 322 644 iit
344 588 553 642 sibimet
575 603 731 657 super
752 601 952 641 omnem
973 595 1196 641 montem
1221 587 1506 650 excelsum,
1539 595 1586 638 et
1611 585 1788 638 subter

185 699 332 738 omne
363 685 571 750 lignum
598 681 924 753 frondosum,
951 689 998 734 et
1033 681 1286 751 fornicata
1313 688 1387 734 est
1412 680 1504 732 ibi.
1539 677 1604 732 Et
1633 678 1746 733 dixi
1767 721 1782 744 ,

181 793 334 848 quam
366 775 574 846 fecisset
600 773 710 828 lateo
731 775 904 828 omnia
924 789 942 828 :
963 773 1042 827 Ad
1061 789 1143 827 me
1171 784 1481 840 convertere,
1513 783 1561 828 et
1586 789 1688 827 non
1711 781 1786 827 est

182 881 404 923 reversa.
464 866 535 922 Et
577 867 702 922 vidit
731 867 1124 939 prtevaricatrit:
1145 881 1295 921 soror
1325 871 1438 940 ejus
1463 865 1632 934 Judu,
1663 866 1785 936 quia

179 978 272 1033 pro
301 977 383 1026 eo,
417 961 562 1032 quod
583 961 834 1015 "MDC/ulla
857 971 930 1015 est
954 962 1241 1015 aversati-ia:
1263 959 1454 1026 Israel,
1471 950 1783 1014 dimisissem

179 1071 310 1122 eam,
353 1062 405 1108 et
457 1053 716 1108 dedissem
767 1055 813 1108 ei
845 1051 1074 1108 libellum
1100 1054 1325 1126 repudii,
1396 1063 1572 1107 etnon
1610 1054 1782 1108 timuit

181 1145 574 1218 prtevaricatrla
623 1145 770 1202 Iuda
810 1161 958 1200 soror
1007 1149 1142 1220 ejus,
1171 1148 1260 1200 sed
1283 1147 1413 1200 abiit
1442 1158 1489 1199 et
1520 1149 1782 1218 fornicata

181 1250 248 1296 est
267 1241 428 1295 etiam
457 1242 594 1312 ipsa,
627 1250 672 1293 et
703 1249 727 1276 τι
760 1241 1012 1311 facilitate
1057 1241 1420 1309 fornicationis
1469 1255 1576 1295 sua:
1602 1249 1783 1294 conta:-

179 1334 386 1387 minaeit
415 1344 636 1400 terram,
665 1341 716 1386 et
747 1334 998 1388 utteeltata
1029 1344 1106 1388 est
1131 1351 1245 1387 eum
1273 1333 1449 1404 lapide
1471 1343 1518 1387 et
1549 1336 1781 1409 ligno:et

175 1428 226 1480 in
265 1424 507 1479 aemilius
545 1425 630 1479 his
669 1441 770 1479 non
809 1435 887 1480 est
931 1442 1131 1480 γένυι-θα
1169 1427 1238 1479 ad
1276 1442 1356 1482 me
1393 1427 1782 1497 pratoariratrix

175 1533 320 1571 soror
347 1520 469 1588 ejus
493 1515 642 1570 Juda
666 1517 720 1570 in
746 1527 853 1571 toto
879 1517 1029 1570 corde
1053 1531 1168 1585 suo,
1193 1519 1280 1571 sed
1308 1519 1360 1571 in
1391 1519 1682 1583 mendacio,
1705 1521 1780 1574 ait

178 1609 458 1665 Dominus.
497 1610 746 1665 Aliorum
781 1621 1069 1676 tormenta,
1103 1612 1332 1666 aliorum
1363 1614 1600 1667 remedia
1628 1622 1772 1667 sunt.

173 1703 421 1774 Cumque
450 1706 676 1774 punitur
706 1704 1001 1774 homicida,
1028 1707 1222 1776 recipit
1245 1706 1461 1777 quidem
1493 1708 1608 1776 ipse
1629 1710 1772 1778 «μιυά

173 1799 330 1865 iecit;
381 1800 480 1855 sed
516 1801 606 1855 alii
641 1801 993 1856 deterrentur
1031 1817 1060 1856 ι
1091 1803 1326 1857 scelere.
1384 1803 1577 1857 Decem
1613 1803 1777 1872 igitur

1891 585 2145 638 rieatrieis
2172 581 2337 638 lude.
2395 584 2622 653 iustior,
2657 587 2861 657 inquit,
2895 595 2980 644 est
3007 585 3179 642 Israel
3207 599 3488 656 compara-

1889 678 2040 734 tione
2073 678 2271 734 Judze:
2322 678 2446 750 quia
2497 679 2585 734 illa
2629 681 2815 735 statim
2859 680 2913 735 in
2969 680 3242 750 principio
3277 679 3484 749 periit,

1889 771 2006 826 hare
2053 771 2199 826 illius
2259 772 2593 827 eritciatihus
2645 774 2816 842 potuit
2869 773 3171 828 emendari.
3223 771 3490 828 Attenuat

1889 881 2025 920 nova
2059 882 2122 920 ex
2171 867 2346 920 veteri
2399 866 2642 932 hteresis,
2695 866 2842 938 quod
2892 865 3062 923 [smel
3111 867 3488 937 comparatio-

1887 971 1957 1013 ne
2009 957 2037 995 ελ
2094 955 2246 1013 ludas
2287 957 2579 1027 iustiﬁcata
2610 959 2842 1014 dicatur.
2895 957 3005 1015 Nec
3031 961 3228 1014 mirum
3279 959 3382 1014 hoc
3417 959 3487 1016 de

1887 1052 2050 1106 unius
2097 1053 2274 1122 gemis
2315 1050 2623 1119 sororibus,
2651 1067 2772 1108 cum
2803 1053 3040 1108 Sodoma
3071 1067 3288 1124 quoque
3311 1053 3480 1109 collaa

1887 1146 2033 1200 tione
2083 1144 2408 1210 Jerusalem,
2455 1143 2680 1224 iustitia:
2723 1159 2924 1200 nomen
2967 1145 3232 1215 accipiat,
3265 1145 3484 1201 diecula

1886 1239 2116 1294 Domino
2159 1251 2256 1307 per
2279 1239 2532 1296 Ezechiel
2563 1257 2579 1293 :
2605 1239 2908 1310 Justiﬁrata
2940 1250 3016 1295 est
3062 1240 3295 1296 Sodoma
3337 1253 3400 1295 ea:
3435 1247 3484 1294 te

1886 1330 2099 1405 (Ezerh.
2131 1347 2242 1398 xvn,
2276 1331 2367 1404 55)
2412 1349 2424 1387 :
2464 1341 2516 1388 et
2537 1333 2860 1404 publicanus
2882 1331 3144 1389 Phar'iszei
3197 1347 3486 1406 compara-

1884 1425 2030 1479 tione
2057 1425 2114 1478 lit
2140 1425 2318 1493 justus
2353 1424 2507 1492 (Luc.
2540 1427 2722 1495 ιινιιι).

1953 1517 2135 1590 (Vers.
2174 1517 2259 1572 l2.
2287 1519 2656 1590 St'qq.)860
2695 1517 2860 1584 Vade,
2907 1527 2953 1573 et
2989 1517 3320 1588 clamn(sive
3345 1514 3481 1590 lege)

1881 1631 2139 1670 sermones
2167 1617 2295 1671 istos
2326 1625 2509 1670 contra
2535 1617 2866 1686 Aquilonem,
2898 1627 2943 1671 et
2971 1615 3110 1671 dices
3141 1633 3159 1671 :
3191 1615 3478 1684 Revertere,

1880 1709 2170 1763 actirsatrix
2198 1707 2384 1776 Israel,
2419 1709 2543 1763 dicit
2577 1709 2850 1777 Dominus,
2878 1719 2924 1766 et
2946 1725 3047 1764 non
3080 1719 3309 1764 avertam
3341 1708 3484 1782 (sive

1879 1799 2119 1872 ﬁrmabo)
2163 1803 2343 1872 facient
2384 1817 2547 1856 meum
2589 1817 2620 1857 a
2661 1802 2801 1858 nobis
2845 1802 2986 1875 (sive
3017 1819 3174 1874 super
3196 1799 3327 1873 ros),
3359 1802 3484 1873 quia

177 1895 450 1958 tribubus,
487 1911 610 1965 qua:
641 1896 1060 1966 appellabantur
1081 1891 1255 1970 859
1277 1897 1472 1963 Israel,
1499 1898 1675 1968 captis
1705 1897 1776 1953 ab
1806 1901 1854 1962 Β
1879 1904 2088 1948 sanctus
2124 1895 2262 1965 (sive
2297 1895 2613 1967 misericors)
2649 1911 2743 1965 ego
2772 1912 2885 1949 sum
2906 1938 2920 1962 ,
2968 1893 3096 1949 dicit
3129 1893 3401 1960 Dominus,
3436 1901 3485 1946 et

175 1987 436 2060 Assyriis,
470 1988 814 2059 Mediumque
843 1989 1125 2043 translatis
1149 1989 1263 2061 (IV.
1304 1990 1430 2059 Reg.
1469 1990 1624 2058 ιιι-ιι),
1653 1990 1776 2044 dum

177 2083 347 2136 tribus
372 2083 517 2136 .Itttltt
541 2092 598 2136 et
625 2081 930 2150 Beniamin,
956 2093 1078 2153 quae
1097 2083 1409 2138 debuerant
1441 2083 1640 2138 similia
1672 2083 1778 2137 lor-

175 2176 408 2240 midare,
441 2185 498 2230 et
546 2185 658 2229 tota
683 2175 751 2230 ad
782 2175 952 2230 Deum
989 2183 1174 2232 mente
1213 2177 1489 2242 converti,
1519 2178 1778 2231 vicerunt

175 2269 364 2323 decem
395 2267 646 2322 tribuum
679 2269 886 2323 scelera
916 2286 928 2322 :
974 2278 1025 2323 et
1064 2270 1330 2324 intentum
1365 2270 1506 2325 idola
1541 2281 1664 2324 sunt
1691 2285 1778 2325 sco

175 2371 333 2428 culte,
367 2373 430 2416 ut
455 2365 512 2416 in
537 2357 767 2432 Temple
788 2361 882 2418 Dei
909 2369 1146 2418 statuam
1179 2363 1308 2418 Baal
1338 2377 1630 2435 ponerent,
1655 2373 1775 2436 qua:

177 2458 229 2513 in
267 2456 523 2512 Ezechiel
561 2466 783 2512 vocatur
810 2458 1036 2523 idolum,
1069 2458 1133 2512 ad
1161 2461 1336 2514 zelum
1380 2471 1432 2513 et
1475 2461 1778 2514 {uolutatio-

179 2567 296 2606 nent
326 2551 548 2606 Domini
579 2552 906 2606 collooatum
933 2552 1149 2623 (Exerit.
1183 2551 1322 2624 vm).
1385 2555 1656 2624 Loquitur
1684 2569 1779 2606 au-

181 2656 286 2702 tem
331 2647 433 2701 sub
463 2648 634 2714 ligura
659 2643 892 2700 duarum
929 2659 1206 2712 sororum,
1257 2648 1382 2717 quia
1414 2646 1483 2701 de
1513 2659 1619 2701 una
1654 2651 1780 2700 sunt

181 2735 481 2802 Abraham,
516 2736 686 2802 Isaac,
718 2747 772 2792 et
812 2737 982 2793 Jacob
1019 2741 1190 2809 stirpe
1223 2749 1518 2810 generatae,
1549 2747 1603 2792 et
1636 2739 1780 2807 prin-

183 2847 293 2885 rem
328 2831 745 2895 aversatricem,
781 2840 1101 2900 sequentem
1135 2831 1626 2900 prxvaricatrirem
1681 2845 1773 2882 ι·οα

182 2931 283 2978 cat.
350 2924 442 2978 illa
485 2923 630 2977 enim
675 2923 843 2977 Deum
893 2924 1110 2992 penitus
1148 2933 1394 2977 aversata
1453 2934 1556 2988 est,
1589 2920 1774 2976 statim

181 3021 418 3074 aloratis
451 3021 504 3073 in
535 3019 652 3073 Dan
683 3030 737 3074 et
766 3020 952 3074 Brihei
985 3021 1168 3074 vitulis
1201 3021 1383 3075 aureis
1438 3020 1540 3074 Ista
1570 3029 1773 3085 autem,

179 3115 318 3182 apud
350 3127 516 3184 quam
543 3123 660 3167 erat
693 3112 984 3184 Templum
1007 3120 1063 3167 et
1089 3114 1201 3168 veri
1233 3113 1326 3168 Dei
1358 3115 1566 3182 religio,
1602 3114 1777 3167 imita-

183 3208 329 3262 tione
371 3221 681 3278 germanas,
739 3209 999 3276 paulatim
1055 3208 1284 3262 recessit
1325 3221 1354 3259 a
1399 3207 1624 3260 Domino
1665 3200 1774 3277 (Ill

1882 2003 1985 2040 non
2017 1989 2210 2041 irascar
2231 1988 2285 2041 in
2307 1997 2630 2058 perpetuum.
2683 1986 3047 2042 Verumtamen
3070 1988 3198 2043 scito
3233 1987 3481 2058 iniquita-

1879 2094 1978 2135 tem
2011 2091 2177 2148 tuam,
2207 2084 2330 2150 quia
2357 2082 2410 2136 in
2450 2083 2729 2136 Dominum
2773 2081 2936 2136 Deum.
2966 2093 3112 2136 tuum
3139 2082 3480 2152 pravaricata

1880 2189 1932 2228 es
1955 2173 2100 2247 (sive
2125 2175 2279 2245 impie
2307 2175 2500 2247 egisti),
2527 2185 2572 2228 et
2601 2174 2894 2245 di‘spersisti
2917 2173 3059 2249 (sire
3081 2173 3339 2247 elfudisti)
3368 2175 3474 2229 vias

1883 2279 2001 2322 tuas
2028 2267 2209 2324 alienis
2238 2270 2334 2324 sub
2366 2271 2504 2324 omni
2530 2269 2672 2344 ligno
2700 2271 2972 2342 frondoso,
3030 2281 3078 2325 et
3109 2283 3280 2326 vocem
3311 2285 3475 2324 meum

1881 2377 1983 2416 non
2013 2363 2226 2427 audisti,
2267 2365 2337 2417 ait
2375 2363 2645 2419 Dominus.
2691 2371 2715 2402 θ
2742 2363 2984 2421 Verbum
3019 2363 3348 2420 Hebraicum
3384 2379 3481 2420 CA-

1879 2468 2024 2510 RATH
2053 2456 2268 2542 (map),
2303 2467 2351 2512 et
2377 2471 2524 2522 vaca,
2555 2454 2578 2494 ³
2620 2465 2674 2511 et
2705 2459 2872 2511 clama
2892 2499 2906 2523 ,
2947 2465 3003 2511 et
3041 2455 3150 2531 lege
3179 2457 3478 2526 signiﬁcat.

1883 2547 2037 2604 Unde
2065 2549 2257 2618 Aquila
2283 2551 2338 2603 et
2357 2547 2741 2620 Symmachus,
2775 2547 2985 2602 clamita
3008 2566 3024 2603 :
3047 2545 3192 2604 LXX
3219 2555 3270 2602 et
3293 2549 3474 2603 'I‘heo-

1880 2641 2032 2694 dolio
2064 2642 2191 2710 lege,
2222 2641 2568 2710 interpretati
2605 2650 2750 2696 sunt.
2814 2642 2894 2696 Ad
2926 2641 3255 2712 AqulIOnem
3292 2651 3474 2695 autem

1880 2747 1933 2792 et
1963 2745 2153 2790 contra
2196 2735 2533 2808 Babylonem
2569 2744 2734 2806 atque
2766 2738 3028 2809 Assyrios
3073 2749 3258 2792 sermo
3289 2735 3482 2806 dirigi-

1881 2839 1991 2896 tur,
2042 2830 2105 2882 ad
2149 2828 2339 2884 decem
2377 2838 2430 2884 et
2475 2829 2612 2884 tluns
2651 2829 2868 2886 tribus:
2909 2837 2965 2884 et
3002 2841 3189 2884 earum
3229 2829 3476 2884 reversio

1879 2921 2229 2992 prmdicatur.
2287 2919 2350 2976 Et
2382 2939 2482 2974 non
2514 2931 2741 2977 avertam
2770 2921 2955 2992 facient
2984 2935 3179 2987 meum,
3215 2922 3415 2992 inquit,
3447 2937 3478 2975 α

1877 3013 2040 3078 vobis;
2077 3013 2194 3068 sive
2239 3029 2341 3067 non
2374 3013 2594 3084 ﬁrmabo
2637 3015 2821 3085 faciem
2853 3029 3018 3069 meum.
3056 3023 3236 3068 contra
3267 3029 3374 3076 vos,
3420 3019 3483 3068 ut

1881 3122 2221 3180 nequaquam
2249 3121 2343 3162 vos
2376 3108 2699 3163 austeritate
2723 3107 2940 3178 judicii,
2987 3107 3082 3163 sed
3114 3111 3268 3162 vultu
3310 3106 3478 3162 mise-

1881 3199 2136 3256 ricordiae
2184 3201 2502 3270 suscipiam.
2585 3198 2822 3255 Sanctus
2875 3201 3020 3256 enim
3065 3207 3119 3254 et
3155 3200 3483 3256 misericors

185 3301 307 3372 lieg.
341 3301 468 3371 tut).
532 3303 597 3355 Et
634 3301 838 3356 idcirco
879 3300 904 3339 δ
951 3302 1359 3370 ιιιωι·;ιι·ἱῑειιιιτὶιι
1411 3302 1635 3356 dicitur.
1677 3302 1775 3357 Sc-

1883 3311 2026 3363 smn,
2051 3305 2077 3342 8
2110 3307 2163 3348 ut
2192 3307 2300 3349 non
2327 3291 2590 3349 recorder
2613 3291 2754 3348 ultra
2783 3293 3086 3364 iniquitatis
3114 3305 3340 3362 vestrae,
3383 3305 3486 3349 nec

181 3393 412 3448 condunt
443 3409 723 3463 anngogen
750 3403 928 3447 autem
951 3395 1019 3448 de
1051 3395 1326 3450 haereticis;
1361 3393 1638 3464 proplntia
1670 3407 1774 3451 CSI:

179 3489 267 3557 qui
303 3488 424 3542 falsi
461 3487 699 3541 nominis
739 3490 1025 3543 scientiam
1057 3487 1182 3542 dum
1221 3503 1279 3544 se
1305 3489 1636 3543 arbitrantur
1663 3491 1774 3542 hac-

185 3585 345 3638 retica
381 3584 684 3639 subtilitate
727 3585 949 3654 sectari,
983 3584 1279 3640 ascendunt
1315 3594 1556 3639 omnem
1585 3599 1776 3653 supcr-

183 3677 312 3730 hire:
347 3686 401 3731 et
423 3678 610 3732 carnis
636 3677 796 3747 hujus
828 3677 1191 3747 voluptatibus
1221 3679 1451 3745 deliniti,
1487 3679 1584 3732 sub
1627 3675 1772 3731 οιιιιιί

181 3771 325 3842 ligno
377 3771 642 3826 frondoso
683 3781 734 3825 et
777 3785 995 3826 alumno
1037 3781 1314 3840 exponunt
1359 3771 1773 3826 fornicationem

177 3879 350 3918 suam.
404 3863 660 3929 Quicum
691 3864 978 3920 tradantur
1007 3863 1225 3919 diabolo
1267 3866 1318 3918 in
1355 3865 1631 3920 iltlctitttm
1656 3877 1776 3919 ear-

177 3961 280 4024 uis,
312 3958 630 4028 frequenter
672 3959 885 4026 evenit,
927 3945 1198 4014 Iit—domus
1219 3957 1380 4027 Juda,
1425 3959 1474 4013 id
1506 3968 1608 4026 est,
1655 3977 1774 4012 ron-

180 4057 412 4125 fessionis
439 4064 495 4110 et
516 4071 661 4110 sera:
685 4055 1178 4127 ﬁdei,nequaquam
1208 4067 1476 4112 terreatur
1497 4059 1771 4128 exemplo,

177 4149 272 4203 sed
305 4147 483 4203 multo
522 4147 728 4224 majora
775 4149 1115 4213 counnittat;
1167 4157 1222 4203 et
1251 4149 1510 4204 lacilitate
1545 4149 1778 4204 fornica-

183 4239 346 4298 tionis
388 4256 500 4295 sutr
544 4243 880 4296 contaminet
915 4251 1114 4296 terram
1146 4239 1430 4308 Ecclesim,
1474 4243 1778 4298 mmehetur

177 4351 296 4392 cum
330 4333 512 4405 lapide
543 4343 601 4392 et
637 4336 820 4405 ligno,
855 4349 916 4389 ca
955 4345 1192 4406 sequens
1222 4333 1495 4406 dogmata,
1532 4351 1650 4406 quae
1682 4335 1778 4390 ad-

173 4428 419 4484 versaria
453 4428 568 4482 Deo
593 4437 740 4483 sunt.
783 4421 878 4483 Sin
910 4439 1090 4484 autem
1119 4427 1528 4486 ecclesiasticus
1549 4430 1634 4482 vir
1654 4443 1774 4484 cor-

173 4525 354 4595 rigere
399 4517 636 4578 voluerit
669 4531 968 4588 errantem,
1015 4531 1068 4578 et
1098 4523 1347 4594 putridas
1374 4539 1624 4579 resecare
1656 4538 1776 4578 car-

174 4629 289 4684 nes,
325 4625 381 4671 et
411 4614 478 4669 ad
513 4614 895 4685 paenitentiam
920 4618 1201 4672 retrahere
1229 4630 1322 4670 eos
1351 4617 1437 4686 qui
1465 4617 1632 4669 secuti
1659 4614 1776 4671 l'ue-

1883 3387 2232 3444 meminerim
2276 3387 2420 3458 quod
2469 3399 2500 3440 a
2533 3385 2767 3441 Dondno
2800 3386 3136 3453 recessistis,
3180 3395 3227 3440 et
3259 3399 3357 3455 pro
3386 3382 3481 3440 illo

1881 3497 1977 3536 vos
2021 3481 2165 3536 idola
2209 3481 2566 3544 delectarint,
2613 3491 2668 3534 et
2705 3478 2992 3534 fornicata:
3034 3480 3156 3535 sitis
3196 3479 3296 3533 sob
3328 3475 3478 3533 omni

1882 3582 2026 3649 ligno
2051 3579 2312 3633 Uiltbl'OSO
2337 3585 2499 3645 atque
2527 3575 2811 3630 frondoso.
2854 3573 3011 3643 Quod
3031 3573 3251 3645 quidem
3278 3573 3342 3628 ad
3367 3573 3481 3627 hte-

1882 3673 2082 3727 reticos
2124 3679 2176 3726 et
2217 3671 2269 3726 in
2315 3669 2558 3725 Ecclesia
2601 3671 2939 3740 negligentes
2977 3667 3081 3724 dici
3123 3678 3329 3736 potest,
3383 3667 3476 3736 qui

1879 3765 2124 3835 quoddie
2173 3779 2274 3836 per
2314 3765 2717 3820 ecclesiasticos
2765 3765 2920 3818 viros
2972 3763 3036 3817 ad
3095 3763 3476 3834 ptenitentiam

1881 3871 2277 3931 prosecantur:
2313 3867 2368 3914 et
2391 3859 2587 3930 quibus
2614 3859 2830 3927 proprie
2856 3857 3029 3926 aptari
3055 3863 3256 3925 potest,
3301 3855 3366 3908 Et
3387 3871 3478 3910 ro-

1881 3969 1984 4010 cem
2010 3971 2171 4008 meum
2203 3967 2304 4008 non
2335 3953 2576 4007 audistis.
2619 3951 2808 4007 Omnis
2839 3963 3020 4006 autem
3054 3949 3348 4006 luereticus
3380 3951 3476 4004 ha—

1881 4048 2014 4103 bitat
2062 4045 2114 4101 in
2167 4045 2461 4117 Aquilone,
2523 4055 2578 4100 et
2623 4043 2867 4099 calorem
2912 4041 3036 4099 ﬁdei
3076 4043 3335 4114 perdidit,
3373 4058 3476 4100 nec

1880 4141 2070 4196 audire
2089 4149 2268 4211 potest
2292 4137 2421 4194 illud
2455 4137 2740 4209 Apostoli:
2784 4137 2988 4207 Spiritu
3019 4142 3269 4210 ferventes
3295 4135 3472 4208 (Rom.

1881 4252 1975 4299 xn,
2006 4233 2116 4310 ll).
2160 4233 2226 4290 Et
2251 4235 2372 4306 quia
2403 4250 2461 4288 se
2485 4233 2860 4302 Voluptatibus
2891 4231 3137 4300 tradidit,
3187 4233 3418 4287 recessit
3444 4245 3473 4286 a

1880 4329 2144 4394 Domino,
2195 4333 2247 4382 et
2295 4325 2557 4396 dispersit
2587 4327 2702 4380 vias
2733 4339 2860 4380 suas
2882 4323 3079 4380 alienis
3108 4325 3478 4395 dogmatibus,

1879 4433 1933 4477 et
1961 4425 2296 4492 voluptatem
2333 4429 2555 4476 secutus
2593 4431 2696 4475 εει.
2749 4417 2906 4475 Nulla
2933 4419 3076 4474 enim
3112 4417 3344 4473 haeresis
3377 4415 3478 4474 nisi

1882 4528 2104 4588 propter
2145 4517 2322 4588 gulam
2363 4525 2726 4585 ventremque
2768 4517 3130 4584 construitur,
3163 4523 3222 4570 ut
3250 4513 3478 4570 seducat

1881 4612 2232 4668 mulierculas
2263 4623 2521 4666 oneratas
2553 4611 2816 4680 peccatis,
2858 4623 3079 4681 semper
3102 4608 3388 4664 discentes
3421 4615 3478 4664 et

171 4708 281 4766 rint
301 4709 640 4764 falsitatem:
676 4717 736 4763 ac
762 4709 1121 4764 nihilominus
1151 4709 1229 4764 illi
1253 4709 1355 4766 sub
1378 4711 1561 4779 specie
1593 4709 1777 4765 Eccle-
1803 4689 1856 4752 D
1883 4719 2173 4777 numquam
2219 4705 2286 4759 ad
2327 4704 2616 4760 scientiam
2665 4699 2910 4757 veritatis
2957 4704 3347 4771 pervenientes
3405 4699 3474 4774 (ιι

173 4803 410 4860 εἱειειίοω
443 4802 694 4857 veritatis
726 4803 1006 4871 antiquum
1040 4813 1338 4874 chumttur
1368 4817 1638 4871 errorem,
1669 4803 1774 4859 dici

173 4909 356 4970 potest
381 4898 448 4953 de
489 4896 608 4951 his:
652 4895 718 4951 In
742 4897 978 4952 omnibus
1011 4897 1091 4951 his
1131 4913 1232 4952 non
1269 4908 1343 4952 est
1372 4913 1574 4952 reversa
1603 4898 1673 4950 ad
1700 4913 1778 4953 me

174 4993 569 5066 praevaricatrix
600 5001 624 5030 ε
649 5007 798 5046 soror
819 4989 932 5063 ejus
959 4991 1103 5045 Juda
1135 4991 1186 5045 in
1213 5000 1317 5045 toto
1349 4989 1502 5044 corde
1529 5007 1646 5055 suo,
1688 4992 1777 5044 sed

172 5087 227 5142 in
255 5083 548 5141 mendacio.
584 5083 670 5139 Fit
698 5093 880 5140 autem
913 5083 1029 5138 haec
1059 5083 1342 5154 prophetia
1376 5083 1539 5138 Josite
1571 5093 1779 5153 tempo-

171 5179 346 5249 rihus,
379 5180 526 5252 regis
553 5175 708 5250 justi,
735 5179 834 5235 sub
864 5191 969 5250 quo
995 5177 1265 5234 Juretnias
1290 5189 1520 5233 exorsus
1543 5187 1626 5232 est
1645 5189 1772 5244 pro-

173 5274 424 5343 phetare.

249 5365 580 5439 (Vers.1l.)
627 5365 693 5422 Et
721 5367 853 5422 dixit
893 5363 1148 5422 Dominus
1181 5368 1248 5420 ad
1291 5382 1410 5421 me:
1457 5363 1777 5429 Jttstiﬁcaeit

252 5518 276 5543 ἰ
311 5506 430 5560 Duo
462 5519 617 5565 tuss.,
642 5513 687 5558 et
719 5504 1028 5572 difficultate
1057 5505 1440 5575 fornicationis.

247 5579 274 5618 δ
313 5577 470 5633 Unus
498 5575 751 5640 Cistcrc.,
786 5575 984 5630 idcirco
1015 5577 1515 5649 romprtvvaricatrix
1545 5577 1758 5649 dicitur.

251 5663 272 5690 ο
314 5649 449 5703 Duae
480 5661 644 5702 voces
673 5663 819 5700 soror
857 5649 991 5718 ejus,
1032 5648 1230 5703 desunt
1263 5652 1315 5702 in
1345 5649 1600 5704 omnibus
1633 5648 1759 5702 Flo-

173 5723 369 5780 rentia:
408 5719 811 5788 exemplaribus
835 5719 1078 5774 Victorio
1107 5728 1266 5776 teste.

175 5860 209 5923 Ι
248 5795 286 5895 d’
321 5793 494 5848 Vatic.
541 5787 666 5846 cum
707 5787 968 5860 Cisterc.,
1007 5793 1392 5864 comparativus
1423 5792 1636 5868 pejoris.
1671 5807 1768 5863 pro

217 5876 355 5922 uuas.

217 5867 355 5922 uite.

253 5947 275 5984 ε
326 5933 549 6006 Verbum
588 5933 894 5992 Hebraicum
929 5934 1142 5993 Carath.
1174 5937 1346 5996 Hodie
1390 5939 1577 6016 legunt
1615 5937 1666 5996 in
1694 5937 1776 5994 fus

1880 4799 2019 4855 Tim.
2052 4799 2156 4872 ιιι),
2180 4798 2248 4853 de
2279 4795 2475 4869 quibus
2497 4811 2626 4852 vere
2645 4793 2874 4853 dicitur:
2907 4797 3008 4864 Qui
3035 4798 3280 4852 devorant
3312 4812 3480 4866 popu-

1883 4897 1991 4950 lum
2011 4909 2184 4949 meum
2215 4891 2348 4946 velut
2379 4905 2544 4946 escam
2582 4893 2734 4964 panis
2759 4887 2932 4964 (Psal.
2969 4905 3082 4958 xm,
3112 4891 3167 4960 8)
3195 4907 3207 4944 :
3249 4899 3302 4946 et
3341 4899 3479 4958 quos

1882 4987 2136 5045 Christus
2185 4993 2359 5053 notat,
2397 4985 2697 5039 devorantes
2742 4985 2922 5039 domos
2957 4986 3228 5039 viduarum
3256 4978 3473 5055 (Matth.

1883 5083 2004 5154 xu).
2049 5079 2322 5152 Cumque,
2357 5079 2552 5150 inquit,
2582 5076 2837 5133 misertus
2868 5079 2943 5132 tui
2969 5077 3148 5142 luero,
3183 5077 3476 5142 nejuSIum

1884 5193 2005 5232 esse
2033 5185 2088 5231 te
2117 5184 2308 5245 putes:
2352 5172 2446 5228 sed
2477 5182 2753 5228 memento
2777 5171 3082 5241 iniquitatis
3111 5177 3217 5223 tua:
3239 5179 3479 5235 semper,

1885 5284 1934 5328 et
1965 5273 2100 5326 scito
2123 5271 2248 5342 quia
2275 5265 2326 5323 in
2356 5266 2643 5323 Dominum
2682 5267 2984 5321 fornicatus
3017 5263 3089 5318 sis
3135 5280 3147 5316 :
3181 5270 3236 5315 et
3281 5272 3472 5330 Super-

1886 5361 2034 5435 bitc[
2061 5363 2190 5417 Vict.
2223 5357 2506 5432 Superba]
2535 5359 2676 5416 colla
2706 5356 2956 5426 demitte,
3001 5367 3058 5410 ut
3085 5354 3175 5424 qui
3205 5350 3482 5407 ollendisti

1868 5513 1995 5559 turo
2051 5509 2273 5572 propter
2330 5499 2444 5557 Van
2497 5497 3075 5572 conversirumnmm
3115 5491 3472 5572 oeclturqtlta,

1870 5585 1917 5631 et
1959 5563 2227 5629 clamabis.
2262 5573 2408 5628 Idem
2443 5576 2668 5629 verbum
2699 5569 2821 5624 vide
2843 5563 3028 5634 supra'
3061 5575 3180 5634 Cap.
3217 5564 3273 5618 2.
3318 5563 3470 5620 Man-

1873 5663 2184 5776 TM‘Nlidem
2209 5731 2368 5784 mss,
2412 5725 2460 5778 et
2499 5732 2644 5778 vota,
2676 5711 2781 5767 sive
2808 5709 2995 5774 clama,
3021 5715 3068 5763 et
3092 5705 3202 5782 lege
3227 5705 3474 5779 intelligi-

1878 5802 1984 5911 ’,σέ
2016 5864 2194 5946 Antea
2220 5873 2364 5932 erat,
2381 5878 2486 5920 non
2509 5870 2562 5915 nt
2581 5847 3004 5942 recorderujuod
3028 5865 3160 5920 mss.
3186 5849 3474 5926 castigant.
