4084 6324
577 293 682 352 703

1831 287 1890 343 S.
1933 285 2203 344 EUSEBll
2242 285 2626 344 HIERONYMI

3775 285 3875 346 704

581 425 871 484 Dominum
893 437 991 494 per
1012 418 1408 492 arrogantiam,
1435 417 1652 490 placeas
1673 430 1770 488 per
1786 415 2172 472 humilitatem.
2203 414 2254 477 Α
2279 429 2425 468 mum
2477 412 2646 469 Israel
2689 423 2737 468 et
2784 414 2986 469 venient
3037 415 3194 470 sintut
3239 414 3302 469 de
3327 424 3470 469 terra
3511 412 3787 484 Aquilonis
3813 412 3880 467 ad

580 517 662 575 Illi
695 525 875 574 autem
903 513 1050 586 quod
1079 527 1244 584 supra
1271 509 1546 569 diximus:
1611 509 1681 565 Et
1715 525 1818 563 non
1848 508 2067 579 firmabo
2092 508 2176 579 fa-

581 610 712 664 ciem
742 623 909 663 meam
945 621 1102 679 super
1134 621 1223 660 vos
1243 649 1258 674 ,
1300 601 1432 660 illud
1463 601 1846 674 propheticum
1892 601 2177 657 convenit:

585 703 770 760 Averte
798 701 986 773 faciem
1014 709 1158 754 tuam
1197 714 1230 752 a
1263 696 1486 770 peccatis
1515 695 1663 763 meis,
1703 704 1752 749 et
1782 711 1958 750 omnes
1985 693 2179 764 iniqui-

587 805 716 851 tates
745 809 884 848 meas
905 791 1020 848 dele
1044 790 1216 864 (Psal.
1249 805 1301 857 L,
1333 789 1450 860 11).

651 887 836 960 (Vers.
873 883 940 942 M
961 883 1146 957 seqq.)
1182 881 1553 940 Convertimini
1583 890 1609 918 δ
1644 880 1714 935 ad
1735 897 1838 947 me,
1872 879 1971 948 ﬁlii
2014 895 2185 936 rever-

587 990 746 1036 tentes
773 979 916 1051 (sive
946 978 1069 1050 vagi
1103 986 1151 1031 et
1196 972 1513 1045 recedentes)
1554 973 1684 1028 dicit
1716 970 1972 1028 Dominus
1996 990 2015 1028 :
2062 974 2186 1044 quia

586 1073 749 1146 861
787 1088 883 1144 ego
918 1071 996 1125 vir
1032 1079 1198 1126 vester
1229 1069 1370 1141 (sive
1399 1068 1694 1123 dominator
1719 1067 1918 1138 vestri),
1949 1077 1997 1122 et
2032 1085 2185 1124 assu-

587 1181 728 1220 mam
756 1181 877 1233 vos,
930 1180 1096 1218 unum
1127 1163 1192 1217 de
1216 1162 1450 1229 civitate,
1482 1170 1531 1214 et
1573 1159 1706 1214 duos
1745 1158 1812 1215 de
1853 1161 2184 1232 cognatione,

590 1266 640 1313 et
661 1257 994 1312 introducam
1018 1271 1106 1311 vos
1134 1255 1189 1309 in
1219 1252 1372 1320 Sion,
1394 1261 1444 1309 et
1465 1252 1598 1307 dabo
1619 1252 1758 1308 vobis
1781 1263 2016 1324 pastores
2027 1253 2189 1325 juxta

591 1369 682 1408 cor
728 1369 917 1419 meum,
960 1360 1009 1406 et
1041 1359 1250 1420 pascant
1285 1366 1371 1404 vos
1401 1350 1619 1404 scientia
1645 1360 1695 1404 et
1723 1350 1978 1404 doctrina.
2035 1347 2191 1402 Cum-

594 1461 692 1514 que
713 1443 1052 1517 multiplicati
1078 1443 1280 1514 fueritis
1305 1452 1351 1497 et
1382 1443 1641 1498 creveritis
1660 1443 1716 1496 in
1745 1451 1901 1513 terra,
1925 1443 1982 1496 in
2009 1441 2190 1497 diebus

596 1535 728 1601 illis,
757 1537 829 1590 ait
867 1535 1146 1604 Dominus,
1194 1551 1297 1590 non
1338 1534 1512 1589 dicent
1543 1535 1703 1600 ultra,
1748 1551 1870 1589 arca
1897 1536 2036 1608 pacti
2064 1534 2192 1608 (vel

596 1628 937 1701 Testamenti)
986 1627 1242 1682 Domini:
1283 1643 1448 1699 neque
1491 1626 1730 1681 ascendet
1775 1643 1930 1699 super
1950 1644 2059 1695 cor,
2103 1643 2194 1682 nec

598 1723 1008 1778 recordabuntur
1028 1720 1196 1787 illius,
1226 1736 1316 1775 nec
1336 1720 1646 1787 visitabitur,
1678 1736 1768 1774 nec
1793 1719 1882 1791 ﬁet
1903 1721 2064 1774 ultra.
2094 1720 2190 1776 Ju-

2284 516 2482 563 terram
2507 525 2664 579 quam
2697 508 2819 564 dedi
2847 508 3080 581 patribus
3107 510 3308 564 vestris.
3334 508 3452 564 Hoc
3469 507 3638 580 862
3668 507 3888 575 proprie

2285 602 2340 656 in
2369 598 2572 657 Christi
2602 599 2913 672 completur
2939 601 3201 666 adventu,
3238 599 3460 672 quando
3493 599 3564 654 de
3599 598 3886 654 duodecim

2285 697 2446 752 simul
2478 696 2728 753 tribubus
2752 696 3054 768 Evangelio
3077 694 3459 761 crediderunt,
3512 693 3892 757 relinquentes

2287 801 2492 848 terram
2542 791 2829 861 Aquilonis
2877 789 3164 847 durissimi
3216 788 3478 860 frigoris:
3521 795 3580 842 et
3613 801 3644 840 a
3685 783 3893 841 diaboli

2289 885 2519 957 imperio
2549 885 2899 954 recedentes,
2926 893 3060 940 tunc
3098 891 3429 955 receperunt
3458 890 3671 937 terram
3701 895 3896 950 repro—

2288 979 2573 1034 missionis
2595 1022 2610 1045 ,
2653 992 2819 1048 quam
2858 977 3142 1049 pollicitus
3168 977 3345 1032 fuerat
3369 974 3620 1047 patrihus
3655 988 3850 1029 eorum
3878 1013 3894 1041 ,

2288 1070 2584 1136 Abraham,
2617 1069 2792 1137 Isaac,
2835 1078 2892 1126 et
2935 1069 3131 1126 Jacob.
3175 1067 3336 1125 Edidi
3371 1082 3550 1137 nuper
3592 1077 3615 1104 ι’
3647 1065 3892 1122 libellum

2291 1177 2526 1234 parvum
2549 1161 2619 1216 de
2651 1172 2792 1218 terra
2822 1162 3289 1232 repromissionis.

2365 1257 2550 1330 (Vers.
2582 1256 2693 1324 19.)
2729 1256 2842 1328 Ego
2863 1267 3039 1312 autem
3064 1257 3177 1311 dixi
3204 1255 3521 1322 :Quomodo
3544 1270 3741 1327 ponam
3772 1265 3821 1310 te
3842 1256 3894 1309 in

2294 1346 2321 1386 ἀ
2354 1347 2516 1418 ﬁlios,
2534 1359 2585 1404 et
2608 1349 2834 1402 tribuam
2855 1349 3161 1420 tibiterram
3177 1347 3598 1413 desiderabilem,
3623 1347 3901 1402 heredita-

2297 1453 2397 1499 tem
2421 1444 2753 1516 prceclaram,
2785 1444 3104 1499 exercituum
3132 1443 3410 1518 gentium?
3440 1441 3513 1498 Et
3539 1443 3673 1510 dixi,
3708 1452 3902 1514 patrem

2297 1537 2499 1592 vocabis
2524 1553 2624 1604 me,
2647 1547 2697 1593 et
2724 1546 2838 1610 post
2863 1553 2942 1592 me
2971 1537 3178 1611 ingredi
3209 1553 3314 1592 non
3333 1537 3584 1592 cessabis.
3612 1536 3719 1590 l’ro
3740 1534 3902 1591 luere-

2299 1630 2460 1685 ditate
2506 1629 2784 1700 prazclara,
2813 1629 3131 1685 exercituum
3167 1630 3424 1700 gentium,
3472 1643 3641 1700 quam
3669 1628 3905 1698 Septua-

2299 1723 2449 1794 ginta
2496 1717 2916 1791 transtulerunt,
2971 1722 3327 1778 luereditatem
3362 1733 3385 1760 ε
3435 1723 3759 1776 nominatam
3811 1720 3904 1776 Dei

597 1817 702 1872 dati
733 1815 1018 1887 impletum
1058 1815 1162 1872 hoc
1197 1823 1388 1886 putant
1420 1826 1544 1887 post
1575 1815 1949 1872 reversionem
1989 1831 2060 1872 ex
2091 1816 2194 1872 Ba-
2225 1816 2274 1877 B
2299 1817 2671 1888 omnipotentis
2693 1818 2944 1888 gentium,
2969 1815 3280 1874 Theodotio
3301 1817 3712 1888 signiﬁcantius
3737 1824 3907 1872 trans-

599 1912 799 1984 bylone
844 1910 947 1967 sub
982 1908 1130 1982 Cyro
1155 1925 1285 1982 rege
1319 1910 1638 1976 Persarum,
1668 1919 1722 1965 et
1750 1908 2056 1967 Zorohabel
2087 1910 2202 1967 lilio

596 2003 859 2060 Salathiel
891 2002 1027 2077 (lsa.
1061 2003 1146 2074 ι),
1170 2004 1336 2060 etiam
1369 2003 1416 2060 si
1453 2015 1560 2057 n0u
1588 2016 1783 2058 omnes
1810 2003 2018 2060 reversi
2050 2012 2200 2072 sunt,

601 2096 707 2152 hoc
733 2094 1033 2167 signiﬁcari
1059 2113 1072 2150 :
1117 2105 1347 2151 assumat
1376 2113 1535 2150 unum
1561 2095 1624 2149 de
1649 2095 1852 2149 civitate
1892 2104 1940 2150 et
1978 2097 2109 2150 duos
2139 2096 2204 2150 de

600 2190 926 2262 cognatione.
990 2187 1100 2246 Sed
1133 2188 1330 2244 melius
1375 2189 1428 2243 in
1459 2187 1698 2244 adventu
1725 2184 1953 2256 Christi,
1988 2187 2204 2258 quando

601 2282 854 2354 reliquis:
901 2282 1068 2339 salva:
1096 2281 1252 2338 facta:
1281 2292 1440 2345 sunt,
1469 2281 1688 2337 dicente
1718 2289 1774 2336 et
1795 2290 2102 2352 exponente
2132 2284 2206 2338 A-

603 2377 862 2448 postolo:
906 2377 1030 2432 Nisi
1082 2377 1335 2432 Dominus
1379 2376 1599 2432 sabaoth
1630 2376 1922 2448 reliquisset
1949 2375 2094 2430 nobis
2125 2392 2206 2430 se-

604 2486 740 2534 men,
761 2469 914 2540 quasi
935 2469 1167 2524 Sodoma
1195 2484 1423 2525 essemus
1448 2479 1496 2523 et
1517 2466 1714 2523 similes
1741 2465 2046 2523 Gomorrhaz
2075 2469 2207 2539 fuis-

603 2579 776 2618 semus
799 2561 977 2633 (Rom.
1013 2577 1097 2630 Ix,
1119 2561 1238 2633 29),
1289 2571 1422 2618 tunc
1449 2560 1744 2617 introducti
1775 2570 1905 2616 sunt
1943 2561 1995 2615 in
2045 2561 2200 2632 Sion,

602 2653 673 2708 de
699 2670 802 2724 qua
833 2654 1098 2724 scriptum
1129 2664 1213 2710 est
1247 2671 1260 2707 :
1316 2651 1557 2709 Gloriosa
1581 2652 1721 2707 dicta
1750 2663 1870 2708 sunt
1892 2657 1956 2708 de
1983 2662 2051 2721 te,
2083 2654 2207 2708 civi-

601 2755 680 2800 tas
710 2745 806 2801 Dei
825 2745 1236 2819 (Psal.t.xxxvr,
1254 2745 1341 2817 2).
1385 2746 1449 2800 Et
1479 2745 1588 2800 dati
1620 2755 1748 2800 sunt
1780 2755 2032 2816 pastores
2050 2746 2204 2815 juxta

607 2855 706 2895 cor
735 2840 874 2909 ejus,
907 2839 1160 2910 Apostoli
1188 2850 1244 2895 et
1275 2837 1576 2908 Apostolici
1620 2838 1746 2906 viri,
1777 2848 1831 2894 et
1862 2847 2057 2910 partmt
2085 2853 2206 2894 cre-

605 2935 854 2994 dentium
886 2937 1319 3004 multitudinem,
1340 2951 1446 2991 uon
1475 2933 1720 2991 Judaicis
1752 2935 1805 2990 in
1837 2935 2202 3002 caeremoniis,

609 3030 706 3085 sed
735 3031 787 3085 in
812 3030 1043 3086 scientia
1064 3029 1272 3084 Christi
1303 3041 1468 3100 atque
1505 3029 1776 3096 doctrina,
1806 3039 1861 3084 et
1888 3027 1943 3083 in
1970 3037 2082 3084 toto
2117 3044 2207 3083 or-

609 3125 677 3180 he
708 3123 1098 3194 praedicatione
1133 3122 1418 3195 Evangelii
1447 3124 1740 3191 seminata,
1774 3138 2119 3194 nequaquam
2151 3123 2203 3177 in

2308 1909 2455 1975 tulit,
2500 1909 2860 1965 hwreditatem
2901 1910 3155 1981 inclytam
3185 1909 3516 1980 fortitudinis
3567 1909 3910 1964 robustissimi

2306 2005 2558 2078 gentium,
2583 2002 2863 2060 Christum
2908 2003 3246 2075 signiﬁcans,
3286 2004 3378 2076 qui
3402 2005 3605 2061 ductor
3652 2013 3712 2060 et
3739 2003 3908 2058 Domi-

2307 2115 2408 2154 nus
2426 2108 2513 2154 est
2528 2097 2907 2154 universarum
2928 2100 3194 2169 gentium,
3211 2113 3309 2154 suo
3331 2098 3540 2154 nomini
3561 2098 3908 2169 passionique

2306 2189 2680 2246 credentium.
2707 2189 2832 2258 Ipse
2852 2189 2995 2245 dixit
3023 2189 3090 2244 ad
3115 2188 3278 2244 Israel
3303 2208 3314 2244 :
3345 2188 3559 2244 Patrem
3583 2188 3789 2244 vocabis
3813 2204 3904 2242 me.

2308 2282 2414 2338 Et:
2453 2280 2554 2350 Qui
2583 2281 2749 2336 credit
2767 2281 2820 2336 in
2842 2298 2945 2348 me,
2974 2282 3134 2335 credit
3160 2281 3214 2336 in
3248 2280 3461 2336 Patrem
3486 2279 3672 2351 (Joan.
3703 2296 3765 2344 ιι,
3795 2279 3903 2350 19).

2307 2378 2430 2449 Ipse
2471 2379 2752 2451 pollicitus
2777 2381 2884 2447 test
2927 2395 2938 2432 :
2967 2375 3173 2432 Ponam
3205 2386 3254 2430 te
3278 2378 3333 2432 in
3371 2377 3511 2447 filios
3540 2393 3560 2431 :
3593 2377 3647 2431 in
3681 2390 3906 2431 numero

2309 2471 2523 2527 scilicet
2565 2470 2802 2526 ﬁliorum
2861 2485 3113 2526 meorum
3149 2514 3163 2539 ,
3219 2470 3313 2541 qui
3363 2470 3502 2524 mihi
3550 2468 3622 2526 de
3676 2469 3906 2541 gentium

2311 2562 2518 2634 populo
2555 2562 2947 2630 crediderunt;
2991 2572 3048 2619 et
3075 2563 3276 2635 quibus
3303 2561 3428 2619 dedi
3461 2571 3671 2618 terram
3702 2561 3909 2618 deside-

2309 2656 2565 2713 rabilem.
2599 2656 2886 2725 Quotquot
2920 2656 3069 2712 enim
3116 2666 3627 2726 receperunteum,
3660 2653 3809 2711 dedit
3834 2654 3910 2710 eis

2312 2758 2644 2821 potestatem
2672 2758 2734 2804 ut
2763 2749 2862 2804 lilii
2890 2749 2988 2804 Dei
3013 2748 3148 2804 [iant
3171 2747 3352 2822 (Joan.
3381 2747 3448 2819 ι).

2381 2839 2564 2915 (Vers.
2595 2841 2714 2914 20.)
2749 2841 2857 2897 Sed
2887 2841 3145 2912 quomodo
3166 2843 3212 2896 si
3238 2849 3536 2896 contemnat
3568 2841 3759 2896 mulier
3777 2857 3909 2893 ama-

2311 2945 2475 2989 torem
2515 2951 2667 2989 suum
2697 2950 2715 2988 :
2743 2935 2819 2988 sic
2862 2939 3165 3005 contempsit
3214 2951 3292 2986 me
3321 2933 3510 2988 domus
3553 2931 3752 3001 Israel,
3797 2933 3912 2985 dicit

2312 3024 2588 3081 Dominus.
2624 3027 2826 3082 Christi
2860 3043 2966 3082 vox
2989 3035 3074 3082 est
3101 3027 3256 3098 juxta
3289 3026 3547 3096 populum
3577 3027 3912 3091 Iudaeorum,

2311 3123 2397 3177 cui
2421 3122 2636 3178 dixerat
2660 3141 2672 3176 :
2702 3121 2908 3177 Ponant
2929 3132 2974 3176 te
2996 3123 3048 3176 in
3070 3120 3212 3191 ﬁlios
3232 3137 3252 3176 :
3269 3131 3318 3176 et
3339 3121 3474 3176 dabo
3495 3123 3590 3176 tibi
3609 3132 3804 3177 terram
3829 3120 3911 3174 de-

608 3233 735 3273 arca
758 3217 997 3284 Domini,
1045 3233 1171 3290 qua:
1197 3229 1388 3273 custos
1425 3217 1526 3273 fuit
1566 3217 1704 3288 legis
1734 3217 2004 3285 Mosaicae,
2031 3217 2198 3274 habeo
2233 3214 2280 3280 C
2309 3217 2684 3274 siderabilem:
2717 3228 2763 3272 et
2797 3227 2994 3290 patrem
3019 3217 3230 3272 vocabis
3259 3235 3359 3285 me,
3383 3230 3430 3272 et
3460 3227 3579 3290 post
3616 3235 3697 3272 me
3725 3217 3914 3289 ingredi

611 3311 751 3366 bunt
782 3309 1070 3376 ﬁduciam;
1119 3310 1216 3366 sed
1267 3311 1368 3379 ipsi
1402 3321 1565 3366 erunt
1609 3310 1872 3382 templum
1929 3310 2070 3367 Dei:
2107 3326 2208 3368 nec

603 3405 758 3476 juxta
805 3412 1057 3461 errantes
1098 3403 1411 3471 Nazaracos,
1445 3403 1669 3460 abolitis
1703 3403 1990 3460 sacriﬁciis
2028 3404 2206 3460 inser-

611 3499 787 3563 vient,
813 3497 908 3554 sed
937 3497 1276 3567 spiritualem
1304 3497 1509 3554 cultum
1540 3497 1916 3555 sectabuntur.
1985 3495 2094 3552 Alii
2115 3512 2209 3552 ve-

609 3608 672 3648 ro
701 3592 804 3649 hoc
835 3593 886 3648 in
918 3593 1026 3648 line
1068 3601 1376 3664 temporum
1413 3591 1743 3664 intelligunt,
1773 3591 1995 3664 quando
2020 3591 2213 3646 subiu-

606 3695 788 3741 trante
841 3685 1179 3755 plenitudine
1207 3687 1451 3758 gentium
1484 3686 1669 3742 omnis
1697 3685 1866 3743 Israel
1897 3687 2080 3742 salvus
2120 3685 2211 3742 ﬁet

610 3777 790 3850 (Rom.
817 3776 915 3850 ιι).

679 3870 859 3944 (Vers.
896 3869 1010 3944 17.)
1044 3869 1111 3924 1η
1152 3881 1380 3943 tempore
1407 3871 1499 3927 illo
1523 3871 1775 3928 vocabunt
1796 3869 2088 3928 Jerusalem
2116 3889 2204 3928 so-

607 3965 738 4018 lium
769 3964 1004 4030 Domini,
1045 3974 1092 4019 et
1115 3966 1572 4039 congregabantur
1595 3966 1666 4021 ad
1691 3964 1722 4004 b
1745 3983 1858 4021 eam
1883 3983 2056 4021 omnes
2085 3985 2212 4040 gen-

611 4070 682 4114 tes
706 4061 763 4114 in
791 4061 1000 4114 nomine
1025 4059 1241 4115 Domini
1265 4061 1320 4114 in
1341 4059 1654 4128 Jerusalem,
1681 4070 1730 4117 et
1751 4077 1854 4116 non
1877 4061 2212 4116 ambulabunt

614 4162 729 4225 post
766 4153 1077 4224 pravitatem
1107 4154 1282 4228 cordis
1305 4155 1388 4208 sui
1425 4155 1656 4224 pessimi.
1710 4154 2061 4226 Nequaquam
2105 4154 2214 4208 Du-

620 4247 804 4302 miuus
850 4246 1064 4302 sedebit
1109 4262 1276 4317 super
1321 4261 1502 4302 arcam
1545 4247 1891 4304 Testamenti
1919 4257 1973 4304 et
2005 4246 2213 4303 Cheru-

619 4339 754 4409 bim,
791 4340 879 4394 cui
930 4339 1082 4410 prius
1101 4341 1170 4395 ab
1194 4341 1288 4396 illo
1321 4343 1525 4412 populo
1563 4342 1848 4398 dicebatur
1884 4363 1895 4398 :
1938 4345 2042 4410 Qui
2066 4345 2213 4401 sedes

613 4447 769 4503 super
797 4428 1097 4499 Cherubim,
1150 4433 1484 4503 manifestare
1515 4431 1692 4504 (Psal.
1725 4450 1916 4504 Lxxtx,
1959 4435 2068 4507 2):
2117 4437 2213 4492 sed

610 4539 803 4579 omnes
858 4525 1096 4596 perfecta
1152 4536 1334 4582 mente
1388 4525 1703 4594 credentes,
1766 4537 1932 4583 erunt
1973 4518 2213 4584 thronus

2312 3327 2415 3365 non
2459 3309 2703 3365 cessabis.
2743 3309 3052 3378 Quomodo,
3104 3309 3306 3380 inquit,
3352 3309 3556 3365 mulier
3593 3310 3911 3374 contemnit,

2313 3418 2421 3459 non
2450 3404 2650 3472 virum,
2676 3403 2772 3460 sed
2798 3413 3124 3470 amatorem,
3142 3405 3188 3459 si
3217 3404 3394 3459 semel
3412 3404 3714 3461 commixta
3736 3403 3910 3472 fuerit,

2312 3513 2543 3555 cernens
2563 3513 2688 3554 eum
2721 3513 2835 3553 sum
2858 3497 3072 3554 libidini
3099 3498 3462 3565 servientem,
3495 3507 3554 3553 et
3585 3498 3640 3552 in
3663 3512 3724 3552 se
3751 3507 3914 3553 muta-

2314 3601 2426 3647 tam
2473 3607 2600 3648 esse
2638 3591 2816 3663 legem
2865 3602 3098 3655 naturae,
3149 3605 3246 3660 per
3283 3605 3449 3661 quam
3499 3590 3621 3645 viro
3648 3589 3914 3661 quondam

2313 3686 2558 3757 subjecta
2591 3686 2792 3751 luerat,
2821 3686 3040 3742 dicente
3083 3685 3355 3740 Domino:
3387 3682 3456 3738 Et
3481 3684 3553 3739 ad
3587 3695 3636 3738 te
3663 3684 3915 3739 conversio

2313 3783 2427 3854 ejus
2461 3797 2478 3835 :
2519 3779 2600 3835 sic
2647 3779 2846 3834 domus
2874 3777 3069 3844 lsrael,
3109 3777 3163 3832 id
3207 3785 3311 3842 est,
3341 3776 3581 3847 populus
3606 3775 3914 3832 Judtcorum

2314 3872 2645 3945 contempsit
2719 3872 3014 3928 Dominum
3084 3871 3428 3927 Salvatorem
3500 3871 3559 3925 in
3629 3871 3913 3942 perniciem

2315 3979 2494 4021 suam.

2389 4055 2570 4126 (Vers.
2602 4056 2694 4125 21,
2723 4054 2844 4127 22.)
2873 4055 2989 4110 Vox
3039 4056 3092 4110 in
3139 4057 3234 4110 viis
3273 4053 3414 4128 (sive
3447 4055 3501 4109 in
3543 4052 3724 4126 labiis)
3752 4053 3916 4108 audita

2315 4158 2412 4212 est,
2444 4149 2680 4220 ploratus
2709 4158 2755 4203 et
2791 4146 3024 4202 ululatus
3051 4147 3286 4218 ﬁliorum
3317 4145 3511 4212 Israel,
3553 4146 3804 4219 quoniam
3831 4146 3916 4198 ini-

2315 4257 2473 4312 quam
2498 4242 2728 4313 fecerunt
2751 4242 2888 4295 viam
2920 4258 3092 4308 suam,
3123 4240 3270 4295 obliti
3306 4249 3428 4296 sunt
3462 4238 3681 4294 Domini
3708 4236 3809 4292 Dei
3825 4239 3914 4293 sui.

2318 4335 2708 4402 Convertimini,
2765 4337 2866 4405 ﬁlii
2918 4347 3258 4405 revertentes,
3299 4347 3347 4390 et
3389 4333 3589 4390 sanabo
3639 4335 3917 4389 eversiones

2317 4433 2474 4504 (sive
2515 4433 2878 4504 contritiones)
2928 4443 3123 4488 vestras
3174 4449 3194 4488 :
3263 4445 3361 4502 pro
3401 4443 3514 4500 quo
3571 4429 3917 4502 Symmachus

2320 4526 2622 4593 transtulit,
2653 4527 3036 4581 conversiones.
3070 4525 3334 4581 Libenter
3366 4523 3515 4579 Deus
3547 4522 3785 4592 suscipit
3819 4536 3917 4594 pte-

615 4618 733 4675 Dei.
772 4618 862 4675 Vel
904 4627 1060 4676 certe
1091 4619 1292 4676 melius
1325 4628 1499 4675 totum
1531 4619 1601 4677 de
1631 4621 1874 4676 Ecclesia
1908 4621 2213 4692 intelligcn-
2237 4609 2291 4672 D
2319 4621 2581 4687 nitentes,
2607 4631 2662 4676 et
2681 4621 2922 4677 occurrit
2943 4619 3054 4674 lilio
3076 4617 3262 4689 inapia
3284 4628 3339 4673 et
3364 4615 3625 4687 squalore
3656 4613 3916 4681 conlecto,

616 4714 746 4768 dum
769 4731 781 4768 :
809 4714 1027 4786 quando
1052 4725 1458 4787 congregantur
1479 4730 1674 4772 omnes
1699 4723 1891 4787 gentes
1918 4715 1971 4770 in
1998 4716 2220 4773 nomine

619 4807 834 4864 Domini
867 4809 921 4864 in
949 4808 1278 4876 Jerusalem,
1309 4809 1360 4865 in
1387 4824 1494 4881 qua
1523 4817 1609 4866 est
1637 4809 1776 4865 visio
1813 4811 1963 4881 pacis
1999 4828 2012 4865 :
2047 4818 2106 4866 et
2128 4827 2221 4866 nc-

615 4917 892 4974 quaquam
919 4901 1206 4958 ambulant
1235 4913 1356 4973 post
1398 4905 1722 4972 pravitatem
1748 4903 1936 4960 cordis
1981 4905 2062 4959 sui
2098 4921 2223 4974 pes-

616 4996 764 5061 simi,
791 5005 851 5052 ut
875 4994 1080 5052 faciant
1110 5012 1236 5067 quae
1263 4995 1606 5062 desiderant,
1633 5011 1733 5053 nec
1761 5010 1893 5052 suos
1917 5006 2224 5068 sequuntur

621 5105 877 5155 errores;
909 5089 1004 5146 sed
1032 5090 1223 5146 dicunt
1252 5105 1378 5144 cum
1421 5089 1698 5156 Pr0pheta
1734 5107 1746 5142 :
1785 5089 2019 5146 Adhazsit
2049 5091 2227 5146 anima

624 5199 733 5238 mea
759 5195 872 5257 post
903 5194 952 5240 te
985 5202 1003 5240 :
1035 5202 1114 5239 me
1141 5185 1366 5256 suscepit
1397 5183 1608 5237 dextera
1655 5193 1745 5238 tua
1780 5183 1959 5254 (Psal.
1988 5200 2116 5252 an,
2142 5185 2224 5256 9).

693 5274 884 5345 (Vcrs.
912 5275 1029 5347 18.)
1063 5275 1132 5330 1η
1175 5276 1354 5330 diebus
1393 5275 1500 5330 illis
1524 5276 1620 5330 ibit
1645 5275 1832 5330 domus
1855 5277 2002 5332 Juda
2033 5278 2102 5332 ad
2129 5279 2226 5332 do-

697 5421 723 5486 τι
767 5412 1041 5486 Expungit
1067 5413 1287 5486 Victor.
1303 5427 1468 5468 voces
1496 5412 1566 5466 ad
1598 5429 1700 5477 me,
1723 5427 1969 5486 quaenec
1992 5415 2046 5469 in
2061 5414 2224 5486 Vulg.

803 5481 1096 5553 sunt,'hic
1132 5495 1227 5541 aut
1277 5485 1453 5554 inl‘ra,
1502 5499 1678 5555 neque
1722 5481 1774 5539 in
1824 5483 2092 5542 llehraico
2133 5481 2229 5544 aut

700 5626 724 5663 ι’
756 5627 930 5699 Antea
961 5637 1080 5684 erat
1108 5629 1176 5682 ad
1203 5645 1343 5695 eum,
1388 5643 1484 5698 pro
1511 5628 1580 5682 ad
1606 5642 1718 5680 eam
1741 5627 1884 5699 quod
1909 5630 2226 5699 reponimus

627 5709 751 5774 cum
785 5697 1046 5774 Victoria,
1079 5715 1238 5774 sacro
1274 5697 1448 5766 textu,
1483 5701 1707 5770 ipsaque
1755 5697 2065 5756 Latinitatis
2096 5718 2224 5774 pro-

631 5767 866 5840 prietate
891 5769 1340 5840 suh‘ragantibus.

705 5841 727 5874 δ’
761 5838 935 5909 Epist.
974 5838 1026 5895 iii
1068 5838 1256 5896 nostra
1294 5842 1613 5899 recensione
1643 5842 1763 5912 129,
1798 5840 1863 5898 ad
1895 5843 2228 5914 Dardanum,

2327 4719 2635 4788 statimque
2662 4715 2835 4772 induit
2855 4713 3104 4786 pristinis
3126 4710 3399 4776 vestibus,
3414 4717 3472 4764 et
3498 4707 3683 4764 reddit
3703 4707 3917 4778 gloriam

2329 4811 2629 4871 revertenti
2667 4828 2679 4864 :
2708 4812 2787 4865 ita
2817 4808 3103 4864 dumtaxat
3137 4814 3195 4860 ut
3226 4812 3538 4861 revertatur
3561 4801 3614 4856 in
3647 4802 3854 4872 ploratu
3874 4808 3922 4854 et

2326 4908 2559 4965 ululatu.
2617 4905 2731 4962 Suo
2770 4903 2918 4960 enim
2949 4902 3083 4957 vitio
3132 4899 3260 4956 fecit
3304 4896 3549 4968 iniquam
3590 4895 3758 4967 863
3797 4893 3918 4948 viam

2328 5017 2509 5070 suam,
2543 5008 2599 5056 et
2623 4998 2829 5054 oblitus
2878 5005 2966 5052 est
2993 4994 3211 5050 Domini
3267 4991 3359 5046 Dei
3392 4997 3449 5046 et
3495 4988 3683 5044 Patris
3714 4988 3820 5053 sui,
3861 4984 3916 5039 ad

2327 5109 2464 5165 quos
2493 5089 2804 5164 prophetali
2834 5101 3092 5145 sermone
3123 5084 3365 5155 loquitur
3389 5101 3402 5138 :
3422 5080 3820 5144 Convertimini,
3835 5077 3920 5148 ﬁlii

2327 5197 2654 5244 revertentes.
2687 5185 2838 5254 Quos
2877 5182 3083 5238 idcirco
3117 5179 3257 5235 lilios
3281 5191 3441 5246 voco,
3472 5175 3599 5247 quia
3643 5173 3919 5229 intellectis

2331 5279 2573 5352 peccatis
2601 5279 2823 5346 veSIris,
2849 5276 2904 5330 in
2933 5273 3148 5344 ploratu
3169 5281 3335 5342 atque
3359 5267 3568 5323 ululatu
3603 5261 3920 5322 revertimini

2332 5419 2538 5488 scripta
2568 5416 2704 5488 circ.
2736 5411 3089 5488 annumin.
3446 5479 3457 5488 _
3529 5475 3598 5488 Μ

2403 5486 2430 5527 ά
2446 5473 2622 5558 Atque
2647 5487 2730 5540 hic
2753 5501 2874 5540 cum
2891 5483 3037 5539 Vict.
3057 5478 3410 5558 rescribimus
3439 5479 3492 5531 in
3517 5475 3658 5558 filios
3687 5490 3755 5531 ex
3777 5473 3916 5540 Vulg.

2332 5562 2466 5616 edit.
2514 5546 2564 5616 έι
2597 5557 2812 5626 Grmca,
2846 5558 3074 5627 ipsoque
3098 5552 3245 5609 Hier.
3281 5546 3695 5627 Commentario
3726 5565 3739 5600 :
3786 5557 3921 5627 antea

2331 5635 2525 5688 eratin
2552 5630 2700 5700 ﬁliis.
2749 5619 3118 5698 mox'quoque
3148 5625 3466 5680 exercituum
3513 5635 3614 5700 pro
3663 5619 3920 5673 exercitum

2334 5706 2454 5777 ipso
2490 5693 2757 5777 llehraico
2784 5693 3132 5777 adsentiente
3159 5714 3190 5752 e
3222 5709 3325 5751 ms.
3359 5693 3734 5777 corr_e}inips.

2411 5788 2434 5814 ο
2472 5775 2696 5830 Videtur
2732 5765 3494 5844 legisse,Hieronymusapud
3521 5763 3922 5844 Lugeam-

2337 5852 2449 5914 τήν,
2469 5862 2589 5917 quae
2615 5859 2710 5900 vos
2745 5833 3107 5900 invliodiernis
3129 5833 3539 5910 eieiuplarihus
3567 5833 3916 5892 desideratur.
