  <div class='ocr_page' id='page_1' title='image "/cluster/home/n/w/nwhite01/storage/ocr_20150623/24/hvd.32044015471386/358.png"; bbox 0 0 4084 6324; ppageno 0'>
   <div class='ocr_carea' id='block_1_1' title="bbox 173 340 272 397">
    <p class='ocr_par' dir='ltr' id='par_1_1' title="bbox 173 340 272 397">
     <span class='ocr_line' id='line_1_1' title="bbox 173 340 272 397; baseline -0.01 0"><span class='ocrx_word' id='word_1_1' title='bbox 173 340 272 397; x_wconf 82' lang='grc'><strong>705</strong></span> 
     </span>
    </p>
   </div>
   <div class='ocr_carea' id='block_1_2' title="bbox 721 331 2931 398">
    <p class='ocr_par' dir='ltr' id='par_1_2' title="bbox 721 331 2931 398">
     <span class='ocr_line' id='line_1_2' title="bbox 721 331 2931 398; baseline 0.001 -2"><span class='ocrx_word' id='word_1_2' title='bbox 721 331 1367 396; x_wconf 81' lang='lat' dir='ltr'><strong>COMMENTARIORL‘M</strong></span> <span class='ocrx_word' id='word_1_3' title='bbox 1405 337 1473 396; x_wconf 82' lang='lat' dir='ltr'><strong>IN</strong></span> <span class='ocrx_word' id='word_1_4' title='bbox 1511 334 1867 395; x_wconf 78' lang='lat' dir='ltr'><strong>JEREMIAM</strong></span> <span class='ocrx_word' id='word_1_5' title='bbox 1911 335 2332 395; x_wconf 75' lang='lat' dir='ltr'><strong>PllOPllETAM</strong></span> <span class='ocrx_word' id='word_1_6' title='bbox 2371 339 2505 396; x_wconf 88' lang='lat' dir='ltr'><strong>LIB.</strong></span> <span class='ocrx_word' id='word_1_7' title='bbox 2545 340 2587 398; x_wconf 88' lang='lat' dir='ltr'><strong>l.‘</strong></span> <span class='ocrx_word' id='word_1_8' title='bbox 2645 338 2803 398; x_wconf 86' lang='lat' dir='ltr'><strong>CAP.</strong></span> <span class='ocrx_word' id='word_1_9' title='bbox 2842 339 2931 398; x_wconf 83' lang='lat' dir='ltr'><strong>IV.</strong></span> 
     </span>
    </p>
   </div>
   <div class='ocr_carea' id='block_1_3' title="bbox 3373 345 3476 402">
    <p class='ocr_par' dir='ltr' id='par_1_3' title="bbox 3373 345 3476 402">
     <span class='ocr_line' id='line_1_3' title="bbox 3373 345 3476 402; baseline 0.019 -2"><span class='ocrx_word' id='word_1_10' title='bbox 3373 345 3476 402; x_wconf 78' lang='lat'><strong>706</strong></span> 
     </span>
    </p>
   </div>
   <div class='ocr_carea' id='block_1_4' title="bbox 172 453 3449 529">
    <p class='ocr_par' dir='ltr' id='par_1_4' title="bbox 172 453 3449 529">
     <span class='ocr_line' id='line_1_4' title="bbox 172 453 3449 529; baseline 0 -15"><span class='ocrx_word' id='word_1_11' title='bbox 172 459 237 514; x_wconf 86' lang='lat' dir='ltr'><strong>ad</strong></span> <span class='ocrx_word' id='word_1_12' title='bbox 279 466 594 528; x_wconf 89' lang='lat' dir='ltr'><strong>parentem.</strong></span> <span class='ocrx_word' id='word_1_13' title='bbox 636 455 880 528; x_wconf 88' lang='lat' dir='ltr'><strong>Cumque</strong></span> <span class='ocrx_word' id='word_1_14' title='bbox 909 472 1032 523; x_wconf 88' lang='lat' dir='ltr'><strong>vos,</strong></span> <span class='ocrx_word' id='word_1_15' title='bbox 1079 457 1173 522; x_wconf 99' lang='lat' dir='ltr'><strong>ait,</strong></span> <span class='ocrx_word' id='word_1_16' title='bbox 1207 455 1411 513; x_wconf 82' lang='lat' dir='ltr'><strong>reversi</strong></span> <span class='ocrx_word' id='word_1_17' title='bbox 1440 455 1660 512; x_wconf 89' lang='lat' dir='ltr'><strong>fueritis</strong></span> <span class='ocrx_word' id='word_1_18' title='bbox 1703 453 1770 510; x_wconf 88' lang='lat' dir='ltr'><strong>ad</strong></span> <span class='ocrx_word' id='word_1_19' title='bbox 1800 459 1854 519; x_wconf 80' lang='grc' dir='ltr'><strong>Α</strong></span> <span class='ocrx_word' id='word_1_20' title='bbox 1952 454 2014 511; x_wconf 90' lang='lat' dir='ltr'><strong>Si</strong></span> <span class='ocrx_word' id='word_1_21' title='bbox 2037 455 2315 510; x_wconf 78' lang='lat' dir='ltr'><strong>abstuleris</strong></span> <span class='ocrx_word' id='word_1_22' title='bbox 2341 454 2662 524; x_wconf 74' lang='lat' dir='ltr'><strong>offendicula</strong></span> <span class='ocrx_word' id='word_1_23' title='bbox 2686 468 2775 512; x_wconf 87' lang='lat' dir='ltr'><strong>tua</strong></span> <span class='ocrx_word' id='word_1_24' title='bbox 2811 475 2843 511; x_wconf 90' lang='lat' dir='ltr'><strong>a</strong></span> <span class='ocrx_word' id='word_1_25' title='bbox 2877 459 3010 529; x_wconf 89' lang='lat' dir='ltr'><strong>facie</strong></span> <span class='ocrx_word' id='word_1_26' title='bbox 3041 476 3173 526; x_wconf 88' lang='lat' dir='ltr'><strong>mea,</strong></span> <span class='ocrx_word' id='word_1_27' title='bbox 3205 477 3305 515; x_wconf 87' lang='lat' dir='ltr'><strong>non</strong></span> <span class='ocrx_word' id='word_1_28' title='bbox 3333 478 3449 516; x_wconf 89' lang='lat' dir='ltr'><strong>com</strong></span> 
     </span>
    </p>
   </div>
   <div class='ocr_carea' id='block_1_5' title="bbox 175 549 1773 618">
    <p class='ocr_par' dir='ltr' id='par_1_5' title="bbox 175 549 1773 618">
     <span class='ocr_line' id='line_1_5' title="bbox 175 549 1773 618; baseline -0.003 -10"><span class='ocrx_word' id='word_1_29' title='bbox 175 551 489 615; x_wconf 87' lang='lat' dir='ltr'><strong>Dmninum,</strong></span> <span class='ocrx_word' id='word_1_30' title='bbox 523 551 738 607; x_wconf 87' lang='lat' dir='ltr'><strong>sanabit</strong></span> <span class='ocrx_word' id='word_1_31' title='bbox 771 566 960 608; x_wconf 90' lang='lat' dir='ltr'><strong>omnes</strong></span> <span class='ocrx_word' id='word_1_32' title='bbox 995 550 1355 607; x_wconf 71' lang='lat' dir='ltr'><strong>contritiones</strong></span> <span class='ocrx_word' id='word_1_33' title='bbox 1386 559 1620 618; x_wconf 88' lang='lat' dir='ltr'><strong>vestras,</strong></span> <span class='ocrx_word' id='word_1_34' title='bbox 1651 549 1773 604; x_wconf 86' lang='lat' dir='ltr'><strong>sive</strong></span> 
     </span>
    </p>
   </div>
   <div class='ocr_carea' id='block_1_6' title="bbox 173 643 1774 716">
    <p class='ocr_par' dir='ltr' id='par_1_6' title="bbox 173 643 1774 716">
     <span class='ocr_line' id='line_1_6' title="bbox 173 643 1774 716; baseline 0 -17"><span class='ocrx_word' id='word_1_35' title='bbox 173 644 518 710; x_wconf 85' lang='lat' dir='ltr'><strong>aversiones,</strong></span> <span class='ocrx_word' id='word_1_36' title='bbox 549 643 752 716; x_wconf 84' lang='lat' dir='ltr'><strong>quibus</strong></span> <span class='ocrx_word' id='word_1_37' title='bbox 774 658 805 698; x_wconf 86' lang='lat' dir='ltr'><strong>a</strong></span> <span class='ocrx_word' id='word_1_38' title='bbox 830 643 1060 698; x_wconf 92' lang='lat' dir='ltr'><strong>Domino</strong></span> <span class='ocrx_word' id='word_1_39' title='bbox 1093 644 1474 709; x_wconf 88' lang='lat' dir='ltr'><strong>recesseratis,</strong></span> <span class='ocrx_word' id='word_1_40' title='bbox 1502 643 1586 699; x_wconf 89' lang='lat' dir='ltr'><strong>vel</strong></span> <span class='ocrx_word' id='word_1_41' title='bbox 1621 651 1774 700; x_wconf 88' lang='lat' dir='ltr'><strong>certe</strong></span> 
     </span>
    </p>
   </div>
   <div class='ocr_carea' id='block_1_7' title="bbox 175 736 1777 809">
    <p class='ocr_par' dir='ltr' id='par_1_7' title="bbox 175 736 1777 809">
     <span class='ocr_line' id='line_1_7' title="bbox 175 736 1777 809; baseline -0.001 -15"><span class='ocrx_word' id='word_1_42' title='bbox 175 738 596 794; x_wconf 91' lang='lat' dir='ltr'><strong>conversiones.</strong></span> <span class='ocrx_word' id='word_1_43' title='bbox 645 736 909 807; x_wconf 82' lang='lat' dir='ltr'><strong>Quamvis</strong></span> <span class='ocrx_word' id='word_1_44' title='bbox 935 737 1082 794; x_wconf 91' lang='lat' dir='ltr'><strong>enim</strong></span> <span class='ocrx_word' id='word_1_45' title='bbox 1124 739 1343 809; x_wconf 89' lang='lat' dir='ltr'><strong>pr0pria</strong></span> <span class='ocrx_word' id='word_1_46' title='bbox 1378 738 1660 794; x_wconf 74' lang='lat' dir='ltr'><strong>voluntate</strong></span> <span class='ocrx_word' id='word_1_47' title='bbox 1704 737 1777 793; x_wconf 89' lang='lat' dir='ltr'><strong>ad</strong></span> 
     </span>
    </p>
   </div>
   <div class='ocr_carea' id='block_1_8' title="bbox 176 831 1776 895">
    <p class='ocr_par' dir='ltr' id='par_1_8' title="bbox 176 831 1776 895">
     <span class='ocr_line' id='line_1_8' title="bbox 176 831 1776 895; baseline -0.001 -9"><span class='ocrx_word' id='word_1_48' title='bbox 176 831 468 888; x_wconf 91' lang='lat' dir='ltr'><strong>Dominum</strong></span> <span class='ocrx_word' id='word_1_49' title='bbox 497 842 843 888; x_wconf 82' lang='lat' dir='ltr'><strong>revertamur</strong></span> <span class='ocrx_word' id='word_1_50' title='bbox 871 849 884 886; x_wconf 89' lang='lat'><strong>:</strong></span> <span class='ocrx_word' id='word_1_51' title='bbox 915 839 1098 887; x_wconf 89' lang='lat' dir='ltr'><strong>tamen</strong></span> <span class='ocrx_word' id='word_1_52' title='bbox 1138 831 1241 886; x_wconf 91' lang='lat' dir='ltr'><strong>nisi</strong></span> <span class='ocrx_word' id='word_1_53' title='bbox 1274 831 1369 888; x_wconf 92' lang='lat' dir='ltr'><strong>ille</strong></span> <span class='ocrx_word' id='word_1_54' title='bbox 1397 846 1497 886; x_wconf 93' lang='lat' dir='ltr'><strong>nos</strong></span> <span class='ocrx_word' id='word_1_55' title='bbox 1526 831 1776 895; x_wconf 83' lang='lat' dir='ltr'><strong>traxerit,</strong></span> 
     </span>
    </p>
   </div>
   <div class='ocr_carea' id='block_1_9' title="bbox 177 923 1778 994">
    <p class='ocr_par' dir='ltr' id='par_1_9' title="bbox 177 923 1778 994">
     <span class='ocr_line' id='line_1_9' title="bbox 177 923 1778 994; baseline -0.002 -12"><span class='ocrx_word' id='word_1_56' title='bbox 177 935 228 982; x_wconf 87' lang='lat' dir='ltr'><strong>et</strong></span> <span class='ocrx_word' id='word_1_57' title='bbox 251 923 610 994; x_wconf 88' lang='lat' dir='ltr'><strong>cupiditatem</strong></span> <span class='ocrx_word' id='word_1_58' title='bbox 663 933 911 979; x_wconf 89' lang='lat' dir='ltr'><strong>nostram</strong></span> <span class='ocrx_word' id='word_1_59' title='bbox 951 939 1054 978; x_wconf 82' lang='lat' dir='ltr'><strong>suo</strong></span> <span class='ocrx_word' id='word_1_60' title='bbox 1096 923 1443 979; x_wconf 87' lang='lat' dir='ltr'><strong>roboraverit</strong></span> <span class='ocrx_word' id='word_1_61' title='bbox 1490 923 1778 994; x_wconf 72' lang='lat' dir='ltr'><strong>prmsidio,</strong></span> 
     </span>
    </p>
   </div>
   <div class='ocr_carea' id='block_1_10' title="bbox 179 1015 1782 1088">
    <p class='ocr_par' dir='ltr' id='par_1_10' title="bbox 179 1015 1782 1088">
     <span class='ocr_line' id='line_1_10' title="bbox 179 1015 1782 1088; baseline -0.002 -14"><span class='ocrx_word' id='word_1_62' title='bbox 179 1017 308 1074; x_wconf 90' lang='lat' dir='ltr'><strong>salvi</strong></span> <span class='ocrx_word' id='word_1_63' title='bbox 340 1031 470 1074; x_wconf 90' lang='lat' dir='ltr'><strong>esse</strong></span> <span class='ocrx_word' id='word_1_64' title='bbox 504 1033 610 1072; x_wconf 90' lang='lat' dir='ltr'><strong>non</strong></span> <span class='ocrx_word' id='word_1_65' title='bbox 661 1017 987 1088; x_wconf 91' lang='lat' dir='ltr'><strong>poterimus.</strong></span> <span class='ocrx_word' id='word_1_66' title='bbox 1041 1016 1421 1088; x_wconf 77' lang='lat' dir='ltr'><strong>lntelligamus</strong></span> <span class='ocrx_word' id='word_1_67' title='bbox 1457 1017 1560 1073; x_wconf 93' lang='lat' dir='ltr'><strong>hoc</strong></span> <span class='ocrx_word' id='word_1_68' title='bbox 1603 1025 1662 1073; x_wconf 90' lang='lat' dir='ltr'><strong>et</strong></span> <span class='ocrx_word' id='word_1_69' title='bbox 1713 1015 1782 1072; x_wconf 90' lang='lat' dir='ltr'><strong>de</strong></span> 
     </span>
    </p>
   </div>
   <div class='ocr_carea' id='block_1_11' title="bbox 177 1111 1782 1185">
    <p class='ocr_par' dir='ltr' id='par_1_11' title="bbox 177 1111 1782 1185">
     <span class='ocr_line' id='line_1_11' title="bbox 177 1111 1782 1185; baseline -0.002 -15"><span class='ocrx_word' id='word_1_70' title='bbox 177 1113 489 1170; x_wconf 64' lang='lat' dir='ltr'><strong>Judaeorum</strong></span> <span class='ocrx_word' id='word_1_71' title='bbox 535 1113 741 1185; x_wconf 91' lang='lat' dir='ltr'><strong>populo</strong></span> <span class='ocrx_word' id='word_1_72' title='bbox 778 1113 845 1168; x_wconf 89' lang='lat' dir='ltr'><strong>ad</strong></span> <span class='ocrx_word' id='word_1_73' title='bbox 887 1113 1176 1170; x_wconf 89' lang='lat' dir='ltr'><strong>Dominum</strong></span> <span class='ocrx_word' id='word_1_74' title='bbox 1217 1121 1576 1171; x_wconf 83' lang='lat' dir='ltr'><strong>revertenle:</strong></span> <span class='ocrx_word' id='word_1_75' title='bbox 1624 1121 1681 1169; x_wconf 91' lang='lat' dir='ltr'><strong>et</strong></span> <span class='ocrx_word' id='word_1_76' title='bbox 1711 1111 1782 1168; x_wconf 91' lang='lat' dir='ltr'><strong>de</strong></span> 
     </span>
    </p>
   </div>
   <div class='ocr_carea' id='block_1_12' title="bbox 180 1207 1381 1279">
    <p class='ocr_par' dir='ltr' id='par_1_12' title="bbox 180 1207 1381 1279">
     <span class='ocr_line' id='line_1_12' title="bbox 180 1207 1381 1279; baseline 0 -17"><span class='ocrx_word' id='word_1_77' title='bbox 180 1207 459 1264; x_wconf 79' lang='lat' dir='ltr'><strong>hzereticis</strong></span> <span class='ocrx_word' id='word_1_78' title='bbox 488 1209 582 1279; x_wconf 89' lang='lat' dir='ltr'><strong>qui</strong></span> <span class='ocrx_word' id='word_1_79' title='bbox 614 1208 907 1265; x_wconf 90' lang='lat' dir='ltr'><strong>Dominum</strong></span> <span class='ocrx_word' id='word_1_80' title='bbox 949 1207 1381 1278; x_wconf 89' lang='lat' dir='ltr'><strong>dereliquerunt.</strong></span> 
     </span>
    </p>
   </div>
   <div class='ocr_carea' id='block_1_13' title="bbox 250 1301 1785 1373">
    <p class='ocr_par' dir='ltr' id='par_1_13' title="bbox 250 1301 1785 1373">
     <span class='ocr_line' id='line_1_13' title="bbox 250 1301 1785 1373; baseline 0.001 -17"><span class='ocrx_word' id='word_1_81' title='bbox 250 1301 437 1373; x_wconf 90' lang='lat' dir='ltr'><strong>(Vers.</strong></span> <span class='ocrx_word' id='word_1_82' title='bbox 459 1301 584 1372; x_wconf 73' lang='lat'><strong>23.)</strong></span> <span class='ocrx_word' id='word_1_83' title='bbox 610 1301 742 1356; x_wconf 86' lang='lat' dir='ltr'><strong>Ecce</strong></span> <span class='ocrx_word' id='word_1_84' title='bbox 768 1319 863 1358; x_wconf 88' lang='lat' dir='ltr'><strong>nos</strong></span> <span class='ocrx_word' id='word_1_85' title='bbox 884 1302 1116 1357; x_wconf 80' lang='lat' dir='ltr'><strong>venimus</strong></span> <span class='ocrx_word' id='word_1_86' title='bbox 1139 1302 1210 1356; x_wconf 85' lang='lat' dir='ltr'><strong>ad</strong></span> <span class='ocrx_word' id='word_1_87' title='bbox 1239 1312 1286 1358; x_wconf 89' lang='lat' dir='ltr'><strong>te</strong></span> <span class='ocrx_word' id='word_1_88' title='bbox 1313 1320 1330 1358; x_wconf 91' lang='lat'><em>:</em></span> <span class='ocrx_word' id='word_1_89' title='bbox 1353 1314 1408 1357; x_wconf 90' lang='lat' dir='ltr'><strong>tu</strong></span> <span class='ocrx_word' id='word_1_90' title='bbox 1427 1304 1562 1358; x_wconf 88' lang='lat' dir='ltr'><strong>enim</strong></span> <span class='ocrx_word' id='word_1_91' title='bbox 1592 1319 1644 1358; x_wconf 89' lang='lat' dir='ltr'><strong>es</strong></span> <span class='ocrx_word' id='word_1_92' title='bbox 1678 1301 1785 1358; x_wconf 86' lang='lat' dir='ltr'><strong>Do-</strong></span> 
     </span>
    </p>
   </div>
   <div class='ocr_carea' id='block_1_14' title="bbox 181 1393 1788 1463">
    <p class='ocr_par' dir='ltr' id='par_1_14' title="bbox 181 1393 1788 1463">
     <span class='ocr_line' id='line_1_14' title="bbox 181 1393 1788 1463; baseline 0.002 -14"><span class='ocrx_word' id='word_1_93' title='bbox 181 1396 348 1450; x_wconf 96' lang='lat' dir='ltr'><strong>minus</strong></span> <span class='ocrx_word' id='word_1_94' title='bbox 384 1393 530 1450; x_wconf 77' lang='lat' dir='ltr'><strong>Deus</strong></span> <span class='ocrx_word' id='word_1_95' title='bbox 579 1404 772 1451; x_wconf 79' lang='lat' dir='ltr'><strong>noster.</strong></span> <span class='ocrx_word' id='word_1_96' title='bbox 835 1394 966 1450; x_wconf 87' lang='lat' dir='ltr'><strong>Vere</strong></span> <span class='ocrx_word' id='word_1_97' title='bbox 1005 1397 1276 1452; x_wconf 78' lang='lat' dir='ltr'><strong>mendaces</strong></span> <span class='ocrx_word' id='word_1_98' title='bbox 1327 1408 1474 1453; x_wconf 88' lang='lat' dir='ltr'><strong>erant</strong></span> <span class='ocrx_word' id='word_1_99' title='bbox 1519 1399 1698 1463; x_wconf 89' lang='lat' dir='ltr'><strong>colles,</strong></span> <span class='ocrx_word' id='word_1_100' title='bbox 1736 1407 1788 1452; x_wconf 88' lang='lat' dir='ltr'><strong>et</strong></span> 
     </span>
    </p>
   </div>
   <div class='ocr_carea' id='block_1_15' title="bbox 182 1489 1788 1563">
    <p class='ocr_par' dir='ltr' id='par_1_15' title="bbox 182 1489 1788 1563">
     <span class='ocr_line' id='line_1_15' title="bbox 182 1489 1788 1563; baseline 0.001 -19"><span class='ocrx_word' id='word_1_101' title='bbox 182 1489 460 1545; x_wconf 76' lang='lat' dir='ltr'><strong>multitudo</strong></span> <span class='ocrx_word' id='word_1_102' title='bbox 508 1489 649 1563; x_wconf 88' lang='lat' dir='ltr'><strong>(sive</strong></span> <span class='ocrx_word' id='word_1_103' title='bbox 689 1489 970 1563; x_wconf 77' lang='lat' dir='ltr'><strong>fortitudo)</strong></span> <span class='ocrx_word' id='word_1_104' title='bbox 1005 1491 1252 1546; x_wconf 81' lang='lat' dir='ltr'><strong>montium</strong></span> <span class='ocrx_word' id='word_1_105' title='bbox 1286 1508 1305 1545; x_wconf 91' lang='lat'><em>:</em></span> <span class='ocrx_word' id='word_1_106' title='bbox 1339 1507 1454 1546; x_wconf 80' lang='lat' dir='ltr'><strong>vere</strong></span> <span class='ocrx_word' id='word_1_107' title='bbox 1480 1492 1534 1546; x_wconf 89' lang='lat' dir='ltr'><strong>in</strong></span> <span class='ocrx_word' id='word_1_108' title='bbox 1559 1489 1788 1546; x_wconf 90' lang='lat' dir='ltr'><strong>Domino</strong></span> 
     </span>
    </p>
   </div>
   <div class='ocr_carea' id='block_1_16' title="bbox 181 1579 1786 1653">
    <p class='ocr_par' dir='ltr' id='par_1_16' title="bbox 181 1579 1786 1653">
     <span class='ocr_line' id='line_1_16' title="bbox 181 1579 1786 1653; baseline 0.001 -17"><span class='ocrx_word' id='word_1_109' title='bbox 181 1579 290 1636; x_wconf 85' lang='lat' dir='ltr'><strong>Deo</strong></span> <span class='ocrx_word' id='word_1_110' title='bbox 309 1591 490 1638; x_wconf 89' lang='lat' dir='ltr'><strong>nostro</strong></span> <span class='ocrx_word' id='word_1_111' title='bbox 516 1580 660 1637; x_wconf 81' lang='lat' dir='ltr'><strong>salus</strong></span> <span class='ocrx_word' id='word_1_112' title='bbox 682 1581 871 1636; x_wconf 85' lang='lat' dir='ltr'><strong>Israel.</strong></span> <span class='ocrx_word' id='word_1_113' title='bbox 895 1582 1045 1638; x_wconf 84' lang='lat' dir='ltr'><strong>Dicat</strong></span> <span class='ocrx_word' id='word_1_114' title='bbox 1061 1581 1164 1638; x_wconf 88' lang='lat' dir='ltr'><strong>hoc</strong></span> <span class='ocrx_word' id='word_1_115' title='bbox 1185 1583 1479 1653; x_wconf 76' lang='lat' dir='ltr'><strong>ptenitens,</strong></span> <span class='ocrx_word' id='word_1_116' title='bbox 1494 1592 1550 1638; x_wconf 88' lang='lat' dir='ltr'><strong>et</strong></span> <span class='ocrx_word' id='word_1_117' title='bbox 1567 1598 1786 1638; x_wconf 90' lang='lat' dir='ltr'><strong>omnem</strong></span> 
     </span>
    </p>
   </div>
   <div class='ocr_carea' id='block_1_17' title="bbox 1877 548 3576 626">
    <p class='ocr_par' dir='ltr' id='par_1_17' title="bbox 1877 548 3576 626">
     <span class='ocr_line' id='line_1_17' title="bbox 1877 548 3576 626; baseline 0.006 -25"><span class='ocrx_word' id='word_1_118' title='bbox 1877 549 2180 604; x_wconf 82' lang='lat' dir='ltr'><strong>moveberis.</strong></span> <span class='ocrx_word' id='word_1_119' title='bbox 2211 548 2442 616; x_wconf 88' lang='lat' dir='ltr'><strong>Quando</strong></span> <span class='ocrx_word' id='word_1_120' title='bbox 2475 548 2584 623; x_wconf 77' lang='grc' dir='ltr'><strong>[Αἰ.</strong></span> <span class='ocrx_word' id='word_1_121' title='bbox 2617 552 2897 623; x_wconf 88' lang='lat' dir='ltr'><strong>quomodo</strong></span> <span class='ocrx_word' id='word_1_122' title='bbox 2922 552 3076 626; x_wconf 83' lang='lat' dir='ltr'><strong>ergo]</strong></span> <span class='ocrx_word' id='word_1_123' title='bbox 3100 568 3384 610; x_wconf 86' lang='lat' dir='ltr'><strong>movemur</strong></span> <span class='ocrx_word' id='word_1_124' title='bbox 3423 564 3478 610; x_wconf 91' lang='lat' dir='ltr'><strong>et</strong></span> <span class='ocrx_word' id='word_1_125' title='bbox 3567 590 3576 598; x_wconf 89' lang='lat'><strong><em>-</em></strong></span> 
     </span>
    </p>
   </div>
   <div class='ocr_carea' id='block_1_18' title="bbox 1877 642 3476 720">
    <p class='ocr_par' dir='ltr' id='par_1_18' title="bbox 1877 642 3476 720">
     <span class='ocr_line' id='line_1_18' title="bbox 1877 642 3476 720; baseline 0.003 -21"><span class='ocrx_word' id='word_1_126' title='bbox 1877 643 2143 700; x_wconf 91' lang='lat' dir='ltr'><strong>dicimus:</strong></span> <span class='ocrx_word' id='word_1_127' title='bbox 2164 642 2270 698; x_wconf 83' lang='lat' dir='ltr'><strong>Mei</strong></span> <span class='ocrx_word' id='word_1_128' title='bbox 2286 652 2454 699; x_wconf 88' lang='lat' dir='ltr'><strong>autem</strong></span> <span class='ocrx_word' id='word_1_129' title='bbox 2473 661 2601 718; x_wconf 85' lang='lat' dir='ltr'><strong>pene</strong></span> <span class='ocrx_word' id='word_1_130' title='bbox 2616 645 2742 701; x_wconf 85' lang='lat' dir='ltr'><strong>moti</strong></span> <span class='ocrx_word' id='word_1_131' title='bbox 2757 657 2876 701; x_wconf 90' lang='lat' dir='ltr'><strong>sunt</strong></span> <span class='ocrx_word' id='word_1_132' title='bbox 2900 648 3053 716; x_wconf 82' lang='lat' dir='ltr'><strong>pedes</strong></span> <span class='ocrx_word' id='word_1_133' title='bbox 3067 645 3189 720; x_wconf 86' lang='lat' dir='ltr'><strong>(Ps.</strong></span> <span class='ocrx_word' id='word_1_134' title='bbox 3214 664 3378 715; x_wconf 74' lang='lat' dir='ltr'><strong>LXXII,</strong></span> <span class='ocrx_word' id='word_1_135' title='bbox 3393 647 3476 720; x_wconf 74' lang='lat'><strong>2),</strong></span> 
     </span>
    </p>
   </div>
   <div class='ocr_carea' id='block_1_19' title="bbox 1877 736 3480 814">
    <p class='ocr_par' dir='ltr' id='par_1_19' title="bbox 1877 736 3480 814">
     <span class='ocr_line' id='line_1_19' title="bbox 1877 736 3480 814; baseline 0.003 -20"><span class='ocrx_word' id='word_1_136' title='bbox 1877 754 1985 794; x_wconf 92' lang='lat' dir='ltr'><strong>non</strong></span> <span class='ocrx_word' id='word_1_137' title='bbox 2016 736 2396 794; x_wconf 85' lang='lat' dir='ltr'><strong>imbecillitate</strong></span> <span class='ocrx_word' id='word_1_138' title='bbox 2429 746 2638 795; x_wconf 78' lang='lat' dir='ltr'><strong>natura:</strong></span> <span class='ocrx_word' id='word_1_139' title='bbox 2663 739 2766 796; x_wconf 91' lang='lat' dir='ltr'><strong>hoc</strong></span> <span class='ocrx_word' id='word_1_140' title='bbox 2797 739 3054 812; x_wconf 86' lang='lat' dir='ltr'><strong>patimur,</strong></span> <span class='ocrx_word' id='word_1_141' title='bbox 3085 741 3181 798; x_wconf 90' lang='lat' dir='ltr'><strong>sed</strong></span> <span class='ocrx_word' id='word_1_142' title='bbox 3218 743 3345 814; x_wconf 89' lang='lat' dir='ltr'><strong>quia</strong></span> <span class='ocrx_word' id='word_1_143' title='bbox 3384 758 3480 814; x_wconf 89' lang='lat' dir='ltr'><strong>po-</strong></span> 
     </span>
    </p>
   </div>
   <div class='ocr_carea' id='block_1_20' title="bbox 1879 832 3476 902">
    <p class='ocr_par' dir='ltr' id='par_1_20' title="bbox 1879 832 3476 902">
     <span class='ocr_line' id='line_1_20' title="bbox 1879 832 3476 902; baseline 0.003 -14"><span class='ocrx_word' id='word_1_144' title='bbox 1879 833 2058 889; x_wconf 91' lang='lat' dir='ltr'><strong>nimus</strong></span> <span class='ocrx_word' id='word_1_145' title='bbox 2085 832 2440 902; x_wconf 78' lang='lat' dir='ltr'><strong>offendicula,</strong></span> <span class='ocrx_word' id='word_1_146' title='bbox 2473 843 2530 890; x_wconf 93' lang='lat' dir='ltr'><strong>et</strong></span> <span class='ocrx_word' id='word_1_147' title='bbox 2552 834 2695 890; x_wconf 92' lang='lat' dir='ltr'><strong>idola</strong></span> <span class='ocrx_word' id='word_1_148' title='bbox 2725 845 2910 892; x_wconf 91' lang='lat' dir='ltr'><strong>nostra</strong></span> <span class='ocrx_word' id='word_1_149' title='bbox 2940 844 3133 892; x_wconf 88' lang='lat' dir='ltr'><strong>contra</strong></span> <span class='ocrx_word' id='word_1_150' title='bbox 3160 836 3476 892; x_wconf 89' lang='lat' dir='ltr'><strong>Dominum.</strong></span> 
     </span>
    </p>
   </div>
   <div class='ocr_carea' id='block_1_21' title="bbox 1953 925 3482 1000">
    <p class='ocr_par' dir='ltr' id='par_1_21' title="bbox 1953 925 3482 1000">
     <span class='ocr_line' id='line_1_21' title="bbox 1953 925 3482 1000; baseline 0.005 -19"><span class='ocrx_word' id='word_1_151' title='bbox 1953 925 2136 998; x_wconf 84' lang='lat' dir='ltr'><strong>(Vers.</strong></span> <span class='ocrx_word' id='word_1_152' title='bbox 2167 926 2250 997; x_wconf 74' lang='grc'><strong>2.)</strong></span> <span class='ocrx_word' id='word_1_153' title='bbox 2282 925 2349 982; x_wconf 84' lang='lat' dir='ltr'><strong>Et</strong></span> <span class='ocrx_word' id='word_1_154' title='bbox 2380 928 2616 1000; x_wconf 85' lang='lat' dir='ltr'><strong>jurabis,</strong></span> <span class='ocrx_word' id='word_1_155' title='bbox 2660 927 2794 984; x_wconf 77' lang='lat' dir='ltr'><strong>Vicit</strong></span> <span class='ocrx_word' id='word_1_156' title='bbox 2823 928 3076 986; x_wconf 82' lang='lat' dir='ltr'><strong>Dominus</strong></span> <span class='ocrx_word' id='word_1_157' title='bbox 3104 933 3156 986; x_wconf 90' lang='lat' dir='ltr'><strong>in</strong></span> <span class='ocrx_word' id='word_1_158' title='bbox 3181 933 3396 989; x_wconf 77' lang='lat' dir='ltr'><strong>veritate</strong></span> <span class='ocrx_word' id='word_1_159' title='bbox 3432 942 3482 988; x_wconf 87' lang='lat' dir='ltr'><strong>et</strong></span> 
     </span>
    </p>
   </div>
   <div class='ocr_carea' id='block_1_22' title="bbox 1879 1019 3482 1100">
    <p class='ocr_par' dir='ltr' id='par_1_22' title="bbox 1879 1019 3482 1100">
     <span class='ocr_line' id='line_1_22' title="bbox 1879 1019 3482 1100; baseline 0.004 -26"><span class='ocrx_word' id='word_1_160' title='bbox 1879 1019 1934 1074; x_wconf 91' lang='lat' dir='ltr'><strong>in</strong></span> <span class='ocrx_word' id='word_1_161' title='bbox 1976 1019 2183 1092; x_wconf 90' lang='lat' dir='ltr'><strong>judicio</strong></span> <span class='ocrx_word' id='word_1_162' title='bbox 2224 1029 2274 1074; x_wconf 90' lang='lat' dir='ltr'><strong>et</strong></span> <span class='ocrx_word' id='word_1_163' title='bbox 2313 1019 2368 1074; x_wconf 84' lang='lat' dir='ltr'><strong>in</strong></span> <span class='ocrx_word' id='word_1_164' title='bbox 2398 1021 2612 1092; x_wconf 89' lang='lat' dir='ltr'><strong>justitia</strong></span> <span class='ocrx_word' id='word_1_165' title='bbox 2643 1040 2661 1075; x_wconf 92' lang='lat'><strong><em>:</em></strong></span> <span class='ocrx_word' id='word_1_166' title='bbox 2705 1033 2754 1076; x_wconf 88' lang='lat' dir='ltr'><strong>et</strong></span> <span class='ocrx_word' id='word_1_167' title='bbox 2804 1023 3240 1080; x_wconf 84' lang='lat' dir='ltr'><strong>benedicenteum</strong></span> <span class='ocrx_word' id='word_1_168' title='bbox 3285 1036 3482 1100; x_wconf 86' lang='lat' dir='ltr'><strong>gentes,</strong></span> 
     </span>
    </p>
   </div>
   <div class='ocr_carea' id='block_1_23' title="bbox 1878 1109 3484 1187">
    <p class='ocr_par' dir='ltr' id='par_1_23' title="bbox 1878 1109 3484 1187">
     <span class='ocr_line' id='line_1_23' title="bbox 1878 1109 3484 1187; baseline 0.006 -21"><span class='ocrx_word' id='word_1_169' title='bbox 1878 1111 2151 1182; x_wconf 86' lang='lat' dir='ltr'><strong>ipsumque</strong></span> <span class='ocrx_word' id='word_1_170' title='bbox 2172 1109 2482 1166; x_wconf 85' lang='lat' dir='ltr'><strong>laudabunt.</strong></span> <span class='ocrx_word' id='word_1_171' title='bbox 2514 1112 2878 1182; x_wconf 84' lang='lat' dir='ltr'><strong>thuomodo</strong></span> <span class='ocrx_word' id='word_1_172' title='bbox 2909 1114 3266 1186; x_wconf 76' lang='lat' dir='ltr'><strong>Evangelium</strong></span> <span class='ocrx_word' id='word_1_173' title='bbox 3296 1119 3484 1187; x_wconf 88' lang='lat' dir='ltr'><strong>jurarc</strong></span> 
     </span>
    </p>
   </div>
   <div class='ocr_carea' id='block_1_24' title="bbox 1883 1204 3486 1282">
    <p class='ocr_par' dir='ltr' id='par_1_24' title="bbox 1883 1204 3486 1282">
     <span class='ocr_line' id='line_1_24' title="bbox 1883 1204 3486 1282; baseline 0.006 -22"><span class='ocrx_word' id='word_1_174' title='bbox 1883 1219 1984 1261; x_wconf 90' lang='lat' dir='ltr'><strong>nos</strong></span> <span class='ocrx_word' id='word_1_175' title='bbox 2009 1204 2298 1276; x_wconf 85' lang='lat' dir='ltr'><strong>prohibet?</strong></span> <span class='ocrx_word' id='word_1_176' title='bbox 2317 1205 2424 1263; x_wconf 91' lang='lat' dir='ltr'><strong>Sed</strong></span> <span class='ocrx_word' id='word_1_177' title='bbox 2453 1205 2543 1261; x_wconf 89' lang='lat' dir='ltr'><strong>hic</strong></span> <span class='ocrx_word' id='word_1_178' title='bbox 2572 1206 2787 1278; x_wconf 79' lang='lat' dir='ltr'><strong>(Matth.</strong></span> <span class='ocrx_word' id='word_1_179' title='bbox 2804 1209 3126 1282; x_wconf 81' lang='lat' dir='ltr'><strong>v),jurabis,</strong></span> <span class='ocrx_word' id='word_1_180' title='bbox 3156 1226 3254 1282; x_wconf 90' lang='lat' dir='ltr'><strong>pro</strong></span> <span class='ocrx_word' id='word_1_181' title='bbox 3271 1213 3486 1269; x_wconf 90' lang='lat' dir='ltr'><strong>confes-</strong></span> 
     </span>
    </p>
   </div>
   <div class='ocr_carea' id='block_1_25' title="bbox 1885 1296 3486 1377">
    <p class='ocr_par' dir='ltr' id='par_1_25' title="bbox 1885 1296 3486 1377">
     <span class='ocr_line' id='line_1_25' title="bbox 1885 1296 3486 1377; baseline 0.006 -25"><span class='ocrx_word' id='word_1_182' title='bbox 1885 1298 2040 1353; x_wconf 88' lang='lat' dir='ltr'><strong>sione</strong></span> <span class='ocrx_word' id='word_1_183' title='bbox 2059 1296 2280 1365; x_wconf 83' lang='lat' dir='ltr'><strong>dicitur,</strong></span> <span class='ocrx_word' id='word_1_184' title='bbox 2314 1307 2370 1354; x_wconf 87' lang='lat' dir='ltr'><strong>et</strong></span> <span class='ocrx_word' id='word_1_185' title='bbox 2405 1298 2472 1354; x_wconf 91' lang='lat' dir='ltr'><strong>ad</strong></span> <span class='ocrx_word' id='word_1_186' title='bbox 2511 1299 3027 1358; x_wconf 85' lang='lat' dir='ltr'><strong>condemnationem</strong></span> <span class='ocrx_word' id='word_1_187' title='bbox 3056 1302 3352 1372; x_wconf 89' lang='lat' dir='ltr'><strong>idolorum,</strong></span> <span class='ocrx_word' id='word_1_188' title='bbox 3387 1321 3486 1377; x_wconf 92' lang='lat' dir='ltr'><strong>per</strong></span> 
     </span>
    </p>
   </div>
   <div class='ocr_carea' id='block_1_26' title="bbox 1885 1389 3492 1465">
    <p class='ocr_par' dir='ltr' id='par_1_26' title="bbox 1885 1389 3492 1465">
     <span class='ocr_line' id='line_1_26' title="bbox 1885 1389 3492 1465; baseline 0.007 -21"><span class='ocrx_word' id='word_1_189' title='bbox 1885 1405 2008 1462; x_wconf 66' lang='lat' dir='ltr'><strong>qua:</strong></span> <span class='ocrx_word' id='word_1_190' title='bbox 2019 1389 2446 1459; x_wconf 86' lang='lat' dir='ltr'><strong>jurahatlsrael.</strong></span> <span class='ocrx_word' id='word_1_191' title='bbox 2467 1390 2714 1460; x_wconf 88' lang='lat' dir='ltr'><strong>Denique</strong></span> <span class='ocrx_word' id='word_1_192' title='bbox 2733 1392 3411 1465; x_wconf 76' lang='lat' dir='ltr'><strong>auferunturoliendicula,</strong></span> <span class='ocrx_word' id='word_1_193' title='bbox 3435 1410 3492 1457; x_wconf 91' lang='lat' dir='ltr'><strong>et</strong></span> 
     </span>
    </p>
   </div>
   <div class='ocr_carea' id='block_1_27' title="bbox 1883 1482 3492 1561">
    <p class='ocr_par' dir='ltr' id='par_1_27' title="bbox 1883 1482 3492 1561">
     <span class='ocr_line' id='line_1_27' title="bbox 1883 1482 3492 1561; baseline 0.004 -23"><span class='ocrx_word' id='word_1_194' title='bbox 1883 1482 2036 1554; x_wconf 85' lang='lat' dir='ltr'><strong>iurat</strong></span> <span class='ocrx_word' id='word_1_195' title='bbox 2078 1499 2176 1555; x_wconf 91' lang='lat' dir='ltr'><strong>per</strong></span> <span class='ocrx_word' id='word_1_196' title='bbox 2223 1485 2532 1541; x_wconf 89' lang='lat' dir='ltr'><strong>Dominum.</strong></span> <span class='ocrx_word' id='word_1_197' title='bbox 2564 1485 2832 1560; x_wconf 87' lang='lat' dir='ltr'><strong>Quodque</strong></span> <span class='ocrx_word' id='word_1_198' title='bbox 2871 1488 3073 1544; x_wconf 87' lang='lat' dir='ltr'><strong>dicitur</strong></span> <span class='ocrx_word' id='word_1_199' title='bbox 3098 1508 3123 1561; x_wconf 31' lang='grc' dir='ltr'><strong>τι</strong></span> <span class='ocrx_word' id='word_1_200' title='bbox 3148 1489 3278 1546; x_wconf 80' lang='lat' dir='ltr'><strong>Vivit</strong></span> <span class='ocrx_word' id='word_1_201' title='bbox 3307 1491 3492 1547; x_wconf 89' lang='lat' dir='ltr'><strong>Domi-</strong></span> 
     </span>
    </p>
   </div>
   <div class='ocr_carea' id='block_1_28' title="bbox 1890 1577 3493 1652">
    <p class='ocr_par' dir='ltr' id='par_1_28' title="bbox 1890 1577 3493 1652">
     <span class='ocr_line' id='line_1_28' title="bbox 1890 1577 3493 1652; baseline 0.007 -22"><span class='ocrx_word' id='word_1_202' title='bbox 1890 1593 2007 1645; x_wconf 86' lang='lat' dir='ltr'><strong>nus,</strong></span> <span class='ocrx_word' id='word_1_203' title='bbox 2045 1577 2097 1630; x_wconf 86' lang='lat' dir='ltr'><strong>in</strong></span> <span class='ocrx_word' id='word_1_204' title='bbox 2130 1577 2486 1634; x_wconf 88' lang='lat' dir='ltr'><strong>Testamento</strong></span> <span class='ocrx_word' id='word_1_205' title='bbox 2514 1579 2689 1636; x_wconf 89' lang='lat' dir='ltr'><strong>veteri</strong></span> <span class='ocrx_word' id='word_1_206' title='bbox 2717 1579 3109 1652; x_wconf 86' lang='lat' dir='ltr'><strong>jusjurandum</strong></span> <span class='ocrx_word' id='word_1_207' title='bbox 3136 1592 3242 1652; x_wconf 86' lang='lat' dir='ltr'><strong>est,</strong></span> <span class='ocrx_word' id='word_1_208' title='bbox 3267 1585 3334 1640; x_wconf 91' lang='lat' dir='ltr'><strong>ad</strong></span> <span class='ocrx_word' id='word_1_209' title='bbox 3360 1600 3493 1642; x_wconf 79' lang='lat' dir='ltr'><strong>con-</strong></span> 
     </span>
    </p>
   </div>
   <div class='ocr_carea' id='block_1_29' title="bbox 183 1669 3492 1749">
    <p class='ocr_par' dir='ltr' id='par_1_29' title="bbox 183 1669 3492 1749">
     <span class='ocr_line' id='line_1_29' title="bbox 183 1669 3492 1749; baseline 0.001 -16"><span class='ocrx_word' id='word_1_210' title='bbox 183 1676 499 1747; x_wconf 91' lang='lat' dir='ltr'><strong>superbiam</strong></span> <span class='ocrx_word' id='word_1_211' title='bbox 571 1677 1007 1749; x_wconf 87' lang='lat' dir='ltr'><strong>derelinquens,</strong></span> <span class='ocrx_word' id='word_1_212' title='bbox 1076 1687 1134 1734; x_wconf 93' lang='lat' dir='ltr'><strong>et</strong></span> <span class='ocrx_word' id='word_1_213' title='bbox 1203 1679 1608 1734; x_wconf 87' lang='lat' dir='ltr'><strong>multitudinem</strong></span> <span class='ocrx_word' id='word_1_214' title='bbox 1674 1679 1791 1735; x_wconf 88' lang='lat' dir='ltr'><strong>sive</strong></span> <span class='ocrx_word' id='word_1_215' title='bbox 1891 1669 2294 1727; x_wconf 72' lang='lat' dir='ltr'><strong>demnalionem</strong></span> <span class='ocrx_word' id='word_1_216' title='bbox 2351 1680 2716 1743; x_wconf 73' lang='lat' dir='ltr'><strong>mortuorum,</strong></span> <span class='ocrx_word' id='word_1_217' title='bbox 2775 1691 2873 1746; x_wconf 82' lang='lat' dir='ltr'><strong>per</strong></span> <span class='ocrx_word' id='word_1_218' title='bbox 2921 1692 3060 1748; x_wconf 89' lang='lat' dir='ltr'><strong>quos</strong></span> <span class='ocrx_word' id='word_1_219' title='bbox 3111 1679 3264 1749; x_wconf 90' lang='lat' dir='ltr'><strong>jurat</strong></span> <span class='ocrx_word' id='word_1_220' title='bbox 3313 1682 3492 1738; x_wconf 85' lang='lat' dir='ltr'><strong>omnis</strong></span> 
     </span>
    </p>
   </div>
   <div class='ocr_carea' id='block_1_30' title="bbox 183 1763 3496 1844">
    <p class='ocr_par' dir='ltr' id='par_1_30' title="bbox 183 1763 3496 1844">
     <span class='ocr_line' id='line_1_30' title="bbox 183 1763 3496 1844; baseline 0.003 -26"><span class='ocrx_word' id='word_1_221' title='bbox 183 1771 533 1828; x_wconf 75' lang='lat' dir='ltr'><strong>altitudinem</strong></span> <span class='ocrx_word' id='word_1_222' title='bbox 583 1771 848 1828; x_wconf 76' lang='lat' dir='ltr'><strong>montium</strong></span> <span class='ocrx_word' id='word_1_223' title='bbox 888 1780 943 1827; x_wconf 85' lang='lat' dir='ltr'><strong>et</strong></span> <span class='ocrx_word' id='word_1_224' title='bbox 980 1771 1230 1836; x_wconf 71' lang='lat' dir='ltr'><strong>collium,</strong></span> <span class='ocrx_word' id='word_1_225' title='bbox 1265 1786 1362 1842; x_wconf 86' lang='lat' dir='ltr'><strong>per</strong></span> <span class='ocrx_word' id='word_1_226' title='bbox 1396 1788 1557 1842; x_wconf 81' lang='lat' dir='ltr'><strong>quam</strong></span> <span class='ocrx_word' id='word_1_227' title='bbox 1598 1787 1794 1842; x_wconf 76' lang='lat' dir='ltr'><strong>super-</strong></span> <span class='ocrx_word' id='word_1_228' title='bbox 1895 1763 2210 1820; x_wconf 85' lang='lat' dir='ltr'><strong>idololatra.</strong></span> <span class='ocrx_word' id='word_1_229' title='bbox 2246 1765 2531 1836; x_wconf 80' lang='lat' dir='ltr'><strong>Simulque</strong></span> <span class='ocrx_word' id='word_1_230' title='bbox 2571 1769 3118 1826; x_wconf 86' lang='lat' dir='ltr'><strong>animadvertendum</strong></span> <span class='ocrx_word' id='word_1_231' title='bbox 3141 1771 3283 1840; x_wconf 90' lang='lat' dir='ltr'><strong>quod</strong></span> <span class='ocrx_word' id='word_1_232' title='bbox 3318 1773 3496 1844; x_wconf 86' lang='lat' dir='ltr'><strong>jusju-</strong></span> 
     </span>
    </p>
   </div>
   <div class='ocr_carea' id='block_1_31' title="bbox 183 1850 3494 1936">
    <p class='ocr_par' dir='ltr' id='par_1_31' title="bbox 183 1850 3494 1936">
     <span class='ocr_line' id='line_1_31' title="bbox 183 1850 3494 1936; baseline 0.004 -27"><span class='ocrx_word' id='word_1_233' title='bbox 183 1865 363 1920; x_wconf 74' lang='lat' dir='ltr'><strong>biebat</strong></span> <span class='ocrx_word' id='word_1_234' title='bbox 415 1873 609 1921; x_wconf 73' lang='lat' dir='ltr'><strong>contra</strong></span> <span class='ocrx_word' id='word_1_235' title='bbox 653 1864 823 1920; x_wconf 80' lang='lat' dir='ltr'><strong>Deum</strong></span> <span class='ocrx_word' id='word_1_236' title='bbox 863 1881 876 1918; x_wconf 72' lang='grc' dir='ltr'><strong>ε</strong></span> <span class='ocrx_word' id='word_1_237' title='bbox 922 1874 975 1920; x_wconf 82' lang='lat' dir='ltr'><strong>et</strong></span> <span class='ocrx_word' id='word_1_238' title='bbox 1025 1863 1333 1920; x_wconf 74' lang='lat' dir='ltr'><strong>humilitate</strong></span> <span class='ocrx_word' id='word_1_239' title='bbox 1363 1873 1667 1935; x_wconf 77' lang='lat' dir='ltr'><strong>prostratus</strong></span> <span class='ocrx_word' id='word_1_240' title='bbox 1713 1865 1791 1920; x_wconf 82' lang='grc' dir='ltr'><strong>Ιο-</strong></span> <span class='ocrx_word' id='word_1_241' title='bbox 1819 1850 1865 1909; x_wconf 77' lang='grc' dir='ltr'><strong><em>Β</em></strong></span> <span class='ocrx_word' id='word_1_242' title='bbox 1893 1855 2124 1912; x_wconf 89' lang='lat' dir='ltr'><strong>randum</strong></span> <span class='ocrx_word' id='word_1_243' title='bbox 2173 1857 2275 1912; x_wconf 92' lang='lat' dir='ltr'><strong>hos</strong></span> <span class='ocrx_word' id='word_1_244' title='bbox 2326 1858 2527 1916; x_wconf 89' lang='lat' dir='ltr'><strong>habeat</strong></span> <span class='ocrx_word' id='word_1_245' title='bbox 2566 1863 2826 1927; x_wconf 86' lang='lat' dir='ltr'><strong>comites,</strong></span> <span class='ocrx_word' id='word_1_246' title='bbox 2867 1864 3183 1932; x_wconf 88' lang='lat' dir='ltr'><strong>veritatem,</strong></span> <span class='ocrx_word' id='word_1_247' title='bbox 3231 1864 3494 1936; x_wconf 87' lang='lat' dir='ltr'><strong>judicium</strong></span> 
     </span>
    </p>
   </div>
   <div class='ocr_carea' id='block_1_32' title="bbox 183 1957 1664 2032">
    <p class='ocr_par' dir='ltr' id='par_1_32' title="bbox 183 1957 1664 2032">
     <span class='ocr_line' id='line_1_32' title="bbox 183 1957 1664 2032; baseline -0.001 -19"><span class='ocrx_word' id='word_1_248' title='bbox 183 1969 382 2032; x_wconf 86' lang='lat' dir='ltr'><strong>quatur</strong></span> <span class='ocrx_word' id='word_1_249' title='bbox 415 1978 428 2016; x_wconf 93' lang='lat'>:</span> <span class='ocrx_word' id='word_1_250' title='bbox 456 1959 590 2014; x_wconf 82' lang='lat' dir='ltr'><strong>Vere</strong></span> <span class='ocrx_word' id='word_1_251' title='bbox 619 1960 672 2014; x_wconf 88' lang='lat' dir='ltr'><strong>in</strong></span> <span class='ocrx_word' id='word_1_252' title='bbox 709 1957 931 2014; x_wconf 88' lang='lat' dir='ltr'><strong>Domino</strong></span> <span class='ocrx_word' id='word_1_253' title='bbox 961 1958 1072 2014; x_wconf 88' lang='lat' dir='ltr'><strong>Deo</strong></span> <span class='ocrx_word' id='word_1_254' title='bbox 1097 1968 1275 2014; x_wconf 90' lang='lat' dir='ltr'><strong>nostro</strong></span> <span class='ocrx_word' id='word_1_255' title='bbox 1297 1959 1442 2014; x_wconf 90' lang='lat' dir='ltr'><strong>salus</strong></span> <span class='ocrx_word' id='word_1_256' title='bbox 1469 1959 1664 2014; x_wconf 82' lang='lat' dir='ltr'><strong>Israel.</strong></span> 
     </span>
    </p>
   </div>
   <div class='ocr_carea' id='block_1_33' title="bbox 256 2051 1794 2126">
    <p class='ocr_par' dir='ltr' id='par_1_33' title="bbox 256 2051 1794 2126">
     <span class='ocr_line' id='line_1_33' title="bbox 256 2051 1794 2126; baseline -0.003 -16"><span class='ocrx_word' id='word_1_257' title='bbox 256 2053 444 2124; x_wconf 75' lang='lat' dir='ltr'><strong>(Vers.</strong></span> <span class='ocrx_word' id='word_1_258' title='bbox 480 2051 604 2126; x_wconf 77' lang='grc'><strong>24.)</strong></span> <span class='ocrx_word' id='word_1_259' title='bbox 649 2051 901 2125; x_wconf 84' lang='lat' dir='ltr'><strong>Confusio</strong></span> <span class='ocrx_word' id='word_1_260' title='bbox 943 2052 1166 2107; x_wconf 88' lang='lat' dir='ltr'><strong>comedit</strong></span> <span class='ocrx_word' id='word_1_261' title='bbox 1208 2053 1435 2108; x_wconf 85' lang='lat' dir='ltr'><strong>laborem</strong></span> <span class='ocrx_word' id='word_1_262' title='bbox 1463 2062 1673 2124; x_wconf 84' lang='lat' dir='ltr'><strong>patrum</strong></span> <span class='ocrx_word' id='word_1_263' title='bbox 1701 2068 1794 2106; x_wconf 87' lang='lat' dir='ltr'><strong>no-</strong></span> 
     </span>
    </p>
   </div>
   <div class='ocr_carea' id='block_1_34' title="bbox 186 2145 1795 2217">
    <p class='ocr_par' dir='ltr' id='par_1_34' title="bbox 186 2145 1795 2217">
     <span class='ocr_line' id='line_1_34' title="bbox 186 2145 1795 2217; baseline -0.002 -15"><span class='ocrx_word' id='word_1_264' title='bbox 186 2157 413 2202; x_wconf 87' lang='lat' dir='ltr'><strong>strorum</strong></span> <span class='ocrx_word' id='word_1_265' title='bbox 465 2147 530 2202; x_wconf 89' lang='lat' dir='ltr'><strong>ab</strong></span> <span class='ocrx_word' id='word_1_266' title='bbox 589 2145 935 2202; x_wconf 86' lang='lat' dir='ltr'><strong>adolescentia</strong></span> <span class='ocrx_word' id='word_1_267' title='bbox 981 2154 1160 2200; x_wconf 89' lang='lat' dir='ltr'><strong>nostra</strong></span> <span class='ocrx_word' id='word_1_268' title='bbox 1208 2161 1227 2200; x_wconf 89' lang='lat'><strong><em>:</em></strong></span> <span class='ocrx_word' id='word_1_269' title='bbox 1289 2161 1467 2217; x_wconf 86' lang='lat' dir='ltr'><strong>greges</strong></span> <span class='ocrx_word' id='word_1_270' title='bbox 1518 2161 1695 2198; x_wconf 82' lang='lat' dir='ltr'><strong>eorum</strong></span> <span class='ocrx_word' id='word_1_271' title='bbox 1747 2152 1795 2198; x_wconf 89' lang='lat' dir='ltr'><strong>ct</strong></span> 
     </span>
    </p>
   </div>
   <div class='ocr_carea' id='block_1_35' title="bbox 189 2237 1797 2308">
    <p class='ocr_par' dir='ltr' id='par_1_35' title="bbox 189 2237 1797 2308">
     <span class='ocr_line' id='line_1_35' title="bbox 189 2237 1797 2308; baseline -0.002 -13"><span class='ocrx_word' id='word_1_272' title='bbox 189 2251 421 2296; x_wconf 86' lang='lat' dir='ltr'><strong>armenta</strong></span> <span class='ocrx_word' id='word_1_273' title='bbox 461 2256 662 2308; x_wconf 91' lang='lat' dir='ltr'><strong>eorum,</strong></span> <span class='ocrx_word' id='word_1_274' title='bbox 697 2240 836 2308; x_wconf 83' lang='lat' dir='ltr'><strong>ﬁlios</strong></span> <span class='ocrx_word' id='word_1_275' title='bbox 857 2249 904 2293; x_wconf 90' lang='lat' dir='ltr'><strong>et</strong></span> <span class='ocrx_word' id='word_1_276' title='bbox 937 2238 1076 2308; x_wconf 83' lang='lat' dir='ltr'><strong>ﬁlias</strong></span> <span class='ocrx_word' id='word_1_277' title='bbox 1105 2255 1304 2294; x_wconf 89' lang='lat' dir='ltr'><strong>eorum.</strong></span> <span class='ocrx_word' id='word_1_278' title='bbox 1341 2248 1365 2275; x_wconf 76' lang='grc'><strong><em>⁸</em></strong></span> <span class='ocrx_word' id='word_1_279' title='bbox 1391 2237 1595 2294; x_wconf 88' lang='lat' dir='ltr'><strong>Omnes</strong></span> <span class='ocrx_word' id='word_1_280' title='bbox 1623 2237 1797 2293; x_wconf 64' lang='lat' dir='ltr'><strong>haere-</strong></span> 
     </span>
    </p>
   </div>
   <div class='ocr_carea' id='block_1_36' title="bbox 191 2329 1798 2405">
    <p class='ocr_par' dir='ltr' id='par_1_36' title="bbox 191 2329 1798 2405">
     <span class='ocr_line' id='line_1_36' title="bbox 191 2329 1798 2405; baseline -0.004 -13"><span class='ocrx_word' id='word_1_281' title='bbox 191 2337 423 2392; x_wconf 84' lang='lat' dir='ltr'><strong>lienrum</strong></span> <span class='ocrx_word' id='word_1_282' title='bbox 455 2335 700 2401; x_wconf 89' lang='lat' dir='ltr'><strong>labores,</strong></span> <span class='ocrx_word' id='word_1_283' title='bbox 730 2333 800 2389; x_wconf 91' lang='lat' dir='ltr'><strong>de</strong></span> <span class='ocrx_word' id='word_1_284' title='bbox 826 2332 1027 2405; x_wconf 88' lang='lat' dir='ltr'><strong>quibus</strong></span> <span class='ocrx_word' id='word_1_285' title='bbox 1058 2333 1321 2403; x_wconf 85' lang='lat' dir='ltr'><strong>scriptum</strong></span> <span class='ocrx_word' id='word_1_286' title='bbox 1347 2342 1452 2398; x_wconf 91' lang='lat' dir='ltr'><strong>est,</strong></span> <span class='ocrx_word' id='word_1_287' title='bbox 1485 2329 1798 2403; x_wconf 87' lang='lat' dir='ltr'><strong>Defecerunt</strong></span> 
     </span>
    </p>
   </div>
   <div class='ocr_carea' id='block_1_37' title="bbox 191 2425 1797 2498">
    <p class='ocr_par' dir='ltr' id='par_1_37' title="bbox 191 2425 1797 2498">
     <span class='ocr_line' id='line_1_37' title="bbox 191 2425 1797 2498; baseline -0.004 -13"><span class='ocrx_word' id='word_1_288' title='bbox 191 2438 481 2485; x_wconf 81' lang='lat' dir='ltr'><strong>scrutantes</strong></span> <span class='ocrx_word' id='word_1_289' title='bbox 519 2428 772 2483; x_wconf 87' lang='lat' dir='ltr'><strong>scrutinio</strong></span> <span class='ocrx_word' id='word_1_290' title='bbox 801 2425 978 2498; x_wconf 90' lang='lat' dir='ltr'><strong>(Psal.</strong></span> <span class='ocrx_word' id='word_1_291' title='bbox 1009 2443 1163 2495; x_wconf 75' lang='lat' dir='ltr'><strong>um,</strong></span> <span class='ocrx_word' id='word_1_292' title='bbox 1197 2427 1292 2497; x_wconf 87' lang='lat'><strong>7),</strong></span> <span class='ocrx_word' id='word_1_293' title='bbox 1331 2426 1400 2481; x_wconf 89' lang='lat' dir='ltr'><strong>ab</strong></span> <span class='ocrx_word' id='word_1_294' title='bbox 1425 2425 1797 2481; x_wconf 86' lang='lat' dir='ltr'><strong>adolescentia</strong></span> 
     </span>
    </p>
   </div>
   <div class='ocr_carea' id='block_1_38' title="bbox 195 2517 1798 2596">
    <p class='ocr_par' dir='ltr' id='par_1_38' title="bbox 195 2517 1798 2596">
     <span class='ocr_line' id='line_1_38' title="bbox 195 2517 1798 2596; baseline -0.007 -13"><span class='ocrx_word' id='word_1_295' title='bbox 195 2542 384 2583; x_wconf 91' lang='lat' dir='ltr'><strong>eorum</strong></span> <span class='ocrx_word' id='word_1_296' title='bbox 409 2537 553 2596; x_wconf 88' lang='lat' dir='ltr'><strong>quos</strong></span> <span class='ocrx_word' id='word_1_297' title='bbox 577 2523 931 2593; x_wconf 87' lang='lat' dir='ltr'><strong>deeeperant,</strong></span> <span class='ocrx_word' id='word_1_298' title='bbox 959 2521 1100 2576; x_wconf 82' lang='lat' dir='ltr'><strong>ﬁlios</strong></span> <span class='ocrx_word' id='word_1_299' title='bbox 1125 2532 1179 2577; x_wconf 88' lang='lat' dir='ltr'><strong>et</strong></span> <span class='ocrx_word' id='word_1_300' title='bbox 1212 2520 1352 2575; x_wconf 84' lang='lat' dir='ltr'><strong>ﬁlias</strong></span> <span class='ocrx_word' id='word_1_301' title='bbox 1377 2534 1593 2586; x_wconf 88' lang='lat' dir='ltr'><strong>eorum,</strong></span> <span class='ocrx_word' id='word_1_302' title='bbox 1626 2518 1714 2590; x_wconf 90' lang='lat' dir='ltr'><strong>qui</strong></span> <span class='ocrx_word' id='word_1_303' title='bbox 1743 2517 1798 2572; x_wconf 92' lang='lat' dir='ltr'><strong>in</strong></span> 
     </span>
    </p>
   </div>
   <div class='ocr_carea' id='block_1_39' title="bbox 200 2613 1798 2690">
    <p class='ocr_par' dir='ltr' id='par_1_39' title="bbox 200 2613 1798 2690">
     <span class='ocr_line' id='line_1_39' title="bbox 200 2613 1798 2690; baseline -0.006 -15"><span class='ocrx_word' id='word_1_304' title='bbox 200 2619 399 2676; x_wconf 70' lang='lat' dir='ltr'><strong>haeresi</strong></span> <span class='ocrx_word' id='word_1_305' title='bbox 431 2617 800 2690; x_wconf 78' lang='lat' dir='ltr'><strong>profecerant,</strong></span> <span class='ocrx_word' id='word_1_306' title='bbox 815 2616 903 2672; x_wconf 89' lang='lat' dir='ltr'><strong>vel</strong></span> <span class='ocrx_word' id='word_1_307' title='bbox 927 2613 957 2655; x_wconf 73' lang='grc'><strong>1)</strong></span> <span class='ocrx_word' id='word_1_308' title='bbox 977 2623 1187 2671; x_wconf 90' lang='lat' dir='ltr'><strong>tantum</strong></span> <span class='ocrx_word' id='word_1_309' title='bbox 1207 2615 1417 2670; x_wconf 84' lang='lat' dir='ltr'><strong>luxuria</strong></span> <span class='ocrx_word' id='word_1_310' title='bbox 1451 2613 1798 2679; x_wconf 84' lang='lat' dir='ltr'><strong>tenebantur,</strong></span> 
     </span>
    </p>
   </div>
   <div class='ocr_carea' id='block_1_40' title="bbox 200 2706 1514 2786">
    <p class='ocr_par' dir='ltr' id='par_1_40' title="bbox 200 2706 1514 2786">
     <span class='ocr_line' id='line_1_40' title="bbox 200 2706 1514 2786; baseline -0.008 -16"><span class='ocrx_word' id='word_1_311' title='bbox 200 2711 487 2786; x_wconf 82' lang='lat' dir='ltr'><strong>Oppressit</strong></span> <span class='ocrx_word' id='word_1_312' title='bbox 513 2721 701 2766; x_wconf 85' lang='lat' dir='ltr'><strong>nostra</strong></span> <span class='ocrx_word' id='word_1_313' title='bbox 727 2708 1005 2765; x_wconf 87' lang='lat' dir='ltr'><strong>confusio.</strong></span> <span class='ocrx_word' id='word_1_314' title='bbox 1036 2707 1194 2765; x_wconf 86' lang='lat' dir='ltr'><strong>Unde</strong></span> <span class='ocrx_word' id='word_1_315' title='bbox 1222 2706 1468 2762; x_wconf 86' lang='lat' dir='ltr'><strong>inferunt</strong></span> <span class='ocrx_word' id='word_1_316' title='bbox 1499 2723 1514 2760; x_wconf 86' lang='lat'><strong>:</strong></span> 
     </span>
    </p>
   </div>
   <div class='ocr_carea' id='block_1_41' title="bbox 271 2800 1803 2879">
    <p class='ocr_par' dir='ltr' id='par_1_41' title="bbox 271 2800 1803 2879">
     <span class='ocr_line' id='line_1_41' title="bbox 271 2800 1803 2879; baseline -0.007 -17"><span class='ocrx_word' id='word_1_317' title='bbox 271 2803 589 2879; x_wconf 75' lang='lat' dir='ltr'><strong>(Vers.25.)</strong></span> <span class='ocrx_word' id='word_1_318' title='bbox 620 2801 956 2857; x_wconf 88' lang='lat' dir='ltr'><strong>Dormiemus</strong></span> <span class='ocrx_word' id='word_1_319' title='bbox 977 2803 1031 2856; x_wconf 88' lang='lat' dir='ltr'><strong>in</strong></span> <span class='ocrx_word' id='word_1_320' title='bbox 1058 2800 1368 2870; x_wconf 75' lang='lat' dir='ltr'><strong>confusione</strong></span> <span class='ocrx_word' id='word_1_321' title='bbox 1389 2809 1590 2866; x_wconf 83' lang='lat' dir='ltr'><strong>nostra,</strong></span> <span class='ocrx_word' id='word_1_322' title='bbox 1613 2807 1660 2853; x_wconf 89' lang='lat' dir='ltr'><strong>et</strong></span> <span class='ocrx_word' id='word_1_323' title='bbox 1682 2813 1803 2869; x_wconf 85' lang='lat' dir='ltr'><strong>ope-</strong></span> 
     </span>
    </p>
   </div>
   <div class='ocr_carea' id='block_1_42' title="bbox 201 2889 1803 2970">
    <p class='ocr_par' dir='ltr' id='par_1_42' title="bbox 201 2889 1803 2970">
     <span class='ocr_line' id='line_1_42' title="bbox 201 2889 1803 2970; baseline -0.008 -15"><span class='ocrx_word' id='word_1_324' title='bbox 201 2901 294 2955; x_wconf 84' lang='lat' dir='ltr'><strong>riet</strong></span> <span class='ocrx_word' id='word_1_325' title='bbox 325 2915 419 2953; x_wconf 90' lang='lat' dir='ltr'><strong>nos</strong></span> <span class='ocrx_word' id='word_1_326' title='bbox 463 2896 756 2970; x_wconf 81' lang='lat' dir='ltr'><strong>ignominia</strong></span> <span class='ocrx_word' id='word_1_327' title='bbox 800 2903 980 2950; x_wconf 89' lang='lat' dir='ltr'><strong>nostra</strong></span> <span class='ocrx_word' id='word_1_328' title='bbox 1004 2911 1022 2948; x_wconf 89' lang='lat'><strong><em>:</em></strong></span> <span class='ocrx_word' id='word_1_329' title='bbox 1049 2893 1295 2965; x_wconf 83' lang='lat' dir='ltr'><strong>quoniam</strong></span> <span class='ocrx_word' id='word_1_330' title='bbox 1330 2889 1436 2946; x_wconf 90' lang='lat' dir='ltr'><strong>Deo</strong></span> <span class='ocrx_word' id='word_1_331' title='bbox 1477 2901 1651 2944; x_wconf 86' lang='lat' dir='ltr'><strong>nostro</strong></span> <span class='ocrx_word' id='word_1_332' title='bbox 1682 2905 1803 2958; x_wconf 83' lang='lat' dir='ltr'><strong>pec-</strong></span> 
     </span>
    </p>
   </div>
   <div class='ocr_carea' id='block_1_43' title="bbox 203 2984 1804 3062">
    <p class='ocr_par' dir='ltr' id='par_1_43' title="bbox 203 2984 1804 3062">
     <span class='ocr_line' id='line_1_43' title="bbox 203 2984 1804 3062; baseline -0.007 -15"><span class='ocrx_word' id='word_1_333' title='bbox 203 2993 430 3047; x_wconf 78' lang='lat' dir='ltr'><strong>cavimus</strong></span> <span class='ocrx_word' id='word_1_334' title='bbox 480 3007 607 3058; x_wconf 90' lang='lat' dir='ltr'><strong>nos,</strong></span> <span class='ocrx_word' id='word_1_335' title='bbox 640 2998 690 3044; x_wconf 92' lang='lat' dir='ltr'><strong>et</strong></span> <span class='ocrx_word' id='word_1_336' title='bbox 731 2997 901 3062; x_wconf 83' lang='lat' dir='ltr'><strong>patres</strong></span> <span class='ocrx_word' id='word_1_337' title='bbox 927 2987 1092 3043; x_wconf 85' lang='lat' dir='ltr'><strong>nostri</strong></span> <span class='ocrx_word' id='word_1_338' title='bbox 1140 2987 1204 3042; x_wconf 91' lang='lat' dir='ltr'><strong>ab</strong></span> <span class='ocrx_word' id='word_1_339' title='bbox 1246 2984 1595 3041; x_wconf 87' lang='lat' dir='ltr'><strong>adolescentia</strong></span> <span class='ocrx_word' id='word_1_340' title='bbox 1627 2992 1804 3038; x_wconf 86' lang='lat' dir='ltr'><strong>nostra</strong></span> 
     </span>
    </p>
   </div>
   <div class='ocr_carea' id='block_1_44' title="bbox 206 3073 1805 3156">
    <p class='ocr_par' dir='ltr' id='par_1_44' title="bbox 206 3073 1805 3156">
     <span class='ocr_line' id='line_1_44' title="bbox 206 3073 1805 3156; baseline -0.008 -17"><span class='ocrx_word' id='word_1_341' title='bbox 206 3102 360 3156; x_wconf 90' lang='lat' dir='ltr'><strong>usque</strong></span> <span class='ocrx_word' id='word_1_342' title='bbox 384 3084 440 3138; x_wconf 91' lang='lat' dir='ltr'><strong>in</strong></span> <span class='ocrx_word' id='word_1_343' title='bbox 464 3082 601 3137; x_wconf 82' lang='lat' dir='ltr'><strong>hanc</strong></span> <span class='ocrx_word' id='word_1_344' title='bbox 629 3081 766 3135; x_wconf 90' lang='lat' dir='ltr'><strong>diem</strong></span> <span class='ocrx_word' id='word_1_345' title='bbox 796 3097 815 3136; x_wconf 91' lang='lat'><em>:</em></span> <span class='ocrx_word' id='word_1_346' title='bbox 843 3093 890 3135; x_wconf 89' lang='lat' dir='ltr'><strong>et</strong></span> <span class='ocrx_word' id='word_1_347' title='bbox 921 3096 1024 3135; x_wconf 89' lang='lat' dir='ltr'><strong>non</strong></span> <span class='ocrx_word' id='word_1_348' title='bbox 1047 3080 1344 3134; x_wconf 84' lang='lat' dir='ltr'><strong>audivimus</strong></span> <span class='ocrx_word' id='word_1_349' title='bbox 1373 3093 1546 3132; x_wconf 76' lang='lat' dir='ltr'><strong>vocem</strong></span> <span class='ocrx_word' id='word_1_350' title='bbox 1590 3073 1805 3130; x_wconf 88' lang='lat' dir='ltr'><strong>Domini</strong></span> 
     </span>
    </p>
   </div>
   <div class='ocr_carea' id='block_1_45' title="bbox 208 3169 1804 3245">
    <p class='ocr_par' dir='ltr' id='par_1_45' title="bbox 208 3169 1804 3245">
     <span class='ocr_line' id='line_1_45' title="bbox 208 3169 1804 3245; baseline -0.006 -14"><span class='ocrx_word' id='word_1_351' title='bbox 208 3175 302 3232; x_wconf 86' lang='lat' dir='ltr'><strong>Dei</strong></span> <span class='ocrx_word' id='word_1_352' title='bbox 330 3175 516 3231; x_wconf 86' lang='lat' dir='ltr'><strong>nostri.</strong></span> <span class='ocrx_word' id='word_1_353' title='bbox 550 3173 664 3230; x_wconf 80' lang='lat' dir='ltr'><strong>Hoc</strong></span> <span class='ocrx_word' id='word_1_354' title='bbox 690 3173 946 3245; x_wconf 87' lang='lat' dir='ltr'><strong>loquatur</strong></span> <span class='ocrx_word' id='word_1_355' title='bbox 977 3171 1169 3236; x_wconf 84' lang='lat' dir='ltr'><strong>Israel,</strong></span> <span class='ocrx_word' id='word_1_356' title='bbox 1202 3170 1294 3240; x_wconf 86' lang='lat' dir='ltr'><strong>qui</strong></span> <span class='ocrx_word' id='word_1_357' title='bbox 1322 3185 1480 3226; x_wconf 84' lang='lat' dir='ltr'><strong>suum</strong></span> <span class='ocrx_word' id='word_1_358' title='bbox 1518 3169 1804 3225; x_wconf 90' lang='lat' dir='ltr'><strong>Dominum</strong></span> 
     </span>
    </p>
   </div>
   <div class='ocr_carea' id='block_1_46' title="bbox 1895 1951 3508 2030">
    <p class='ocr_par' dir='ltr' id='par_1_46' title="bbox 1895 1951 3508 2030">
     <span class='ocr_line' id='line_1_46' title="bbox 1895 1951 3508 2030; baseline 0.007 -26"><span class='ocrx_word' id='word_1_359' title='bbox 1895 1960 2062 2021; x_wconf 86' lang='lat' dir='ltr'><strong>atque</strong></span> <span class='ocrx_word' id='word_1_360' title='bbox 2095 1951 2367 2021; x_wconf 88' lang='lat' dir='ltr'><strong>justitiam</strong></span> <span class='ocrx_word' id='word_1_361' title='bbox 2404 1969 2418 2008; x_wconf 88' lang='lat'><strong>:</strong></span> <span class='ocrx_word' id='word_1_362' title='bbox 2469 1953 2514 2008; x_wconf 94' lang='lat' dir='ltr'><strong>si</strong></span> <span class='ocrx_word' id='word_1_363' title='bbox 2561 1955 2660 2010; x_wconf 91' lang='lat' dir='ltr'><strong>ista</strong></span> <span class='ocrx_word' id='word_1_364' title='bbox 2692 1953 2986 2021; x_wconf 86' lang='lat' dir='ltr'><strong>defuerint,</strong></span> <span class='ocrx_word' id='word_1_365' title='bbox 3029 1972 3369 2030; x_wconf 86' lang='lat' dir='ltr'><strong>nequaquam</strong></span> <span class='ocrx_word' id='word_1_366' title='bbox 3393 1953 3508 2016; x_wconf 84' lang='lat' dir='ltr'><strong>erit</strong></span> 
     </span>
    </p>
   </div>
   <div class='ocr_carea' id='block_1_47' title="bbox 1889 2041 3500 2118">
    <p class='ocr_par' dir='ltr' id='par_1_47' title="bbox 1889 2041 3500 2118">
     <span class='ocr_line' id='line_1_47' title="bbox 1889 2041 3500 2118; baseline 0.007 -22"><span class='ocrx_word' id='word_1_367' title='bbox 1889 2041 2262 2112; x_wconf 85' lang='lat' dir='ltr'><strong>juramentum</strong></span> <span class='ocrx_word' id='word_1_368' title='bbox 2290 2085 2306 2112; x_wconf 95' lang='lat'><strong>,</strong></span> <span class='ocrx_word' id='word_1_369' title='bbox 2340 2045 2438 2101; x_wconf 90' lang='lat' dir='ltr'><strong>sed</strong></span> <span class='ocrx_word' id='word_1_370' title='bbox 2485 2045 2807 2117; x_wconf 84' lang='lat' dir='ltr'><strong>periurium.</strong></span> <span class='ocrx_word' id='word_1_371' title='bbox 2841 2044 3110 2118; x_wconf 90' lang='lat' dir='ltr'><strong>Cumque,</strong></span> <span class='ocrx_word' id='word_1_372' title='bbox 3143 2049 3241 2115; x_wconf 86' lang='lat' dir='ltr'><strong>ait,</strong></span> <span class='ocrx_word' id='word_1_373' title='bbox 3285 2049 3387 2106; x_wconf 85' lang='lat' dir='ltr'><strong>hoc</strong></span> <span class='ocrx_word' id='word_1_374' title='bbox 3417 2051 3500 2108; x_wconf 89' lang='lat' dir='ltr'><strong>fe-</strong></span> 
     </span>
    </p>
   </div>
   <div class='ocr_carea' id='block_1_48' title="bbox 1897 2135 3507 2215">
    <p class='ocr_par' dir='ltr' id='par_1_48' title="bbox 1897 2135 3507 2215">
     <span class='ocr_line' id='line_1_48' title="bbox 1897 2135 3507 2215; baseline 0.005 -23"><span class='ocrx_word' id='word_1_375' title='bbox 1897 2137 2034 2192; x_wconf 90' lang='lat' dir='ltr'><strong>cerit</strong></span> <span class='ocrx_word' id='word_1_376' title='bbox 2081 2135 2252 2192; x_wconf 91' lang='lat' dir='ltr'><strong>Israel</strong></span> <span class='ocrx_word' id='word_1_377' title='bbox 2275 2179 2288 2200; x_wconf 91' lang='lat'><strong><em>.</em></strong></span> <span class='ocrx_word' id='word_1_378' title='bbox 2327 2148 2382 2193; x_wconf 89' lang='lat' dir='ltr'><strong>et</strong></span> <span class='ocrx_word' id='word_1_379' title='bbox 2421 2153 2526 2208; x_wconf 86' lang='lat' dir='ltr'><strong>per</strong></span> <span class='ocrx_word' id='word_1_380' title='bbox 2555 2139 2850 2211; x_wconf 89' lang='lat' dir='ltr'><strong>Apostolos</strong></span> <span class='ocrx_word' id='word_1_381' title='bbox 2879 2140 3140 2212; x_wconf 80' lang='lat' dir='ltr'><strong>magister</strong></span> <span class='ocrx_word' id='word_1_382' title='bbox 3167 2141 3332 2200; x_wconf 91' lang='lat' dir='ltr'><strong>fuerit</strong></span> <span class='ocrx_word' id='word_1_383' title='bbox 3369 2159 3507 2215; x_wconf 76' lang='lat' dir='ltr'><strong>gen-</strong></span> 
     </span>
    </p>
   </div>
   <div class='ocr_carea' id='block_1_49' title="bbox 1899 2229 3506 2296">
    <p class='ocr_par' dir='ltr' id='par_1_49' title="bbox 1899 2229 3506 2296">
     <span class='ocr_line' id='line_1_49' title="bbox 1899 2229 3506 2296; baseline 0.007 -12"><span class='ocrx_word' id='word_1_384' title='bbox 1899 2229 2054 2295; x_wconf 85' lang='lat' dir='ltr'><strong>tium,</strong></span> <span class='ocrx_word' id='word_1_385' title='bbox 2085 2239 2216 2286; x_wconf 88' lang='lat' dir='ltr'><strong>tunc</strong></span> <span class='ocrx_word' id='word_1_386' title='bbox 2239 2230 2568 2288; x_wconf 89' lang='lat' dir='ltr'><strong>benedicent</strong></span> <span class='ocrx_word' id='word_1_387' title='bbox 2591 2232 2710 2290; x_wconf 90' lang='lat' dir='ltr'><strong>sive</strong></span> <span class='ocrx_word' id='word_1_388' title='bbox 2729 2233 3126 2292; x_wconf 89' lang='lat' dir='ltr'><strong>benedicentur</strong></span> <span class='ocrx_word' id='word_1_389' title='bbox 3147 2234 3204 2292; x_wconf 89' lang='lat' dir='ltr'><strong>in</strong></span> <span class='ocrx_word' id='word_1_390' title='bbox 3225 2253 3292 2293; x_wconf 92' lang='lat' dir='ltr'><strong>eo</strong></span> <span class='ocrx_word' id='word_1_391' title='bbox 3312 2252 3506 2296; x_wconf 86' lang='lat' dir='ltr'><strong>omnes</strong></span> 
     </span>
    </p>
   </div>
   <div class='ocr_carea' id='block_1_50' title="bbox 1897 2325 3507 2404">
    <p class='ocr_par' dir='ltr' id='par_1_50' title="bbox 1897 2325 3507 2404">
     <span class='ocr_line' id='line_1_50' title="bbox 1897 2325 3507 2404; baseline 0.005 -24"><span class='ocrx_word' id='word_1_392' title='bbox 1897 2333 2114 2396; x_wconf 79' lang='lat' dir='ltr'><strong>gentes,</strong></span> <span class='ocrx_word' id='word_1_393' title='bbox 2145 2333 2202 2381; x_wconf 91' lang='lat' dir='ltr'><strong>et</strong></span> <span class='ocrx_word' id='word_1_394' title='bbox 2240 2325 2417 2397; x_wconf 88' lang='lat' dir='ltr'><strong>ipsum</strong></span> <span class='ocrx_word' id='word_1_395' title='bbox 2462 2327 2761 2384; x_wconf 86' lang='lat' dir='ltr'><strong>laudabunt</strong></span> <span class='ocrx_word' id='word_1_396' title='bbox 2800 2329 2947 2401; x_wconf 92' lang='lat' dir='ltr'><strong>quod</strong></span> <span class='ocrx_word' id='word_1_397' title='bbox 2987 2331 3136 2386; x_wconf 90' lang='lat' dir='ltr'><strong>salus</strong></span> <span class='ocrx_word' id='word_1_398' title='bbox 3173 2333 3507 2404; x_wconf 83' lang='lat' dir='ltr'><strong>processerit</strong></span> 
     </span>
    </p>
   </div>
   <div class='ocr_carea' id='block_1_51' title="bbox 1899 2417 2187 2474">
    <p class='ocr_par' dir='ltr' id='par_1_51' title="bbox 1899 2417 2187 2474">
     <span class='ocr_line' id='line_1_51' title="bbox 1899 2417 2187 2474; baseline -0.003 -1"><span class='ocrx_word' id='word_1_399' title='bbox 1899 2433 1969 2473; x_wconf 83' lang='lat' dir='ltr'><strong>ex</strong></span> <span class='ocrx_word' id='word_1_400' title='bbox 1993 2417 2187 2474; x_wconf 87' lang='lat' dir='ltr'><strong>Israel.</strong></span> 
     </span>
    </p>
   </div>
   <div class='ocr_carea' id='block_1_52' title="bbox 1972 2511 3506 2586">
    <p class='ocr_par' dir='ltr' id='par_1_52' title="bbox 1972 2511 3506 2586">
     <span class='ocr_line' id='line_1_52' title="bbox 1972 2511 3506 2586; baseline 0.007 -21"><span class='ocrx_word' id='word_1_401' title='bbox 1972 2511 2151 2583; x_wconf 86' lang='lat' dir='ltr'><strong>(Vers.</strong></span> <span class='ocrx_word' id='word_1_402' title='bbox 2185 2512 2220 2568; x_wconf 80' lang='lat'><strong>5</strong></span> <span class='ocrx_word' id='word_1_403' title='bbox 2249 2511 2436 2586; x_wconf 87' lang='lat' dir='ltr'><strong>seqq.)</strong></span> <span class='ocrx_word' id='word_1_404' title='bbox 2471 2513 2598 2570; x_wconf 79' lang='lat' dir='ltr'><strong>Htcc</strong></span> <span class='ocrx_word' id='word_1_405' title='bbox 2628 2515 2763 2571; x_wconf 89' lang='lat' dir='ltr'><strong>enim</strong></span> <span class='ocrx_word' id='word_1_406' title='bbox 2797 2514 2923 2570; x_wconf 85' lang='lat' dir='ltr'><strong>dicit</strong></span> <span class='ocrx_word' id='word_1_407' title='bbox 2953 2515 3204 2572; x_wconf 87' lang='lat' dir='ltr'><strong>Dominus</strong></span> <span class='ocrx_word' id='word_1_408' title='bbox 3231 2519 3340 2574; x_wconf 86' lang='lat' dir='ltr'><strong>viro</strong></span> <span class='ocrx_word' id='word_1_409' title='bbox 3360 2517 3506 2576; x_wconf 85' lang='lat' dir='ltr'><strong>Juda</strong></span> 
     </span>
    </p>
   </div>
   <div class='ocr_carea' id='block_1_53' title="bbox 1901 2603 3510 2686">
    <p class='ocr_par' dir='ltr' id='par_1_53' title="bbox 1901 2603 3510 2686">
     <span class='ocr_line' id='line_1_53' title="bbox 1901 2603 3510 2686; baseline 0.006 -26"><span class='ocrx_word' id='word_1_410' title='bbox 1901 2613 1948 2660; x_wconf 84' lang='lat' dir='ltr'><strong>et</strong></span> <span class='ocrx_word' id='word_1_411' title='bbox 1967 2603 2256 2660; x_wconf 78' lang='lat' dir='ltr'><strong>Jerusalem</strong></span> <span class='ocrx_word' id='word_1_412' title='bbox 2270 2623 2291 2662; x_wconf 89' lang='lat'><strong><em>:</em></strong></span> <span class='ocrx_word' id='word_1_413' title='bbox 2311 2606 2515 2663; x_wconf 86' lang='lat' dir='ltr'><strong>Novate</strong></span> <span class='ocrx_word' id='word_1_414' title='bbox 2539 2607 2682 2663; x_wconf 82' lang='lat' dir='ltr'><strong>vobis</strong></span> <span class='ocrx_word' id='word_1_415' title='bbox 2705 2607 2908 2678; x_wconf 80' lang='lat' dir='ltr'><strong>navale,</strong></span> <span class='ocrx_word' id='word_1_416' title='bbox 2931 2610 3153 2666; x_wconf 86' lang='lat' dir='ltr'><strong>etnolitc</strong></span> <span class='ocrx_word' id='word_1_417' title='bbox 3173 2628 3337 2668; x_wconf 85' lang='lat' dir='ltr'><strong>serere</strong></span> <span class='ocrx_word' id='word_1_418' title='bbox 3357 2630 3510 2686; x_wconf 82' lang='lat' dir='ltr'><strong>super</strong></span> 
     </span>
    </p>
   </div>
   <div class='ocr_carea' id='block_1_54' title="bbox 1903 2699 3512 2777">
    <p class='ocr_par' dir='ltr' id='par_1_54' title="bbox 1903 2699 3512 2777">
     <span class='ocr_line' id='line_1_54' title="bbox 1903 2699 3512 2777; baseline 0.006 -25"><span class='ocrx_word' id='word_1_419' title='bbox 1903 2699 2082 2770; x_wconf 84' lang='lat' dir='ltr'><strong>spinas</strong></span> <span class='ocrx_word' id='word_1_420' title='bbox 2098 2717 2116 2753; x_wconf 95' lang='lat'><em>:</em></span> <span class='ocrx_word' id='word_1_421' title='bbox 2131 2700 2568 2754; x_wconf 82' lang='lat' dir='ltr'><strong>circumcidimini</strong></span> <span class='ocrx_word' id='word_1_422' title='bbox 2586 2700 2890 2771; x_wconf 88' lang='lat' dir='ltr'><strong>Domino,et</strong></span> <span class='ocrx_word' id='word_1_423' title='bbox 2903 2707 3104 2774; x_wconf 77' lang='lat' dir='ltr'><strong>auferte</strong></span> <span class='ocrx_word' id='word_1_424' title='bbox 3119 2707 3379 2777; x_wconf 66' lang='lat' dir='ltr'><strong>praeputia</strong></span> <span class='ocrx_word' id='word_1_425' title='bbox 3395 2723 3512 2763; x_wconf 91' lang='lat' dir='ltr'><strong>cor-</strong></span> 
     </span>
    </p>
   </div>
   <div class='ocr_carea' id='block_1_55' title="bbox 1905 2793 3510 2863">
    <p class='ocr_par' dir='ltr' id='par_1_55' title="bbox 1905 2793 3510 2863">
     <span class='ocr_line' id='line_1_55' title="bbox 1905 2793 3510 2863; baseline 0.006 -16"><span class='ocrx_word' id='word_1_426' title='bbox 1905 2794 2049 2848; x_wconf 84' lang='lat' dir='ltr'><strong>dium</strong></span> <span class='ocrx_word' id='word_1_427' title='bbox 2078 2802 2386 2863; x_wconf 80' lang='lat' dir='ltr'><strong>vestrorum,</strong></span> <span class='ocrx_word' id='word_1_428' title='bbox 2403 2795 2502 2850; x_wconf 78' lang='lat' dir='ltr'><strong>uiri</strong></span> <span class='ocrx_word' id='word_1_429' title='bbox 2528 2793 2670 2851; x_wconf 85' lang='lat' dir='ltr'><strong>Juda</strong></span> <span class='ocrx_word' id='word_1_430' title='bbox 2695 2805 2743 2851; x_wconf 88' lang='lat' dir='ltr'><strong>et</strong></span> <span class='ocrx_word' id='word_1_431' title='bbox 2763 2796 3079 2852; x_wconf 79' lang='lat' dir='ltr'><strong>habitatores</strong></span> <span class='ocrx_word' id='word_1_432' title='bbox 3099 2797 3427 2856; x_wconf 84' lang='lat' dir='ltr'><strong>Jerusalem:</strong></span> <span class='ocrx_word' id='word_1_433' title='bbox 3446 2817 3510 2856; x_wconf 87' lang='lat' dir='ltr'><strong>ne</strong></span> 
     </span>
    </p>
   </div>
   <div class='ocr_carea' id='block_1_56' title="bbox 1906 2886 3513 2962">
    <p class='ocr_par' dir='ltr' id='par_1_56' title="bbox 1906 2886 3513 2962">
     <span class='ocr_line' id='line_1_56' title="bbox 1906 2886 3513 2962; baseline 0.006 -22"><span class='ocrx_word' id='word_1_434' title='bbox 1906 2891 2041 2960; x_wconf 89' lang='lat' dir='ltr'><strong>forte</strong></span> <span class='ocrx_word' id='word_1_435' title='bbox 2085 2886 2380 2960; x_wconf 86' lang='lat' dir='ltr'><strong>egrediatur</strong></span> <span class='ocrx_word' id='word_1_436' title='bbox 2409 2897 2468 2943; x_wconf 87' lang='lat' dir='ltr'><strong>ut</strong></span> <span class='ocrx_word' id='word_1_437' title='bbox 2493 2888 2630 2960; x_wconf 85' lang='lat' dir='ltr'><strong>ignis</strong></span> <span class='ocrx_word' id='word_1_438' title='bbox 2659 2889 2956 2962; x_wconf 83' lang='lat' dir='ltr'><strong>indignatio</strong></span> <span class='ocrx_word' id='word_1_439' title='bbox 2991 2907 3124 2961; x_wconf 87' lang='lat' dir='ltr'><strong>mea,</strong></span> <span class='ocrx_word' id='word_1_440' title='bbox 3154 2900 3202 2946; x_wconf 89' lang='lat' dir='ltr'><strong>et</strong></span> <span class='ocrx_word' id='word_1_441' title='bbox 3227 2895 3513 2950; x_wconf 79' lang='lat' dir='ltr'><strong>succenda-</strong></span> 
     </span>
    </p>
   </div>
   <div class='ocr_carea' id='block_1_57' title="bbox 1907 2980 3518 3059">
    <p class='ocr_par' dir='ltr' id='par_1_57' title="bbox 1907 2980 3518 3059">
     <span class='ocr_line' id='line_1_57' title="bbox 1907 2980 3518 3059; baseline 0.006 -28"><span class='ocrx_word' id='word_1_442' title='bbox 1907 2987 2013 3042; x_wconf 86' lang='lat' dir='ltr'><strong>tur,</strong></span> <span class='ocrx_word' id='word_1_443' title='bbox 2040 2988 2086 3034; x_wconf 88' lang='lat' dir='ltr'><strong>et</strong></span> <span class='ocrx_word' id='word_1_444' title='bbox 2115 2996 2216 3034; x_wconf 90' lang='lat' dir='ltr'><strong>non</strong></span> <span class='ocrx_word' id='word_1_445' title='bbox 2249 2980 2314 3034; x_wconf 85' lang='lat' dir='ltr'><strong>sit</strong></span> <span class='ocrx_word' id='word_1_446' title='bbox 2337 2981 2428 3051; x_wconf 85' lang='lat' dir='ltr'><strong>qui</strong></span> <span class='ocrx_word' id='word_1_447' title='bbox 2455 2982 2772 3051; x_wconf 74' lang='lat' dir='ltr'><strong>exstinguat,</strong></span> <span class='ocrx_word' id='word_1_448' title='bbox 2800 2990 3016 3052; x_wconf 86' lang='lat' dir='ltr'><strong>propter</strong></span> <span class='ocrx_word' id='word_1_449' title='bbox 3041 2983 3295 3038; x_wconf 88' lang='lat' dir='ltr'><strong>malitiam</strong></span> <span class='ocrx_word' id='word_1_450' title='bbox 3317 2986 3518 3059; x_wconf 84' lang='lat' dir='ltr'><strong>cogita-</strong></span> 
     </span>
    </p>
   </div>
   <div class='ocr_carea' id='block_1_58' title="bbox 1907 3071 3514 3150">
    <p class='ocr_par' dir='ltr' id='par_1_58' title="bbox 1907 3071 3514 3150">
     <span class='ocr_line' id='line_1_58' title="bbox 1907 3071 3514 3150; baseline 0.007 -26"><span class='ocrx_word' id='word_1_451' title='bbox 1907 3071 2104 3126; x_wconf 88' lang='lat' dir='ltr'><strong>tionum</strong></span> <span class='ocrx_word' id='word_1_452' title='bbox 2135 3071 2272 3145; x_wconf 83' lang='lat' dir='ltr'><strong>(sive</strong></span> <span class='ocrx_word' id='word_1_453' title='bbox 2312 3072 2756 3145; x_wconf 82' lang='lat' dir='ltr'><strong>adinventionum)</strong></span> <span class='ocrx_word' id='word_1_454' title='bbox 2786 3084 3090 3129; x_wconf 80' lang='lat' dir='ltr'><strong>vestrarum.</strong></span> <span class='ocrx_word' id='word_1_455' title='bbox 3127 3075 3232 3132; x_wconf 85' lang='lat' dir='ltr'><strong>Pro</strong></span> <span class='ocrx_word' id='word_1_456' title='bbox 3271 3092 3338 3133; x_wconf 93' lang='lat' dir='ltr'><strong>eo</strong></span> <span class='ocrx_word' id='word_1_457' title='bbox 3368 3077 3514 3150; x_wconf 87' lang='lat' dir='ltr'><strong>quod</strong></span> 
     </span>
    </p>
   </div>
   <div class='ocr_carea' id='block_1_59' title="bbox 1911 3163 3516 3243">
    <p class='ocr_par' dir='ltr' id='par_1_59' title="bbox 1911 3163 3516 3243">
     <span class='ocr_line' id='line_1_59' title="bbox 1911 3163 3516 3243; baseline 0.006 -25"><span class='ocrx_word' id='word_1_458' title='bbox 1911 3177 2010 3218; x_wconf 93' lang='lat' dir='ltr'><strong>nos</strong></span> <span class='ocrx_word' id='word_1_459' title='bbox 2037 3163 2296 3228; x_wconf 79' lang='lat' dir='ltr'><strong>diximus,</strong></span> <span class='ocrx_word' id='word_1_460' title='bbox 2319 3165 2748 3220; x_wconf 79' lang='lat' dir='ltr'><strong>eireumeidimini</strong></span> <span class='ocrx_word' id='word_1_461' title='bbox 2779 3165 3026 3236; x_wconf 76' lang='lat' dir='ltr'><strong>Domino,</strong></span> <span class='ocrx_word' id='word_1_462' title='bbox 3067 3177 3113 3224; x_wconf 90' lang='lat' dir='ltr'><strong>et</strong></span> <span class='ocrx_word' id='word_1_463' title='bbox 3150 3173 3352 3243; x_wconf 77' lang='lat' dir='ltr'><strong>auferte</strong></span> <span class='ocrx_word' id='word_1_464' title='bbox 3382 3189 3516 3243; x_wconf 74' lang='lat' dir='ltr'><strong>prae-</strong></span> 
     </span>
    </p>
   </div>
   <div class='ocr_carea' id='block_1_60' title="bbox 209 3244 3518 3338">
    <p class='ocr_par' dir='ltr' id='par_1_60' title="bbox 209 3244 3518 3338">
     <span class='ocr_line' id='line_1_60' title="bbox 209 3244 3518 3338; baseline -0.002 -13"><span class='ocrx_word' id='word_1_465' title='bbox 209 3285 316 3326; x_wconf 93' lang='lat' dir='ltr'><strong>non</strong></span> <span class='ocrx_word' id='word_1_466' title='bbox 347 3266 559 3324; x_wconf 88' lang='lat' dir='ltr'><strong>audivit</strong></span> <span class='ocrx_word' id='word_1_467' title='bbox 595 3285 608 3322; x_wconf 91' lang='lat'>:</span> <span class='ocrx_word' id='word_1_468' title='bbox 651 3244 976 3320; x_wconf 18' lang='lat' dir='ltr'><strong>hociomnis</strong></span> <span class='ocrx_word' id='word_1_469' title='bbox 1017 3262 1314 3319; x_wconf 72' lang='lat' dir='ltr'><strong>hmreticus</strong></span> <span class='ocrx_word' id='word_1_470' title='bbox 1351 3262 1442 3333; x_wconf 91' lang='lat' dir='ltr'><strong>qui</strong></span> <span class='ocrx_word' id='word_1_471' title='bbox 1475 3261 1589 3333; x_wconf 74' lang='lat' dir='ltr'><strong>agit</strong></span> <span class='ocrx_word' id='word_1_472' title='bbox 1629 3259 1807 3331; x_wconf 69' lang='lat' dir='ltr'><strong>posui-</strong></span> <span class='ocrx_word' id='word_1_473' title='bbox 1835 3244 1880 3308; x_wconf 87' lang='lat' dir='ltr'><strong>C</strong></span> <span class='ocrx_word' id='word_1_474' title='bbox 1913 3258 2056 3329; x_wconf 87' lang='lat' dir='ltr'><strong>putia</strong></span> <span class='ocrx_word' id='word_1_475' title='bbox 2087 3259 2325 3312; x_wconf 79' lang='lat' dir='ltr'><strong>cordium</strong></span> <span class='ocrx_word' id='word_1_476' title='bbox 2354 3268 2660 3328; x_wconf 80' lang='lat' dir='ltr'><strong>vestrorum,</strong></span> <span class='ocrx_word' id='word_1_477' title='bbox 2685 3259 3049 3332; x_wconf 90' lang='lat' dir='ltr'><strong>Symmachus</strong></span> <span class='ocrx_word' id='word_1_478' title='bbox 3080 3263 3282 3333; x_wconf 88' lang='lat' dir='ltr'><strong>posuit,</strong></span> <span class='ocrx_word' id='word_1_479' title='bbox 3331 3265 3518 3338; x_wconf 81' lang='lat' dir='ltr'><strong>purifi-</strong></span> 
     </span>
    </p>
   </div>
   <div class='ocr_carea' id='block_1_61' title="bbox 211 3358 1811 3435">
    <p class='ocr_par' dir='ltr' id='par_1_61' title="bbox 211 3358 1811 3435">
     <span class='ocr_line' id='line_1_61' title="bbox 211 3358 1811 3435; baseline -0.004 -14"><span class='ocrx_word' id='word_1_480' title='bbox 211 3365 466 3432; x_wconf 83' lang='lat' dir='ltr'><strong>tentiam;</strong></span> <span class='ocrx_word' id='word_1_481' title='bbox 502 3374 558 3420; x_wconf 91' lang='lat' dir='ltr'><strong>et</strong></span> <span class='ocrx_word' id='word_1_482' title='bbox 589 3373 768 3420; x_wconf 91' lang='lat' dir='ltr'><strong>tamen</strong></span> <span class='ocrx_word' id='word_1_483' title='bbox 803 3379 928 3435; x_wconf 87' lang='lat' dir='ltr'><strong>pars</strong></span> <span class='ocrx_word' id='word_1_484' title='bbox 961 3362 1156 3418; x_wconf 90' lang='lat' dir='ltr'><strong>salutis</strong></span> <span class='ocrx_word' id='word_1_485' title='bbox 1193 3369 1299 3429; x_wconf 82' lang='lat' dir='ltr'><strong>est,</strong></span> <span class='ocrx_word' id='word_1_486' title='bbox 1333 3375 1429 3415; x_wconf 87' lang='lat' dir='ltr'><strong>sua</strong></span> <span class='ocrx_word' id='word_1_487' title='bbox 1474 3358 1727 3415; x_wconf 81' lang='lat' dir='ltr'><strong>confiteri</strong></span> <span class='ocrx_word' id='word_1_488' title='bbox 1753 3369 1811 3415; x_wconf 91' lang='lat' dir='ltr'><strong>et</strong></span> 
     </span>
    </p>
   </div>
   <div class='ocr_carea' id='block_1_62' title="bbox 211 3453 1809 3528">
    <p class='ocr_par' dir='ltr' id='par_1_62' title="bbox 211 3453 1809 3528">
     <span class='ocr_line' id='line_1_62' title="bbox 211 3453 1809 3528; baseline -0.003 -15"><span class='ocrx_word' id='word_1_489' title='bbox 211 3473 372 3515; x_wconf 84' lang='lat' dir='ltr'><strong>nosse</strong></span> <span class='ocrx_word' id='word_1_490' title='bbox 393 3467 636 3528; x_wconf 86' lang='lat' dir='ltr'><strong>peccata.</strong></span> <span class='ocrx_word' id='word_1_491' title='bbox 665 3457 780 3524; x_wconf 87' lang='lat' dir='ltr'><strong>Dic,</strong></span> <span class='ocrx_word' id='word_1_492' title='bbox 819 3456 1017 3528; x_wconf 88' lang='lat' dir='ltr'><strong>inquit,</strong></span> <span class='ocrx_word' id='word_1_493' title='bbox 1051 3465 1106 3509; x_wconf 90' lang='lat' dir='ltr'><strong>tu</strong></span> <span class='ocrx_word' id='word_1_494' title='bbox 1140 3456 1283 3527; x_wconf 88' lang='lat' dir='ltr'><strong>prius</strong></span> <span class='ocrx_word' id='word_1_495' title='bbox 1307 3453 1607 3526; x_wconf 86' lang='lat' dir='ltr'><strong>iniquitates</strong></span> <span class='ocrx_word' id='word_1_496' title='bbox 1649 3461 1765 3507; x_wconf 88' lang='lat' dir='ltr'><strong>tuas</strong></span> <span class='ocrx_word' id='word_1_497' title='bbox 1789 3469 1809 3508; x_wconf 70' lang='grc' dir='ltr'><strong>,ο</strong></span> 
     </span>
    </p>
   </div>
   <div class='ocr_carea' id='block_1_63' title="bbox 213 3547 1811 3625">
    <p class='ocr_par' dir='ltr' id='par_1_63' title="bbox 213 3547 1811 3625">
     <span class='ocr_line' id='line_1_63' title="bbox 213 3547 1811 3625; baseline -0.003 -18"><span class='ocrx_word' id='word_1_498' title='bbox 213 3561 263 3607; x_wconf 89' lang='lat' dir='ltr'><strong>ut</strong></span> <span class='ocrx_word' id='word_1_499' title='bbox 317 3552 631 3625; x_wconf 73' lang='lat' dir='ltr'><strong>justiﬁceris</strong></span> <span class='ocrx_word' id='word_1_500' title='bbox 677 3554 694 3623; x_wconf 96' lang='lat'><strong>(</strong></span> <span class='ocrx_word' id='word_1_501' title='bbox 720 3550 849 3606; x_wconf 87' lang='lat' dir='ltr'><strong>Isai.</strong></span> <span class='ocrx_word' id='word_1_502' title='bbox 893 3567 1043 3618; x_wconf 82' lang='lat' dir='ltr'><strong>xun,</strong></span> <span class='ocrx_word' id='word_1_503' title='bbox 1093 3549 1232 3621; x_wconf 72' lang='grc'><strong>26).</strong></span> <span class='ocrx_word' id='word_1_504' title='bbox 1270 3548 1412 3604; x_wconf 84' lang='lat' dir='ltr'><strong>Vere</strong></span> <span class='ocrx_word' id='word_1_505' title='bbox 1451 3547 1594 3603; x_wconf 88' lang='lat' dir='ltr'><strong>enim</strong></span> <span class='ocrx_word' id='word_1_506' title='bbox 1642 3547 1811 3604; x_wconf 84' lang='lat' dir='ltr'><strong>Israel</strong></span> 
     </span>
    </p>
   </div>
   <div class='ocr_carea' id='block_1_64' title="bbox 211 3642 1810 3707">
    <p class='ocr_par' dir='ltr' id='par_1_64' title="bbox 211 3642 1810 3707">
     <span class='ocr_line' id='line_1_64' title="bbox 211 3642 1810 3707; baseline -0.004 -5"><span class='ocrx_word' id='word_1_507' title='bbox 211 3645 418 3702; x_wconf 89' lang='lat' dir='ltr'><strong>dimisit</strong></span> <span class='ocrx_word' id='word_1_508' title='bbox 445 3645 726 3700; x_wconf 85' lang='lat' dir='ltr'><strong>Christum</strong></span> <span class='ocrx_word' id='word_1_509' title='bbox 771 3643 1065 3701; x_wconf 90' lang='lat' dir='ltr'><strong>Dominum</strong></span> <span class='ocrx_word' id='word_1_510' title='bbox 1092 3643 1266 3700; x_wconf 90' lang='lat' dir='ltr'><strong>Deum</strong></span> <span class='ocrx_word' id='word_1_511' title='bbox 1295 3656 1481 3707; x_wconf 81' lang='lat' dir='ltr'><strong>suum,</strong></span> <span class='ocrx_word' id='word_1_512' title='bbox 1517 3657 1572 3699; x_wconf 87' lang='lat' dir='ltr'><strong>et</strong></span> <span class='ocrx_word' id='word_1_513' title='bbox 1602 3642 1655 3696; x_wconf 91' lang='lat' dir='ltr'><strong>in</strong></span> <span class='ocrx_word' id='word_1_514' title='bbox 1683 3655 1810 3697; x_wconf 88' lang='lat' dir='ltr'><strong>eum</strong></span> 
     </span>
    </p>
   </div>
   <div class='ocr_carea' id='block_1_65' title="bbox 214 3735 1811 3810">
    <p class='ocr_par' dir='ltr' id='par_1_65' title="bbox 214 3735 1811 3810">
     <span class='ocr_line' id='line_1_65' title="bbox 214 3735 1811 3810; baseline -0.006 -13"><span class='ocrx_word' id='word_1_515' title='bbox 214 3740 482 3810; x_wconf 87' lang='lat' dir='ltr'><strong>peccavit,</strong></span> <span class='ocrx_word' id='word_1_516' title='bbox 509 3755 616 3795; x_wconf 90' lang='lat' dir='ltr'><strong>non</strong></span> <span class='ocrx_word' id='word_1_517' title='bbox 643 3739 822 3795; x_wconf 89' lang='lat' dir='ltr'><strong>solum</strong></span> <span class='ocrx_word' id='word_1_518' title='bbox 846 3754 914 3795; x_wconf 92' lang='lat' dir='ltr'><strong>co</strong></span> <span class='ocrx_word' id='word_1_519' title='bbox 946 3746 1196 3810; x_wconf 85' lang='lat' dir='ltr'><strong>tempore</strong></span> <span class='ocrx_word' id='word_1_520' title='bbox 1225 3739 1444 3806; x_wconf 82' lang='lat' dir='ltr'><strong>quando</strong></span> <span class='ocrx_word' id='word_1_521' title='bbox 1467 3738 1618 3793; x_wconf 90' lang='lat' dir='ltr'><strong>visus</strong></span> <span class='ocrx_word' id='word_1_522' title='bbox 1645 3743 1730 3791; x_wconf 89' lang='lat' dir='ltr'><strong>est</strong></span> <span class='ocrx_word' id='word_1_523' title='bbox 1758 3735 1811 3789; x_wconf 93' lang='lat' dir='ltr'><strong>in</strong></span> 
     </span>
    </p>
   </div>
   <div class='ocr_carea' id='block_1_66' title="bbox 215 3831 1812 3902">
    <p class='ocr_par' dir='ltr' id='par_1_66' title="bbox 215 3831 1812 3902">
     <span class='ocr_line' id='line_1_66' title="bbox 215 3831 1812 3902; baseline -0.007 -10"><span class='ocrx_word' id='word_1_524' title='bbox 215 3849 397 3902; x_wconf 86' lang='lat' dir='ltr'><strong>carne,</strong></span> <span class='ocrx_word' id='word_1_525' title='bbox 448 3833 546 3890; x_wconf 88' lang='lat' dir='ltr'><strong>sed</strong></span> <span class='ocrx_word' id='word_1_526' title='bbox 589 3842 645 3890; x_wconf 90' lang='lat' dir='ltr'><strong>et</strong></span> <span class='ocrx_word' id='word_1_527' title='bbox 683 3841 812 3888; x_wconf 89' lang='lat' dir='ltr'><strong>ante</strong></span> <span class='ocrx_word' id='word_1_528' title='bbox 861 3832 1154 3888; x_wconf 84' lang='lat' dir='ltr'><strong>adventum</strong></span> <span class='ocrx_word' id='word_1_529' title='bbox 1189 3832 1356 3887; x_wconf 91' lang='lat' dir='ltr'><strong>illius.</strong></span> <span class='ocrx_word' id='word_1_530' title='bbox 1402 3831 1557 3888; x_wconf 86' lang='lat' dir='ltr'><strong>Unde</strong></span> <span class='ocrx_word' id='word_1_531' title='bbox 1599 3831 1812 3894; x_wconf 85' lang='lat' dir='ltr'><strong>dicunt,</strong></span> 
     </span>
    </p>
   </div>
   <div class='ocr_carea' id='block_1_67' title="bbox 218 3923 1817 3999">
    <p class='ocr_par' dir='ltr' id='par_1_67' title="bbox 218 3923 1817 3999">
     <span class='ocr_line' id='line_1_67' title="bbox 218 3923 1817 3999; baseline -0.004 -17"><span class='ocrx_word' id='word_1_532' title='bbox 218 3945 308 3984; x_wconf 87' lang='lat' dir='ltr'><strong>nos</strong></span> <span class='ocrx_word' id='word_1_533' title='bbox 339 3936 386 3982; x_wconf 86' lang='lat' dir='ltr'><strong>et</strong></span> <span class='ocrx_word' id='word_1_534' title='bbox 415 3936 588 3999; x_wconf 84' lang='lat' dir='ltr'><strong>patres</strong></span> <span class='ocrx_word' id='word_1_535' title='bbox 616 3927 784 3982; x_wconf 89' lang='lat' dir='ltr'><strong>nostri</strong></span> <span class='ocrx_word' id='word_1_536' title='bbox 829 3927 893 3981; x_wconf 88' lang='lat' dir='ltr'><strong>ab</strong></span> <span class='ocrx_word' id='word_1_537' title='bbox 923 3926 1274 3982; x_wconf 87' lang='lat' dir='ltr'><strong>adolescentia</strong></span> <span class='ocrx_word' id='word_1_538' title='bbox 1325 3935 1503 3981; x_wconf 87' lang='lat' dir='ltr'><strong>nostra</strong></span> <span class='ocrx_word' id='word_1_539' title='bbox 1539 3940 1700 3996; x_wconf 85' lang='lat' dir='ltr'><strong>usque</strong></span> <span class='ocrx_word' id='word_1_540' title='bbox 1749 3923 1817 3977; x_wconf 93' lang='lat' dir='ltr'><strong>ad</strong></span> 
     </span>
    </p>
   </div>
   <div class='ocr_carea' id='block_1_68' title="bbox 216 4015 1818 4087">
    <p class='ocr_par' dir='ltr' id='par_1_68' title="bbox 216 4015 1818 4087">
     <span class='ocr_line' id='line_1_68' title="bbox 216 4015 1818 4087; baseline -0.004 -11"><span class='ocrx_word' id='word_1_541' title='bbox 216 4020 347 4076; x_wconf 79' lang='lat' dir='ltr'><strong>hanc</strong></span> <span class='ocrx_word' id='word_1_542' title='bbox 376 4021 536 4086; x_wconf 87' lang='lat' dir='ltr'><strong>diem,</strong></span> <span class='ocrx_word' id='word_1_543' title='bbox 583 4029 630 4072; x_wconf 90' lang='lat' dir='ltr'><strong>et</strong></span> <span class='ocrx_word' id='word_1_544' title='bbox 679 4036 783 4074; x_wconf 88' lang='lat' dir='ltr'><strong>non</strong></span> <span class='ocrx_word' id='word_1_545' title='bbox 820 4018 1116 4073; x_wconf 80' lang='lat' dir='ltr'><strong>audivimus</strong></span> <span class='ocrx_word' id='word_1_546' title='bbox 1145 4034 1315 4074; x_wconf 85' lang='lat' dir='ltr'><strong>vocem</strong></span> <span class='ocrx_word' id='word_1_547' title='bbox 1351 4017 1448 4073; x_wconf 89' lang='lat' dir='ltr'><strong>Dei</strong></span> <span class='ocrx_word' id='word_1_548' title='bbox 1490 4017 1678 4085; x_wconf 86' lang='lat' dir='ltr'><strong>nostri,</strong></span> <span class='ocrx_word' id='word_1_549' title='bbox 1712 4015 1818 4087; x_wconf 89' lang='lat' dir='ltr'><strong>&#39;qui</strong></span> 
     </span>
    </p>
   </div>
   <div class='ocr_carea' id='block_1_69' title="bbox 220 4109 1817 4184">
    <p class='ocr_par' dir='ltr' id='par_1_69' title="bbox 220 4109 1817 4184">
     <span class='ocr_line' id='line_1_69' title="bbox 220 4109 1817 4184; baseline -0.005 -14"><span class='ocrx_word' id='word_1_550' title='bbox 220 4115 421 4170; x_wconf 83' lang='lat' dir='ltr'><strong>nostris</strong></span> <span class='ocrx_word' id='word_1_551' title='bbox 471 4111 716 4184; x_wconf 84' lang='lat' dir='ltr'><strong>patribus</strong></span> <span class='ocrx_word' id='word_1_552' title='bbox 761 4111 1090 4184; x_wconf 88' lang='lat' dir='ltr'><strong>loquebatur</strong></span> <span class='ocrx_word' id='word_1_553' title='bbox 1133 4128 1146 4166; x_wconf 88' lang='lat'><strong>:</strong></span> <span class='ocrx_word' id='word_1_554' title='bbox 1201 4110 1262 4166; x_wconf 90' lang='lat' dir='ltr'><strong>Si</strong></span> <span class='ocrx_word' id='word_1_555' title='bbox 1304 4111 1578 4167; x_wconf 83' lang='lat' dir='ltr'><strong>crederetis</strong></span> <span class='ocrx_word' id='word_1_556' title='bbox 1622 4109 1817 4180; x_wconf 80' lang='lat' dir='ltr'><strong>Moysi,</strong></span> 
     </span>
    </p>
   </div>
   <div class='ocr_carea' id='block_1_70' title="bbox 221 4201 1817 4282">
    <p class='ocr_par' dir='ltr' id='par_1_70' title="bbox 221 4201 1817 4282">
     <span class='ocr_line' id='line_1_70' title="bbox 221 4201 1817 4282; baseline -0.003 -22"><span class='ocrx_word' id='word_1_557' title='bbox 221 4207 499 4264; x_wconf 82' lang='lat' dir='ltr'><strong>crederetis</strong></span> <span class='ocrx_word' id='word_1_558' title='bbox 542 4218 589 4262; x_wconf 94' lang='lat' dir='ltr'><strong>et</strong></span> <span class='ocrx_word' id='word_1_559' title='bbox 630 4206 758 4262; x_wconf 83' lang='lat' dir='ltr'><strong>mihi</strong></span> <span class='ocrx_word' id='word_1_560' title='bbox 800 4223 818 4262; x_wconf 89' lang='lat'><em>:</em></span> <span class='ocrx_word' id='word_1_561' title='bbox 865 4206 932 4262; x_wconf 82' lang='lat' dir='ltr'><strong>de</strong></span> <span class='ocrx_word' id='word_1_562' title='bbox 970 4221 1050 4261; x_wconf 90' lang='lat' dir='ltr'><strong>me</strong></span> <span class='ocrx_word' id='word_1_563' title='bbox 1077 4205 1224 4282; x_wconf 76' lang='lat' dir='ltr'><strong>enim</strong></span> <span class='ocrx_word' id='word_1_564' title='bbox 1251 4205 1342 4260; x_wconf 87' lang='lat' dir='ltr'><strong>ille</strong></span> <span class='ocrx_word' id='word_1_565' title='bbox 1386 4204 1592 4278; x_wconf 84' lang='lat' dir='ltr'><strong>scripsit</strong></span> <span class='ocrx_word' id='word_1_566' title='bbox 1635 4201 1817 4277; x_wconf 85' lang='lat' dir='ltr'><strong>(Joan.</strong></span> 
     </span>
    </p>
   </div>
   <div class='ocr_carea' id='block_1_71' title="bbox 225 4302 422 4377">
    <p class='ocr_par' dir='ltr' id='par_1_71' title="bbox 225 4302 422 4377">
     <span class='ocr_line' id='line_1_71' title="bbox 225 4302 422 4377; baseline 0.01 -19"><span class='ocrx_word' id='word_1_567' title='bbox 225 4319 277 4372; x_wconf 91' lang='lat' dir='ltr'><strong>v,</strong></span> <span class='ocrx_word' id='word_1_568' title='bbox 301 4302 422 4377; x_wconf 72' lang='grc'><strong>46).</strong></span> 
     </span>
    </p>
   </div>
   <div class='ocr_carea' id='block_1_72' title="bbox 295 4389 1824 4470">
    <p class='ocr_par' dir='ltr' id='par_1_72' title="bbox 295 4389 1824 4470">
     <span class='ocr_line' id='line_1_72' title="bbox 295 4389 1824 4470; baseline -0.007 -16"><span class='ocrx_word' id='word_1_569' title='bbox 295 4395 454 4470; x_wconf 85' lang='lat' dir='ltr'><strong>(Cap.</strong></span> <span class='ocrx_word' id='word_1_570' title='bbox 487 4395 578 4452; x_wconf 83' lang='lat' dir='ltr'><strong>IV.</strong></span> <span class='ocrx_word' id='word_1_571' title='bbox 623 4423 694 4436; x_wconf 91' lang='lat'>—</span> <span class='ocrx_word' id='word_1_572' title='bbox 740 4393 895 4452; x_wconf 83' lang='lat' dir='ltr'><strong>Vers.</strong></span> <span class='ocrx_word' id='word_1_573' title='bbox 938 4394 1018 4464; x_wconf 81' lang='lat' dir='ltr'><strong>t.)</strong></span> <span class='ocrx_word' id='word_1_574' title='bbox 1062 4394 1122 4449; x_wconf 87' lang='lat' dir='ltr'><strong>Si</strong></span> <span class='ocrx_word' id='word_1_575' title='bbox 1173 4393 1458 4460; x_wconf 72' lang='lat' dir='ltr'><strong>reverter-is,</strong></span> <span class='ocrx_word' id='word_1_576' title='bbox 1510 4389 1706 4457; x_wconf 81' lang='lat' dir='ltr'><strong>Israel,</strong></span> <span class='ocrx_word' id='word_1_577' title='bbox 1750 4391 1824 4446; x_wconf 89' lang='lat' dir='ltr'><strong>ait</strong></span> 
     </span>
    </p>
   </div>
   <div class='ocr_carea' id='block_1_73' title="bbox 229 4485 1824 4559">
    <p class='ocr_par' dir='ltr' id='par_1_73' title="bbox 229 4485 1824 4559">
     <span class='ocr_line' id='line_1_73' title="bbox 229 4485 1824 4559; baseline -0.007 -10"><span class='ocrx_word' id='word_1_578' title='bbox 229 4493 504 4556; x_wconf 82' lang='lat' dir='ltr'><strong>Dominus,</strong></span> <span class='ocrx_word' id='word_1_579' title='bbox 535 4491 606 4545; x_wconf 90' lang='lat' dir='ltr'><strong>ad</strong></span> <span class='ocrx_word' id='word_1_580' title='bbox 636 4505 718 4545; x_wconf 90' lang='lat' dir='ltr'><strong>me</strong></span> <span class='ocrx_word' id='word_1_581' title='bbox 751 4500 1064 4545; x_wconf 83' lang='lat' dir='ltr'><strong>convertere.</strong></span> <span class='ocrx_word' id='word_1_582' title='bbox 1107 4488 1212 4544; x_wconf 89' lang='lat' dir='ltr'><strong>Pro</strong></span> <span class='ocrx_word' id='word_1_583' title='bbox 1253 4503 1362 4559; x_wconf 84' lang='lat' dir='ltr'><strong>quo</strong></span> <span class='ocrx_word' id='word_1_584' title='bbox 1407 4485 1551 4543; x_wconf 81' lang='lat' dir='ltr'><strong>LXX</strong></span> <span class='ocrx_word' id='word_1_585' title='bbox 1583 4493 1824 4542; x_wconf 87' lang='lat' dir='ltr'><strong>transtu-</strong></span> 
     </span>
    </p>
   </div>
   <div class='ocr_carea' id='block_1_74' title="bbox 226 4578 1822 4656">
    <p class='ocr_par' dir='ltr' id='par_1_74' title="bbox 226 4578 1822 4656">
     <span class='ocr_line' id='line_1_74' title="bbox 226 4578 1822 4656; baseline -0.006 -13"><span class='ocrx_word' id='word_1_586' title='bbox 226 4585 435 4642; x_wconf 85' lang='lat' dir='ltr'><strong>lerunt:</strong></span> <span class='ocrx_word' id='word_1_587' title='bbox 462 4582 631 4656; x_wconf 65' lang='grc'><strong>864</strong></span> <span class='ocrx_word' id='word_1_588' title='bbox 653 4583 712 4639; x_wconf 89' lang='lat' dir='ltr'><strong>Si</strong></span> <span class='ocrx_word' id='word_1_589' title='bbox 742 4598 1020 4638; x_wconf 84' lang='lat' dir='ltr'><strong>conversus</strong></span> <span class='ocrx_word' id='word_1_590' title='bbox 1043 4581 1200 4654; x_wconf 86' lang='lat' dir='ltr'><strong>fuerit</strong></span> <span class='ocrx_word' id='word_1_591' title='bbox 1220 4580 1415 4648; x_wconf 82' lang='lat' dir='ltr'><strong>Israel,</strong></span> <span class='ocrx_word' id='word_1_592' title='bbox 1439 4581 1515 4635; x_wconf 91' lang='lat' dir='ltr'><strong>ait</strong></span> <span class='ocrx_word' id='word_1_593' title='bbox 1545 4578 1822 4644; x_wconf 87' lang='lat' dir='ltr'><strong>Dominus,</strong></span> 
     </span>
    </p>
   </div>
   <div class='ocr_carea' id='block_1_75' title="bbox 228 4673 1826 4741">
    <p class='ocr_par' dir='ltr' id='par_1_75' title="bbox 228 4673 1826 4741">
     <span class='ocr_line' id='line_1_75' title="bbox 228 4673 1826 4741; baseline -0.002 -8"><span class='ocrx_word' id='word_1_594' title='bbox 228 4682 294 4735; x_wconf 86' lang='lat' dir='ltr'><strong>ad</strong></span> <span class='ocrx_word' id='word_1_595' title='bbox 322 4696 403 4735; x_wconf 88' lang='lat' dir='ltr'><strong>me</strong></span> <span class='ocrx_word' id='word_1_596' title='bbox 428 4687 775 4734; x_wconf 82' lang='lat' dir='ltr'><strong>convertetur.</strong></span> <span class='ocrx_word' id='word_1_597' title='bbox 807 4676 872 4731; x_wconf 87' lang='lat' dir='ltr'><strong>Et</strong></span> <span class='ocrx_word' id='word_1_598' title='bbox 898 4684 986 4732; x_wconf 89' lang='lat' dir='ltr'><strong>est</strong></span> <span class='ocrx_word' id='word_1_599' title='bbox 1009 4689 1204 4730; x_wconf 87' lang='lat' dir='ltr'><strong>sensus</strong></span> <span class='ocrx_word' id='word_1_600' title='bbox 1231 4717 1246 4741; x_wconf 88' lang='lat'><strong>,</strong></span> <span class='ocrx_word' id='word_1_601' title='bbox 1280 4673 1326 4729; x_wconf 89' lang='lat' dir='ltr'><strong>si</strong></span> <span class='ocrx_word' id='word_1_602' title='bbox 1344 4674 1411 4730; x_wconf 91' lang='lat' dir='ltr'><strong>ad</strong></span> <span class='ocrx_word' id='word_1_603' title='bbox 1440 4689 1527 4729; x_wconf 88' lang='lat' dir='ltr'><strong>me</strong></span> <span class='ocrx_word' id='word_1_604' title='bbox 1550 4674 1713 4730; x_wconf 87' lang='lat' dir='ltr'><strong>fuerit</strong></span> <span class='ocrx_word' id='word_1_605' title='bbox 1738 4689 1826 4730; x_wconf 86' lang='lat' dir='ltr'><strong>re-</strong></span> 
     </span>
    </p>
   </div>
   <div class='ocr_carea' id='block_1_76' title="bbox 227 4765 1827 4838">
    <p class='ocr_par' dir='ltr' id='par_1_76' title="bbox 227 4765 1827 4838">
     <span class='ocr_line' id='line_1_76' title="bbox 227 4765 1827 4838; baseline -0.002 -13"><span class='ocrx_word' id='word_1_606' title='bbox 227 4787 439 4838; x_wconf 81' lang='lat' dir='ltr'><strong>versus,</strong></span> <span class='ocrx_word' id='word_1_607' title='bbox 472 4778 784 4827; x_wconf 88' lang='lat' dir='ltr'><strong>revertetur</strong></span> <span class='ocrx_word' id='word_1_608' title='bbox 829 4767 897 4824; x_wconf 90' lang='lat' dir='ltr'><strong>de</strong></span> <span class='ocrx_word' id='word_1_609' title='bbox 931 4766 1275 4837; x_wconf 88' lang='lat' dir='ltr'><strong>captivitate.</strong></span> <span class='ocrx_word' id='word_1_610' title='bbox 1304 4765 1433 4823; x_wconf 90' lang='lat' dir='ltr'><strong>Sive</strong></span> <span class='ocrx_word' id='word_1_611' title='bbox 1465 4767 1627 4822; x_wconf 86' lang='lat' dir='ltr'><strong>aliter</strong></span> <span class='ocrx_word' id='word_1_612' title='bbox 1657 4783 1670 4821; x_wconf 91' lang='lat'><strong>:</strong></span> <span class='ocrx_word' id='word_1_613' title='bbox 1703 4782 1827 4822; x_wconf 91' lang='lat' dir='ltr'><strong>cum</strong></span> 
     </span>
    </p>
   </div>
   <div class='ocr_carea' id='block_1_77' title="bbox 230 4858 1832 4934">
    <p class='ocr_par' dir='ltr' id='par_1_77' title="bbox 230 4858 1832 4934">
     <span class='ocr_line' id='line_1_77' title="bbox 230 4858 1832 4934; baseline -0.004 -14"><span class='ocrx_word' id='word_1_614' title='bbox 230 4864 490 4922; x_wconf 90' lang='lat' dir='ltr'><strong>obtulerit</strong></span> <span class='ocrx_word' id='word_1_615' title='bbox 519 4862 664 4934; x_wconf 87' lang='lat' dir='ltr'><strong>quod</strong></span> <span class='ocrx_word' id='word_1_616' title='bbox 700 4860 910 4917; x_wconf 88' lang='lat' dir='ltr'><strong>habet:</strong></span> <span class='ocrx_word' id='word_1_617' title='bbox 953 4858 1056 4927; x_wconf 83' lang='lat' dir='ltr'><strong>Qui</strong></span> <span class='ocrx_word' id='word_1_618' title='bbox 1097 4859 1235 4914; x_wconf 85' lang='lat' dir='ltr'><strong>enim</strong></span> <span class='ocrx_word' id='word_1_619' title='bbox 1275 4858 1449 4926; x_wconf 80' lang='lat' dir='ltr'><strong>habet,</strong></span> <span class='ocrx_word' id='word_1_620' title='bbox 1481 4858 1696 4914; x_wconf 88' lang='lat' dir='ltr'><strong>dabitur</strong></span> <span class='ocrx_word' id='word_1_621' title='bbox 1739 4860 1786 4914; x_wconf 89' lang='lat' dir='ltr'><strong>ei</strong></span> <span class='ocrx_word' id='word_1_622' title='bbox 1812 4873 1832 4914; x_wconf 89' lang='lat'><strong><em>:</em></strong></span> 
     </span>
    </p>
   </div>
   <div class='ocr_carea' id='block_1_78' title="bbox 229 4951 1836 5028">
    <p class='ocr_par' dir='ltr' id='par_1_78' title="bbox 229 4951 1836 5028">
     <span class='ocr_line' id='line_1_78' title="bbox 229 4951 1836 5028; baseline -0.001 -17"><span class='ocrx_word' id='word_1_623' title='bbox 229 4958 318 5028; x_wconf 91' lang='lat' dir='ltr'><strong>qui</strong></span> <span class='ocrx_word' id='word_1_624' title='bbox 351 4967 529 5012; x_wconf 89' lang='lat' dir='ltr'><strong>autem</strong></span> <span class='ocrx_word' id='word_1_625' title='bbox 573 4972 680 5010; x_wconf 89' lang='lat' dir='ltr'><strong>non</strong></span> <span class='ocrx_word' id='word_1_626' title='bbox 716 4953 900 5020; x_wconf 83' lang='lat' dir='ltr'><strong>habet,</strong></span> <span class='ocrx_word' id='word_1_627' title='bbox 936 4952 1086 5008; x_wconf 86' lang='lat' dir='ltr'><strong>etiam</strong></span> <span class='ocrx_word' id='word_1_628' title='bbox 1117 4951 1173 5006; x_wconf 91' lang='lat' dir='ltr'><strong>id</strong></span> <span class='ocrx_word' id='word_1_629' title='bbox 1213 4953 1354 5024; x_wconf 89' lang='lat' dir='ltr'><strong>quod</strong></span> <span class='ocrx_word' id='word_1_630' title='bbox 1399 4953 1602 5007; x_wconf 83' lang='lat' dir='ltr'><strong>videtur</strong></span> <span class='ocrx_word' id='word_1_631' title='bbox 1647 4953 1836 5009; x_wconf 83' lang='lat' dir='ltr'><strong>habere</strong></span> 
     </span>
    </p>
   </div>
   <div class='ocr_carea' id='block_1_79' title="bbox 229 5042 1838 5123">
    <p class='ocr_par' dir='ltr' id='par_1_79' title="bbox 229 5042 1838 5123">
     <span class='ocr_line' id='line_1_79' title="bbox 229 5042 1838 5123; baseline -0.003 -17"><span class='ocrx_word' id='word_1_632' title='bbox 229 5053 494 5123; x_wconf 78' lang='lat' dir='ltr'><strong>auferetur</strong></span> <span class='ocrx_word' id='word_1_633' title='bbox 516 5049 580 5104; x_wconf 90' lang='lat' dir='ltr'><strong>ab</strong></span> <span class='ocrx_word' id='word_1_634' title='bbox 601 5065 661 5104; x_wconf 89' lang='lat' dir='ltr'><strong>eo</strong></span> <span class='ocrx_word' id='word_1_635' title='bbox 691 5048 909 5119; x_wconf 80' lang='lat' dir='ltr'><strong>(Matth.</strong></span> <span class='ocrx_word' id='word_1_636' title='bbox 931 5061 1060 5113; x_wconf 79' lang='lat' dir='ltr'><strong>xxv,</strong></span> <span class='ocrx_word' id='word_1_637' title='bbox 1080 5042 1200 5115; x_wconf 74' lang='lat'><strong>‘29).</strong></span> <span class='ocrx_word' id='word_1_638' title='bbox 1233 5045 1404 5102; x_wconf 87' lang='lat' dir='ltr'><strong>Porro</strong></span> <span class='ocrx_word' id='word_1_639' title='bbox 1422 5046 1574 5116; x_wconf 78' lang='lat' dir='ltr'><strong>juxta</strong></span> <span class='ocrx_word' id='word_1_640' title='bbox 1606 5045 1838 5103; x_wconf 83' lang='lat' dir='ltr'><strong>Hebrai-</strong></span> 
     </span>
    </p>
   </div>
   <div class='ocr_carea' id='block_1_80' title="bbox 230 5137 1842 5207">
    <p class='ocr_par' dir='ltr' id='par_1_80' title="bbox 230 5137 1842 5207">
     <span class='ocr_line' id='line_1_80' title="bbox 230 5137 1842 5207; baseline -0.005 -5"><span class='ocrx_word' id='word_1_641' title='bbox 230 5163 353 5202; x_wconf 90' lang='lat' dir='ltr'><strong>cum</strong></span> <span class='ocrx_word' id='word_1_642' title='bbox 383 5145 472 5200; x_wconf 93' lang='lat' dir='ltr'><strong>hic</strong></span> <span class='ocrx_word' id='word_1_643' title='bbox 503 5157 700 5200; x_wconf 88' lang='lat' dir='ltr'><strong>sensus</strong></span> <span class='ocrx_word' id='word_1_644' title='bbox 729 5149 815 5199; x_wconf 90' lang='lat' dir='ltr'><strong>est</strong></span> <span class='ocrx_word' id='word_1_645' title='bbox 841 5157 854 5194; x_wconf 74' lang='grc' dir='ltr'>ε</span> <span class='ocrx_word' id='word_1_646' title='bbox 877 5138 938 5196; x_wconf 93' lang='lat' dir='ltr'><strong>Si</strong></span> <span class='ocrx_word' id='word_1_647' title='bbox 969 5137 1269 5195; x_wconf 89' lang='lat' dir='ltr'><strong>reverteris</strong></span> <span class='ocrx_word' id='word_1_648' title='bbox 1305 5137 1377 5194; x_wconf 90' lang='lat' dir='ltr'><strong>ad</strong></span> <span class='ocrx_word' id='word_1_649' title='bbox 1418 5153 1528 5207; x_wconf 91' lang='lat' dir='ltr'><strong>me,</strong></span> <span class='ocrx_word' id='word_1_650' title='bbox 1564 5139 1756 5207; x_wconf 87' lang='lat' dir='ltr'><strong>lsrael,</strong></span> <span class='ocrx_word' id='word_1_651' title='bbox 1783 5147 1842 5194; x_wconf 88' lang='lat' dir='ltr'><strong>et</strong></span> 
     </span>
    </p>
   </div>
   <div class='ocr_carea' id='block_1_81' title="bbox 234 5231 1840 5305">
    <p class='ocr_par' dir='ltr' id='par_1_81' title="bbox 234 5231 1840 5305">
     <span class='ocr_line' id='line_1_81' title="bbox 234 5231 1840 5305; baseline -0.004 -9"><span class='ocrx_word' id='word_1_652' title='bbox 234 5240 405 5298; x_wconf 84' lang='lat' dir='ltr'><strong>semel</strong></span> <span class='ocrx_word' id='word_1_653' title='bbox 429 5239 666 5295; x_wconf 87' lang='lat' dir='ltr'><strong>salutem</strong></span> <span class='ocrx_word' id='word_1_654' title='bbox 704 5235 1050 5300; x_wconf 88' lang='lat' dir='ltr'><strong>desiderans,</strong></span> <span class='ocrx_word' id='word_1_655' title='bbox 1081 5247 1343 5305; x_wconf 84' lang='lat' dir='ltr'><strong>peccasse</strong></span> <span class='ocrx_word' id='word_1_656' title='bbox 1393 5242 1444 5288; x_wconf 92' lang='lat' dir='ltr'><strong>te</strong></span> <span class='ocrx_word' id='word_1_657' title='bbox 1463 5231 1625 5300; x_wconf 90' lang='lat' dir='ltr'><strong>dicis,</strong></span> <span class='ocrx_word' id='word_1_658' title='bbox 1657 5242 1713 5290; x_wconf 89' lang='lat' dir='ltr'><strong>et</strong></span> <span class='ocrx_word' id='word_1_659' title='bbox 1745 5247 1840 5289; x_wconf 88' lang='lat' dir='ltr'><strong>vo-</strong></span> 
     </span>
    </p>
   </div>
   <div class='ocr_carea' id='block_1_82' title="bbox 235 5327 1836 5398">
    <p class='ocr_par' dir='ltr' id='par_1_82' title="bbox 235 5327 1836 5398">
     <span class='ocr_line' id='line_1_82' title="bbox 235 5327 1836 5398; baseline -0.005 -7"><span class='ocrx_word' id='word_1_660' title='bbox 235 5350 353 5392; x_wconf 91' lang='lat' dir='ltr'><strong>cem</strong></span> <span class='ocrx_word' id='word_1_661' title='bbox 391 5331 610 5390; x_wconf 89' lang='lat' dir='ltr'><strong>Domini</strong></span> <span class='ocrx_word' id='word_1_662' title='bbox 651 5331 748 5387; x_wconf 89' lang='lat' dir='ltr'><strong>Dei</strong></span> <span class='ocrx_word' id='word_1_663' title='bbox 773 5329 851 5386; x_wconf 87' lang='lat' dir='ltr'><strong>tui</strong></span> <span class='ocrx_word' id='word_1_664' title='bbox 883 5346 990 5385; x_wconf 92' lang='lat' dir='ltr'><strong>non</strong></span> <span class='ocrx_word' id='word_1_665' title='bbox 1014 5327 1257 5393; x_wconf 88' lang='lat' dir='ltr'><strong>audisse,</strong></span> <span class='ocrx_word' id='word_1_666' title='bbox 1291 5327 1452 5398; x_wconf 89' lang='lat' dir='ltr'><strong>plene</strong></span> <span class='ocrx_word' id='word_1_667' title='bbox 1489 5335 1836 5396; x_wconf 85' lang='lat' dir='ltr'><strong>convertere,</strong></span> 
     </span>
    </p>
   </div>
   <div class='ocr_carea' id='block_1_83' title="bbox 235 5419 1846 5498">
    <p class='ocr_par' dir='ltr' id='par_1_83' title="bbox 235 5419 1846 5498">
     <span class='ocr_line' id='line_1_83' title="bbox 235 5419 1846 5498; baseline -0.005 -13"><span class='ocrx_word' id='word_1_668' title='bbox 235 5438 291 5484; x_wconf 89' lang='lat' dir='ltr'><strong>et</strong></span> <span class='ocrx_word' id='word_1_669' title='bbox 337 5427 508 5485; x_wconf 91' lang='lat' dir='ltr'><strong>crede</strong></span> <span class='ocrx_word' id='word_1_670' title='bbox 547 5441 710 5498; x_wconf 86' lang='lat' dir='ltr'><strong>quem</strong></span> <span class='ocrx_word' id='word_1_671' title='bbox 756 5423 1020 5496; x_wconf 82' lang='lat' dir='ltr'><strong>negasti,</strong></span> <span class='ocrx_word' id='word_1_672' title='bbox 1066 5431 1121 5479; x_wconf 91' lang='lat' dir='ltr'><strong>et</strong></span> <span class='ocrx_word' id='word_1_673' title='bbox 1171 5428 1302 5478; x_wconf 89' lang='lat' dir='ltr'><strong>tunc</strong></span> <span class='ocrx_word' id='word_1_674' title='bbox 1348 5421 1457 5478; x_wconf 92' lang='lat' dir='ltr'><strong>erit</strong></span> <span class='ocrx_word' id='word_1_675' title='bbox 1503 5419 1662 5492; x_wconf 86' lang='lat' dir='ltr'><strong>plena</strong></span> <span class='ocrx_word' id='word_1_676' title='bbox 1714 5435 1846 5477; x_wconf 89' lang='lat' dir='ltr'><strong>con-</strong></span> 
     </span>
    </p>
   </div>
   <div class='ocr_carea' id='block_1_84' title="bbox 237 5539 442 5582">
    <p class='ocr_par' dir='ltr' id='par_1_84' title="bbox 237 5539 442 5582">
     <span class='ocr_line' id='line_1_84' title="bbox 237 5539 442 5582; baseline -0.005 -2"><span class='ocrx_word' id='word_1_677' title='bbox 237 5539 302 5580; x_wconf 73' lang='grc' dir='ltr'><strong>νε</strong></span> <span class='ocrx_word' id='word_1_678' title='bbox 309 5539 442 5582; x_wconf 74' lang='grc'><strong>1⁵810.</strong></span> 
     </span>
    </p>
   </div>
   <div class='ocr_carea' id='block_1_85' title="bbox 314 5650 1636 5720">
    <p class='ocr_par' dir='ltr' id='par_1_85' title="bbox 314 5650 1636 5720">
     <span class='ocr_line' id='line_1_85' title="bbox 314 5650 1636 5720; baseline -0.005 -7"><span class='ocrx_word' id='word_1_679' title='bbox 314 5669 340 5698; x_wconf 73' lang='grc'>⁸</span> <span class='ocrx_word' id='word_1_680' title='bbox 373 5659 492 5713; x_wconf 89' lang='lat' dir='ltr'><strong>Duo</strong></span> <span class='ocrx_word' id='word_1_681' title='bbox 525 5668 684 5720; x_wconf 89' lang='lat' dir='ltr'><strong>mss.,</strong></span> <span class='ocrx_word' id='word_1_682' title='bbox 715 5651 904 5707; x_wconf 88' lang='lat' dir='ltr'><strong>Omnes</strong></span> <span class='ocrx_word' id='word_1_683' title='bbox 927 5651 1180 5718; x_wconf 63' lang='lat' dir='ltr'><strong>haeretici,</strong></span> <span class='ocrx_word' id='word_1_684' title='bbox 1215 5667 1394 5707; x_wconf 86' lang='lat' dir='ltr'><strong>eorum</strong></span> <span class='ocrx_word' id='word_1_685' title='bbox 1416 5650 1636 5707; x_wconf 89' lang='lat' dir='ltr'><strong>labores.</strong></span> 
     </span>
    </p>
   </div>
   <div class='ocr_carea' id='block_1_86' title="bbox 313 5722 1858 5796">
    <p class='ocr_par' dir='ltr' id='par_1_86' title="bbox 313 5722 1858 5796">
     <span class='ocr_line' id='line_1_86' title="bbox 313 5722 1858 5796; baseline -0.005 -11"><span class='ocrx_word' id='word_1_686' title='bbox 313 5730 342 5770; x_wconf 70' lang='grc' dir='ltr'>δ</span> <span class='ocrx_word' id='word_1_687' title='bbox 370 5729 555 5785; x_wconf 88' lang='lat' dir='ltr'><strong>Penes</strong></span> <span class='ocrx_word' id='word_1_688' title='bbox 585 5722 1066 5796; x_wconf 76' lang='lat' dir='ltr'><strong>Babanum,_v_elut</strong></span> <span class='ocrx_word' id='word_1_689' title='bbox 1096 5733 1346 5796; x_wconf 88' lang='lat' dir='ltr'><strong>armenta</strong></span> <span class='ocrx_word' id='word_1_690' title='bbox 1385 5724 1620 5796; x_wconf 83' lang='lat' dir='ltr'><strong>oppressi</strong></span> <span class='ocrx_word' id='word_1_691' title='bbox 1659 5727 1858 5796; x_wconf 2' lang='lat' dir='ltr'><strong>(confu-</strong></span> 
     </span>
    </p>
   </div>
   <div class='ocr_carea' id='block_1_87' title="bbox 245 5793 1861 5866">
    <p class='ocr_par' dir='ltr' id='par_1_87' title="bbox 245 5793 1861 5866">
     <span class='ocr_line' id='line_1_87' title="bbox 245 5793 1861 5866; baseline -0.009 -2"><span class='ocrx_word' id='word_1_692' title='bbox 245 5807 410 5864; x_wconf 74' lang='lat' dir='ltr'><strong>sione.</strong></span> <span class='ocrx_word' id='word_1_693' title='bbox 443 5799 515 5856; x_wconf 85' lang='lat' dir='ltr'><strong>Et</strong></span> <span class='ocrx_word' id='word_1_694' title='bbox 543 5796 667 5856; x_wconf 89' lang='lat' dir='ltr'><strong>cod.</strong></span> <span class='ocrx_word' id='word_1_695' title='bbox 697 5795 872 5850; x_wconf 88' lang='lat' dir='ltr'><strong>Vatic.</strong></span> <span class='ocrx_word' id='word_1_696' title='bbox 896 5793 989 5859; x_wconf 78' lang='lat' dir='ltr'><strong>9i,</strong></span> <span class='ocrx_word' id='word_1_697' title='bbox 1023 5795 1102 5850; x_wconf 77' lang='lat' dir='ltr'><strong>vel</strong></span> <span class='ocrx_word' id='word_1_698' title='bbox 1142 5797 1268 5851; x_wconf 89' lang='lat' dir='ltr'><strong>tenti</strong></span> <span class='ocrx_word' id='word_1_699' title='bbox 1295 5793 1506 5852; x_wconf 76' lang='lat' dir='ltr'><strong>luxuria</strong></span> <span class='ocrx_word' id='word_1_700' title='bbox 1534 5793 1861 5866; x_wconf 79' lang='lat' dir='ltr'><strong>tenebantur,</strong></span> 
     </span>
    </p>
   </div>
   <div class='ocr_carea' id='block_1_88' title="bbox 1913 3349 3553 3422">
    <p class='ocr_par' dir='ltr' id='par_1_88' title="bbox 1913 3349 3553 3422">
     <span class='ocr_line' id='line_1_88' title="bbox 1913 3349 3553 3422; baseline 0.007 -19"><span class='ocrx_word' id='word_1_701' title='bbox 1913 3352 2100 3405; x_wconf 84' lang='lat' dir='ltr'><strong>camini</strong></span> <span class='ocrx_word' id='word_1_702' title='bbox 2134 3349 2377 3419; x_wconf 89' lang='lat' dir='ltr'><strong>Domino,</strong></span> <span class='ocrx_word' id='word_1_703' title='bbox 2393 3360 2439 3405; x_wconf 86' lang='lat' dir='ltr'><strong>et</strong></span> <span class='ocrx_word' id='word_1_704' title='bbox 2467 3352 2667 3422; x_wconf 88' lang='lat' dir='ltr'><strong>auferte</strong></span> <span class='ocrx_word' id='word_1_705' title='bbox 2688 3351 2920 3410; x_wconf 86' lang='lat' dir='ltr'><strong>malitias</strong></span> <span class='ocrx_word' id='word_1_706' title='bbox 2942 3355 3175 3409; x_wconf 80' lang='lat' dir='ltr'><strong>rordium</strong></span> <span class='ocrx_word' id='word_1_707' title='bbox 3203 3367 3517 3414; x_wconf 78' lang='lat' dir='ltr'><strong>vestrorum:</strong></span> <span class='ocrx_word' id='word_1_708' title='bbox 3546 3414 3553 3419; x_wconf 82' lang='grc'><strong><em>,</em></strong></span> 
     </span>
    </p>
   </div>
   <div class='ocr_carea' id='block_1_89' title="bbox 1911 3443 3521 3520">
    <p class='ocr_par' dir='ltr' id='par_1_89' title="bbox 1911 3443 3521 3520">
     <span class='ocr_line' id='line_1_89' title="bbox 1911 3443 3521 3520; baseline 0.006 -22"><span class='ocrx_word' id='word_1_709' title='bbox 1911 3443 2410 3511; x_wconf 84' lang='lat' dir='ltr'><strong>circumcisionem,</strong></span> <span class='ocrx_word' id='word_1_710' title='bbox 2438 3445 2983 3512; x_wconf 87' lang='lat' dir='ltr'><strong>emundationem,et</strong></span> <span class='ocrx_word' id='word_1_711' title='bbox 3015 3449 3306 3520; x_wconf 67' lang='lat' dir='ltr'><strong>praeputia,</strong></span> <span class='ocrx_word' id='word_1_712' title='bbox 3331 3450 3521 3508; x_wconf 84' lang='lat' dir='ltr'><strong>vitium</strong></span> 
     </span>
    </p>
   </div>
   <div class='ocr_carea' id='block_1_90' title="bbox 1915 3535 3522 3610">
    <p class='ocr_par' dir='ltr' id='par_1_90' title="bbox 1915 3535 3522 3610">
     <span class='ocr_line' id='line_1_90' title="bbox 1915 3535 3522 3610; baseline 0.006 -20"><span class='ocrx_word' id='word_1_713' title='bbox 1915 3535 2250 3606; x_wconf 82' lang='lat' dir='ltr'><strong>intelligens.</strong></span> <span class='ocrx_word' id='word_1_714' title='bbox 2284 3535 2398 3591; x_wconf 89' lang='lat' dir='ltr'><strong>lloe</strong></span> <span class='ocrx_word' id='word_1_715' title='bbox 2425 3546 2610 3593; x_wconf 86' lang='lat' dir='ltr'><strong>autem</strong></span> <span class='ocrx_word' id='word_1_716' title='bbox 2643 3539 2958 3610; x_wconf 58' lang='lat' dir='ltr'><strong>praecipitur</strong></span> <span class='ocrx_word' id='word_1_717' title='bbox 2988 3539 3126 3595; x_wconf 84' lang='lat' dir='ltr'><strong>viris</strong></span> <span class='ocrx_word' id='word_1_718' title='bbox 3172 3540 3310 3597; x_wconf 83' lang='lat' dir='ltr'><strong>Juda</strong></span> <span class='ocrx_word' id='word_1_719' title='bbox 3340 3552 3395 3598; x_wconf 90' lang='lat' dir='ltr'><strong>et</strong></span> <span class='ocrx_word' id='word_1_720' title='bbox 3432 3543 3522 3599; x_wconf 85' lang='lat' dir='ltr'><strong>Je-</strong></span> 
     </span>
    </p>
   </div>
   <div class='ocr_carea' id='block_1_91' title="bbox 1915 3625 3520 3697">
    <p class='ocr_par' dir='ltr' id='par_1_91' title="bbox 1915 3625 3520 3697">
     <span class='ocr_line' id='line_1_91' title="bbox 1915 3625 3520 3697; baseline 0.004 -15"><span class='ocrx_word' id='word_1_721' title='bbox 1915 3625 2272 3697; x_wconf 86' lang='lat' dir='ltr'><strong>rusalem,qui</strong></span> <span class='ocrx_word' id='word_1_722' title='bbox 2301 3641 2488 3681; x_wconf 89' lang='lat' dir='ltr'><strong>veram</strong></span> <span class='ocrx_word' id='word_1_723' title='bbox 2511 3627 2995 3696; x_wconf 84' lang='lat' dir='ltr'><strong>sectanturlidem,</strong></span> <span class='ocrx_word' id='word_1_724' title='bbox 3012 3627 3396 3686; x_wconf 88' lang='lat' dir='ltr'><strong>ethabitantin</strong></span> <span class='ocrx_word' id='word_1_725' title='bbox 3415 3631 3520 3689; x_wconf 86' lang='lat' dir='ltr'><strong>Ec-</strong></span> 
     </span>
    </p>
   </div>
   <div class='ocr_carea' id='block_1_92' title="bbox 1917 3720 3523 3795">
    <p class='ocr_par' dir='ltr' id='par_1_92' title="bbox 1917 3720 3523 3795">
     <span class='ocr_line' id='line_1_92' title="bbox 1917 3720 3523 3795; baseline 0.002 -18"><span class='ocrx_word' id='word_1_726' title='bbox 1917 3721 2174 3785; x_wconf 89' lang='lat' dir='ltr'><strong>clesia,ut</strong></span> <span class='ocrx_word' id='word_1_727' title='bbox 2194 3720 2599 3792; x_wconf 55' lang='lat' dir='ltr'><strong>nonfseminent</strong></span> <span class='ocrx_word' id='word_1_728' title='bbox 2615 3736 2784 3793; x_wconf 89' lang='lat' dir='ltr'><strong>super</strong></span> <span class='ocrx_word' id='word_1_729' title='bbox 2795 3722 2982 3792; x_wconf 87' lang='lat' dir='ltr'><strong>spinas</strong></span> <span class='ocrx_word' id='word_1_730' title='bbox 3005 3738 3138 3793; x_wconf 89' lang='lat' dir='ltr'><strong>quas</strong></span> <span class='ocrx_word' id='word_1_731' title='bbox 3162 3723 3523 3795; x_wconf 78' lang='lat' dir='ltr'><strong>Evangelicus</strong></span> 
     </span>
    </p>
   </div>
   <div class='ocr_carea' id='block_1_93' title="bbox 1919 3817 3524 3894">
    <p class='ocr_par' dir='ltr' id='par_1_93' title="bbox 1919 3817 3524 3894">
     <span class='ocr_line' id='line_1_93' title="bbox 1919 3817 3524 3894; baseline 0.004 -21"><span class='ocrx_word' id='word_1_732' title='bbox 1919 3832 2102 3873; x_wconf 88' lang='lat' dir='ltr'><strong>sermo</strong></span> <span class='ocrx_word' id='word_1_733' title='bbox 2127 3817 2420 3889; x_wconf 78' lang='lat' dir='ltr'><strong>signiﬁcat,</strong></span> <span class='ocrx_word' id='word_1_734' title='bbox 2440 3833 2562 3890; x_wconf 66' lang='lat' dir='ltr'><strong>quae</strong></span> <span class='ocrx_word' id='word_1_735' title='bbox 2593 3817 2864 3874; x_wconf 85' lang='lat' dir='ltr'><strong>sull’ocent</strong></span> <span class='ocrx_word' id='word_1_736' title='bbox 2898 3828 3202 3875; x_wconf 88' lang='lat' dir='ltr'><strong>sementem</strong></span> <span class='ocrx_word' id='word_1_737' title='bbox 3225 3821 3392 3894; x_wconf 74' lang='lat'><strong>865</strong></span> <span class='ocrx_word' id='word_1_738' title='bbox 3405 3823 3524 3891; x_wconf 85' lang='lat' dir='ltr'><strong>Dei,</strong></span> 
     </span>
    </p>
   </div>
   <div class='ocr_carea' id='block_1_94' title="bbox 1919 3910 3527 3985">
    <p class='ocr_par' dir='ltr' id='par_1_94' title="bbox 1919 3910 3527 3985">
     <span class='ocr_line' id='line_1_94' title="bbox 1919 3910 3527 3985; baseline 0.003 -18"><span class='ocrx_word' id='word_1_739' title='bbox 1919 3911 2015 3967; x_wconf 90' lang='lat' dir='ltr'><strong>sed</strong></span> <span class='ocrx_word' id='word_1_740' title='bbox 2045 3910 2196 3982; x_wconf 88' lang='lat' dir='ltr'><strong>prius</strong></span> <span class='ocrx_word' id='word_1_741' title='bbox 2226 3911 2420 3967; x_wconf 83' lang='lat' dir='ltr'><strong>novale</strong></span> <span class='ocrx_word' id='word_1_742' title='bbox 2451 3911 2652 3967; x_wconf 82' lang='lat' dir='ltr'><strong>faciant</strong></span> <span class='ocrx_word' id='word_1_743' title='bbox 2680 3921 2736 3967; x_wconf 88' lang='lat' dir='ltr'><strong>et</strong></span> <span class='ocrx_word' id='word_1_744' title='bbox 2763 3926 2956 3967; x_wconf 92' lang='lat' dir='ltr'><strong>omnes</strong></span> <span class='ocrx_word' id='word_1_745' title='bbox 2983 3911 3280 3968; x_wconf 82' lang='lat' dir='ltr'><strong>suifudiant</strong></span> <span class='ocrx_word' id='word_1_746' title='bbox 3305 3930 3527 3985; x_wconf 82' lang='lat' dir='ltr'><strong>vepres,</strong></span> 
     </span>
    </p>
   </div>
   <div class='ocr_carea' id='block_1_95' title="bbox 1921 4004 3526 4075">
    <p class='ocr_par' dir='ltr' id='par_1_95' title="bbox 1921 4004 3526 4075">
     <span class='ocr_line' id='line_1_95' title="bbox 1921 4004 3526 4075; baseline 0.003 -15"><span class='ocrx_word' id='word_1_747' title='bbox 1921 4013 2217 4075; x_wconf 89' lang='lat' dir='ltr'><strong>sentesque</strong></span> <span class='ocrx_word' id='word_1_748' title='bbox 2246 4005 2496 4060; x_wconf 85' lang='lat' dir='ltr'><strong>auferant</strong></span> <span class='ocrx_word' id='word_1_749' title='bbox 2529 4022 2543 4060; x_wconf 88' lang='lat'><strong>:</strong></span> <span class='ocrx_word' id='word_1_750' title='bbox 2570 4012 2628 4060; x_wconf 91' lang='lat' dir='ltr'><strong>ut</strong></span> <span class='ocrx_word' id='word_1_751' title='bbox 2676 4004 2875 4060; x_wconf 90' lang='lat' dir='ltr'><strong>munda</strong></span> <span class='ocrx_word' id='word_1_752' title='bbox 2920 4005 3130 4061; x_wconf 90' lang='lat' dir='ltr'><strong>semina</strong></span> <span class='ocrx_word' id='word_1_753' title='bbox 3162 4007 3363 4063; x_wconf 89' lang='lat' dir='ltr'><strong>munda</strong></span> <span class='ocrx_word' id='word_1_754' title='bbox 3395 4023 3526 4066; x_wconf 90' lang='lat' dir='ltr'><strong>arva</strong></span> 
     </span>
    </p>
   </div>
   <div class='ocr_carea' id='block_1_96' title="bbox 1923 4095 3534 4168">
    <p class='ocr_par' dir='ltr' id='par_1_96' title="bbox 1923 4095 3534 4168">
     <span class='ocr_line' id='line_1_96' title="bbox 1923 4095 3534 4168; baseline 0.002 -16"><span class='ocrx_word' id='word_1_755' title='bbox 1923 4095 2242 4168; x_wconf 87' lang='lat' dir='ltr'><strong>suscipiant.</strong></span> <span class='ocrx_word' id='word_1_756' title='bbox 2264 4095 2380 4153; x_wconf 80' lang='lat' dir='ltr'><strong>Hoc</strong></span> <span class='ocrx_word' id='word_1_757' title='bbox 2409 4107 2493 4152; x_wconf 92' lang='lat' dir='ltr'><strong>est</strong></span> <span class='ocrx_word' id='word_1_758' title='bbox 2522 4097 2667 4168; x_wconf 90' lang='lat' dir='ltr'><strong>quod</strong></span> <span class='ocrx_word' id='word_1_759' title='bbox 2695 4097 2749 4152; x_wconf 90' lang='lat' dir='ltr'><strong>in</strong></span> <span class='ocrx_word' id='word_1_760' title='bbox 2768 4098 2880 4153; x_wconf 90' lang='lat' dir='ltr'><strong>alio</strong></span> <span class='ocrx_word' id='word_1_761' title='bbox 2900 4097 3026 4153; x_wconf 92' lang='lat' dir='ltr'><strong>loco</strong></span> <span class='ocrx_word' id='word_1_762' title='bbox 3055 4099 3257 4156; x_wconf 91' lang='lat' dir='ltr'><strong>dicitur</strong></span> <span class='ocrx_word' id='word_1_763' title='bbox 3285 4118 3299 4156; x_wconf 94' lang='lat'>:</span> <span class='ocrx_word' id='word_1_764' title='bbox 3332 4101 3414 4156; x_wconf 86' lang='lat' dir='ltr'><strong>Nc</strong></span> <span class='ocrx_word' id='word_1_765' title='bbox 3434 4103 3534 4156; x_wconf 80' lang='lat' dir='ltr'><strong>mi-</strong></span> 
     </span>
    </p>
   </div>
   <div class='ocr_carea' id='block_1_97' title="bbox 1925 4190 3536 4262">
    <p class='ocr_par' dir='ltr' id='par_1_97' title="bbox 1925 4190 3536 4262">
     <span class='ocr_line' id='line_1_97' title="bbox 1925 4190 3536 4262; baseline 0.002 -17"><span class='ocrx_word' id='word_1_766' title='bbox 1925 4190 2094 4245; x_wconf 83' lang='lat' dir='ltr'><strong>seritis</strong></span> <span class='ocrx_word' id='word_1_767' title='bbox 2125 4190 2434 4262; x_wconf 84' lang='lat' dir='ltr'><strong>margaritas</strong></span> <span class='ocrx_word' id='word_1_768' title='bbox 2461 4199 2656 4246; x_wconf 79' lang='lat' dir='ltr'><strong>uestras</strong></span> <span class='ocrx_word' id='word_1_769' title='bbox 2687 4198 2808 4244; x_wconf 87' lang='lat' dir='ltr'><strong>ante</strong></span> <span class='ocrx_word' id='word_1_770' title='bbox 2828 4207 3034 4262; x_wconf 83' lang='lat' dir='ltr'><strong>porros,</strong></span> <span class='ocrx_word' id='word_1_771' title='bbox 3063 4201 3110 4246; x_wconf 88' lang='lat' dir='ltr'><strong>et</strong></span> <span class='ocrx_word' id='word_1_772' title='bbox 3139 4210 3200 4247; x_wconf 89' lang='lat' dir='ltr'><strong>ne</strong></span> <span class='ocrx_word' id='word_1_773' title='bbox 3219 4193 3354 4249; x_wconf 85' lang='lat' dir='ltr'><strong>detis</strong></span> <span class='ocrx_word' id='word_1_774' title='bbox 3381 4211 3536 4249; x_wconf 83' lang='lat' dir='ltr'><strong>sanc-</strong></span> 
     </span>
    </p>
   </div>
   <div class='ocr_carea' id='block_1_98' title="bbox 1928 4283 3538 4359">
    <p class='ocr_par' dir='ltr' id='par_1_98' title="bbox 1928 4283 3538 4359">
     <span class='ocr_line' id='line_1_98' title="bbox 1928 4283 3538 4359; baseline 0.004 -20"><span class='ocrx_word' id='word_1_775' title='bbox 1928 4294 2035 4339; x_wconf 86' lang='lat' dir='ltr'><strong>tum</strong></span> <span class='ocrx_word' id='word_1_776' title='bbox 2086 4285 2299 4340; x_wconf 78' lang='lat' dir='ltr'><strong>mnibus</strong></span> <span class='ocrx_word' id='word_1_777' title='bbox 2325 4283 2544 4356; x_wconf 80' lang='lat' dir='ltr'><strong>(Matth.</strong></span> <span class='ocrx_word' id='word_1_778' title='bbox 2590 4301 2686 4352; x_wconf 85' lang='lat' dir='ltr'><strong>vn,</strong></span> <span class='ocrx_word' id='word_1_779' title='bbox 2712 4283 2792 4358; x_wconf 89' lang='lat'><strong>6).</strong></span> <span class='ocrx_word' id='word_1_780' title='bbox 2837 4284 3127 4355; x_wconf 89' lang='lat' dir='ltr'><strong>Quomodo</strong></span> <span class='ocrx_word' id='word_1_781' title='bbox 3177 4288 3322 4344; x_wconf 91' lang='lat' dir='ltr'><strong>enim</strong></span> <span class='ocrx_word' id='word_1_782' title='bbox 3357 4297 3538 4359; x_wconf 89' lang='lat' dir='ltr'><strong>potest</strong></span> 
     </span>
    </p>
   </div>
   <div class='ocr_carea' id='block_1_99' title="bbox 1928 4377 3537 4454">
    <p class='ocr_par' dir='ltr' id='par_1_99' title="bbox 1928 4377 3537 4454">
     <span class='ocr_line' id='line_1_99' title="bbox 1928 4377 3537 4454; baseline 0.006 -20"><span class='ocrx_word' id='word_1_783' title='bbox 1928 4377 2026 4435; x_wconf 92' lang='lat' dir='ltr'><strong>Dei</strong></span> <span class='ocrx_word' id='word_1_784' title='bbox 2047 4378 2236 4435; x_wconf 88' lang='lat' dir='ltr'><strong>audire</strong></span> <span class='ocrx_word' id='word_1_785' title='bbox 2258 4395 2568 4438; x_wconf 87' lang='lat' dir='ltr'><strong>sermonem</strong></span> <span class='ocrx_word' id='word_1_786' title='bbox 2591 4391 2645 4438; x_wconf 92' lang='lat' dir='ltr'><strong>et</strong></span> <span class='ocrx_word' id='word_1_787' title='bbox 2671 4381 2962 4454; x_wconf 91' lang='lat' dir='ltr'><strong>concipere</strong></span> <span class='ocrx_word' id='word_1_788' title='bbox 2992 4384 3198 4439; x_wconf 92' lang='lat' dir='ltr'><strong>semina</strong></span> <span class='ocrx_word' id='word_1_789' title='bbox 3227 4393 3284 4442; x_wconf 92' lang='lat' dir='ltr'><strong>et</strong></span> <span class='ocrx_word' id='word_1_790' title='bbox 3305 4386 3537 4443; x_wconf 82' lang='lat' dir='ltr'><strong>fructum</strong></span> 
     </span>
    </p>
   </div>
   <div class='ocr_carea' id='block_1_100' title="bbox 1931 4480 3543 4562">
    <p class='ocr_par' dir='ltr' id='par_1_100' title="bbox 1931 4480 3543 4562">
     <span class='ocr_line' id='line_1_100' title="bbox 1931 4480 3543 4562; baseline 0.007 -26"><span class='ocrx_word' id='word_1_791' title='bbox 1931 4480 2132 4550; x_wconf 84' lang='lat' dir='ltr'><strong>facere,</strong></span> <span class='ocrx_word' id='word_1_792' title='bbox 2163 4485 2319 4555; x_wconf 89' lang='lat' dir='ltr'><strong>cujus</strong></span> <span class='ocrx_word' id='word_1_793' title='bbox 2369 4485 2587 4543; x_wconf 89' lang='lat' dir='ltr'><strong>animus</strong></span> <span class='ocrx_word' id='word_1_794' title='bbox 2637 4487 2900 4544; x_wconf 63' lang='lat' dir='ltr'><strong>aerumnis</strong></span> <span class='ocrx_word' id='word_1_795' title='bbox 2947 4488 3138 4546; x_wconf 91' lang='lat' dir='ltr'><strong>mundi</strong></span> <span class='ocrx_word' id='word_1_796' title='bbox 3191 4491 3387 4562; x_wconf 85' lang='lat' dir='ltr'><strong>plenus</strong></span> <span class='ocrx_word' id='word_1_797' title='bbox 3418 4493 3543 4549; x_wconf 76' lang='lat' dir='ltr'><strong>est?</strong></span> 
     </span>
    </p>
   </div>
   <div class='ocr_carea' id='block_1_101' title="bbox 1931 4586 3545 4668">
    <p class='ocr_par' dir='ltr' id='par_1_101' title="bbox 1931 4586 3545 4668">
     <span class='ocr_line' id='line_1_101' title="bbox 1931 4586 3545 4668; baseline 0.005 -26"><span class='ocrx_word' id='word_1_798' title='bbox 1931 4586 2197 4660; x_wconf 89' lang='lat' dir='ltr'><strong>Quodque</strong></span> <span class='ocrx_word' id='word_1_799' title='bbox 2221 4589 2499 4660; x_wconf 87' lang='lat' dir='ltr'><strong>sequitur:</strong></span> <span class='ocrx_word' id='word_1_800' title='bbox 2519 4588 2965 4648; x_wconf 86' lang='lat' dir='ltr'><strong>Circumcidimini</strong></span> <span class='ocrx_word' id='word_1_801' title='bbox 2992 4590 3241 4661; x_wconf 90' lang='lat' dir='ltr'><strong>Domino,</strong></span> <span class='ocrx_word' id='word_1_802' title='bbox 3271 4603 3319 4649; x_wconf 89' lang='lat' dir='ltr'><strong>et</strong></span> <span class='ocrx_word' id='word_1_803' title='bbox 3341 4599 3545 4668; x_wconf 83' lang='lat' dir='ltr'><strong>auferte</strong></span> 
     </span>
    </p>
   </div>
   <div class='ocr_carea' id='block_1_102' title="bbox 1932 4691 3544 4766">
    <p class='ocr_par' dir='ltr' id='par_1_102' title="bbox 1932 4691 3544 4766">
     <span class='ocr_line' id='line_1_102' title="bbox 1932 4691 3544 4766; baseline 0.002 -20"><span class='ocrx_word' id='word_1_804' title='bbox 1932 4694 2187 4762; x_wconf 62' lang='lat' dir='ltr'><strong>praeputia</strong></span> <span class='ocrx_word' id='word_1_805' title='bbox 2213 4693 2450 4747; x_wconf 80' lang='lat' dir='ltr'><strong>eordium</strong></span> <span class='ocrx_word' id='word_1_806' title='bbox 2472 4702 2772 4756; x_wconf 85' lang='lat' dir='ltr'><strong>vestrorum,</strong></span> <span class='ocrx_word' id='word_1_807' title='bbox 2800 4691 2933 4746; x_wconf 89' lang='lat' dir='ltr'><strong>nulli</strong></span> <span class='ocrx_word' id='word_1_808' title='bbox 2960 4691 3050 4747; x_wconf 88' lang='lat' dir='ltr'><strong>alii</strong></span> <span class='ocrx_word' id='word_1_809' title='bbox 3084 4694 3422 4766; x_wconf 74' lang='lat' dir='ltr'><strong>praecipitur,</strong></span> <span class='ocrx_word' id='word_1_810' title='bbox 3439 4694 3544 4752; x_wconf 85' lang='lat' dir='ltr'><strong>nisi</strong></span> 
     </span>
    </p>
   </div>
   <div class='ocr_carea' id='block_1_103' title="bbox 1932 4793 3547 4862">
    <p class='ocr_par' dir='ltr' id='par_1_103' title="bbox 1932 4793 3547 4862">
     <span class='ocr_line' id='line_1_103' title="bbox 1932 4793 3547 4862; baseline 0.005 -14"><span class='ocrx_word' id='word_1_811' title='bbox 1932 4795 2049 4849; x_wconf 89' lang='lat' dir='ltr'><strong>viro</strong></span> <span class='ocrx_word' id='word_1_812' title='bbox 2077 4795 2106 4849; x_wconf 86' lang='lat' dir='ltr'><strong>J</strong></span> <span class='ocrx_word' id='word_1_813' title='bbox 2113 4793 2214 4848; x_wconf 90' lang='lat' dir='ltr'><strong>uda</strong></span> <span class='ocrx_word' id='word_1_814' title='bbox 2235 4803 2289 4850; x_wconf 90' lang='lat' dir='ltr'><strong>et</strong></span> <span class='ocrx_word' id='word_1_815' title='bbox 2310 4793 2708 4851; x_wconf 87' lang='lat' dir='ltr'><strong>habitatoribus</strong></span> <span class='ocrx_word' id='word_1_816' title='bbox 2723 4795 3054 4862; x_wconf 81' lang='lat' dir='ltr'><strong>Jerusalem,</strong></span> <span class='ocrx_word' id='word_1_817' title='bbox 3079 4807 3138 4852; x_wconf 91' lang='lat' dir='ltr'><strong>ut</strong></span> <span class='ocrx_word' id='word_1_818' title='bbox 3166 4797 3425 4856; x_wconf 90' lang='lat' dir='ltr'><strong>deserant</strong></span> <span class='ocrx_word' id='word_1_819' title='bbox 3454 4815 3547 4856; x_wconf 92' lang='lat' dir='ltr'><strong>oc-</strong></span> 
     </span>
    </p>
   </div>
   <div class='ocr_carea' id='block_1_104' title="bbox 1933 4897 3550 4972">
    <p class='ocr_par' dir='ltr' id='par_1_104' title="bbox 1933 4897 3550 4972">
     <span class='ocr_line' id='line_1_104' title="bbox 1933 4897 3550 4972; baseline 0.001 -18"><span class='ocrx_word' id='word_1_820' title='bbox 1933 4897 2209 4954; x_wconf 90' lang='lat' dir='ltr'><strong>cidentem</strong></span> <span class='ocrx_word' id='word_1_821' title='bbox 2259 4897 2527 4964; x_wconf 89' lang='lat' dir='ltr'><strong>litteram,</strong></span> <span class='ocrx_word' id='word_1_822' title='bbox 2555 4905 2612 4954; x_wconf 93' lang='lat' dir='ltr'><strong>et</strong></span> <span class='ocrx_word' id='word_1_823' title='bbox 2645 4909 2950 4970; x_wconf 89' lang='lat' dir='ltr'><strong>sequantur</strong></span> <span class='ocrx_word' id='word_1_824' title='bbox 2974 4898 3229 4972; x_wconf 88' lang='lat' dir='ltr'><strong>spiritum</strong></span> <span class='ocrx_word' id='word_1_825' title='bbox 3268 4901 3550 4956; x_wconf 80' lang='lat' dir='ltr'><strong>viviﬁcan-</strong></span> 
     </span>
    </p>
   </div>
   <div class='ocr_carea' id='block_1_105' title="bbox 1937 4999 3554 5074">
    <p class='ocr_par' dir='ltr' id='par_1_105' title="bbox 1937 4999 3554 5074">
     <span class='ocr_line' id='line_1_105' title="bbox 1937 4999 3554 5074; baseline 0 -16"><span class='ocrx_word' id='word_1_826' title='bbox 1937 5011 2068 5059; x_wconf 91' lang='lat' dir='ltr'><strong>tem.</strong></span> <span class='ocrx_word' id='word_1_827' title='bbox 2104 5001 2162 5058; x_wconf 92' lang='lat' dir='ltr'><strong>Si</strong></span> <span class='ocrx_word' id='word_1_828' title='bbox 2189 5000 2336 5058; x_wconf 84' lang='lat' dir='ltr'><strong>enim</strong></span> <span class='ocrx_word' id='word_1_829' title='bbox 2365 4999 2488 5067; x_wconf 86' lang='lat' dir='ltr'><strong>hoc,</strong></span> <span class='ocrx_word' id='word_1_830' title='bbox 2520 4999 2714 5072; x_wconf 89' lang='lat' dir='ltr'><strong>inquit,</strong></span> <span class='ocrx_word' id='word_1_831' title='bbox 2736 5014 2847 5057; x_wconf 92' lang='lat' dir='ltr'><strong>non</strong></span> <span class='ocrx_word' id='word_1_832' title='bbox 2871 5000 3468 5074; x_wconf 76' lang='lat' dir='ltr'><strong>feceritis,egredietur</strong></span> <span class='ocrx_word' id='word_1_833' title='bbox 3491 5010 3554 5058; x_wconf 88' lang='lat' dir='ltr'><strong>ut</strong></span> 
     </span>
    </p>
   </div>
   <div class='ocr_carea' id='block_1_106' title="bbox 1938 5099 3550 5176">
    <p class='ocr_par' dir='ltr' id='par_1_106' title="bbox 1938 5099 3550 5176">
     <span class='ocr_line' id='line_1_106' title="bbox 1938 5099 3550 5176; baseline -0.001 -16"><span class='ocrx_word' id='word_1_834' title='bbox 1938 5103 2079 5176; x_wconf 74' lang='lat' dir='ltr'><strong>ignis</strong></span> <span class='ocrx_word' id='word_1_835' title='bbox 2108 5099 2416 5174; x_wconf 73' lang='lat' dir='ltr'><strong>indignatio</strong></span> <span class='ocrx_word' id='word_1_836' title='bbox 2439 5115 2586 5167; x_wconf 90' lang='lat' dir='ltr'><strong>mea,</strong></span> <span class='ocrx_word' id='word_1_837' title='bbox 2612 5109 2666 5158; x_wconf 89' lang='lat' dir='ltr'><strong>et</strong></span> <span class='ocrx_word' id='word_1_838' title='bbox 2690 5101 3083 5170; x_wconf 90' lang='lat' dir='ltr'><strong>suecendetur,</strong></span> <span class='ocrx_word' id='word_1_839' title='bbox 3103 5110 3159 5158; x_wconf 91' lang='lat' dir='ltr'><strong>et</strong></span> <span class='ocrx_word' id='word_1_840' title='bbox 3185 5117 3294 5158; x_wconf 92' lang='lat' dir='ltr'><strong>non</strong></span> <span class='ocrx_word' id='word_1_841' title='bbox 3321 5103 3427 5156; x_wconf 88' lang='lat' dir='ltr'><strong>erit</strong></span> <span class='ocrx_word' id='word_1_842' title='bbox 3457 5101 3550 5173; x_wconf 90' lang='lat' dir='ltr'><strong>qui</strong></span> 
     </span>
    </p>
   </div>
   <div class='ocr_carea' id='block_1_107' title="bbox 1942 5202 3553 5278">
    <p class='ocr_par' dir='ltr' id='par_1_107' title="bbox 1942 5202 3553 5278">
     <span class='ocr_line' id='line_1_107' title="bbox 1942 5202 3553 5278; baseline -0.002 -13"><span class='ocrx_word' id='word_1_843' title='bbox 1942 5207 2274 5278; x_wconf 74' lang='lat' dir='ltr'><strong>exstinguat.</strong></span> <span class='ocrx_word' id='word_1_844' title='bbox 2300 5204 2430 5261; x_wconf 84' lang='lat' dir='ltr'><strong>Ideo</strong></span> <span class='ocrx_word' id='word_1_845' title='bbox 2458 5213 2642 5263; x_wconf 86' lang='lat' dir='ltr'><strong>autem</strong></span> <span class='ocrx_word' id='word_1_846' title='bbox 2675 5215 2699 5246; x_wconf 80' lang='grc' dir='ltr'><strong>ο</strong></span> <span class='ocrx_word' id='word_1_847' title='bbox 2734 5214 2922 5262; x_wconf 90' lang='lat' dir='ltr'><strong>monet</strong></span> <span class='ocrx_word' id='word_1_848' title='bbox 2947 5214 3004 5263; x_wconf 88' lang='lat' dir='ltr'><strong>et</strong></span> <span class='ocrx_word' id='word_1_849' title='bbox 3025 5215 3153 5260; x_wconf 87' lang='lat' dir='ltr'><strong>ante</strong></span> <span class='ocrx_word' id='word_1_850' title='bbox 3176 5202 3449 5276; x_wconf 68' lang='lat' dir='ltr'><strong>pradicit,</strong></span> <span class='ocrx_word' id='word_1_851' title='bbox 3482 5219 3553 5262; x_wconf 90' lang='lat' dir='ltr'><strong>ne</strong></span> 
     </span>
    </p>
   </div>
   <div class='ocr_carea' id='block_1_108' title="bbox 1943 5308 3556 5383">
    <p class='ocr_par' dir='ltr' id='par_1_108' title="bbox 1943 5308 3556 5383">
     <span class='ocr_line' id='line_1_108' title="bbox 1943 5308 3556 5383; baseline -0.002 -13"><span class='ocrx_word' id='word_1_852' title='bbox 1943 5314 2130 5371; x_wconf 87' lang='lat' dir='ltr'><strong>facere</strong></span> <span class='ocrx_word' id='word_1_853' title='bbox 2156 5311 2526 5383; x_wconf 87' lang='lat' dir='ltr'><strong>compellatur</strong></span> <span class='ocrx_word' id='word_1_854' title='bbox 2557 5329 2572 5366; x_wconf 92' lang='lat'><strong>:</strong></span> <span class='ocrx_word' id='word_1_855' title='bbox 2605 5310 2748 5383; x_wconf 90' lang='lat' dir='ltr'><strong>quod</strong></span> <span class='ocrx_word' id='word_1_856' title='bbox 2798 5319 2856 5368; x_wconf 90' lang='lat' dir='ltr'><strong>et</strong></span> <span class='ocrx_word' id='word_1_857' title='bbox 2881 5311 2934 5367; x_wconf 92' lang='lat' dir='ltr'><strong>in</strong></span> <span class='ocrx_word' id='word_1_858' title='bbox 2961 5308 3215 5366; x_wconf 80' lang='lat' dir='ltr'><strong>Ninivitis</strong></span> <span class='ocrx_word' id='word_1_859' title='bbox 3235 5309 3556 5380; x_wconf 88' lang='lat' dir='ltr'><strong>probamus,</strong></span> 
     </span>
    </p>
   </div>
   <div class='ocr_carea' id='block_1_109' title="bbox 1943 5409 3562 5488">
    <p class='ocr_par' dir='ltr' id='par_1_109' title="bbox 1943 5409 3562 5488">
     <span class='ocr_line' id='line_1_109' title="bbox 1943 5409 3562 5488; baseline -0.003 -16"><span class='ocrx_word' id='word_1_860' title='bbox 1943 5415 2144 5488; x_wconf 89' lang='lat' dir='ltr'><strong>quibus</strong></span> <span class='ocrx_word' id='word_1_861' title='bbox 2174 5411 2436 5486; x_wconf 73' lang='lat' dir='ltr'><strong>prredicta</strong></span> <span class='ocrx_word' id='word_1_862' title='bbox 2458 5413 2737 5470; x_wconf 87' lang='lat' dir='ltr'><strong>sententia</strong></span> <span class='ocrx_word' id='word_1_863' title='bbox 2767 5419 2874 5479; x_wconf 90' lang='lat' dir='ltr'><strong>est,</strong></span> <span class='ocrx_word' id='word_1_864' title='bbox 2901 5418 2962 5466; x_wconf 89' lang='lat' dir='ltr'><strong>ut</strong></span> <span class='ocrx_word' id='word_1_865' title='bbox 2998 5409 3375 5465; x_wconf 88' lang='lat' dir='ltr'><strong>imminentem</strong></span> <span class='ocrx_word' id='word_1_866' title='bbox 3413 5409 3562 5467; x_wconf 86' lang='lat' dir='ltr'><strong>furo-</strong></span> 
     </span>
    </p>
   </div>
   <div class='ocr_carea' id='block_1_110' title="bbox 1946 5508 3563 5590">
    <p class='ocr_par' dir='ltr' id='par_1_110' title="bbox 1946 5508 3563 5590">
     <span class='ocr_line' id='line_1_110' title="bbox 1946 5508 3563 5590; baseline -0.002 -16"><span class='ocrx_word' id='word_1_867' title='bbox 1946 5532 2066 5574; x_wconf 88' lang='lat' dir='ltr'><strong>rem</strong></span> <span class='ocrx_word' id='word_1_868' title='bbox 2090 5515 2420 5590; x_wconf 67' lang='lat' dir='ltr'><strong>patnitentia</strong></span> <span class='ocrx_word' id='word_1_869' title='bbox 2437 5513 2804 5573; x_wconf 84' lang='lat' dir='ltr'><strong>declinarent.</strong></span> <span class='ocrx_word' id='word_1_870' title='bbox 2839 5511 3033 5569; x_wconf 85' lang='lat' dir='ltr'><strong>Omnia</strong></span> <span class='ocrx_word' id='word_1_871' title='bbox 3067 5518 3248 5567; x_wconf 90' lang='lat' dir='ltr'><strong>autem</strong></span> <span class='ocrx_word' id='word_1_872' title='bbox 3278 5508 3397 5566; x_wconf 65' lang='lat' dir='ltr'><strong>bare</strong></span> <span class='ocrx_word' id='word_1_873' title='bbox 3421 5512 3563 5570; x_wconf 84' lang='lat' dir='ltr'><strong>mala</strong></span> 
     </span>
    </p>
   </div>
   <div class='ocr_carea' id='block_1_111' title="bbox 1968 5654 2629 5724">
    <p class='ocr_par' dir='ltr' id='par_1_111' title="bbox 1968 5654 2629 5724">
     <span class='ocr_line' id='line_1_111' title="bbox 1968 5654 2629 5724; baseline 0 -17"><span class='ocrx_word' id='word_1_874' title='bbox 1968 5654 2275 5724; x_wconf 88' lang='lat' dir='ltr'><strong>confusione</strong></span> <span class='ocrx_word' id='word_1_875' title='bbox 2296 5654 2462 5724; x_wconf 86' lang='lat' dir='ltr'><strong>operti</strong></span> <span class='ocrx_word' id='word_1_876' title='bbox 2488 5662 2629 5710; x_wconf 86' lang='lat' dir='ltr'><strong>sunt.</strong></span> 
     </span>
    </p>
   </div>
   <div class='ocr_carea' id='block_1_112' title="bbox 2043 5720 3570 5797">
    <p class='ocr_par' dir='ltr' id='par_1_112' title="bbox 2043 5720 3570 5797">
     <span class='ocr_line' id='line_1_112' title="bbox 2043 5720 3570 5797; baseline 0.012 -33"><span class='ocrx_word' id='word_1_877' title='bbox 2043 5720 2076 5764; x_wconf 75' lang='grc' dir='ltr'>α’</span> <span class='ocrx_word' id='word_1_878' title='bbox 2098 5725 2256 5797; x_wconf 71' lang='lat' dir='ltr'><strong>Apud</strong></span> <span class='ocrx_word' id='word_1_879' title='bbox 2289 5720 2500 5782; x_wconf 59' lang='lat' dir='ltr'><strong>R&#39;ahan.</strong></span> <span class='ocrx_word' id='word_1_880' title='bbox 2531 5771 2546 5795; x_wconf 82' lang='lat'><strong>,</strong></span> <span class='ocrx_word' id='word_1_881' title='bbox 2575 5726 2694 5797; x_wconf 73' lang='lat' dir='ltr'><strong>ideo</strong></span> <span class='ocrx_word' id='word_1_882' title='bbox 2715 5729 2891 5797; x_wconf 86' lang='lat' dir='ltr'><strong>autem</strong></span> <span class='ocrx_word' id='word_1_883' title='bbox 2921 5720 3172 5776; x_wconf 88' lang='lat' dir='ltr'><strong>minando</strong></span> <span class='ocrx_word' id='word_1_884' title='bbox 3203 5721 3460 5792; x_wconf 68' lang='lat' dir='ltr'><strong>pradicit,</strong></span> <span class='ocrx_word' id='word_1_885' title='bbox 3482 5723 3570 5786; x_wconf 88' lang='lat' dir='ltr'><strong>cui</strong></span> 
     </span>
    </p>
   </div>
   <div class='ocr_carea' id='block_1_113' title="bbox 1971 5794 2848 5855">
    <p class='ocr_par' dir='ltr' id='par_1_113' title="bbox 1971 5794 2848 5855">
     <span class='ocr_line' id='line_1_113' title="bbox 1971 5794 2848 5855; baseline -0.006 -2"><span class='ocrx_word' id='word_1_886' title='bbox 1971 5799 2088 5855; x_wconf 85' lang='lat' dir='ltr'><strong>fere</strong></span> <span class='ocrx_word' id='word_1_887' title='bbox 2125 5794 2402 5855; x_wconf 86' lang='lat' dir='ltr'><strong>consentit</strong></span> <span class='ocrx_word' id='word_1_888' title='bbox 2436 5794 2576 5854; x_wconf 86' lang='lat' dir='ltr'><strong>alter</strong></span> <span class='ocrx_word' id='word_1_889' title='bbox 2602 5794 2848 5852; x_wconf 81' lang='lat' dir='ltr'><strong>Vatican.</strong></span> 
     </span>
    </p>
   </div>
  </div>
